{"host":"d6l8e539agfqi5o9","time":1614219482,"event":{"mods":["AchievementEnabler","BaseMod","Colored Map","Highlight Path","Minty Spire (QoL Compilation)","StSLib"],"gold_per_floor":[117,128,128,140,155,155,0,0,24,37,63,63,63,77,77,178,178,194,194,212,55,74,74,74,74,97,97,97,97,131,148,148,148,148],"floor_reached":33,"language":"ENG","playtime":1785,"items_purged":["Strike_R"],"score":292,"play_id":"b590993b-6308-43e8-a0ce-3c1d27b319fc","local_time":"20210224211802","is_ascension_mode":true,"campfire_choices":[{"data":"Thunderclap","floor":6,"key":"SMITH"},{"data":"Thunderclap","floor":12,"key":"SMITH"},{"data":"Ghostly Armor","floor":15,"key":"SMITH"},{"data":"Barricade","floor":23,"key":"SMITH"},{"floor":25,"key":"REST"},{"data":"RitualDagger","floor":29,"key":"SMITH"},{"data":"Juggernaut","floor":32,"key":"SMITH"}],"circlet_count":0,"master_deck":["Strike_R","Defend_R","Defend_R","Defend_R","Defend_R","Bash","Shrug It Off","Thunderclap+1","Thunderclap+1","Headbutt","Pommel Strike","Ghostly Armor+1","Dual Wield","Barricade+1","Juggernaut+1","RitualDagger+1","Flex","Cleave"],"relics":["Burning Blood","Omamori","Centennial Puzzle","Sozu","Anchor","Champion Belt","Tiny Chest","WingedGreaves"],"acts_visited":["Exordium","TheCity"],"potions_floor_usage":[4,11,30],"damage_taken":[{"damage":0,"enemies":"Cultist","floor":1,"turns":4},{"damage":1,"enemies":"Jaw Worm","floor":2,"turns":5},{"damage":3,"enemies":"Small Slimes","floor":4,"turns":3},{"damage":5,"enemies":"Blue Slaver","floor":5,"turns":5},{"damage":4,"enemies":"Exordium Wildlife","floor":10,"turns":3},{"damage":9,"enemies":"3 Sentries","floor":11,"turns":6},{"damage":10,"enemies":"Large Slime","floor":14,"turns":7},{"damage":39,"enemies":"Slime Boss","floor":16,"turns":11},{"damage":41,"enemies":"Spheric Guardian","floor":18,"turns":7},{"damage":33,"enemies":"3 Byrds","floor":20,"turns":6},{"damage":3,"enemies":"Snecko","floor":22,"turns":5},{"damage":27,"enemies":"Gremlin Leader","floor":30,"turns":10},{"damage":22,"enemies":"Snake Plant","floor":31,"turns":7},{"damage":52,"enemies":"Champ","floor":33,"turns":19}],"seed_played":"-8344446833278134613","potions_obtained":[{"floor":2,"key":"SteroidPotion"},{"floor":4,"key":"AttackPotion"},{"floor":16,"key":"SpeedPotion"}],"is_trial":false,"path_per_floor":["M","M","?","M","M","R","$","?","T","M","E","R","$","M","R","B",null,"M","?","M","$","M","R","?","R","T","$","?","R","E","M","R","B"],"character_chosen":"IRONCLAD","items_purchased":["Pommel Strike","Ghostly Armor","Anchor"],"campfire_rested":1,"item_purchase_floors":[7,7,21],"current_hp_per_floor":[80,80,80,80,80,80,80,73,73,75,72,72,72,68,68,35,80,45,39,12,12,15,15,15,39,39,39,80,80,59,43,43,0,0],"gold":148,"neow_bonus":"TRANSFORM_CARD","is_daily":false,"chose_seed":false,"campfire_upgraded":6,"win_rate":0.0,"timestamp":1614219482,"path_taken":["M","?","?","?","M","R","$","?","T","M","E","R","$","M","R","BOSS","M","?","M","$","M","R","?","R","T","?","?","R","E","?","R","BOSS"],"items_purchased_type":["Card","Card","Relic"],"build_version":"2020-12-22","purchased_purges":1,"victory":false,"max_hp_per_floor":[80,80,80,80,80,80,80,80,80,80,80,80,80,80,80,80,80,80,80,80,80,80,80,80,80,80,80,80,80,80,80,80,80,80],"card_choices":[{"not_picked":["Twin Strike","Intimidate"],"picked":"Thunderclap","floor":1},{"not_picked":["Clash","Shockwave"],"picked":"Thunderclap","floor":2},{"not_picked":["Anger","Body Slam"],"picked":"Headbutt","floor":4},{"not_picked":["Dark Embrace","Anger","Perfected Strike"],"picked":"SKIP","floor":5},{"not_picked":["Combust","Sword Boomerang"],"picked":"Dual Wield","floor":10},{"not_picked":["Shrug It Off","Body Slam","Clash"],"picked":"SKIP","floor":11},{"not_picked":["Shockwave","Pommel Strike"],"picked":"Barricade","floor":14},{"not_picked":["Feed","Barricade"],"picked":"Juggernaut","floor":16},{"not_picked":["Warcry","Wild Strike","Infernal Blade"],"picked":"SKIP","floor":18},{"not_picked":["Thunderclap","Dropkick+1"],"picked":"Flex","floor":20},{"not_picked":["Sword Boomerang","Clash+1","Clothesline+1"],"picked":"SKIP","floor":22},{"not_picked":["Infernal Blade","Sword Boomerang+1","Shrug It Off"],"picked":"SKIP","floor":30},{"not_picked":["Burning Pact+1","Intimidate"],"picked":"Cleave","floor":31}],"player_experience":182156,"relics_obtained":[{"floor":9,"key":"Omamori"},{"floor":11,"key":"Centennial Puzzle"},{"floor":26,"key":"Tiny Chest"},{"floor":30,"key":"WingedGreaves"}],"event_choices":[{"cards_removed":["Strike_R"],"damage_healed":0,"gold_gain":0,"player_choice":"Offered Basic","damage_taken":0,"max_hp_gain":0,"max_hp_loss":0,"event_name":"Bonfire Elementals","floor":3,"gold_loss":0},{"cards_removed":["Strike_R"],"damage_healed":0,"gold_gain":0,"player_choice":"Card Removal","damage_taken":7,"max_hp_gain":0,"max_hp_loss":0,"event_name":"Golden Wing","floor":8,"gold_loss":0},{"damage_healed":0,"gold_gain":0,"player_choice":"Joined the Cult","damage_taken":6,"max_hp_gain":0,"max_hp_loss":0,"event_name":"Nest","floor":19,"gold_loss":0,"cards_obtained":["RitualDagger"]},{"damage_healed":0,"gold_gain":0,"player_choice":"Opened","damage_taken":0,"relics_obtained":["Champion Belt"],"max_hp_gain":0,"max_hp_loss":0,"event_name":"The Mausoleum","floor":24,"gold_loss":0},{"damage_healed":41,"gold_gain":0,"player_choice":"Full Heal","damage_taken":0,"max_hp_gain":0,"max_hp_loss":0,"event_name":"Wheel of Change","floor":28,"gold_loss":0}],"is_beta":false,"boss_relics":[{"not_picked":["Busted Crown","Ectoplasm"],"picked":"Sozu"}],"items_purged_floors":[7],"is_endless":false,"potions_floor_spawned":[2,4,16,20,30],"killed_by":"Champ","ascension_level":2}}