{"host":"clf2hd4adhiiw0zf","time":1614243749,"event":{"mods":["AchievementEnabler","Aspiration","BaseMod","Beaked The Cultist","Bestiary","Dark Map","Downfall","Gremlin Mod","Hermit","Hubris","Infinite Spire","Jorbs\u0027s Wanderer Trilogy","Marisa????????","Minty Spire (QoL Compilation)","Monster B Gone","Quick Restart","Reliquary","Replay The Spire","Shop Mod","Spire Arcade","StSLib","The Construct","The Cursed","The Disciple","The Marked","Wide Potions"],"gold_per_floor":[99,99,154,154,166,186,186,186,267,267,299,199,199,218,331,432,432,432,445,506,506,506,537,563,563,246,146,160,210,210,225,241,344,344,344,361,203,203,214,214,291,361,372,372,623,623,635,618,518,518,518,549,399,399,399,399,399,399],"floor_reached":56,"language":"ENG","playtime":2925,"items_purged":["Guardian:TemporalShield"],"score":1374,"play_id":"edaf7c61-f621-4095-b537-d34898617c5e","local_time":"20210225020229","is_ascension_mode":true,"campfire_choices":[{"floor":8.0,"key":"RECALL"},{"data":"infinitespire:TheBestDefense","floor":12.0,"key":"SMITH"},{"data":"Guardian:BaubleBeam","floor":18.0,"key":"SMITH"},{"data":"hubris:Rewind","floor":27.0,"key":"SMITH"},{"data":"hubris:Rewind","floor":29.0,"key":"SMITH"},{"data":"Guardian:BaubleBeam","floor":35.0,"key":"SMITH"},{"data":"infinitespire:TheBestDefense","floor":46.0,"key":"SMITH"},{"floor":49.0,"key":"REST"},{"data":"Guardian:CompilePackage","floor":54.0,"key":"SMITH"}],"circlet_count":0,"master_deck":["AscendersBane","Guardian:Strike_Guardian","Guardian:Strike_Guardian","Guardian:Defend_Guardian+1","Guardian:Defend_Guardian","Guardian:Defend_Guardian","Guardian:CurlUp","Guardian:TwinSlam","infinitespire:TheBestDefense+1","Guardian:DecasProtection","CurseOfTheBell","CurseOfTheBell","Guardian:StasisStrike","infinitespire:TheBestDefense+1","Guardian:Reroute","Guardian:BronzeArmor","Guardian:WalkerClaw","Guardian:BaubleBeam+1","Guardian:Clone","Guardian:ChargeUp","Guardian:BronzeArmor","hubris:Rewind+1","hubris:Rewind+1","Guardian:Preprogram+1","Guardian:CrystalBeam+1","Guardian:BaubleBeam+1","Flechettes","ReplayTheSpireMod:Speed Training","Prepared","Guardian:Recover+1","Guardian:CompilePackage+1"],"relics":["beaked:SacredDeck","downfall:ExtraCursedBell","Omamori","hubris:MobiusCoin","aspiration:HatOfInfinitePower","MealTicket","infinitespire:BottledMercury","hexamod:Sixitude","Centennial Puzzle","downfall:HeartBlessingRed","reliquary:ThirdArm","Gremlin Horn","aspiration:RitualStick","Juzu Bracelet","TungstenRod","aspiration:Lifesprig","DollysMirror","downfall:HeartBlessingBlue","reliquary:KinkedSpring","ReplayFunnel","hubris:Towel","infinitespire:CheckeredPen","reliquary:NewFriend","hubris:Icosahedron","HornCleat","downfall:HeartBlessingGreen","Replay:Wax Seal","Replay:Lucky Slots"],"acts_visited":["Exordium","TheCity","TheBeyond","TheEnding"],"potions_floor_usage":[56,56],"damage_taken":[{"damage":21.0,"enemies":"Lagavulin Event","floor":3.0,"turns":4.0},{"damage":4.0,"enemies":"2 Louse","floor":5.0,"turns":3.0},{"damage":4.0,"enemies":"Small Slimes","floor":6.0,"turns":3.0},{"damage":15.0,"enemies":"Lagavulin","floor":9.0,"turns":6.0},{"damage":0.0,"enemies":"Gremlin Nob","floor":11.0,"turns":1.0},{"damage":1.0,"enemies":"Cultist","floor":14.0,"turns":3.0},{"damage":15.0,"enemies":"Exordium Wildlife","floor":15.0,"turns":3.0},{"damage":5.0,"enemies":"DF_ARCHETYPE_STREAMLINE","floor":16.0,"turns":6.0},{"damage":3.0,"enemies":"Spheric Guardian","floor":19.0,"turns":4.0},{"damage":19.0,"enemies":"Slavers","floor":23.0,"turns":4.0},{"damage":0.0,"enemies":"downfall:FleeingMerchant","floor":26.0,"turns":4.0},{"damage":7.0,"enemies":"Shell Parasite","floor":28.0,"turns":4.0},{"damage":0.0,"enemies":"Snake Plant","floor":31.0,"turns":3.0},{"damage":2.0,"enemies":"Chosen and Byrds","floor":32.0,"turns":4.0},{"damage":3.0,"enemies":"IC_MUSHROOM_ARCHETYPE","floor":33.0,"turns":6.0},{"damage":0.0,"enemies":"3 Shapes","floor":36.0,"turns":3.0},{"damage":8.0,"enemies":"downfall:FleeingMerchant","floor":37.0,"turns":4.0},{"damage":26.0,"enemies":"3 Darklings","floor":39.0,"turns":4.0},{"damage":4.0,"enemies":"Transient","floor":43.0,"turns":5.0},{"damage":10.0,"enemies":"downfall:FleeingMerchant","floor":45.0,"turns":4.0},{"damage":16.0,"enemies":"4 Shapes","floor":47.0,"turns":4.0},{"damage":0.0,"enemies":"Giant Head","floor":48.0,"turns":6.0},{"damage":0.0,"enemies":"SI_POISON_ARCHETYPE","floor":50.0,"turns":11.0},{"damage":0.0,"enemies":"downfall:CharBossMerchant","floor":52.0,"turns":4.0},{"damage":0.0,"enemies":"downfall:NeowBoss","floor":55.0,"turns":7.0},{"damage":96,"enemies":"downfall:NeowBossFinal","floor":56,"turns":11}],"seed_played":"-3033098810750511235","potions_obtained":[{"floor":3.0,"key":"SmokeBomb"},{"floor":11.0,"key":"Swift Potion"},{"floor":15.0,"key":"Venom Potion"},{"floor":20.0,"key":"EntropicBrew"},{"floor":30.0,"key":"Regen Potion"},{"floor":31.0,"key":"champ:CounterPotion"},{"floor":32.0,"key":"Toxic Potion"},{"floor":33.0,"key":"Milkshake"},{"floor":39.0,"key":"Swift Potion"},{"floor":47.0,"key":"champ:CounterPotion"},{"floor":48.0,"key":"PowerPotion"},{"floor":52.0,"key":"Dexterity Potion"}],"is_trial":false,"path_per_floor":["R","?","?","?","M","M","T","R","E","?","E","R","?","M","M","B",null,"R","M","?","?","?","E","T","AVR","$","R","M","R","?","M","M","B",null,"R","M","?","?","M","?","T","T","M","?","$","R","M","E","R","B",null,"E","$","R","B","B"],"character_chosen":"GUARDIAN","items_purchased":["aspiration:Lifesprig","DollysMirror","ReplayFunnel","Guardian:Gem_Yellow","Swift Potion","Replay:Lucky Slots","Guardian:TemporalShield"],"campfire_rested":1,"item_purchase_floors":[26,26,37,45,53,53,53],"current_hp_per_floor":[72,72,51,51,47,43,43,43,28,28,28,28,36,35,20,15,64,64,61,41,41,25,6,6,6,21,31,24,24,24,42,40,37,77,77,77,69,69,43,43,43,43,39,39,44,44,28,28,55,55,81,81,90,90,90,0,0,0],"gold":399,"neow_bonus":"BOSS_RELIC","is_daily":false,"chose_seed":false,"campfire_upgraded":7,"win_rate":0.0,"timestamp":1614243749,"path_taken":["R","?","?","?","?","M","T","R","E","?","E","R","?","?","M","BOSS","R","M","?","?","?","E","T","AVR","?","R","M","R","?","M","M","BOSS","R","M","?","?","M","?","T","?","M","?","$","R","M","E","R","BOSS","E","$","R","BOSS","BOSS"],"items_purchased_type":["Relic","Relic","Relic","Card","Potion","Relic","Card"],"build_version":"2020-12-22","purchased_purges":1,"victory":false,"max_hp_per_floor":[80,80,80,80,80,80,80,80,80,80,80,80,80,80,80,80,80,80,80,80,80,80,80,80,80,80,90,90,90,90,90,90,90,90,90,90,90,90,90,90,90,90,90,90,90,90,90,90,90,90,90,90,90,90,90,90,90,90],"card_choices":[{"not_picked":["Guardian:Planning","Guardian:Gem_Green"],"picked":"Guardian:Gem_Purple","floor":3.0},{"not_picked":["Guardian:GuardianWhirl","Guardian:Suspension"],"picked":"Guardian:Reroute","floor":5.0},{"not_picked":["Guardian:Preprogram","Guardian:Gem_Cyan"],"picked":"Guardian:BronzeArmor","floor":6.0},{"not_picked":["Guardian:Gem_Cyan","Guardian:ChargeCore"],"picked":"Guardian:WalkerClaw","floor":9.0},{"not_picked":["Guardian:Gem_Green","Guardian:BodySlam"],"picked":"Guardian:Gem_Fragmented","floor":11.0},{"not_picked":["Guardian:PrimingBeam","Guardian:ChargeCore","Guardian:Incinerate"],"picked":"SKIP","floor":14.0},{"not_picked":["Guardian:ShieldCharger","Guardian:TemporalStrike"],"picked":"Guardian:Gem_Red","floor":15.0},{"not_picked":["Guardian:RevengeProtocol","Guardian:FastForward"],"picked":"Guardian:BaubleBeam","floor":16.0},{"not_picked":["Guardian:Gem_White","Guardian:TimeBomb"],"picked":"Guardian:Clone","floor":19.0},{"not_picked":["Guardian:Suspension","Guardian:ShieldCharger"],"picked":"Guardian:ChargeUp","floor":20.0},{"not_picked":["Guardian:Gem_Green","Guardian:Gem_Lightblue","Guardian:BodySlam"],"picked":"SKIP","floor":23.0},{"not_picked":["Guardian:Reroute+1","Guardian:Gem_Green","Guardian:FuturePlans+1"],"picked":"SKIP","floor":26.0},{"not_picked":["Guardian:Planning","Guardian:TemporalStrike"],"picked":"Guardian:Gem_Yellow","floor":28.0},{"not_picked":["Guardian:PiercingHide+1","Guardian:Incinerate"],"picked":"Guardian:Preprogram+1","floor":31.0},{"not_picked":["Guardian:Planning+1","Guardian:StasisEngine"],"picked":"Guardian:CrystalBeam+1","floor":32.0},{"not_picked":["Guardian:RevengeProtocol","Guardian:GatlingBeam"],"picked":"Guardian:BaubleBeam","floor":33.0},{"not_picked":["Guardian:Reroute+1","Guardian:ChargeCore"],"picked":"Guardian:Gem_Cyan","floor":36.0},{"not_picked":["Guardian:ChargeCore","Guardian:PrimingBeam","Guardian:GuardianWhirl"],"picked":"SKIP","floor":37.0},{"not_picked":["Guardian:ShieldCharger+1","Guardian:PrismaticBarrier+1"],"picked":"Guardian:Recover+1","floor":39.0},{"not_picked":["Guardian:Reroute+1","Guardian:Planning","Guardian:CrystalBeam+1"],"picked":"SKIP","floor":43.0},{"not_picked":["Guardian:ShieldCharger","Guardian:CrystalBeam","Guardian:Gem_Blue"],"picked":"SKIP","floor":45.0},{"not_picked":["Guardian:SpikerProtocol","Guardian:Repulse+1","Guardian:StasisEngine"],"picked":"SKIP","floor":47.0},{"not_picked":["Guardian:TemporalShield+1","Guardian:Gem_Lightblue"],"picked":"Guardian:CompilePackage","floor":48.0},{"not_picked":["Guardian:Gem_Red","Guardian:BronzeArmor+1"],"picked":"Guardian:Gem_Synthetic","floor":52.0}],"player_experience":407654,"relics_obtained":[{"floor":2.0,"key":"Omamori"},{"floor":2.0,"key":"hubris:MobiusCoin"},{"floor":2.0,"key":"aspiration:HatOfInfinitePower"},{"floor":3.0,"key":"MealTicket"},{"floor":7.0,"key":"infinitespire:BottledMercury"},{"floor":9.0,"key":"hexamod:Sixitude"},{"floor":11.0,"key":"Centennial Puzzle"},{"floor":20.0,"key":"Gremlin Horn"},{"floor":23.0,"key":"Juzu Bracelet"},{"floor":41.0,"key":"infinitespire:CheckeredPen"},{"floor":42.0,"key":"reliquary:NewFriend"},{"floor":48.0,"key":"HornCleat"},{"floor":52.0,"key":"Replay:Wax Seal"}],"event_choices":[{"damage_healed":0.0,"max_hp_gain":0.0,"max_hp_loss":0.0,"gold_gain":0.0,"event_name":"Lab","player_choice":"Got Potions","floor":30.0,"gold_loss":0.0,"damage_taken":0.0}],"is_beta":false,"boss_relics":[{"not_picked":["Cursed Key","Tiny House"],"picked":"reliquary:ThirdArm"},{"not_picked":["Coffee Dripper","hubris:GrandSneckoEye"],"picked":"reliquary:KinkedSpring"}],"items_purged_floors":[53],"is_endless":false,"potions_floor_spawned":[3,5,11,15,31,32,33,39,47,48,52],"killed_by":"downfall:NeowBossFinal","ascension_level":10}}