{"host":"5dhwd44u3dydylwe","time":1614248091,"event":{"mods":["AchievementEnabler","BaseMod","BetterRewards","Dota2Spire","Duelist Mod","GifTheSpireLib","Hubris","Minty Spire (QoL Compilation)","Shop Mod","StSLib","Wandering Minibosses"],"gold_per_floor":[141,138,929,929,945,945,974,974,974,1001,1027,1027,1027,1076,1089,1129,1161,1161,1254,1254,1254,1361,1361,1385,692,692,72,72,113,129,167,167,167,167,202,202,52,52,52,145,145,160,0,0,0,27,70,70,113,113,113,131,131,156,200,200,200,200,200,200,200,36,75,75],"floor_reached":65,"language":"ENG","playtime":2658,"items_purged":["theDuelist:Sparks","theDuelist:Sparks","theDuelist:CastleWalls","theDuelist:Relinkuriboh+1","theDuelist:YukiOnnaIce"],"score":5229,"play_id":"2f56b15d-1416-448a-9d2d-3ff9c5d49a20","local_time":"20210225181451","is_ascension_mode":true,"campfire_choices":[{"data":"theDuelist:Fissure","floor":6,"key":"SMITH"},{"data":"1","floor":12,"key":"LIFT"},{"data":"2","floor":18,"key":"LIFT"},{"data":"theDuelist:CustomResummonCard","floor":21,"key":"SMITH"},{"data":"theDuelist:Wildfire","floor":33,"key":"SMITH"},{"data":"3","floor":38,"key":"LIFT"},{"floor":39,"key":"RECALL"},{"data":"theDuelist:Wildfire+2","floor":48,"key":"SMITH"},{"floor":56,"key":"REST"},{"data":"theDuelist:Wildfire+3","floor":57,"key":"SMITH"},{"data":"theDuelist:ZombieWarrior","floor":61,"key":"SMITH"}],"circlet_count":0,"master_deck":["AscendersBane","theDuelist:CastleWalls+1","theDuelist:Fissure+1","theDuelist:FluteKuriboh","theDuelist:FluteKuriboh","theDuelist:WingedKuriboh+1","theDuelist:WingedKuriboh","theDuelist:ZombieWarrior+1","theDuelist:GhostrickMuseum+1","theDuelist:CustomResummonCard+1","theDuelist:Wildfire+4","theDuelist:YukiOnnaIce+1"],"relics":["theDuelist:MillenniumPuzzle","theDuelist:CardPoolRelic","theDuelist:CardPoolBasicRelic","theDuelist:BoosterPackPoolRelic","theDuelist:CardPoolAddRelic","theDuelist:CardPoolMinusRelic","theDuelist:CardPoolSaveRelic","theDuelist:CardPoolOptionsRelic","Lee\u0027s Waffle","Oddly Smooth Stone","Bronze Scales","Dota2Spire:Vanguard","PreservedInsect","Juzu Bracelet","Ornamental Fan","Medical Kit","hubris:GlazedTorus","theDuelist:DuelistOrichalcum","OrangePellets","FossilizedHelix","Girya","Singing Bowl","TwistedFunnel","CeramicFish","wanderingMiniBosses:MasterThiefsPresence","StrikeDummy","Golden Idol","theDuelist:DuelistTeaSet","Whetstone","theDuelist:MillenniumPrayerbook","hubris:Reverence","Black Star","Velvet Choker","Paper Frog","theDuelist:YugiMirror","TheAbacus","theDuelist:MonsterEggRelic","Ice Cream","Dota2Spire:MaskOfMadness","theDuelist:MerchantNecklace","Vajra","Dota2Spire:Dagon","Lizard Tail","theDuelist:MillenniumArmor","theDuelist:GamblerChip","theDuelist:MonsterEggRelic","War Paint","Dota2Spire:BladeMail","Akabeko","hubris:IronBody","theDuelist:SummonAnchor","Dota2Spire:EtherealBlade","hubris:Icosahedron","Centennial Puzzle","Bag of Preparation","Bag of Marbles","theDuelist:PrayerPageA"],"acts_visited":["Exordium","TheCity","TheBeyond","TheEnding"],"potions_floor_usage":[2,64,64],"damage_taken":[{"damage":0,"enemies":"Cultist","floor":1,"turns":5},{"damage":0,"enemies":"2 Louse","floor":2,"turns":6},{"damage":0,"enemies":"Jaw Worm","floor":3,"turns":4},{"damage":0,"enemies":"Exordium Thugs","floor":5,"turns":3},{"damage":0,"enemies":"3 Sentries","floor":7,"turns":7},{"damage":0,"enemies":"Gremlin Nob","floor":14,"turns":2},{"damage":0,"enemies":"Blue Slaver","floor":15,"turns":2},{"damage":0,"enemies":"3 Sentries","floor":16,"turns":4},{"damage":0,"enemies":"Large Slime","floor":17,"turns":1},{"damage":0,"enemies":"Hexaghost","floor":19,"turns":6},{"damage":0,"enemies":"Hexaghost","floor":22,"turns":4},{"damage":0,"enemies":"Spheric Guardian","floor":24,"turns":3},{"damage":0,"enemies":"theDuelist:KaibaA2","floor":29,"turns":3},{"damage":0,"enemies":"3 Byrds","floor":30,"turns":2},{"damage":0,"enemies":"Book of Stabbing","floor":31,"turns":1},{"damage":0,"enemies":"Gremlin Leader","floor":35,"turns":2},{"damage":0,"enemies":"Collector","floor":40,"turns":2},{"damage":0,"enemies":"3 Shapes","floor":42,"turns":2},{"damage":0,"enemies":"Nemesis","floor":47,"turns":1},{"damage":0,"enemies":"Giant Head","floor":49,"turns":2},{"damage":0,"enemies":"Orb Walker","floor":52,"turns":2},{"damage":0,"enemies":"Sphere and 2 Shapes","floor":54,"turns":2},{"damage":0,"enemies":"Nemesis","floor":55,"turns":1},{"damage":0,"enemies":"hubris:GrandSnecko","floor":58,"turns":3},{"damage":0,"enemies":"Awakened One","floor":59,"turns":4},{"damage":0,"enemies":"Shield and Spear","floor":63,"turns":2},{"damage":8,"enemies":"The Heart","floor":64,"turns":5}],"seed_played":"3022114352649057377","potions_obtained":[{"floor":1,"key":"theDuelist:ExtraOrbsBottle"},{"floor":3,"key":"AttackPotion"}],"is_trial":false,"path_per_floor":["M","M","M","?","M","R","E","?","?","T","T","R","?","E","M","E","M","R","B",null,"R","B",null,"M","$","?","$","?","E","M","E","T","R","?","E","?","$","R","R","B",null,"M","?","?","?","T","E","R","E","T","?","M","?","M","E","R","R","B","B",null,"R","$","E","B",null],"character_chosen":"THE_DUELIST","items_purchased":["Lee\u0027s Waffle","Oddly Smooth Stone","Bronze Scales","Dota2Spire:Vanguard","PreservedInsect","Juzu Bracelet","Ornamental Fan","Medical Kit","hubris:GlazedTorus","theDuelist:DuelistOrichalcum","OrangePellets","FossilizedHelix","Girya","Singing Bowl","TwistedFunnel","CeramicFish","SkillPotion","Paper Frog","theDuelist:YugiMirror","TheAbacus","theDuelist:MonsterEggRelic","Bag of Preparation"],"campfire_rested":1,"item_purchase_floors":[0,0,0,0,0,0,0,0,0,0,0,0,0,0,0,0,0,25,25,27,27,62],"current_hp_per_floor":[79,81,83,88,90,90,92,83,75,75,75,75,75,75,77,77,77,77,79,79,79,79,85,87,87,87,87,87,89,91,93,93,93,93,95,66,66,66,66,68,95,97,97,97,97,97,99,99,101,101,101,103,105,107,109,118,118,118,118,118,118,118,120,112],"gold":75,"neow_bonus":"","is_daily":false,"chose_seed":false,"campfire_upgraded":6,"win_rate":0.0,"timestamp":1614248091,"path_taken":["M","M","M","?","M","R","E","?","?","T","T","R","?","E","M","E","M","R","BOSS","R","BOSS","M","$","?","$","?","E","M","E","T","R","?","E","?","$","R","R","BOSS","M","?","?","?","?","E","R","E","T","?","M","?","M","E","R","R","BOSS","BOSS","R","$","E","BOSS"],"items_purchased_type":["Relic","Relic","Relic","Relic","Relic","Relic","Relic","Relic","Relic","Relic","Relic","Relic","Relic","Relic","Relic","Relic","Potion","Relic","Relic","Relic","Relic","Relic"],"build_version":"2020-12-22","purchased_purges":5,"victory":true,"max_hp_per_floor":[79,81,83,88,90,90,92,83,83,83,83,83,83,83,85,85,85,85,87,87,87,87,87,89,89,89,89,89,91,93,95,95,95,95,97,102,102,102,102,104,104,106,106,106,106,106,108,108,110,110,110,112,114,116,118,118,118,118,118,118,118,118,120,120],"card_choices":[{"not_picked":["theDuelist:AvendreadSavior","theDuelist:VendreadBattlelord","theDuelist:VendreadChimera","theDuelist:VendreadCore","theDuelist:VendreadHoundhorde"],"picked":"Singing Bowl","floor":1},{"not_picked":["theDuelist:VampireDragon","theDuelist:VendreadHoundhorde","theDuelist:VendreadRevenants","theDuelist:GhostrickMummy","theDuelist:GhostrickSpecter"],"picked":"Singing Bowl","floor":2},{"not_picked":["theDuelist:VampireGrace","theDuelist:VampireSorcerer","theDuelist:GhostrickWarwolf","theDuelist:GhostrickYeti","theDuelist:Yasha"],"picked":"Singing Bowl","floor":3},{"not_picked":["theDuelist:FusionWeapon","theDuelist:DarkEnergy","theDuelist:TyrantDinoFusion","theDuelist:DarkFusion","theDuelist:ZombieWorld"],"picked":"Singing Bowl","floor":5},{"not_picked":["theDuelist:VampireHunter","theDuelist:VendreadBattlelord","theDuelist:VendreadChimera","theDuelist:GhostrickAlucard","theDuelist:GhostrickJackfrost"],"picked":"Singing Bowl","floor":7},{"not_picked":["theDuelist:Pumpking","theDuelist:DarkDustSpirit","theDuelist:GhostrickSpecter","theDuelist:PhantomGhost"],"picked":"theDuelist:ZombieWarrior","floor":14},{"not_picked":["theDuelist:FossilSkullknight","theDuelist:BoneMouse","theDuelist:VampireGrimson","theDuelist:GiantOrc","theDuelist:PrematureBurial"],"picked":"Singing Bowl","floor":15},{"not_picked":["theDuelist:Gashadokuro","theDuelist:OboroGuruma","theDuelist:Yasha","theDuelist:YukiOnnaAbsolute"],"picked":"theDuelist:YukiOnnaIce","floor":16},{"not_picked":["theDuelist:TerraTerrible","theDuelist:GiantOrc","theDuelist:Tsukahagi","theDuelist:MammothGraveyard"],"picked":"theDuelist:GhostrickMuseum","floor":17},{"not_picked":["theDuelist:BookLife","theDuelist:MayakashiWinter","theDuelist:RobbinZombie","theDuelist:VendreadStriges","theDuelist:ArchfiendGeneral"],"picked":"Singing Bowl","floor":19},{"not_picked":["theDuelist:InstantFusion","theDuelist:VendreadNightmare","theDuelist:VendreadStriges","theDuelist:ArchfiendCommander"],"picked":"theDuelist:Wildfire","floor":22},{"not_picked":["theDuelist:Pumpking+1","theDuelist:FragmentFusion","theDuelist:RedMirror","theDuelist:PyramidWonders","theDuelist:AvendreadSavior"],"picked":"Singing Bowl","floor":24},{"not_picked":["theDuelist:NightmareHorse","theDuelist:ArchfiendGeneral","theDuelist:GarbageLord+1"],"picked":"Singing Bowl","floor":29},{"not_picked":["theDuelist:VampireLady","theDuelist:GiantOrc","theDuelist:DarkDustSpirit+1","theDuelist:Polymerization","theDuelist:OniGamiCombo+1"],"picked":"Singing Bowl","floor":30},{"not_picked":["theDuelist:GhostrickAlucard+1","theDuelist:VampireLady","theDuelist:GiantOrc","theDuelist:DarklordMarie","theDuelist:AshBlossom+1"],"picked":"Singing Bowl","floor":31},{"not_picked":["theDuelist:FabledGallabas","theDuelist:CallGrave+1","theDuelist:Wildfire+1"],"picked":"Singing Bowl","floor":35},{"not_picked":["theDuelist:BookEclipse","theDuelist:RobbinZombie","theDuelist:UltraPolymerization","theDuelist:ArchfiendGeneral","theDuelist:Wildfire"],"picked":"Singing Bowl","floor":40},{"not_picked":["theDuelist:VendreadHoundhorde","theDuelist:RedSprinter+1","theDuelist:BottomlessTrapHole+1"],"picked":"Singing Bowl","floor":42},{"not_picked":["theDuelist:Pumprincess","theDuelist:RevendreadOrigin+1","theDuelist:Tsukahagi+1","theDuelist:GrossGhost+1","theDuelist:DarkDustSpirit+1"],"picked":"Singing Bowl","floor":47},{"not_picked":["theDuelist:SummonedSkull","theDuelist:FusionTag","theDuelist:OvertexQoatlus+1","theDuelist:DarkFusion","theDuelist:GhostrickGhoul"],"picked":"Singing Bowl","floor":49},{"not_picked":["theDuelist:ZombieMammoth","theDuelist:VanityFiend","theDuelist:FiendSkull"],"picked":"Singing Bowl","floor":52},{"not_picked":["theDuelist:GhostrickGhoul","theDuelist:GhostrickJiangshi","theDuelist:GhostrickSpecter+1","theDuelist:GhostrickStein","theDuelist:GhostrickYeti"],"picked":"Singing Bowl","floor":53},{"not_picked":["theDuelist:UmbralHorrorGhost+1","theDuelist:FiendMegacyber","theDuelist:IlBlud","theDuelist:FlyingSaucer+1","theDuelist:SpiritReaper+1"],"picked":"Singing Bowl","floor":54},{"not_picked":["theDuelist:FusionWeapon","theDuelist:VendreadNights","theDuelist:DimensionBurial","theDuelist:ParallelWorldFusion","theDuelist:BookMoon"],"picked":"Singing Bowl","floor":55},{"not_picked":["theDuelist:GhostrickNight+1","theDuelist:GhostrickParade+1","theDuelist:HauntedShrine+1","theDuelist:VendreadReorigin+1","theDuelist:VendreadRevolution+1"],"picked":"Singing Bowl","floor":63}],"player_experience":325467,"relics_obtained":[{"floor":3,"key":"wanderingMiniBosses:MasterThiefsPresence"},{"floor":7,"key":"StrikeDummy"},{"floor":11,"key":"Whetstone"},{"floor":14,"key":"theDuelist:MillenniumPrayerbook"},{"floor":16,"key":"hubris:Reverence"},{"floor":29,"key":"Ice Cream"},{"floor":29,"key":"Dota2Spire:MaskOfMadness"},{"floor":31,"key":"theDuelist:MerchantNecklace"},{"floor":31,"key":"Vajra"},{"floor":32,"key":"Dota2Spire:Dagon"},{"floor":35,"key":"Lizard Tail"},{"floor":35,"key":"theDuelist:MillenniumArmor"},{"floor":46,"key":"War Paint"},{"floor":47,"key":"Dota2Spire:BladeMail"},{"floor":47,"key":"Akabeko"},{"floor":49,"key":"hubris:IronBody"},{"floor":49,"key":"theDuelist:SummonAnchor"},{"floor":50,"key":"Dota2Spire:EtherealBlade"},{"floor":55,"key":"Centennial Puzzle"},{"floor":63,"key":"Bag of Marbles"},{"floor":63,"key":"theDuelist:PrayerPageA"}],"event_choices":[{"damage_healed":0,"gold_gain":0,"player_choice":"Donut","damage_taken":0,"max_hp_gain":5,"max_hp_loss":0,"event_name":"Big Fish","floor":4,"gold_loss":0},{"damage_healed":0,"gold_gain":0,"player_choice":"Lose Max HP","damage_taken":0,"relics_obtained":["Golden Idol"],"max_hp_gain":0,"max_hp_loss":9,"event_name":"Golden Idol","floor":8,"gold_loss":0},{"damage_healed":0,"gold_gain":0,"player_choice":"Dig - random Duelist relic","duelist":true,"damage_taken":0,"max_hp_gain":0,"max_hp_loss":0,"event_name":"Aknamkanon\u0027s Tomb","floor":9,"gold_loss":0},{"damage_healed":0,"gold_gain":0,"player_choice":"Grow","damage_taken":0,"max_hp_gain":0,"max_hp_loss":0,"event_name":"Living Wall","floor":13,"gold_loss":0,"cards_upgraded":["theDuelist:CastleWalls"]},{"damage_healed":0,"gold_gain":0,"player_choice":"Ignored","damage_taken":0,"max_hp_gain":0,"max_hp_loss":0,"event_name":"The Mausoleum","floor":28,"gold_loss":0},{"damage_healed":0,"gold_gain":0,"player_choice":"Shed Blood","damage_taken":34,"max_hp_gain":5,"max_hp_loss":0,"event_name":"Forgotten Altar","floor":36,"gold_loss":0},{"damage_healed":0,"gold_gain":0,"player_choice":"Duplicated Relic - Egg Token","duelist":true,"damage_taken":0,"max_hp_gain":0,"max_hp_loss":0,"event_name":"Relic Duplicator","floor":43,"gold_loss":0},{"damage_healed":0,"gold_gain":0,"player_choice":"Leave","duelist":true,"damage_taken":0,"max_hp_gain":0,"max_hp_loss":0,"event_name":"Card Trader","floor":44,"gold_loss":0},{"damage_healed":0,"gold_gain":0,"player_choice":"Leave","duelist":true,"damage_taken":0,"max_hp_gain":0,"max_hp_loss":0,"event_name":"Egyptian Village","floor":45,"gold_loss":0},{"damage_healed":0,"gold_gain":0,"player_choice":"Memory 1","damage_taken":0,"max_hp_gain":0,"max_hp_loss":0,"event_name":"SensoryStone","floor":53,"gold_loss":0}],"is_beta":false,"boss_relics":[{"not_picked":["theDuelist:ElectricKey","Runic Dome"],"picked":"Black Star"},{"not_picked":["Ectoplasm","Tiny House"],"picked":"Velvet Choker"},{"not_picked":["hubris:ScarierMask","hubris:CrackedHourglass"],"picked":"theDuelist:GamblerChip"}],"items_purged_floors":[0,0,0,25,27],"is_endless":false,"potions_floor_spawned":[1,3,7,14,15,17,22,29,35,40,49,54],"ascension_level":20}}