{"host":"3wy7pdgb9v64ezms","time":1607689369,"event":{"mods":["2.2 Compatiblity","AchievementEnabler","Act Like it!","Aspiration","BaseMod","Better Altar","Better Match","Better Note","Better Third Choice","BetterRewards","Colored Map","DeckTracker","Halation","Highlight Path","Hubris","Infinite Spire","Minty Spire (QoL Compilation)","Permanent Neow","Potionbrewer","Prisma Mod","Quick Restart","Rare Cards Sparkle","Relic Filter","Relic Stats","Replay The Spire","Shade Mod","Shop Mod","Spicy Shops","StSLib","SuperFastMode","The Alterego","The Dragon Tamer","UnlockEverythingMod","WarShipGirlsR/????R mod"],"gold_per_floor":[363,377,64,64,81,108,108,139,139,167,167,195,195,209,209,311,311,325,325,338,338,352,352,365,365,365,365,379,304,319,330,330,435,435,448,448,494,494,39,39,65,65,144,163,176,187,187,187,187],"floor_reached":47,"playtime":2510,"items_purged":["DTMod:TargetDefense"],"score":635,"play_id":"a984fa64-d6e3-42c8-9a42-ef3384ce8511","local_time":"20201211132249","is_ascension_mode":false,"metric_token":2195,"campfire_choices":[{"data":"DTMod:BlazingStrike","floor":7.0,"key":"SMITH"},{"floor":11.0,"key":"REST"},{"floor":13.0,"key":"REST"},{"data":"DTMod:BlazingStrike","floor":15.0,"key":"SMITH"},{"floor":23.0,"key":"REST"},{"data":"infinitespire:UltimateForm","floor":25.0,"key":"SMITH"},{"data":"DTMod:BlazingStrike","floor":27.0,"key":"SMITH"},{"data":"DTMod:RepeatStrike","floor":32.0,"key":"SMITH"},{"floor":40.0,"key":"REST"},{"data":"DTMod:Multitask","floor":42.0,"key":"SMITH"}],"dtmod_dragon_data":[0,50,1,1,8,8],"circlet_count":0,"master_deck":["DTMod:Strike","DTMod:Strike","DTMod:Strike","DTMod:DoubleHit+1","DTMod:TargetDefense","DTMod:TargetDefense","DTMod:TargetDefense","DTMod:SwitchingTactic","DTMod:ComboAttack","DTMod:BreakAttack","DTMod:BlazingStrike+1","DTMod:DarkBreath+1","DTMod:RunningTactic","DTMod:Haste","DTMod:Training","DTMod:BlazingStrike+1","DTMod:Multitask+1","infinitespire:UltimateForm+1","DTMod:QuickFly+1","DTMod:BlazingStrike+1","DTMod:RepeatStrike+1","DTMod:TriAttack","DTMod:BlazingStrike+1","Madness","Madness","DTMod:Inferno","DTMod:GhostSkin","DTMod:Adaptation+1","DTMod:Training+1","DTMod:CalculatedDefense"],"relics":["DTMod:PactStone","aspiration:DSix","DTMod:MindBender","hubris:Reverence","ReplayTheSpireMod:TigerMarble","Oddly Smooth Stone","Orichalcum","Potion Belt","Painkiller Herb","Whetstone","hubris:MedicalManual","halation:MonkeysPaw","aspiration:HatOfInfinitePower","hubris:Icosahedron","Membership Card","Meat on the Bone","Replay:Kaleidoscope","Torii","halation:WeightlessCrab"],"acts_visited":["Exordium","TheCity","TheBeyond"],"potions_floor_usage":[],"damage_taken":[{"damage":0.0,"enemies":"Jaw Worm","floor":1.0,"turns":5.0},{"damage":0.0,"enemies":"Cultist","floor":2.0,"turns":3.0},{"damage":0.0,"enemies":"Small Slimes","floor":5.0,"turns":2.0},{"damage":0.0,"enemies":"Gremlin Nob","floor":6.0,"turns":3.0},{"damage":10.0,"enemies":"3 Sentries","floor":8.0,"turns":8.0},{"damage":0.0,"enemies":"Lagavulin","floor":10.0,"turns":4.0},{"damage":1.0,"enemies":"3 Sentries","floor":12.0,"turns":6.0},{"damage":0.0,"enemies":"Blue Slaver","floor":14.0,"turns":2.0},{"damage":0.0,"enemies":"Slime Boss","floor":16.0,"turns":5.0},{"damage":0.0,"enemies":"Spheric Guardian","floor":18.0,"turns":2.0},{"damage":0.0,"enemies":"2 Thieves","floor":20.0,"turns":3.0},{"damage":0.0,"enemies":"Chosen and Byrds","floor":22.0,"turns":4.0},{"damage":0.0,"enemies":"Snake Plant","floor":24.0,"turns":2.0},{"damage":0.0,"enemies":"Centurion and Healer","floor":28.0,"turns":3.0},{"damage":0.0,"enemies":"Snecko","floor":30.0,"turns":2.0},{"damage":0.0,"enemies":"Cultist and Chosen","floor":31.0,"turns":3.0},{"damage":17.0,"enemies":"hubris:MusketHawk","floor":33.0,"turns":5.0},{"damage":0.0,"enemies":"3 Darklings","floor":35.0,"turns":3.0},{"damage":0.0,"enemies":"2 Orb Walkers","floor":37.0,"turns":2.0},{"damage":0.0,"enemies":"Giant Head","floor":41.0,"turns":5.0},{"damage":0.0,"enemies":"3 Shapes","floor":44.0,"turns":4.0},{"damage":0.0,"enemies":"Transient","floor":45.0,"turns":5.0},{"damage":11.0,"enemies":"Spire Growth","floor":46.0,"turns":3.0},{"damage":36,"enemies":"Writhing Mass","floor":47,"turns":4}],"seed_played":"-7552864006826410630","potions_obtained":[{"floor":2.0,"key":"Swift Potion"},{"floor":10.0,"key":"LiquidBronze"},{"floor":12.0,"key":"Death Potion"},{"floor":16.0,"key":"Block Potion"},{"floor":18.0,"key":"Doom Potion"},{"floor":30.0,"key":"potionbrewer:FreezingPotion"},{"floor":37.0,"key":"BlessingOfTheForge"},{"floor":45.0,"key":"Elixir"}],"is_trial":false,"path_per_floor":["M","M","$","?","M","E","R","E","T","E","R","E","R","M","R","B",null,"?","AVR","?","?","?","T","?","T","T","T","?","?","?","?","T","B",null,"?","?","?","?","T","T","E","T","T","?","?","?","?"],"character_chosen":"THE_DT","items_purchased":["aspiration:DSix","DTMod:MindBender","Membership Card","DTMod:Inferno","Meat on the Bone","Replay:Kaleidoscope","DTMod:GhostSkin"],"campfire_rested":4,"item_purchase_floors":[3,3,39,39,39,39,39],"current_hp_per_floor":[33,33,33,33,33,33,33,23,23,23,36,35,45,45,45,45,45,45,45,45,12,12,25,25,25,25,25,25,25,25,25,25,8,45,45,39,39,39,39,45,45,45,45,45,45,34,0,0,0],"gold":187,"neow_bonus":"TWO_FIFTY_GOLD","is_daily":false,"chose_seed":false,"campfire_upgraded":6,"win_rate":0.0,"timestamp":1607689369,"path_taken":["M","M","$","?","M","E","R","E","T","E","R","E","R","?","R","BOSS","?","AVR","?","?","?","T","?","T","T","T","?","?","?","?","T","BOSS","?","?","?","?","T","T","E","T","T","?","?","?","?"],"items_purchased_type":["Relic","Relic","Relic","Card","Relic","Relic","Card"],"build_version":"2020-11-30","purchased_purges":1,"victory":false,"max_hp_per_floor":[45,45,45,45,45,45,45,45,45,45,45,45,45,45,45,45,45,45,45,45,45,45,45,45,45,45,45,45,45,45,45,45,45,45,45,45,45,45,45,45,45,45,45,45,45,45,45,45,45],"relic_stats":{"Torii":3,"counters":[24,88],"Whetstone":["DTMod:DoubleHit","DTMod:DarkBreath"],"Orichalcum":[222],"obtain_stats":[{"Potion Belt":12,"halation:MonkeysPaw":34,"Torii":41,"Oddly Smooth Stone":9,"Painkiller Herb":17,"hubris:MedicalManual":26,"halation:WeightlessCrab":43,"Whetstone":19,"Replay:Kaleidoscope":39,"Orichalcum":10,"DTMod:MindBender":3,"hubris:Icosahedron":38,"DTMod:PactStone":0,"ReplayTheSpireMod:TigerMarble":8,"Membership Card":39,"aspiration:DSix":3,"aspiration:HatOfInfinitePower":37,"hubris:Reverence":6,"Meat on the Bone":39},{"Potion Belt":7,"halation:MonkeysPaw":17,"Torii":20,"Oddly Smooth Stone":5,"Painkiller Herb":9,"hubris:MedicalManual":13,"halation:WeightlessCrab":20,"Whetstone":10,"Replay:Kaleidoscope":19,"Orichalcum":6,"DTMod:MindBender":2,"hubris:Icosahedron":19,"DTMod:PactStone":0,"ReplayTheSpireMod:TigerMarble":5,"Membership Card":19,"aspiration:DSix":2,"aspiration:HatOfInfinitePower":19,"hubris:Reverence":4,"Meat on the Bone":19},{"Potion Belt":31,"halation:MonkeysPaw":62,"Torii":72,"Oddly Smooth Stone":21,"Painkiller Herb":38,"hubris:MedicalManual":49,"halation:WeightlessCrab":72,"Whetstone":40,"Replay:Kaleidoscope":67,"Orichalcum":25,"DTMod:MindBender":8,"hubris:Icosahedron":67,"DTMod:PactStone":0,"ReplayTheSpireMod:TigerMarble":21,"Membership Card":67,"aspiration:DSix":8,"aspiration:HatOfInfinitePower":67,"hubris:Reverence":13,"Meat on the Bone":67}],"Meat on the Bone":0},"card_choices":[{"not_picked":["DTMod:WarmUp","DTMod:CleansingStrike"],"picked":"DTMod:ComboAttack","floor":1.0},{"not_picked":["DTMod:HeatWave","DTMod:Threaten"],"picked":"DTMod:BreakAttack","floor":2.0},{"not_picked":["DTMod:CalculatedDefense","DTMod:Coolant"],"picked":"DTMod:BlazingStrike","floor":5.0},{"not_picked":["DTMod:HeatWave","DTMod:PurifyingFlame"],"picked":"DTMod:DarkBreath","floor":6.0},{"not_picked":["DTMod:Shift","DTMod:Cover"],"picked":"DTMod:RunningTactic","floor":8.0},{"not_picked":["DTMod:ComboAttack","DTMod:BuildUp"],"picked":"DTMod:Haste","floor":10.0},{"not_picked":["DTMod:Punisher","DTMod:QuickFly"],"picked":"DTMod:Training","floor":12.0},{"not_picked":["DTMod:HeatWave","DTMod:Weaken"],"picked":"DTMod:BlazingStrike","floor":14.0},{"not_picked":["DTMod:ExcessFootwork","DTMod:LightShield"],"picked":"DTMod:Multitask","floor":16.0},{"not_picked":["DTMod:Punisher","DTMod:MagicField","DTMod:Feint+1"],"picked":"SKIP","floor":18.0},{"not_picked":["DTMod:WarmUp","DTMod:Weaken"],"picked":"DTMod:QuickFly+1","floor":20.0},{"not_picked":["DTMod:Feint","DTMod:BalancedStrike","DTMod:BurningEnergy"],"picked":"SKIP","floor":22.0},{"not_picked":["DTMod:Haste","DTMod:Punisher+1"],"picked":"DTMod:BlazingStrike","floor":24.0},{"not_picked":["DTMod:WarmUp","DTMod:HeatWave+1","DTMod:StarRain"],"picked":"SKIP","floor":28.0},{"not_picked":["DTMod:BuildUp","DTMod:ForkedFire","DTMod:CleansingStrike"],"picked":"SKIP","floor":30.0},{"not_picked":["DTMod:BuildUp","DTMod:ForkedFire","DTMod:CleansingStrike"],"picked":"SKIP","floor":30.0},{"not_picked":["DTMod:DeepFocus","DTMod:ShieldDrain"],"picked":"DTMod:RepeatStrike","floor":31.0},{"not_picked":["DTMod:Safeguard","DTMod:ExcessFootwork"],"picked":"DTMod:TriAttack","floor":33.0},{"not_picked":["DTMod:Punisher","DTMod:BreakAttack"],"picked":"DTMod:BlazingStrike+1","floor":35.0},{"not_picked":["DTMod:MagicField","DTMod:SneakAttack+1","DTMod:InvisibleFlame+1"],"picked":"SKIP","floor":41.0},{"not_picked":["DTMod:Weaken+1","DTMod:TagTeam"],"picked":"DTMod:Adaptation+1","floor":44.0},{"not_picked":["DTMod:GearUp","DTMod:Threaten"],"picked":"DTMod:Training+1","floor":45.0},{"not_picked":["DTMod:CleansingStrike+1","DTMod:BreakAttack"],"picked":"DTMod:CalculatedDefense","floor":46.0}],"player_experience":103326,"relics_obtained":[{"floor":6.0,"key":"hubris:Reverence"},{"floor":8.0,"key":"ReplayTheSpireMod:TigerMarble"},{"floor":9.0,"key":"Oddly Smooth Stone"},{"floor":10.0,"key":"Orichalcum"},{"floor":12.0,"key":"Potion Belt"},{"floor":26.0,"key":"hubris:MedicalManual"},{"floor":37.0,"key":"aspiration:HatOfInfinitePower"},{"floor":41.0,"key":"Torii"},{"floor":43.0,"key":"halation:WeightlessCrab"}],"event_choices":[{"damage_healed":0.0,"max_hp_gain":0.0,"max_hp_loss":0.0,"gold_gain":0.0,"event_name":"betterNote:BetterNote","player_choice":"Ignored","floor":4.0,"gold_loss":0.0,"damage_taken":0.0,"cards_obtained":["ReplayTheSpireMod:Black Plague"]},{"cards_removed":["DTMod:Strike"],"damage_healed":0.0,"max_hp_gain":0.0,"max_hp_loss":0.0,"gold_gain":0.0,"event_name":"Beggar","player_choice":"Gave Gold","floor":29.0,"gold_loss":75.0,"damage_taken":0.0},{"damage_healed":0.0,"max_hp_gain":0.0,"max_hp_loss":0.0,"gold_gain":0.0,"event_name":"Winding Halls","player_choice":"Embrace Madness","floor":36.0,"gold_loss":0.0,"damage_taken":6.0,"cards_obtained":["Madness","Madness"]},{"damage_healed":0.0,"max_hp_gain":0.0,"max_hp_loss":0.0,"gold_gain":0.0,"event_name":"Mysterious Sphere","player_choice":"Fight","floor":37.0,"gold_loss":0.0,"damage_taken":0.0}],"is_beta":false,"boss_relics":[{"not_picked":["halation:SmartPhone","Cursed Key"],"picked":"Painkiller Herb"},{"not_picked":["hubris:Backtick","Fusion Hammer"],"picked":"halation:MonkeysPaw"}],"items_purged_floors":[3],"is_endless":false,"potions_floor_spawned":[2,10,12,16,18,20,28,30,37,45],"killed_by":"Writhing Mass","ascension_level":0}}