{"host":"sabve5zmqufxyc5o","time":1607675172,"event":{"mods":["2.2 Compatiblity","AchievementEnabler","Act Like it!","BaseMod","Block Reminder","Colored Map","Colored Powertips","DeckTracker","KOR Keyword Fix","Keyboard Shortcuts","Minty Spire (QoL Compilation)","Quick Restart","Rare Cards Sparkle","Relic Stats","StSLib","SuperFastMode"],"gold_per_floor":[115,40,52,52,66,91,110,128,152,169,169,169,189,205,205,282,282,302,272,322,336,336,336],"floor_reached":22,"playtime":427,"items_purged":["Strike_B"],"score":365,"play_id":"bfee2be6-cf04-4535-b68a-6204b57dfff9","local_time":"20201211172612","is_ascension_mode":true,"campfire_choices":[{"floor":11.0,"key":"REST"},{"data":"Coolheaded","floor":15.0,"key":"SMITH"}],"circlet_count":0,"master_deck":["AscendersBane","Strike_B","Strike_B","Defend_B","Defend_B","Defend_B","Defend_B","Zap","Dualcast","Gash","FTL","Coolheaded+1","Chill","Gash","BootSequence","Ball Lightning","Defragment","Cold Snap"],"relics":["Cracked Core","NeowsBlessing","Blood Vial","Lantern","Runic Pyramid"],"acts_visited":["Exordium","TheCity"],"potions_floor_usage":[16,16,18,21],"damage_taken":[{"damage":0.0,"enemies":"Jaw Worm","floor":1.0,"turns":1.0},{"damage":0.0,"enemies":"Small Slimes","floor":3.0,"turns":1.0},{"damage":0.0,"enemies":"Cultist","floor":5.0,"turns":1.0},{"damage":37.0,"enemies":"Lagavulin","floor":6.0,"turns":8.0},{"damage":7.0,"enemies":"Blue Slaver","floor":7.0,"turns":4.0},{"damage":3.0,"enemies":"Lots of Slimes","floor":8.0,"turns":5.0},{"damage":9.0,"enemies":"Red Slaver","floor":10.0,"turns":4.0},{"damage":0.0,"enemies":"Exordium Thugs","floor":13.0,"turns":4.0},{"damage":0.0,"enemies":"3 Louse","floor":14.0,"turns":4.0},{"damage":17,"enemies":"Hexaghost","floor":16,"turns":9},{"damage":8,"enemies":"Spheric Guardian","floor":18,"turns":4},{"damage":5,"enemies":"2 Thieves","floor":19,"turns":4},{"damage":20,"enemies":"Snake Plant","floor":21,"turns":6},{"damage":40,"enemies":"Snecko","floor":22,"turns":7}],"seed_played":"-5420739906717741918","potions_obtained":[{"floor":1.0,"key":"Ancient Potion"},{"floor":6.0,"key":"EssenceOfDarkness"},{"floor":14.0,"key":"PowerPotion"},{"floor":16,"key":"AttackPotion"},{"floor":19,"key":"LiquidMemories"}],"is_trial":false,"path_per_floor":["M","$","M","$","M","E","M","M","T","M","R","?","M","M","R","B",null,"M","M","?","M","M"],"character_chosen":"DEFECT","items_purchased":[],"campfire_rested":1,"item_purchase_floors":[],"current_hp_per_floor":[64,64,64,64,64,27,22,21,21,14,35,28,30,32,32,17,58,52,49,49,31,0,0],"gold":336,"neow_bonus":"THREE_ENEMY_KILL","is_daily":false,"chose_seed":false,"campfire_upgraded":1,"win_rate":0.0,"timestamp":1607675172,"path_taken":["M","$","M","$","M","E","M","M","T","M","R","?","M","M","R","BOSS","M","M","?","M","M"],"items_purchased_type":[],"build_version":"2020-11-30","purchased_purges":1,"victory":false,"max_hp_per_floor":[71,71,71,71,71,71,71,71,71,71,71,71,71,71,71,71,71,71,71,71,71,71,71],"relic_stats":{"Blood Vial":20,"counters":[14,62],"obtain_stats":[{"Blood Vial":6,"Lantern":9,"NeowsBlessing":0,"Cracked Core":0,"Runic Pyramid":17},{"Blood Vial":4,"Lantern":6,"NeowsBlessing":0,"Cracked Core":0,"Runic Pyramid":10},{"Blood Vial":11,"Lantern":20,"NeowsBlessing":0,"Cracked Core":0,"Runic Pyramid":41}]},"card_choices":[{"not_picked":["Loop","Storm"],"picked":"Gash","floor":1.0},{"not_picked":["Steam","Sweeping Beam"],"picked":"FTL","floor":3.0},{"not_picked":["Steam Power","Storm"],"picked":"Coolheaded","floor":5.0},{"not_picked":["Barrage","Reinforced Body"],"picked":"Chill","floor":6.0},{"not_picked":["Coolheaded","Conserve Battery"],"picked":"Gash","floor":7.0},{"not_picked":["Core Surge","Streamline"],"picked":"BootSequence","floor":8.0},{"not_picked":["Redo","Doom and Gloom","Force Field"],"picked":"SKIP","floor":10.0},{"not_picked":["Skim","Stack"],"picked":"Ball Lightning","floor":13.0},{"not_picked":["Streamline","Force Field","Rebound"],"picked":"SKIP","floor":14.0},{"not_picked":["Rebound","Turbo"],"picked":"Defragment","floor":18},{"not_picked":["Scrape+1","Rebound"],"picked":"Cold Snap","floor":19},{"not_picked":["Streamline","Rebound","Genetic Algorithm"],"picked":"SKIP","floor":21}],"player_experience":756897,"relics_obtained":[{"floor":6.0,"key":"Blood Vial"},{"floor":9.0,"key":"Lantern"}],"event_choices":[{"cards_removed":["Strike_B"],"damage_healed":0.0,"max_hp_gain":0.0,"max_hp_loss":0.0,"gold_gain":0.0,"event_name":"Golden Wing","player_choice":"Card Removal","floor":12.0,"gold_loss":0.0,"damage_taken":7.0},{"damage_healed":0,"gold_gain":50,"player_choice":"Stole From Cult","damage_taken":0,"max_hp_gain":0,"max_hp_loss":0,"event_name":"Nest","floor":20,"gold_loss":0}],"is_beta":false,"boss_relics":[{"not_picked":["Pandora\u0027s Box","Busted Crown"],"picked":"Runic Pyramid"}],"items_purged_floors":[2],"is_endless":false,"potions_floor_spawned":[1,6,8,10,14,16,19],"killed_by":"Snecko","ascension_level":18}}