{"host":"y8cpnk8u7pqs5ve6","time":1607696160,"event":{"mods":["Act Like it!","BaseMod","Gold Saver","Hallownest","Hermit","Minty Spire (QoL Compilation)","Quick Restart","StSLib","The Animator","The Runesmith","The Servant 0.9.4","WarShipGirlsR/’ΩΩ¢…Ÿ≈ÆR mod"],"gold_per_floor":[15,15,15,35,55,55,55,45,45,45,45,60,104,119,119,238,238,251,251,24,40,54,54,97,97,97,112,136,136,136,156,156,277,277,300,300,314,57,57,57,57,57],"floor_reached":41,"playtime":2788,"items_purged":["Defend_S"],"score":457,"play_id":"abea787f-18b7-4cf3-80a4-1ac346e638a4","local_time":"20201211221600","is_ascension_mode":true,"campfire_choices":[{"data":"Replace","floor":6,"key":"SMITH"},{"data":"Exchange","floor":11,"key":"SMITH"},{"data":"Revamp","floor":15,"key":"SMITH"},{"data":"MurderousAura","floor":23,"key":"SMITH"},{"data":"SilverBlades","floor":30,"key":"SMITH"},{"data":"Moonlight","floor":32,"key":"SMITH"},{"data":"TheWorld","floor":40,"key":"SMITH"}],"circlet_count":0,"master_deck":["Defend_S","Defend_S","KidneyShot","Exchange+1","TimeWarp","MoonPhase","Replace+1","Solidify+1","Starlight","SilverBlades+1","Revamp+1","MurderousAura+1","BottledTime+1","Bite","Bite","Bite","Bite","Bite","PendulumOfEternity","ShatteredReality","TimeWarp","Solidify","Rearm","Potential","BottledTime","Moonlight+1","TheWorld+1","Ricochet","Rearm","Jack Of All Trades"],"relics":["Uniform","Unceasing Top","Golden Idol","Boot","Bag of Preparation","Sozu","MealTicket","Meat on the Bone","Sundial","Runic Pyramid","Bottled Tornado"],"acts_visited":["Exordium","TheCity","TheBeyond"],"potions_floor_usage":[13,16],"damage_taken":[{"damage":2,"enemies":"2 Louse","floor":1,"turns":3},{"damage":0,"enemies":"Cultist","floor":4,"turns":3},{"damage":0,"enemies":"Small Slimes","floor":5,"turns":3},{"damage":15,"enemies":"3 Louse","floor":12,"turns":3},{"damage":5,"enemies":"3 Sentries","floor":13,"turns":7},{"damage":3,"enemies":"Blue Slaver","floor":14,"turns":4},{"damage":18,"enemies":"Hexaghost","floor":16,"turns":9},{"damage":33,"enemies":"2 Thieves","floor":18,"turns":4},{"damage":0,"enemies":"3 Byrds","floor":21,"turns":3},{"damage":17,"enemies":"3 Cultists","floor":22,"turns":4},{"damage":5,"enemies":"Gremlin Leader","floor":24,"turns":5},{"damage":17,"enemies":"Snake Plant","floor":27,"turns":4},{"damage":9,"enemies":"Cultist and Chosen","floor":28,"turns":4},{"damage":26,"enemies":"Shelled Parasite and Fungi","floor":31,"turns":4},{"damage":27,"enemies":"Automaton","floor":33,"turns":6},{"damage":20,"enemies":"3 Shapes","floor":35,"turns":2},{"damage":18,"enemies":"Orb Walker","floor":37,"turns":3},{"damage":51,"enemies":"Nemesis","floor":41,"turns":3}],"seed_played":"-4190711660255104164","potions_obtained":[{"floor":4,"key":"EssenceOfSteel"},{"floor":5,"key":"Strength Potion"},{"floor":12,"key":"SpeedPotion"}],"is_trial":false,"path_per_floor":["M","?","?","M","M","R","$","?","T","?","R","M","E","M","R","B",null,"M","?","$","M","M","R","E","?","T","M","M","T","R","M","R","B",null,"M","?","M","$","?","R","E"],"character_chosen":"THE_SERVANT","items_purchased":["PendulumOfEternity","Bottled Tornado"],"campfire_rested":0,"item_purchase_floors":[20,38],"current_hp_per_floor":[63,60,60,60,60,60,60,60,60,60,60,45,40,37,37,19,60,27,27,27,38,31,31,36,36,36,29,30,30,30,28,28,25,42,26,26,26,41,41,41,0,0],"gold":57,"neow_bonus":"ONE_RARE_RELIC","is_daily":false,"chose_seed":false,"campfire_upgraded":7,"win_rate":0.0,"timestamp":1607696160,"path_taken":["M","?","?","?","M","R","?","?","T","?","R","M","E","M","R","BOSS","M","?","$","M","M","R","E","?","T","M","?","?","R","M","R","BOSS","M","?","M","$","?","R","E"],"items_purchased_type":["Card","Relic"],"build_version":"2020-11-30","purchased_purges":1,"victory":false,"max_hp_per_floor":[65,60,60,60,60,60,60,60,60,60,60,60,60,60,60,60,60,60,42,42,42,42,42,42,42,42,42,42,42,42,42,42,42,42,42,42,42,42,42,42,42,42],"card_choices":[{"not_picked":["Alleviate","ShatteredReality"],"picked":"TimeWarp","floor":1},{"not_picked":["Collapse","Spin"],"picked":"MoonPhase","floor":4},{"not_picked":["ReturningBlade","FanOfKnives"],"picked":"Replace","floor":5},{"not_picked":[],"picked":"Solidify","floor":8},{"not_picked":["Replace","Misdirection"],"picked":"Starlight","floor":12},{"not_picked":["Replace","SpecialFormula"],"picked":"SilverBlades","floor":13},{"not_picked":["MoonPhase","Ricochet"],"picked":"Revamp","floor":14},{"not_picked":["PendulumOfEternity","FlawlessForm"],"picked":"MurderousAura","floor":16},{"not_picked":["Replace","Gouge+1"],"picked":"BottledTime+1","floor":18},{"not_picked":["Read","DoubleEdge"],"picked":"ShatteredReality","floor":21},{"not_picked":["ShatteredReality+1","Revamp"],"picked":"TimeWarp","floor":22},{"not_picked":["RealityMarble","ShatteredReality+1"],"picked":"Solidify","floor":24},{"not_picked":["Snipe","BottledTime"],"picked":"Potential","floor":27},{"not_picked":["DoubleEdge+1","Unruled"],"picked":"BottledTime","floor":28},{"not_picked":["Rearm+1","Foresight"],"picked":"Moonlight","floor":31},{"not_picked":["Deny","LightFlow"],"picked":"TheWorld","floor":33},{"not_picked":["Read+1","Starlight"],"picked":"Ricochet","floor":35},{"not_picked":["Replace+1","Potential"],"picked":"Rearm","floor":37},{"not_picked":["Purity","Mayhem"],"picked":"Jack Of All Trades","floor":39}],"player_experience":206354,"relics_obtained":[{"floor":9,"key":"Boot"},{"floor":13,"key":"Bag of Preparation"},{"floor":24,"key":"MealTicket"},{"floor":26,"key":"Meat on the Bone"},{"floor":29,"key":"Sundial"}],"event_choices":[{"damage_healed":0,"gold_gain":0,"player_choice":"Lose Max HP","damage_taken":0,"relics_obtained":["Golden Idol"],"max_hp_gain":0,"max_hp_loss":5,"event_name":"Golden Idol","floor":2,"gold_loss":0},{"damage_healed":0,"gold_gain":0,"player_choice":"Full Heal","damage_taken":0,"max_hp_gain":0,"max_hp_loss":0,"event_name":"Wheel of Change","floor":3,"gold_loss":0},{"damage_healed":0,"gold_gain":0,"player_choice":"Upgraded","damage_taken":0,"max_hp_gain":0,"max_hp_loss":0,"event_name":"Upgrade Shrine","floor":10,"gold_loss":0,"cards_upgraded":["Solidify"]},{"damage_healed":0,"gold_gain":0,"player_choice":"Became a vampire","damage_taken":0,"max_hp_gain":0,"max_hp_loss":18,"event_name":"Vampires","floor":19,"gold_loss":0,"cards_obtained":["Bite","Bite","Bite","Bite","Bite"]},{"damage_healed":0,"gold_gain":0,"cards_transformed":["Defend_S"],"player_choice":"Transformed","damage_taken":0,"max_hp_gain":0,"max_hp_loss":0,"event_name":"Transmorgrifier","floor":25,"gold_loss":0,"cards_obtained":["Rearm"]},{"damage_healed":0,"gold_gain":0,"player_choice":"Ignored","damage_taken":0,"max_hp_gain":0,"max_hp_loss":0,"event_name":"Tomb of Lord Red Mask","floor":36,"gold_loss":0},{"damage_healed":0,"gold_gain":0,"player_choice":"Memory 1","damage_taken":0,"max_hp_gain":0,"max_hp_loss":0,"event_name":"SensoryStone","floor":39,"gold_loss":0}],"is_beta":false,"boss_relics":[{"not_picked":["Ectoplasm","Runesmith:UraniumAnvil"],"picked":"Sozu"},{"not_picked":["Pandora\u0027s Box","Astrolabe"],"picked":"Runic Pyramid"}],"items_purged_floors":[20],"is_endless":false,"potions_floor_spawned":[4,5,12,18,24,28,31],"killed_by":"Nemesis","ascension_level":1}}