{"host":"0oumjlzv5vsa909w","time":1607673258,"event":{"mods":["AchievementEnabler","BaseMod","Colored Map","Colored Powertips","DeckTracker","Minty Spire (QoL Compilation)","Quick Restart","StSLib","SuperFastMode"],"gold_per_floor":[117,133,145,161,180,214,246,258,258],"floor_reached":8,"playtime":344,"items_purged":[],"score":90,"play_id":"82cdf470-4265-4c10-b880-9ae943ca65ef","local_time":"20201211165418","is_ascension_mode":true,"campfire_choices":[],"circlet_count":0,"master_deck":["Strike_R","Strike_R","Strike_R","Strike_R","Strike_R","Defend_R","Defend_R","Defend_R","Defend_R","Bash","Flex","Shrug It Off","Heavy Blade","Armaments","Thunderclap","Headbutt","Barricade"],"relics":["Burning Blood","Regal Pillow","MawBank"],"acts_visited":["Exordium"],"potions_floor_usage":[6],"damage_taken":[{"damage":8,"enemies":"Small Slimes","floor":1,"turns":4},{"damage":5,"enemies":"2 Louse","floor":2,"turns":3},{"damage":3,"enemies":"Jaw Worm","floor":3,"turns":4},{"damage":36,"enemies":"Large Slime","floor":4,"turns":9},{"damage":4,"enemies":"3 Louse","floor":5,"turns":5},{"damage":18,"enemies":"Gremlin Nob","floor":6,"turns":5},{"damage":27,"enemies":"Exordium Wildlife","floor":7,"turns":7},{"damage":15,"enemies":"Lagavulin","floor":8,"turns":3}],"seed_played":"-1753483608540858872","potions_obtained":[{"floor":2,"key":"Explosive Potion"},{"floor":4,"key":"HeartOfIron"}],"is_trial":false,"path_per_floor":["M","M","M","M","M","E","M","E"],"character_chosen":"IRONCLAD","items_purchased":[],"campfire_rested":0,"item_purchase_floors":[],"current_hp_per_floor":[70,71,74,44,46,34,13,0,0],"gold":258,"neow_bonus":"RANDOM_COMMON_RELIC","is_daily":false,"chose_seed":false,"campfire_upgraded":0,"win_rate":0.0,"timestamp":1607673258,"path_taken":["M","M","M","M","M","E","M","E"],"items_purchased_type":[],"build_version":"2020-11-30","purchased_purges":0,"victory":false,"max_hp_per_floor":[80,80,80,80,80,80,80,80,80],"card_choices":[{"not_picked":["Twin Strike","Thunderclap"],"picked":"Flex","floor":1},{"not_picked":["Clothesline","Sentinel"],"picked":"Shrug It Off","floor":2},{"not_picked":["Evolve","Pommel Strike"],"picked":"Heavy Blade","floor":3},{"not_picked":["Dark Embrace","Bloodletting"],"picked":"Armaments","floor":4},{"not_picked":["True Grit","Dark Embrace"],"picked":"Thunderclap","floor":5},{"not_picked":["Ghostly Armor","Burning Pact"],"picked":"Headbutt","floor":6},{"not_picked":["Reckless Charge","Thunderclap"],"picked":"Barricade","floor":7}],"player_experience":455645,"relics_obtained":[{"floor":6,"key":"MawBank"}],"event_choices":[],"is_beta":false,"boss_relics":[],"items_purged_floors":[],"is_endless":false,"potions_floor_spawned":[2,4],"killed_by":"Lagavulin","ascension_level":9}}