{"host":"k6qwgpygxbgz06bg","time":1607719223,"event":{"mods":["BaseMod","Beaked The Cultist","Better Third Choice","BetterRewards","Colored Map","Friendly Minions","Marisa????????","Minty Spire (QoL Compilation)","Replay The Spire","StSLib","The Administrix","The Bug Knight","The Cursed","The Gatherer","The Mystic","The Witch"],"gold_per_floor":[111,186,202,219,1,28,28,28,28,28,28,62,62,62,62,161,161,173,173,26,0,53,53,85,85,85,101,101,136,147,172,172,274,274,291,342,376,0,0,33,33,33,33,48,81,93,138,165,177,189],"floor_reached":51,"playtime":3009,"items_purged":["Strike_G"],"score":1398,"play_id":"2dff7898-fc45-4343-a2a4-fa7801c2ebf2","local_time":"20201211214023","is_ascension_mode":false,"campfire_choices":[{"floor":8,"key":"REST"},{"data":"Fluid Movement","floor":10,"key":"SMITH"},{"data":"Noxious Fumes","floor":13,"key":"SMITH"},{"data":"Replay:Bag of Tricks","floor":15,"key":"SMITH"},{"data":"Catalyst","floor":23,"key":"SMITH"},{"data":"Footwork","floor":25,"key":"SMITH"},{"data":"Replay:Bag of Tricks","floor":28,"key":"SMITH"},{"floor":32,"key":"REST"},{"data":"Well Laid Plans","floor":42,"key":"SMITH"},{"data":"Draining Mist","floor":46,"key":"SMITH"},{"floor":49,"key":"DIG"}],"circlet_count":0,"master_deck":["Survivor","Neutralize","ReplayTheSpireMod:Trickstab","Blade Dance","Hidden Blade","Replay:Bag of Tricks+1","Noxious Fumes+1","Crippling Poison","Pot Of Greed","Pot Of Greed","Fluid Movement+1","Poisoned Stab","Eviscerate","Unload","Sneak Up","Distraction","Deadly Poison","Well Laid Plans+1","Replay:Bag of Tricks+1","Catalyst+1","Pot Of Greed","Backflip","Necronomicurse","Backstab+1","Footwork+1","Prepared+1","Draining Mist+1","Catalyst+1","Corpse Explosion","Pot Of Greed","Outmaneuver+1","Backstab+1","After Image","Catalyst+1","PiercingWail+1"],"relics":["Ring of the Snake","Gambling Chip","Dream Catcher","Bottled Lightning","Grinning Jar","Mango","Pondfish Scales","Pandora\u0027s Box","Necronomicon","Omamori","Replay:Accelerometer","Replay:Wax Seal","Replay:Bottled Snecko","The Specimen","beaked:MawFillet","CatCart","HollowMod:StagPassRelic","Red Mask","Replay:Bottled Eggs","Vampiric Spirits","Bag of Preparation","MawBank","White Beast Statue","HollowMod:LifeEnderRelic"],"acts_visited":["Exordium","TheCity","TheBeyond"],"potions_floor_usage":[6,6,22,29,31,35],"damage_taken":[{"damage":0,"enemies":"Jaw Worm","floor":1,"turns":4},{"damage":0,"enemies":"Cultist","floor":3,"turns":3},{"damage":0,"enemies":"Small Slimes","floor":4,"turns":2},{"damage":20,"enemies":"3 Sentries","floor":6,"turns":9},{"damage":20,"enemies":"Gremlin Nob","floor":12,"turns":5},{"damage":1,"enemies":"Hexaghost","floor":16,"turns":8},{"damage":5,"enemies":"Shell Parasite","floor":18,"turns":4},{"damage":14,"enemies":"Book of Stabbing","floor":24,"turns":5},{"damage":6,"enemies":"Chosen","floor":27,"turns":4},{"damage":18,"enemies":"Slavers","floor":29,"turns":5},{"damage":7,"enemies":"Shelled Parasite and Fungi","floor":30,"turns":4},{"damage":10,"enemies":"Book of Stabbing","floor":31,"turns":5},{"damage":27,"enemies":"Pondfish","floor":33,"turns":7},{"damage":13,"enemies":"3 Darklings","floor":35,"turns":4},{"damage":5,"enemies":"Orin","floor":36,"turns":5},{"damage":5,"enemies":"Giant Head","floor":37,"turns":6},{"damage":21,"enemies":"Nemesis","floor":40,"turns":5},{"damage":0,"enemies":"3 Shapes","floor":44,"turns":2},{"damage":0,"enemies":"Giant Head","floor":45,"turns":5},{"damage":0,"enemies":"Nemesis","floor":47,"turns":3},{"damage":0,"enemies":"Transient","floor":48,"turns":5},{"damage":37,"enemies":"Awakened One","floor":50,"turns":9}],"seed_played":"-4759370694955856242","potions_obtained":[{"floor":1,"key":"AttackPotion"},{"floor":6,"key":"Fruit Juice"},{"floor":16,"key":"Weak Potion"},{"floor":22,"key":"Fruit Juice"},{"floor":30,"key":"Adrenaline Potion"},{"floor":31,"key":"Reflective Coating"},{"floor":36,"key":"Death Potion"},{"floor":40,"key":"Strength Potion"},{"floor":45,"key":"Explosive Potion"},{"floor":48,"key":"Block Potion"}],"is_trial":false,"path_per_floor":["M","?","M","M","$","E","?","R","T","R","$","E","R","$","R","B",null,"M","?","$","?","?","R","E","R","T","M","R","E","M","E","R_BF","B",null,"M","?","E","?","?","E","T","R","T","M","E","R","E","M","R_BF","B",null],"character_chosen":"THE_SILENT","items_purchased":["Noxious Fumes","Dream Catcher","Omamori"],"campfire_rested":2,"item_purchase_floors":[5,5,20],"current_hp_per_floor":[56,49,49,49,49,34,27,49,63,63,63,43,43,43,43,42,89,84,68,68,68,73,73,59,59,59,53,53,35,28,18,46,19,94,81,76,71,71,71,50,50,50,50,56,71,71,77,83,83,55],"gold":201,"neow_bonus":"","is_daily":false,"chose_seed":false,"campfire_upgraded":8,"win_rate":0.0,"timestamp":1607719223,"path_taken":["M","?","M","?","$","E","?","R","T","R","?","E","R","?","R","BOSS","M","?","$","?","?","R","E","R","T","M","R","E","?","E","R_BF","BOSS","M","?","E","?","?","E","?","R","T","M","E","R","E","M","R_BF","BOSS"],"items_purchased_type":["Card","Relic","Relic"],"build_version":"2020-11-30","purchased_purges":1,"victory":true,"max_hp_per_floor":[70,70,70,70,70,75,75,75,89,89,89,89,89,89,89,89,89,89,89,89,89,94,94,94,94,94,94,94,94,94,94,94,94,94,94,94,94,94,94,94,94,94,94,94,94,94,94,94,94,94],"card_choices":[{"not_picked":["Sucker Punch","Flying Knee"],"picked":"Blade Dance","floor":1},{"not_picked":["Cloak And Dagger","Dagger Throw"],"picked":"Hidden Blade","floor":3},{"not_picked":["Finisher","Masterful Stab"],"picked":"Replay:Bag of Tricks","floor":4},{"not_picked":["Masterful Stab","Bane"],"picked":"Crippling Poison","floor":6},{"not_picked":["Deflect","Masterful Stab"],"picked":"Fluid Movement","floor":8},{"not_picked":["Dagger Spray","Cloak And Dagger"],"picked":"Poisoned Stab","floor":12},{"not_picked":["Blade Dance","Masterful Stab"],"picked":"Backflip","floor":18},{"not_picked":["PiercingWail","Quick Slash"],"picked":"Backstab+1","floor":22},{"not_picked":["Phantasmal Killer","Predator"],"picked":"Footwork","floor":24},{"not_picked":["Dagger Throw+1","Sucker Punch"],"picked":"Prepared+1","floor":27},{"not_picked":["Acrobatics","Unload"],"picked":"Draining Mist","floor":29},{"not_picked":["ReplayTheSpireMod:Shiv Toss","Hidden Blade"],"picked":"Catalyst","floor":30},{"not_picked":["Slice","Blade Dance","Sucker Punch"],"picked":"SKIP","floor":31},{"not_picked":["Poison Darts","Glass Knife"],"picked":"Corpse Explosion","floor":33},{"not_picked":["Underhanded Strike+1","Slice+1","Bane"],"picked":"SKIP","floor":35},{"not_picked":["Heel Hook","Expertise"],"picked":"Outmaneuver+1","floor":36},{"not_picked":["Flying Knee","Escape Plan"],"picked":"Backstab+1","floor":37},{"not_picked":["Bane+1","Dash+1","Cloak And Dagger"],"picked":"SKIP","floor":40},{"not_picked":["Dagger Spray","Deflect"],"picked":"After Image","floor":44},{"not_picked":["Deadly Poison","Skewer","Blade Dance"],"picked":"SKIP","floor":45},{"not_picked":["Calculated Gamble","Dagger Throw"],"picked":"Catalyst+1","floor":47},{"not_picked":["Outmaneuver","Deflect+1"],"picked":"PiercingWail+1","floor":48}],"player_experience":151675,"relics_obtained":[{"floor":6,"key":"Bottled Lightning"},{"floor":9,"key":"Mango"},{"floor":12,"key":"Pondfish Scales"},{"floor":19,"key":"Necronomicon"},{"floor":22,"key":"Replay:Accelerometer"},{"floor":24,"key":"Replay:Wax Seal"},{"floor":29,"key":"Replay:Bottled Snecko"},{"floor":31,"key":"The Specimen"},{"floor":36,"key":"CatCart"},{"floor":37,"key":"HollowMod:StagPassRelic"},{"floor":40,"key":"Replay:Bottled Eggs"},{"floor":41,"key":"Vampiric Spirits"},{"floor":43,"key":"Bag of Preparation"},{"floor":45,"key":"MawBank"},{"floor":47,"key":"White Beast Statue"},{"floor":49,"key":"HollowMod:LifeEnderRelic"}],"event_choices":[{"damage_healed":0,"gold_gain":75,"player_choice":"Touch","damage_taken":7,"max_hp_gain":0,"max_hp_loss":0,"event_name":"FaceTrader","floor":2,"gold_loss":0},{"damage_healed":0,"gold_gain":0,"player_choice":"Relic ","damage_taken":7,"max_hp_gain":0,"max_hp_loss":0,"event_name":"betterThird:BetterScrap","floor":7,"gold_loss":0,"cards_obtained":["ReplayTheSpireMod:Reroute Power"]},{"damage_healed":0,"gold_gain":0,"player_choice":"Obtained Book","damage_taken":16,"max_hp_gain":0,"max_hp_loss":0,"event_name":"Cursed Tome","floor":19,"gold_loss":0},{"damage_healed":0,"gold_gain":0,"player_choice":"Paid Fearfully","damage_taken":0,"max_hp_gain":0,"max_hp_loss":0,"event_name":"Masked Bandits","floor":21,"gold_loss":26},{"damage_healed":0,"gold_gain":0,"player_choice":"Fight","damage_taken":0,"max_hp_gain":0,"max_hp_loss":0,"event_name":"OrinTheCat","floor":36,"gold_loss":0},{"damage_healed":0,"gold_gain":0,"player_choice":"Paid","damage_taken":0,"relics_obtained":["Red Mask"],"max_hp_gain":0,"max_hp_loss":0,"event_name":"Tomb of Lord Red Mask","floor":38,"gold_loss":376},{"cards_removed":["Expertise"],"damage_healed":0,"gold_gain":0,"player_choice":"Removed Skill","damage_taken":0,"max_hp_gain":0,"max_hp_loss":0,"event_name":"Falling","floor":39,"gold_loss":0}],"is_beta":false,"boss_relics":[{"not_picked":["Kintsugi","Replay:Wanted Poster"],"picked":"Pandora\u0027s Box"},{"not_picked":["Calling Bell","Empty Cage"],"picked":"beaked:MawFillet"}],"items_purged_floors":[0],"is_endless":false,"potions_floor_spawned":[1,6,16,30,31,36,40,45,48],"ascension_level":0}}