{"host":"o7j6aatxjwpw1421","time":1607691886,"event":{"mods":["2.2 Compatiblity","BaseMod","Colored Map","DeckTracker","Highlight Path","Keyboard Shortcuts","Minty Spire (QoL Compilation)","Permanent Neow","Quick Restart","StSLib","SuperFastMode","everything is the same but u backflip on backflip"],"gold_per_floor":[118,128,128,53,72,106,106,106,106,124,124,168,168,186,186,310,310,310,220,220,139,139,139,139,139,139,139,139,139,139,139,139,139,139,139,71,71,71,71,71,71,71,71,71,71,3,3,3,3,3,3,3,3,3,3,3],"floor_reached":55,"playtime":5781,"items_purged":["Strike_G"],"score":1092,"play_id":"3fdc49c7-322e-44c4-ba49-b5f030af9006","local_time":"20201211220446","is_ascension_mode":true,"campfire_choices":[{"floor":8.0,"key":"REST"},{"data":"Poisoned Stab","floor":11.0,"key":"SMITH"},{"data":"Dagger Spray","floor":13.0,"key":"SMITH"},{"floor":15.0,"key":"REST"},{"data":"A Thousand Cuts","floor":23.0,"key":"SMITH"},{"data":"Neutralize","floor":25.0,"key":"SMITH"},{"data":"Footwork","floor":27.0,"key":"SMITH"},{"data":"Accuracy","floor":32.0,"key":"SMITH"},{"floor":40.0,"key":"REST"},{"floor":42.0,"key":"RECALL"},{"data":"Well Laid Plans","floor":45.0,"key":"SMITH"},{"data":"Adrenaline","floor":49.0,"key":"SMITH"},{"data":"Blade Dance","floor":52.0,"key":"SMITH"}],"circlet_count":0,"master_deck":["Strike_G","Strike_G","Defend_G","Defend_G","Defend_G","Survivor","Neutralize+1","Dagger Spray+1","Dagger Throw","Escape Plan","Crippling Poison","Poisoned Stab+1","PiercingWail+1","Escape Plan","A Thousand Cuts+1","Prepared+1","Reflex","Footwork+1","Blade Dance+1","Backstab","Accuracy+1","Adrenaline+1","Expertise+1","Dagger Throw+1","Deadly Poison+1","Well Laid Plans+1","Cloak And Dagger+1","Dodge and Roll+1","Cloak And Dagger+1","Acrobatics+1","Noxious Fumes","Phantasmal Killer+1","Prepared+1","Night Terror+1"],"relics":["Ring of the Snake","NeowsBlessing","Golden Idol","FossilizedHelix","Gremlin Horn","PreservedInsect","Ectoplasm","InkBottle","Matryoshka","Astrolabe","Tingsha","Toxic Egg 2","Lantern","Eternal Feather","Anchor","Happy Flower"],"acts_visited":["Exordium","TheCity","TheBeyond","TheEnding"],"potions_floor_usage":[55,55],"damage_taken":[{"damage":0.0,"enemies":"Cultist","floor":1.0,"turns":1.0},{"damage":0.0,"enemies":"Small Slimes","floor":2.0,"turns":1.0},{"damage":0.0,"enemies":"2 Louse","floor":5.0,"turns":1.0},{"damage":33.0,"enemies":"Gremlin Nob","floor":6.0,"turns":5.0},{"damage":3.0,"enemies":"Lots of Slimes","floor":10.0,"turns":2.0},{"damage":7.0,"enemies":"3 Sentries","floor":12.0,"turns":8.0},{"damage":0.0,"enemies":"Blue Slaver","floor":14.0,"turns":3.0},{"damage":10.0,"enemies":"Hexaghost","floor":16.0,"turns":9.0},{"damage":0.0,"enemies":"Chosen","floor":18.0,"turns":6.0},{"damage":9.0,"enemies":"Spheric Guardian","floor":20.0,"turns":5.0},{"damage":0.0,"enemies":"3 Cultists","floor":22.0,"turns":5.0},{"damage":0.0,"enemies":"Snake Plant","floor":24.0,"turns":5.0},{"damage":0.0,"enemies":"Gremlin Leader","floor":28.0,"turns":4.0},{"damage":0.0,"enemies":"Sentry and Sphere","floor":29.0,"turns":4.0},{"damage":26.0,"enemies":"Automaton","floor":33.0,"turns":9.0},{"damage":24.0,"enemies":"3 Shapes","floor":35.0,"turns":4.0},{"damage":0.0,"enemies":"Mind Bloom Boss Battle","floor":37.0,"turns":7.0},{"damage":0.0,"enemies":"Orb Walker","floor":38.0,"turns":2.0},{"damage":0.0,"enemies":"Reptomancer","floor":41.0,"turns":5.0},{"damage":0.0,"enemies":"Jaw Worm Horde","floor":44.0,"turns":2.0},{"damage":7.0,"enemies":"Giant Head","floor":47.0,"turns":7.0},{"damage":15.0,"enemies":"3 Darklings","floor":48.0,"turns":4.0},{"damage":59.0,"enemies":"Time Eater","floor":50.0,"turns":11.0},{"damage":7.0,"enemies":"Shield and Spear","floor":54.0,"turns":5.0},{"damage":68,"enemies":"The Heart","floor":55,"turns":3}],"seed_played":"-7011099418229807520","potions_obtained":[{"floor":1.0,"key":"SteroidPotion"},{"floor":7.0,"key":"Poison Potion"},{"floor":7.0,"key":"LiquidBronze"},{"floor":7.0,"key":"DistilledChaos"},{"floor":10.0,"key":"LiquidBronze"},{"floor":12.0,"key":"Swift Potion"},{"floor":16.0,"key":"Strength Potion"},{"floor":22.0,"key":"SneckoOil"},{"floor":29.0,"key":"Strength Potion"},{"floor":33.0,"key":"Swift Potion"},{"floor":35.0,"key":"CultistPotion"},{"floor":38.0,"key":"SkillPotion"},{"floor":48.0,"key":"Weak Potion"}],"is_trial":false,"path_per_floor":["M","M","?","$","M","E","?","R","T","M","R","E","R","M","R","B",null,"M","?","M","$","M","R","M","R","T","R","E","M","$","?","R","B",null,"M","$","?","M","$","R","E","R","T","M","R","$","E","M","R","B",null,"R","$","E","B"],"character_chosen":"THE_SILENT","items_purchased":["Footwork","Well Laid Plans","Noxious Fumes"],"campfire_rested":3,"item_purchase_floors":[21,36,46],"current_hp_per_floor":[63,63,46,46,46,13,13,34,34,31,31,24,24,24,45,35,61,61,61,52,52,52,52,52,52,52,52,52,52,52,52,52,26,59,35,35,35,35,35,56,56,56,56,56,70,70,63,48,66,7,54,70,70,63,0,0],"gold":3,"neow_bonus":"THREE_ENEMY_KILL","is_daily":false,"chose_seed":false,"campfire_upgraded":9,"win_rate":0.0,"timestamp":1607691886,"path_taken":["M","?","?","$","M","E","?","R","T","?","R","E","R","M","R","BOSS","M","?","M","?","M","R","M","R","T","R","E","M","?","?","R","BOSS","M","?","?","M","?","R","E","R","T","M","R","$","E","M","R","BOSS","R","$","E","BOSS"],"items_purchased_type":["Card","Card","Card"],"build_version":"2020-11-30","purchased_purges":1,"victory":false,"max_hp_per_floor":[70,70,70,70,70,70,70,70,70,70,70,70,70,70,70,70,70,70,70,70,70,70,70,70,70,70,70,70,70,70,70,70,70,70,70,70,70,70,70,70,70,70,70,70,70,70,70,70,70,70,70,70,70,70,70,70],"card_choices":[{"not_picked":["Crippling Poison","Cloak And Dagger"],"picked":"Dagger Spray","floor":1.0},{"not_picked":["Dagger Spray","Dodge and Roll"],"picked":"Dagger Throw","floor":2.0},{"not_picked":["Slice","Distraction"],"picked":"Escape Plan","floor":5.0},{"not_picked":["Bouncing Flask","Endless Agony"],"picked":"Crippling Poison","floor":6.0},{"not_picked":["Underhanded Strike","Acrobatics"],"picked":"Poisoned Stab","floor":10.0},{"not_picked":["Acrobatics","Outmaneuver"],"picked":"PiercingWail","floor":12.0},{"not_picked":["Bane","Prepared"],"picked":"Escape Plan","floor":14.0},{"not_picked":["Malaise","Phantasmal Killer"],"picked":"A Thousand Cuts","floor":16.0},{"not_picked":["Bouncing Flask","Blade Dance"],"picked":"Prepared+1","floor":18.0},{"not_picked":["Acrobatics","Dagger Throw+1"],"picked":"Reflex","floor":20.0},{"not_picked":["Dodge and Roll","Deadly Poison"],"picked":"Blade Dance","floor":22.0},{"not_picked":["Flying Knee","PiercingWail"],"picked":"Backstab","floor":24.0},{"not_picked":["Deadly Poison","Sucker Punch","Grand Finale"],"picked":"SKIP","floor":28.0},{"not_picked":["Deadly Poison","Calculated Gamble"],"picked":"Accuracy","floor":29.0},{"not_picked":["Bullet Time","Doppelganger"],"picked":"Adrenaline","floor":33.0},{"not_picked":["Dagger Spray","Deadly Poison+1","Flying Knee"],"picked":"SKIP","floor":35.0},{"not_picked":["Outmaneuver+1","Deadly Poison"],"picked":"Cloak And Dagger+1","floor":37.0},{"not_picked":["Prepared","Sucker Punch+1"],"picked":"Dodge and Roll+1","floor":38.0},{"not_picked":["Deflect+1","Blade Dance+1"],"picked":"Cloak And Dagger+1","floor":41.0},{"not_picked":["Blade Dance+1","Flying Knee"],"picked":"Acrobatics+1","floor":44.0},{"not_picked":["Dagger Spray","Catalyst+1"],"picked":"Phantasmal Killer+1","floor":47.0},{"not_picked":["Choke+1","Bane"],"picked":"Prepared+1","floor":48.0},{"not_picked":["Well Laid Plans+1","Underhanded Strike+1"],"picked":"Night Terror+1","floor":54.0}],"player_experience":182652,"relics_obtained":[{"floor":6.0,"key":"FossilizedHelix"},{"floor":9.0,"key":"Gremlin Horn"},{"floor":12.0,"key":"PreservedInsect"},{"floor":28.0,"key":"InkBottle"},{"floor":37.0,"key":"Tingsha"},{"floor":41.0,"key":"Toxic Egg 2"},{"floor":43.0,"key":"Lantern"},{"floor":43.0,"key":"Eternal Feather"},{"floor":47.0,"key":"Anchor"},{"floor":54.0,"key":"Happy Flower"}],"event_choices":[{"damage_healed":0.0,"max_hp_gain":0.0,"max_hp_loss":0.0,"gold_gain":0.0,"event_name":"Golden Idol","player_choice":"Take Damage","floor":3.0,"gold_loss":0.0,"damage_taken":17.0,"relics_obtained":["Golden Idol"]},{"damage_healed":0.0,"max_hp_gain":0.0,"max_hp_loss":0.0,"gold_gain":0.0,"event_name":"Lab","player_choice":"Got Potions","floor":7.0,"gold_loss":0.0,"damage_taken":0.0},{"cards_removed":["Strike_G"],"damage_healed":0.0,"max_hp_gain":0.0,"max_hp_loss":0.0,"gold_gain":0.0,"event_name":"Designer","player_choice":"Upgrade and Remove","floor":19.0,"gold_loss":90.0,"damage_taken":0.0,"cards_upgraded":["PiercingWail"]},{"damage_healed":0.0,"max_hp_gain":0.0,"max_hp_loss":0.0,"gold_gain":0.0,"event_name":"WeMeetAgain","player_choice":"Gave Potion","floor":31.0,"gold_loss":0.0,"damage_taken":0.0,"relics_obtained":["Matryoshka"]},{"damage_healed":0.0,"max_hp_gain":0.0,"max_hp_loss":0.0,"gold_gain":0.0,"event_name":"MindBloom","player_choice":"Fight","floor":37.0,"gold_loss":0.0,"damage_taken":0.0}],"is_beta":false,"boss_relics":[{"not_picked":["Runic Dome","Coffee Dripper"],"picked":"Ectoplasm"},{"not_picked":["Velvet Choker","Tiny House"],"picked":"Astrolabe"}],"items_purged_floors":[4],"is_endless":false,"potions_floor_spawned":[1,10,12,16,22,29,33,35,38,48],"killed_by":"The Heart","ascension_level":9}}