{"host":"qcz3z4ma7bhmfwsc","time":1607654004,"event":{"mods":["AchievementEnabler","BaseMod","BetterRewards","Colored Map","Highlight Path","Infinite Spire","Minty Spire (QoL Compilation)","Replay The Spire","StSLib"],"gold_per_floor":[215,165,165,165,182,207,207,207,207,233,233,250,250,53,53,8,8,107,107,127,127,127,140,154,154,185,185,185,185,185,199,276,288,288,403,403,448,448,230,255,255,157,192,192,192,192,192,215,241,269,269,269,269],"floor_reached":52,"playtime":2482,"items_purged":["ReplayTheSpireMod:Splinters"],"score":1025,"play_id":"40f71836-0a61-4911-be84-4c92139a6944","local_time":"20201210213324","is_ascension_mode":true,"campfire_choices":[{"floor":7,"key":"REST"},{"data":"infinitespire:Punishment","floor":13,"key":"SMITH"},{"data":"Quick Slash","floor":17,"key":"SMITH"},{"floor":25,"key":"REST"},{"data":"Envenom","floor":27,"key":"SMITH"},{"floor":34,"key":"REST"},{"floor":44,"key":"REST"},{"data":"Corpse Explosion","floor":46,"key":"SMITH"},{"floor":51,"key":"REST"}],"circlet_count":0,"master_deck":["AscendersBane","Strike_G","Strike_G","Strike_G","Strike_G","Defend_G","Defend_G","Defend_G","Defend_G","Defend_G","Survivor","Neutralize+1","Deflect","infinitespire:Punishment+1","Quick Slash+1","Terror","Flying Knee","Pot Of Greed","Footwork","Slice","Envenom+1","Noxious Fumes+1","ReplayTheSpireMod:Scrap Shanks","Slice","Venomology","Pot Of Greed","Poisoned Stab+1","Backflip","Corpse Explosion+1","Bane+1","Good Instincts","Slice+1"],"relics":["Ring of the Snake","infinitespire:Broken Mirror","Bag of Marbles","Vajra","infinitespire:Lucky Rock","Grinning Jar","WristBlade","Pet Ghost","Toolbox","infinitespire:Beetle Shell","BranchBurnRelic","infinitespire:EvilPickle","Black Star","Ancient Tea Set","infinitespire:Golems Mask","Meat on the Bone","Anchor","ChewingGum","Bottled Tornado"],"acts_visited":["Exordium","TheCity","TheBeyond"],"potions_floor_usage":[21,26,33,35,37,43,43,43,43,43,43,52,52,52],"damage_taken":[{"damage":0,"enemies":"2 Louse","floor":1,"turns":5},{"damage":0,"enemies":"Small Slimes","floor":5,"turns":1},{"damage":3,"enemies":"Replay:BlueRogue","floor":6,"turns":5},{"damage":10,"enemies":"Gremlin Nob","floor":10,"turns":3},{"damage":0,"enemies":"Jaw Worm","floor":12,"turns":1},{"damage":25,"enemies":"Fading Forest","floor":18,"turns":11},{"damage":11,"enemies":"Spheric Guardian","floor":20,"turns":3},{"damage":0,"enemies":"3 Byrds","floor":21,"turns":1},{"damage":3,"enemies":"Centurion and Healer","floor":23,"turns":4},{"damage":6,"enemies":"Cultist and Chosen","floor":24,"turns":4},{"damage":9,"enemies":"Slavers","floor":26,"turns":4},{"damage":0,"enemies":"Snake Plant","floor":31,"turns":1},{"damage":2,"enemies":"Centurion and Healer","floor":33,"turns":4},{"damage":48,"enemies":"Pondfish","floor":35,"turns":11},{"damage":6,"enemies":"3 Darklings","floor":37,"turns":3},{"damage":2,"enemies":"Orb Walker","floor":40,"turns":3},{"damage":24,"enemies":"Reptomancer","floor":43,"turns":4},{"damage":0,"enemies":"Writhing Mass","floor":48,"turns":2},{"damage":1,"enemies":"4 Shapes","floor":49,"turns":4},{"damage":13,"enemies":"Maw","floor":50,"turns":3},{"damage":76,"enemies":"Time Eater","floor":52,"turns":6}],"seed_played":"-8203745852064323705","potions_obtained":[{"floor":5,"key":"SmokeBomb"},{"floor":12,"key":"BlessingOfTheForge"},{"floor":20,"key":"Ancient Potion"},{"floor":24,"key":"Reflective Coating"},{"floor":26,"key":"Weak Potion"},{"floor":35,"key":"Strength Potion"},{"floor":49,"key":"Venom Potion"}],"is_trial":false,"path_per_floor":["M","?","?","?","M","E","R","PTL","PTL","E","T","M","R","$","?","$","R","B",null,"M","M","$","M","M","R","E","R","T","?","AVR","M","?","M","R","B",null,"M","?","$","M","?","$","E","R","T","R","AVR","M","M","M","R","B"],"character_chosen":"THE_SILENT","items_purchased":["Grinning Jar","Footwork","Slice","Ancient Tea Set","EntropicBrew"],"campfire_rested":5,"item_purchase_floors":[14,14,16,39,42],"current_hp_per_floor":[63,63,45,42,42,39,60,60,60,50,50,50,50,50,50,50,50,43,63,52,52,52,49,43,64,55,55,55,55,55,55,55,53,70,31,60,54,54,54,52,52,52,28,49,49,49,49,54,53,40,61,0,0],"gold":269,"neow_bonus":"HUNDRED_GOLD","is_daily":false,"chose_seed":false,"campfire_upgraded":4,"win_rate":0.0,"timestamp":1607654004,"path_taken":["M","?","?","?","M","E","R","PTL","PTL","E","T","M","R","$","?","?","R","BOSS","M","M","$","M","M","R","E","R","T","?","AVR","M","?","M","R","BOSS","M","?","$","M","?","$","E","R","T","R","AVR","?","M","M","R","BOSS"],"items_purchased_type":["Relic","Card","Card","Relic","Potion"],"build_version":"2020-11-30","purchased_purges":1,"victory":false,"max_hp_per_floor":[70,70,70,70,70,70,70,70,70,70,70,70,70,70,70,70,70,70,70,70,70,70,70,70,70,70,70,70,70,70,70,70,70,70,70,70,70,70,70,70,70,70,70,70,70,70,70,70,70,70,70,70,70],"card_choices":[{"not_picked":["Sucker Punch","Outmaneuver"],"picked":"Deflect","floor":1},{"not_picked":["infinitespire:Oblivion","infinitespire:SealOfDarkness+"],"picked":"infinitespire:Punishment","floor":3},{"not_picked":["Sneak Up","Prepared"],"picked":"Quick Slash","floor":5},{"not_picked":["Quick Slash","Deflect"],"picked":"Terror","floor":6},{"not_picked":["Replay:Poison Smokescreen","Sucker Punch","ReplayTheSpireMod:The Works"],"picked":"SKIP","floor":10},{"not_picked":["ReplayTheSpireMod:Necrosis","Blade Dance"],"picked":"Flying Knee","floor":12},{"not_picked":["infinitespire:Neurotoxin","Burst"],"picked":"Envenom","floor":18},{"not_picked":["Underhanded Strike","Hidden Blade"],"picked":"Noxious Fumes+1","floor":20},{"not_picked":["Blade Dance","Catalyst"],"picked":"ReplayTheSpireMod:Scrap Shanks","floor":23},{"not_picked":["Prepared","ReplayTheSpireMod:Scrap Shanks"],"picked":"Slice","floor":24},{"not_picked":["ReplayTheSpireMod:Shiv Toss","Skewer+1"],"picked":"Venomology","floor":26},{"not_picked":["Draining Mist+1","Catalyst+1"],"picked":"Poisoned Stab+1","floor":31},{"not_picked":["Dagger Throw","Outmaneuver"],"picked":"Backflip","floor":32},{"not_picked":["PiercingWail","Finisher","Doppelganger"],"picked":"SKIP","floor":33},{"not_picked":["Adrenaline","Tools of the Trade"],"picked":"Corpse Explosion","floor":35},{"not_picked":["Hidden Blade+1","Poisoned Stab","Underhanded Strike+1"],"picked":"SKIP","floor":37},{"not_picked":["Outmaneuver","Sucker Punch+1"],"picked":"Bane+1","floor":40},{"not_picked":["Catalyst+1","Outmaneuver","Underhanded Strike"],"picked":"SKIP","floor":43},{"not_picked":["Toxin Wave+1","Deflect"],"picked":"Slice+1","floor":48},{"not_picked":["Endless Agony+1","Acrobatics+1","Hidden Blade"],"picked":"SKIP","floor":49},{"not_picked":["Blur+1","Malaise","Backflip"],"picked":"SKIP","floor":50}],"player_experience":633320,"relics_obtained":[{"floor":6,"key":"Bag of Marbles"},{"floor":10,"key":"Vajra"},{"floor":11,"key":"infinitespire:Lucky Rock"},{"floor":26,"key":"Pet Ghost"},{"floor":28,"key":"Dead Branch"},{"floor":32,"key":"infinitespire:Beetle Shell"},{"floor":43,"key":"infinitespire:Golems Mask"},{"floor":43,"key":"Meat on the Bone"},{"floor":45,"key":"Anchor"}],"event_choices":[{"cards_removed":["Strike_G"],"damage_healed":0,"gold_gain":0,"player_choice":"Card Removal","damage_taken":0,"max_hp_gain":0,"max_hp_loss":0,"event_name":"The Cleric","floor":2,"gold_loss":50},{"damage_healed":0,"gold_gain":0,"player_choice":"Success","damage_taken":3,"relics_obtained":["infinitespire:Broken Mirror"],"max_hp_gain":0,"max_hp_loss":0,"event_name":"Scrap Ooze","floor":4,"gold_loss":0},{"damage_healed":0,"gold_gain":0,"player_choice":"Ignored","damage_taken":0,"max_hp_gain":0,"max_hp_loss":0,"event_name":"Beggar","floor":29,"gold_loss":0},{"damage_healed":0,"gold_gain":0,"player_choice":"Ignored","damage_taken":0,"max_hp_gain":0,"max_hp_loss":0,"event_name":"Mysterious Sphere","floor":38,"gold_loss":0},{"damage_healed":0,"gold_gain":0,"cards_transformed":["Pot Of Greed"],"player_choice":"Transformed","damage_taken":0,"max_hp_gain":0,"max_hp_loss":0,"event_name":"Transmorgrifier","floor":41,"gold_loss":0,"cards_obtained":["Good Instincts"]}],"is_beta":false,"boss_relics":[{"not_picked":["ReplayTheSpireMod:SealedPack","Velvet Choker"],"picked":"WristBlade"},{"not_picked":["Snecko Eye","Sozu"],"picked":"Black Star"}],"items_purged_floors":[39],"is_endless":false,"potions_floor_spawned":[5,12,20,24,26,35,49],"killed_by":"Time Eater","ascension_level":10}}