{"host":"046f94hp0svsg0ce","time":1607714839,"event":{"mods":["Act Like it!","Astrologer","BaseMod","Beaked The Cultist","Colored Map","Colored Powertips","GungeonMod","Halation","Highlight Path","Mad Scientist","Minty Spire (QoL Compilation)","Quick Restart","Rare Cards Sparkle","StSLib","The Construct","The Forsaken","The Necromancer","The Runesmith","The Servant 0.9.4"],"gold_per_floor":[112,125,138,158,176,211,176,194,194,194,524,524,544,554,554,649,649,618,148,165,80,80,80],"floor_reached":22,"playtime":3055,"items_purged":["construct:Defend_Gold"],"score":200,"play_id":"76a52834-6c95-40ed-bd84-91d978c5a0e0","local_time":"20201211202719","is_ascension_mode":false,"campfire_choices":[{"floor":10.0,"key":"REST"},{"floor":15.0,"key":"REST"}],"circlet_count":0,"master_deck":["construct:Strike_Gold","construct:Strike_Gold","construct:Strike_Gold","construct:Strike_Gold","construct:Strike_Gold","construct:Defend_Gold","construct:Defend_Gold","construct:Defend_Gold","construct:Defend_Gold","construct:AttackMode","construct:DefenseMode","construct:Anticipate","construct:FlameCore","construct:LongRangeLance","construct:LaserCore","construct:PowerUp","construct:Backup","construct:Reinforce","construct:Versatility","construct:PowerUp","construct:HammerDown","CurseOfTheBell","construct:QuickAttack","construct:Autoturret","construct:Impenetrable","construct:CripplingShot"],"relics":["construct:Cogwheel","halation:BottledLove","DemoMod:DecoyRelic","Old Coin","Calling Bell","halation:AfternoonTea","Shuriken","Turnip","DemoMod:MeltedRock","Membership Card","Lantern"],"acts_visited":["Exordium","TheCity"],"potions_floor_usage":[22],"damage_taken":[{"damage":2.0,"enemies":"Cultist","floor":1.0,"turns":5.0},{"damage":9.0,"enemies":"Small Slimes","floor":2.0,"turns":6.0},{"damage":1.0,"enemies":"2 Louse","floor":3.0,"turns":3.0},{"damage":23.0,"enemies":"Lots of Slimes","floor":4.0,"turns":6.0},{"damage":19.0,"enemies":"Large Slime","floor":5.0,"turns":6.0},{"damage":2.0,"enemies":"Gremlin Nob","floor":6.0,"turns":4.0},{"damage":0.0,"enemies":"2 Fungi Beasts","floor":8.0,"turns":3.0},{"damage":3.0,"enemies":"3 Sentries","floor":11.0,"turns":11.0},{"damage":12.0,"enemies":"Blue Slaver","floor":13.0,"turns":4.0},{"damage":12.0,"enemies":"Red Slaver","floor":14.0,"turns":2.0},{"damage":9.0,"enemies":"Hexaghost","floor":16.0,"turns":21.0},{"damage":26.0,"enemies":"2 Thieves","floor":18.0,"turns":5.0},{"damage":38.0,"enemies":"3 Byrds","floor":20.0,"turns":8.0},{"damage":29,"enemies":"Centurion and Healer","floor":22,"turns":13}],"seed_played":"-8180548933757679332","potions_obtained":[{"floor":1.0,"key":"PowerPotion"},{"floor":5.0,"key":"SteroidPotion"},{"floor":8.0,"key":"DemoMod:LeadSkinPotion"},{"floor":14.0,"key":"DemoMod:LeadSkinPotion"},{"floor":18.0,"key":"Swift Potion"}],"is_trial":false,"path_per_floor":["M","M","M","M","M","E","?","M","T","R","E","?","M","M","R","B",null,"M","$","M","?","M"],"character_chosen":"THE_CONSTRUCT_MOD","items_purchased":["DemoMod:MeltedRock","Membership Card","construct:Autoturret","construct:Impenetrable"],"campfire_rested":2,"item_purchase_floors":[19,19,19,19],"current_hp_per_floor":[91,82,81,58,39,37,60,60,60,87,84,84,72,60,87,78,93,67,67,29,29,0,0],"gold":80,"neow_bonus":"TEN_PERCENT_HP_BONUS","is_daily":false,"chose_seed":false,"campfire_upgraded":0,"win_rate":0.0,"timestamp":1607714839,"path_taken":["M","?","M","M","M","E","?","M","T","R","E","?","?","M","R","BOSS","M","$","M","?","M"],"items_purchased_type":["Relic","Relic","Card","Card"],"build_version":"2020-11-30","purchased_purges":1,"victory":false,"max_hp_per_floor":[93,93,93,93,93,93,93,93,93,93,93,93,93,93,93,93,93,93,93,93,93,93,93],"card_choices":[{"not_picked":["construct:Analyze","construct:FierceBash","construct:SyphonStrike"],"picked":"SKIP","floor":1.0},{"not_picked":["construct:FierceBash","construct:CriticalHit"],"picked":"construct:Anticipate","floor":2.0},{"not_picked":["construct:Analyze","construct:ReactiveShield"],"picked":"construct:FlameCore","floor":3.0},{"not_picked":["construct:SaveState","construct:Missile"],"picked":"construct:LongRangeLance","floor":4.0},{"not_picked":["construct:FierceBash","construct:Construct_Overclock"],"picked":"construct:LaserCore","floor":5.0},{"not_picked":["construct:FierceBash","construct:SyphonStrike"],"picked":"construct:PowerUp","floor":6.0},{"not_picked":["construct:SuppressiveFire","construct:SaveState"],"picked":"construct:Backup","floor":8.0},{"not_picked":["construct:ScrapCannon","construct:HastyRepair"],"picked":"construct:Reinforce","floor":11.0},{"not_picked":["construct:Dampening","construct:FierceBash"],"picked":"construct:Versatility","floor":13.0},{"not_picked":["construct:OmegaCannon","construct:SaveState"],"picked":"construct:PowerUp","floor":14.0},{"not_picked":["construct:HyperBeam","construct:HastyRepair"],"picked":"construct:HammerDown","floor":16.0},{"not_picked":["construct:Forcefield+1","construct:Analyze"],"picked":"construct:QuickAttack","floor":18.0},{"not_picked":["construct:ElectricArmor+1","construct:Autoturret"],"picked":"construct:CripplingShot","floor":20.0}],"player_experience":1536634,"relics_obtained":[{"floor":6.0,"key":"halation:BottledLove"},{"floor":9.0,"key":"DemoMod:DecoyRelic"},{"floor":11.0,"key":"Old Coin"},{"floor":17.0,"key":"halation:AfternoonTea"},{"floor":17.0,"key":"Shuriken"},{"floor":17.0,"key":"Turnip"}],"event_choices":[{"damage_healed":23.0,"max_hp_gain":0.0,"max_hp_loss":0.0,"gold_gain":0.0,"event_name":"The Cleric","player_choice":"Healed","floor":7.0,"gold_loss":35.0,"damage_taken":0.0},{"damage_healed":0.0,"max_hp_gain":0.0,"max_hp_loss":0.0,"gold_gain":0.0,"event_name":"NoteForYourself","player_choice":"Ignored","floor":12.0,"gold_loss":0.0,"damage_taken":0.0},{"damage_healed":0,"gold_gain":0,"player_choice":"Obtained Relic","damage_taken":0,"relics_obtained":["Lantern"],"max_hp_gain":0,"max_hp_loss":0,"event_name":"Addict","floor":21,"gold_loss":85}],"is_beta":false,"boss_relics":[{"not_picked":["halation:SmartPhone","Runic Dome"],"picked":"Calling Bell"}],"items_purged_floors":[19],"is_endless":false,"potions_floor_spawned":[1,5,8,14,18],"killed_by":"Centurion and Healer","ascension_level":0}}