{"host":"pqs17sqrgflf4eqa","time":1607656019,"event":{"mods":["AchievementEnabler","BaseMod","Bestiary","Better Altar","Colored Map","Colored Powertips","Emptier Cage","Googly Eyes","Highlight Path","Minty Spire (QoL Compilation)","Quick Restart","StSLib","SuperFastMode","Transform Curses","slay the spire mod where everything is the same but ironclad has a cowboy hat"],"gold_per_floor":[118,132,132,145,155,183,183,195,195,195,212,246,34,63,63,168,168,181,181,200,47,63,63,63,63,63,43,43,76,92,107,107,210,210,226,226,239,259,30,64,64,0,0,0,29,29,48,77,77,77],"floor_reached":51,"playtime":1114,"items_purged":["Pain"],"score":980,"play_id":"2da0e5b3-2a46-4892-9467-c0c76d95e005","local_time":"20201210220659","is_ascension_mode":true,"campfire_choices":[{"data":"Bash","floor":10.0,"key":"SMITH"},{"data":"Carnage","floor":15.0,"key":"SMITH"},{"data":"Uppercut","floor":23,"key":"SMITH"},{"floor":32,"key":"REST"},{"data":"Immolate","floor":41,"key":"SMITH"},{"data":"Battle Trance","floor":46,"key":"SMITH"},{"data":"Sword Boomerang","floor":49,"key":"SMITH"}],"circlet_count":0,"master_deck":["Strike_R+1","Strike_R+1","Strike_R+1","Strike_R+1","Defend_R+1","Defend_R+1","Defend_R+1","Bash+1","Sword Boomerang+1","Twin Strike","Battle Trance+1","Thunderclap","Anger","Uppercut+1","Shrug It Off","Carnage+1","Headbutt","Necronomicurse","Metallicize+1","Inflame+1","Shrug It Off","Immolate+1","True Grit+1","Demon Form+1","Battle Trance+1","Cleave+1"],"relics":["Burning Blood","NeowsBlessing","Pen Nib","Self Forming Clay","Mummified Hand","Gremlin Horn","Torii","SlaversCollar","Juzu Bracelet","WarpedTongs","Frozen Egg 2","Necronomicon","White Beast Statue","Cursed Key","Bag of Marbles","Sundial","Red Mask","Bronze Scales","Champion Belt"],"acts_visited":["TheCity","TheBeyond"],"potions_floor_usage":[29,29,29,33,45,48,50,50],"damage_taken":[{"damage":0.0,"enemies":"Cultist","floor":1.0,"turns":1.0},{"damage":0.0,"enemies":"Small Slimes","floor":2.0,"turns":1.0},{"damage":0.0,"enemies":"Jaw Worm","floor":4.0,"turns":1.0},{"damage":25.0,"enemies":"Large Slime","floor":5.0,"turns":6.0},{"damage":24.0,"enemies":"Gremlin Nob","floor":6.0,"turns":4.0},{"damage":15.0,"enemies":"Lots of Slimes","floor":8.0,"turns":3.0},{"damage":12.0,"enemies":"2 Fungi Beasts","floor":11.0,"turns":2.0},{"damage":32.0,"enemies":"Lagavulin","floor":12.0,"turns":4.0},{"damage":2.0,"enemies":"3 Sentries","floor":14.0,"turns":5.0},{"damage":23.0,"enemies":"Slime Boss","floor":16.0,"turns":5.0},{"damage":6,"enemies":"3 Byrds","floor":18,"turns":5},{"damage":17,"enemies":"Shell Parasite","floor":20,"turns":3},{"damage":26,"enemies":"Snake Plant","floor":22,"turns":4},{"damage":23,"enemies":"Slavers","floor":29,"turns":3},{"damage":14,"enemies":"Shelled Parasite and Fungi","floor":30,"turns":3},{"damage":4,"enemies":"Centurion and Healer","floor":31,"turns":3},{"damage":21,"enemies":"Automaton","floor":33,"turns":6},{"damage":1,"enemies":"Orb Walker","floor":35,"turns":2},{"damage":18,"enemies":"3 Darklings","floor":37,"turns":3},{"damage":9,"enemies":"Writhing Mass","floor":38,"turns":4},{"damage":0,"enemies":"Reptomancer","floor":40,"turns":2},{"damage":0,"enemies":"Giant Head","floor":45,"turns":5},{"damage":14,"enemies":"Jaw Worm Horde","floor":47,"turns":3},{"damage":25,"enemies":"Nemesis","floor":48,"turns":5},{"damage":54,"enemies":"Awakened One","floor":50,"turns":8}],"seed_played":"117409295129612768","potions_obtained":[{"floor":5.0,"key":"FairyPotion"},{"floor":8.0,"key":"Strength Potion"},{"floor":11.0,"key":"SpeedPotion"},{"floor":16.0,"key":"BloodPotion"},{"floor":22,"key":"SkillPotion"},{"floor":27,"key":"DuplicationPotion"},{"floor":30,"key":"Explosive Potion"},{"floor":31,"key":"BlessingOfTheForge"},{"floor":33,"key":"SkillPotion"},{"floor":35,"key":"SpeedPotion"},{"floor":36,"key":"LiquidMemories"},{"floor":37,"key":"PowerPotion"},{"floor":45,"key":"Fruit Juice"},{"floor":47,"key":"BlessingOfTheForge"},{"floor":48,"key":"Regen Potion"}],"is_trial":false,"path_per_floor":["M","M","?","M","M","E","T","M","T","R","M","E","$","E","R","B",null,"M","?","M","$","M","R","?","?","T","?","?","E","M","M","R","B",null,"M","?","M","M","$","E","R","?","T","?","E","R","M","E","R","B",null],"character_chosen":"IRONCLAD","items_purchased":["Shrug It Off","Carnage","Strength Potion","Energy Potion","Juzu Bracelet","Bag of Marbles"],"campfire_rested":1,"item_purchase_floors":[13,13,13,13,21,39],"current_hp_per_floor":[80,80,80,80,61,43,43,34,34,34,28,30,30,34,34,17,80,80,80,69,69,49,49,49,49,49,49,33,32,24,26,50,35,80,80,80,68,65,65,71,71,71,71,71,82,82,74,55,55,22],"gold":77,"neow_bonus":"THREE_ENEMY_KILL","is_daily":false,"chose_seed":false,"campfire_upgraded":6,"win_rate":0.0,"timestamp":1607656019,"path_taken":["M","?","?","?","M","E","?","M","T","R","M","E","$","E","R","BOSS","M","?","M","$","M","R","?","?","T","?","?","E","M","M","R","BOSS","M","?","M","M","$","E","R","?","T","?","E","R","M","E","R","BOSS"],"items_purchased_type":["Card","Card","Potion","Potion","Relic","Relic"],"build_version":"2020-11-30","purchased_purges":1,"victory":true,"max_hp_per_floor":[80,80,80,80,80,80,80,80,80,80,80,80,80,80,80,80,80,80,80,80,80,80,80,80,80,80,80,80,80,80,80,80,80,80,80,80,80,80,80,80,80,80,80,80,85,85,85,85,85,85],"card_choices":[{"not_picked":["Clash","Warcry"],"picked":"Sword Boomerang","floor":1.0},{"not_picked":["Wild Strike","Shrug It Off"],"picked":"Twin Strike","floor":2.0},{"not_picked":["Heavy Blade","Wild Strike"],"picked":"Battle Trance","floor":4.0},{"not_picked":["Twin Strike","Power Through"],"picked":"Thunderclap","floor":5.0},{"not_picked":["Shrug It Off","Fiend Fire"],"picked":"Anger","floor":6.0},{"not_picked":["Perfected Strike","Dark Embrace"],"picked":"Uppercut","floor":8.0},{"not_picked":["Metallicize","Thunderclap","Wild Strike"],"picked":"SKIP","floor":11.0},{"not_picked":["Heavy Blade","Evolve","Entrench"],"picked":"SKIP","floor":12.0},{"not_picked":["Perfected Strike","Anger","Juggernaut"],"picked":"SKIP","floor":14.0},{"not_picked":["Power Through","Wild Strike+1","Thunderclap+1"],"picked":"SKIP","floor":18},{"not_picked":["Havoc","Clothesline"],"picked":"Headbutt","floor":20},{"not_picked":["Dark Embrace","Sentinel","Reckless Charge"],"picked":"SKIP","floor":22},{"not_picked":["Dual Wield","Blood for Blood"],"picked":"Metallicize+1","floor":29},{"not_picked":["True Grit","Pommel Strike"],"picked":"Inflame+1","floor":30},{"not_picked":["Flex","Wild Strike"],"picked":"Shrug It Off","floor":31},{"not_picked":["Corruption+1","Feed"],"picked":"Immolate","floor":33},{"not_picked":["Power Through","Pommel Strike"],"picked":"True Grit+1","floor":35},{"not_picked":["Twin Strike+1","Anger","Hemokinesis"],"picked":"SKIP","floor":37},{"not_picked":["Anger","Shockwave"],"picked":"Demon Form+1","floor":38},{"not_picked":["Headbutt+1","Pommel Strike+1","Heavy Blade"],"picked":"SKIP","floor":40},{"not_picked":["Perfected Strike","Anger"],"picked":"Battle Trance+1","floor":45},{"not_picked":["Armaments","Shrug It Off+1"],"picked":"Cleave+1","floor":47},{"not_picked":["Wild Strike+1","Headbutt+1","Reaper"],"picked":"SKIP","floor":48}],"player_experience":131459,"relics_obtained":[{"floor":6.0,"key":"Pen Nib"},{"floor":7.0,"key":"Self Forming Clay"},{"floor":9.0,"key":"Mummified Hand"},{"floor":12.0,"key":"Gremlin Horn"},{"floor":14.0,"key":"Torii"},{"floor":26,"key":"Frozen Egg 2"},{"floor":28,"key":"Necronomicon"},{"floor":29,"key":"White Beast Statue"},{"floor":40,"key":"Sundial"},{"floor":45,"key":"Bronze Scales"},{"floor":48,"key":"Champion Belt"}],"event_choices":[{"cards_removed":["Defend_R"],"damage_healed":0.0,"max_hp_gain":0.0,"max_hp_loss":0.0,"gold_gain":0.0,"event_name":"Bonfire Elementals","player_choice":"Offered Basic","floor":3.0,"gold_loss":0.0,"damage_taken":0.0},{"damage_healed":0,"gold_gain":0,"player_choice":"Simplicity","damage_taken":0,"max_hp_gain":0,"max_hp_loss":0,"event_name":"Back to Basics","floor":19,"gold_loss":0,"cards_upgraded":["Strike_R","Strike_R","Strike_R","Strike_R","Strike_R","Defend_R","Defend_R","Defend_R"]},{"damage_healed":0,"gold_gain":0,"player_choice":"Rummage","damage_taken":0,"relics_obtained":["WarpedTongs"],"max_hp_gain":0,"max_hp_loss":0,"event_name":"Accursed Blacksmith","floor":24,"gold_loss":0,"cards_obtained":["Pain"]},{"damage_healed":0,"gold_gain":0,"player_choice":"Bought 1 Potion","damage_taken":0,"max_hp_gain":0,"max_hp_loss":0,"event_name":"The Woman in Blue","floor":27,"gold_loss":0},{"damage_healed":0,"gold_gain":0,"player_choice":"Obtained Book","damage_taken":16,"max_hp_gain":0,"max_hp_loss":0,"event_name":"Cursed Tome","floor":28,"gold_loss":0},{"damage_healed":0,"gold_gain":0,"player_choice":"Got Potions","damage_taken":0,"max_hp_gain":0,"max_hp_loss":0,"event_name":"Lab","floor":36,"gold_loss":0},{"damage_healed":0,"gold_gain":0,"player_choice":"Paid","damage_taken":0,"relics_obtained":["Red Mask"],"max_hp_gain":0,"max_hp_loss":0,"event_name":"Tomb of Lord Red Mask","floor":42,"gold_loss":64},{"cards_removed":["Strike_R"],"damage_healed":0,"gold_gain":0,"player_choice":"Removed Attack","damage_taken":0,"max_hp_gain":0,"max_hp_loss":0,"event_name":"Falling","floor":44,"gold_loss":0}],"is_beta":false,"boss_relics":[{"not_picked":["Sozu","Runic Pyramid"],"picked":"SlaversCollar"},{"not_picked":["Runic Cube","Pandora\u0027s Box"],"picked":"Cursed Key"}],"items_purged_floors":[39],"is_endless":false,"potions_floor_spawned":[5,8,11,16,22,30,31,33,35,37,38,40,45,47,48],"ascension_level":4}}