{"host":"exlsoi54q6pc3sri","time":1607717404,"event":{"mods":["2.2 Compatiblity","AchievementEnabler","Act Like it!","Aspiration","BaseMod","Better Altar","Better Match","Better Note","Better Sensory Stone","Better Skull","Better Third Choice","BetterRewards","CCEM","Colored Map","Colored Powertips","Conspire","Downfall","Friendly Minions","GifTheSpireLib","Googly Eyes","Halation","Highlight Path","Hubris","Infinite Spire","Jorbs\u0027s Wanderer Trilogy","Mimic Mod","Minty Spire (QoL Compilation)","Permanent Neow","Rare Cards Sparkle","Replay The Spire","Shop Mod","Spicy Shops","StSLib","Stuff the Spire","The Jungle"],"gold_per_floor":[111,111,111,124,124,159,169,169,241,14,49,89,7,36,36,132,132,150,69,81,100,110,137,137,137,219,219,219,229,248,281,281,381,381,393,503,469,34,34,34,44,61,138,119,134,153,165,27,27,127,127,131,131,139,112,130,160,176,176,202,172,215,228,303,208,208,214,214,234,234,234,254,286,291,269,269,322,322,351,266,266,264,264,373,373,375,375,388,452,452,452,673,673,696,696,605,623,579,633,633,669,719,727,293,293,293,309,339,339,354,354,354,383,383,408,418,436,436,478,478,491,508,493,524,524,547,547,547,547,274,293,327,129,149,218,306,306,314,106,106,109,115,115],"floor_reached":142,"playtime":21967,"items_purged":["sneckomod:Defend","Defend_R","Writhe","Discovery","Normality"],"score":3634,"play_id":"51678b38-7fc8-4576-921a-d71656ecfe3f","local_time":"20201211201004","is_ascension_mode":false,"campfire_choices":[{"data":"Guardian:FloatingOrbs","floor":8.0,"key":"SMITH"},{"data":"Guardian:SentryBeam","floor":15.0,"key":"SMITH"},{"floor":28.0,"key":"DIG"},{"floor":32.0,"key":"DIG"},{"floor":40.0,"key":"REST"},{"data":"Guardian:Clone","floor":49.0,"key":"SMITH"},{"floor":59.0,"key":"DIG"},{"data":"Guardian:ExploitGems","floor":66.0,"key":"SMITH"},{"data":"Guardian:TemporalShield","floor":76.0,"key":"SMITH"},{"floor":78.0,"key":"DIG"},{"floor":81.0,"key":"DIG"},{"data":"hubris:Despair","floor":83.0,"key":"SMITH"},{"floor":91.0,"key":"REST"},{"floor":93.0,"key":"DIG"},{"floor":100.0,"key":"DIG"},{"data":"Doubt","floor":112,"key":"SMITH"},{"data":"Guardian:TwinSlam","floor":114,"key":"SMITH"},{"data":"Clumsy","floor":128,"key":"SMITH"}],"circlet_count":0,"master_deck":["Guardian:Strike_Guardian+1","Guardian:Defend_Guardian+1","Guardian:Defend_Guardian+1","Guardian:Defend_Guardian+1","Guardian:CurlUp","Guardian:TwinSlam+1","Guardian:RollAttack+1","Guardian:FloatingOrbs+1","Guardian:SentryBeam+1","Guardian:StasisStrike+1","Guardian:PiercingHide+1","Guardian:FastForward+1","Guardian:EvasiveProtocol+1","Guardian:PrismaticBeam+1","Guardian:TimeSifter+1","Guardian:DecasProtection+1","Guardian:StasisField+1","Guardian:SpikerProtocol+1","Guardian:BronzeArmor+1","Guardian:Suspension+1","Guardian:ExploitGems+1","Guardian:FloatingOrbs+1","Guardian:TemporalStrike+1","expansioncontent:AwakenDeath+1","Guardian:DonusPower+1","Guardian:ShieldCharger+1","Guardian:SpikerProtocol+1","Guardian:Clone+1","Guardian:WalkerClaw+1","Guardian:SentryBeam+1","Flash of Steel","Guardian:TimeCapacitor+1","Guardian:TemporalStrike+1","Guardian:Repulse+1","hubris:InfiniteBlow","Guardian:PrismaticBarrier","Guardian:PiercingHide+1","Guardian:TemporalShield+1","Guardian:ChargeCore+1","Guardian:DecasProtection+1","Guardian:RevengeProtocol+1","Guardian:BronzeOrb+1","Guardian:Planning+1","Guardian:ArmoredProtocol+1","Guardian:TemporalStrike","Guardian:VentSteam","Guardian:EvasiveProtocol+1","Guardian:EvasiveProtocol+1","Guardian:ExploitGems+1","Guardian:SpikerProtocol+1","Guardian:DecasProtection+1","StuffTheSpire:Perfection","Guardian:EvasiveProtocol+1","ReplayTheSpireMod:??????????????????????","Guardian:RevengeProtocol+1","Guardian:Gem_Green","Guardian:PiercingHide+1"],"relics":["Guardian:ModeShifter","halation:PinkSoulGem","Pen Nib","Gremlin Horn","CaptainsWheel","Frozen Egg 2","hubris:SphereOfDissonance","CCEMRelics:JestersCrown","hubris:Icosahedron","Snack Pack","Shovel","ReplayTheSpireMod:Shallot","aspiration:Lifesprig","MerchantsRug","PreservedInsect","halation:Sosunser","CCEMRelics:CocoNut","Quantum Egg","Strange Spoon","StuffTheSpire:MayFlowers","Replay:Bandana","infinitespire:Eraser","Oddly Smooth Stone","Bag of Marbles","Gambling Chip","infinitespire:Satchel","Cursed Key","halation:QuantumPhysicsTextbook","Replay:Ringing Soul","infinitespire:Magic Flask","Guardian:PickAxe","Durian","Lantern","Ancient Tea Set","Bronze Scales","halation:PrussianBluePaint","hubris:HollowSoul","Replay:PocketPolymizer","ReplayTheSpireMod:TigerMarble","hubris:TenFootPole","Orichalcum","hubris:MysteriousPyramids","CCEMRelics:TechnogenicHelmet","Ornamental Fan","StuffTheSpire:Gunfinga","StoneCalendar","aspiration:TomeofQuesting","Garlic","infinitespire:EmpoweringShard","StuffTheSpire:DarkSteelAnvil","Bag of Preparation","Bloody Idol","Blood Vial","Kunai","hubris:ScarierMask","Onion Ring","hubris:PeanutButter","Replay:Baseball","conspire:TreasureMap","Juzu Bracelet","Guide Book"],"acts_visited":["Exordium","Exordium","TheBeyond","Exordium","TheCity","TheBeyond","Exordium","TheCity","TheBeyond"],"potions_floor_usage":[113,113,119],"damage_taken":[{"damage":0.0,"enemies":"2 Louse","floor":1.0,"turns":3.0},{"damage":1.0,"enemies":"Jaw Worm","floor":4.0,"turns":5.0},{"damage":0.0,"enemies":"Gremlin Nob","floor":6.0,"turns":1.0},{"damage":2.0,"enemies":"conspire:RoseBush","floor":7.0,"turns":4.0},{"damage":21.0,"enemies":"Lagavulin","floor":11.0,"turns":7.0},{"damage":0.0,"enemies":"Exordium Wildlife","floor":12.0,"turns":4.0},{"damage":8.0,"enemies":"Gremlin Nob","floor":14.0,"turns":4.0},{"damage":38.0,"enemies":"Hexaghost","floor":16.0,"turns":7.0},{"damage":10.0,"enemies":"theJungle:Flameango_and_Byrd","floor":18.0,"turns":5.0},{"damage":9.0,"enemies":"theJungle:5_Spyders","floor":20.0,"turns":6.0},{"damage":7.0,"enemies":"theJungle:Lyon","floor":21.0,"turns":3.0},{"damage":0.0,"enemies":"theJungle:JungleHuntersEncounter","floor":22.0,"turns":6.0},{"damage":0.0,"enemies":"theJungle:MamaSnecko","floor":23.0,"turns":7.0},{"damage":14.0,"enemies":"Snake Plant","floor":29.0,"turns":3.0},{"damage":11.0,"enemies":"theJungle:Snecko_Cultist_And_Trap","floor":30.0,"turns":6.0},{"damage":0.0,"enemies":"Nightmare","floor":31.0,"turns":7.0},{"damage":18.0,"enemies":"theJungle:FunGuy","floor":33.0,"turns":17.0},{"damage":16.0,"enemies":"3 Shapes","floor":35.0,"turns":3.0},{"damage":4.0,"enemies":"Orb Walker","floor":37.0,"turns":4.0},{"damage":14.0,"enemies":"3 Darklings","floor":41.0,"turns":5.0},{"damage":0.0,"enemies":"4 Shapes","floor":42.0,"turns":4.0},{"damage":0.0,"enemies":"Giant Head","floor":44.0,"turns":4.0},{"damage":10.0,"enemies":"Maw","floor":45.0,"turns":5.0},{"damage":21.0,"enemies":"Jaw Worm Horde","floor":46.0,"turns":3.0},{"damage":3.0,"enemies":"3 Darklings","floor":47.0,"turns":5.0},{"damage":47.0,"enemies":"conspire:OrnateMirror","floor":50.0,"turns":6.0},{"damage":0.0,"enemies":"Cultist","floor":52.0,"turns":2.0},{"damage":19.0,"enemies":"Small Slimes","floor":54.0,"turns":2.0},{"damage":17.0,"enemies":"Jaw Worm","floor":56.0,"turns":3.0},{"damage":0.0,"enemies":"Gremlin Nob","floor":57.0,"turns":3.0},{"damage":21.0,"enemies":"Large Slime","floor":58.0,"turns":3.0},{"damage":5.0,"enemies":"Lagavulin","floor":62.0,"turns":3.0},{"damage":6.0,"enemies":"Looter","floor":63.0,"turns":2.0},{"damage":14.0,"enemies":"Fading Forest","floor":67.0,"turns":11.0},{"damage":11.0,"enemies":"Shell Parasite","floor":69.0,"turns":4.0},{"damage":17.0,"enemies":"conspire:FuzzyDice","floor":72.0,"turns":4.0},{"damage":36.0,"enemies":"Snake Plant","floor":73.0,"turns":3.0},{"damage":17.0,"enemies":"conspire:Head Lice","floor":74.0,"turns":4.0},{"damage":6.0,"enemies":"conspire:HollyBat","floor":75.0,"turns":8.0},{"damage":4.0,"enemies":"Shelled Parasite and Fungi","floor":77.0,"turns":5.0},{"damage":2.0,"enemies":"Book of Stabbing","floor":79.0,"turns":4.0},{"damage":12.0,"enemies":"Nightmare","floor":82.0,"turns":5.0},{"damage":15.0,"enemies":"Collector","floor":84.0,"turns":5.0},{"damage":54.0,"enemies":"3 Darklings","floor":86.0,"turns":6.0},{"damage":0.0,"enemies":"Orb Walker","floor":88.0,"turns":1.0},{"damage":2.0,"enemies":"Mind Bloom Boss Battle","floor":89.0,"turns":2.0},{"damage":0.0,"enemies":"Sphere and 2 Shapes","floor":96.0,"turns":3.0},{"damage":29.0,"enemies":"4 Shapes","floor":97.0,"turns":4.0},{"damage":0.0,"enemies":"R_Hoarder","floor":99.0,"turns":3.0},{"damage":32.0,"enemies":"conspire:OrnateMirror","floor":101.0,"turns":8.0},{"damage":0,"enemies":"Jaw Worm","floor":103,"turns":1},{"damage":0,"enemies":"Small Slimes","floor":107,"turns":2},{"damage":15,"enemies":"Lagavulin","floor":108,"turns":2},{"damage":0,"enemies":"2 Louse","floor":110,"turns":1},{"damage":75,"enemies":"Nightmare","floor":113,"turns":5},{"damage":6,"enemies":"Looter","floor":115,"turns":1},{"damage":5,"enemies":"Large Slime","floor":116,"turns":2},{"damage":19,"enemies":"Exordium Thugs","floor":117,"turns":2},{"damage":0,"enemies":"Fading Forest","floor":119,"turns":8},{"damage":0,"enemies":"2 Thieves","floor":121,"turns":3},{"damage":0,"enemies":"3 Byrds","floor":122,"turns":2},{"damage":0,"enemies":"conspire:HollyBat","floor":123,"turns":6},{"damage":0,"enemies":"Chosen and Byrds","floor":124,"turns":4},{"damage":0,"enemies":"Book of Stabbing","floor":126,"turns":2},{"damage":0,"enemies":"Chosen and Byrds","floor":131,"turns":2},{"damage":0,"enemies":"conspire:SneckoGhost","floor":132,"turns":1},{"damage":0,"enemies":"Nightmare","floor":134,"turns":4},{"damage":0,"enemies":"Collector","floor":136,"turns":5},{"damage":0,"enemies":"Orb Walker","floor":138,"turns":1},{"damage":0,"enemies":"3 Darklings","floor":141,"turns":2},{"damage":169,"enemies":"Jaw Worm Horde","floor":142,"turns":8}],"seed_played":"4751773868345632985","potions_obtained":[{"floor":4.0,"key":"infinitespire:BlackPotion"},{"floor":7.0,"key":"Swift Potion"},{"floor":11.0,"key":"SkillPotion"},{"floor":14.0,"key":"sneckomod:MuddlingPotion"},{"floor":18.0,"key":"sneckomod:MuddlingPotion"},{"floor":29.0,"key":"Adrenaline Potion"},{"floor":30.0,"key":"Energy Potion"},{"floor":37.0,"key":"Fire Potion"},{"floor":41.0,"key":"ColorlessPotion"},{"floor":42.0,"key":"Regen Potion"},{"floor":46.0,"key":"Guardian:DefensiveModePotion"},{"floor":52.0,"key":"Fruit Juice"},{"floor":57.0,"key":"Explosive Potion"},{"floor":61.0,"key":"Strength Potion"},{"floor":61.0,"key":"Block Potion"},{"floor":72.0,"key":"Explosive Potion"},{"floor":73.0,"key":"Languid Potion"},{"floor":75.0,"key":"hexamod:EctoCoolerPotion"},{"floor":82.0,"key":"Slimebound:ThreeZeroPotion"},{"floor":84.0,"key":"Milkshake"},{"floor":89.0,"key":"BlessingOfTheForge"},{"floor":97.0,"key":"ColorlessPotion"},{"floor":101.0,"key":"sneckomod:MuddlingPotion"},{"floor":102.0,"key":"FairyPotion"},{"floor":103,"key":"EssenceOfSteel"},{"floor":108,"key":"infinitespire:BlackPotion"},{"floor":115,"key":"SkillPotion"},{"floor":121,"key":"Fire Potion"},{"floor":126,"key":"Block Potion"},{"floor":136,"key":"Dexterity Potion"},{"floor":141,"key":"Guardian:DefensiveModePotion"},{"floor":142,"key":"ColorlessPotion"}],"is_trial":false,"path_per_floor":["M","?","?","M","?","E","M","R","T","$","E","MIM","$","E","R","B",null,"M","$","M","M","M","E","?","?","T","?","R","M","M","NM","R_BF","B",null,"M","?","M","$","?","R","M","M","T","E","M","M","M","$","R_BF","B",null,"M","?","M","$","M","E","M","R","T","?","E","M","?","$","R","B",null,"M","$","?","M","M","E","M","R","MIM","R","E","?","R","NM","R","B",null,"M","AVR","M","?","?","R","$","R","T","?","M","M","$","E","R_BF","B",null,"M","$","?","?","M","E","?","M","T","R","NM","R","M","M","M","R_BF","B",null,"M","M","M","MIM","?","E","AVR","R","T","?","M","E","$","NM","R_BF","B",null,"M","$","?","M","M"],"character_chosen":"GUARDIAN","items_purchased":["Guardian:PiercingHide","Guardian:EvasiveProtocol+1","Guardian:StasisField","BargainBundle","Guardian:Gem_Red","Guardian:FloatingOrbs+1","Guardian:TemporalStrike","Swift Potion","PowerPotion","expansioncontent:AwakenDeath+1","Guardian:DonusPower","MerchantsRug","PreservedInsect","halation:Sosunser","Strange Spoon","StuffTheSpire:MayFlowers","Guardian:Gem_Fragmented","Replay:Bandana","infinitespire:Satchel","halation:QuantumPhysicsTextbook","Replay:Ringing Soul","infinitespire:Magic Flask","ReplayTheSpireMod:TigerMarble","hubris:TenFootPole","hubris:MysteriousPyramids","StuffTheSpire:Gunfinga","CCEMRelics:WrappedPresent","Guardian:EvasiveProtocol+1","hubris:PeanutButter","conspire:TreasureMap","Juzu Bracelet","Guide Book"],"campfire_rested":2,"item_purchase_floors":[10,13,19,38,38,38,38,38,38,38,38,38,38,38,48,48,48,55,65,70,70,70,92,92,98,104,104,133,133,139,139,139],"current_hp_per_floor":[80,80,80,79,79,79,77,77,77,77,64,72,72,72,72,42,80,70,70,61,54,54,54,54,54,54,54,54,44,41,80,80,70,80,70,18,30,30,30,54,68,80,85,85,85,70,83,83,83,73,85,90,90,75,75,70,84,65,65,65,65,64,60,60,60,60,90,90,89,32,100,94,74,87,109,109,112,117,120,120,120,123,123,125,126,84,87,90,95,95,140,140,140,143,146,150,131,131,142,142,142,161,161,161,161,145,164,152,152,155,158,161,93,93,89,86,69,69,130,182,185,185,188,191,118,137,137,137,140,143,157,192,215,220,220,223,223,226,226,226,229,71,71],"gold":115,"neow_bonus":"ONE_RARE_RELIC","is_daily":false,"chose_seed":false,"campfire_upgraded":9,"win_rate":0.0,"timestamp":1607717404,"path_taken":["M","?","?","?","?","E","M","R","T","$","E","?","?","E","R","BOSS","M","$","M","M","M","E","?","?","T","?","R","M","M","NM","R_BF","BOSS","M","?","?","$","?","R","M","M","T","E","M","M","M","$","R_BF","BOSS","M","?","M","$","M","E","M","R","T","?","E","?","?","?","R","BOSS","M","?","?","?","M","E","M","R","MIM","R","E","?","R","NM","R","BOSS","M","AVR","M","?","?","R","$","R","T","?","M","?","$","E","R_BF","BOSS","M","$","?","?","M","E","?","M","T","R","NM","R","M","M","M","R_BF","BOSS","M","M","M","?","?","E","AVR","R","T","?","M","E","$","NM","R_BF","BOSS","M","$","?","M","M"],"items_purchased_type":["Card","Card","Card","Relic","Card","Card","Card","Potion","Potion","Card","Card","Relic","Relic","Relic","Relic","Relic","Card","Relic","Relic","Relic","Relic","Relic","Relic","Relic","Relic","Relic","Relic","Card","Relic","Relic","Relic","Relic"],"build_version":"2020-11-30","purchased_purges":5,"victory":false,"max_hp_per_floor":[80,80,80,80,80,80,80,80,80,80,80,80,80,80,80,80,80,80,80,80,80,80,80,80,80,80,80,80,80,80,80,80,80,80,80,80,80,80,80,80,80,80,85,85,85,85,85,85,85,85,85,90,90,90,90,90,90,90,90,90,90,90,90,90,90,90,90,90,90,90,100,103,106,106,109,109,112,117,120,120,120,123,123,126,126,129,132,135,138,138,141,141,141,144,147,150,150,150,153,153,153,161,161,161,161,161,164,167,167,170,173,176,179,179,179,179,179,179,182,182,185,185,188,191,191,194,194,194,197,200,200,214,217,220,220,223,223,226,226,226,229,229,229],"card_choices":[{"not_picked":["Guardian:CrystalBeam","Guardian:ChargeUp"],"picked":"Guardian:RollAttack","floor":1.0},{"not_picked":["Guardian:PiercingHide","Guardian:Gem_Cyan"],"picked":"Guardian:FloatingOrbs","floor":4.0},{"not_picked":["Guardian:Suspension","Guardian:CrystalBeam"],"picked":"Guardian:SentryBeam","floor":6.0},{"not_picked":["Guardian:Recover","Guardian:ShieldCharger"],"picked":"Guardian:StasisStrike","floor":7.0},{"not_picked":["Guardian:Suspension","Guardian:TemporalShield"],"picked":"Guardian:FastForward","floor":11.0},{"not_picked":["Guardian:Reroute","Guardian:ChargeCore"],"picked":"Guardian:Gem_Fragmented","floor":12.0},{"not_picked":["Guardian:ShieldCharger","Guardian:Gem_Red"],"picked":"Guardian:PrismaticBeam","floor":14.0},{"not_picked":["Guardian:RevengeProtocol+1","Guardian:StasisStrike"],"picked":"Guardian:TimeSifter+1","floor":16.0},{"not_picked":["Guardian:Gem_Crimson","Guardian:FloatingOrbs+1"],"picked":"Guardian:DecasProtection+1","floor":18.0},{"not_picked":["Guardian:Gem_Green","Guardian:Gem_Purple"],"picked":"Guardian:Gem_Blue","floor":20.0},{"not_picked":["Guardian:MultiBeam","Guardian:Suspension"],"picked":"Guardian:SpikerProtocol+1","floor":21.0},{"not_picked":["Guardian:VentSteam","Guardian:RefractedBeam+1"],"picked":"Guardian:Gem_White","floor":22.0},{"not_picked":["Guardian:ChargeCore","Guardian:Gem_Cyan"],"picked":"Guardian:Gem_Purple","floor":23.0},{"not_picked":["Guardian:Gem_Crimson","Guardian:ChargeCore+1"],"picked":"Guardian:BronzeArmor+1","floor":29.0},{"not_picked":["Guardian:Gem_Blue","Guardian:WeakpointTargeting"],"picked":"Guardian:Gem_Fragmented","floor":30.0},{"not_picked":["infinitespire:NeuralNetwork","ReplayTheSpireMod:Chaos Vortex"],"picked":"infinitespire:Starlight","floor":31.0},{"not_picked":["Guardian:Gem_Green","Guardian:Planning"],"picked":"Guardian:Suspension+1","floor":31.0},{"not_picked":["Guardian:FastForward","Guardian:StasisField"],"picked":"Guardian:ExploitGems","floor":33.0},{"not_picked":["Guardian:Reroute","Guardian:PrimingBeam","Guardian:Recover"],"picked":"SKIP","floor":35.0},{"not_picked":["Guardian:Gem_Red","Guardian:Reroute+1"],"picked":"Guardian:Gem_Cyan","floor":37.0},{"not_picked":["Guardian:BronzeOrb","Guardian:TemporalShield"],"picked":"Guardian:ShieldCharger+1","floor":41.0},{"not_picked":["Guardian:PrismaticBeam","Guardian:GuardianWhirl"],"picked":"Guardian:SpikerProtocol+1","floor":42.0},{"not_picked":["Guardian:EvasiveProtocol+1","Guardian:Gem_Crimson"],"picked":"Guardian:Gem_Synthetic","floor":44.0},{"not_picked":["Guardian:Gem_Crimson","Guardian:CrystalBeam"],"picked":"Guardian:Clone","floor":45.0},{"not_picked":["Guardian:GuardianWhirl","Guardian:Suspension+1"],"picked":"Guardian:WalkerClaw+1","floor":46.0},{"not_picked":["Guardian:Suspension+1","Guardian:RefractedBeam"],"picked":"Guardian:SentryBeam+1","floor":47.0},{"not_picked":["Guardian:AncientConstruct+1","Guardian:FastForward"],"picked":"Guardian:Gem_Synthetic","floor":50.0},{"not_picked":["Guardian:Harden","Guardian:ChargeCore"],"picked":"Guardian:Gem_Green","floor":52.0},{"not_picked":["Replay:SS_fish_3","expansioncontent:DecasProtection"],"picked":"Flash of Steel","floor":53.0},{"not_picked":["Replay:SS_fish_3","expansioncontent:HyperBeam"],"picked":"Discovery","floor":53.0},{"not_picked":["Guardian:Gem_Cyan","Guardian:CrystalBeam"],"picked":"Guardian:TimeCapacitor+1","floor":54.0},{"not_picked":["Guardian:ChargeCore","Guardian:BronzeArmor"],"picked":"Guardian:Gem_Red","floor":56.0},{"not_picked":["Guardian:Gem_Fragmented","Guardian:TemporalShield"],"picked":"Guardian:TemporalStrike","floor":57.0},{"not_picked":["Guardian:BaubleBeam","Guardian:ChargeUp"],"picked":"Guardian:Repulse+1","floor":58.0},{"not_picked":["Guardian:Harden","Guardian:Gem_Fragmented"],"picked":"Guardian:Gem_Green","floor":62.0},{"not_picked":["Guardian:Emergency","Guardian:Reroute","Guardian:Incinerate"],"picked":"SKIP","floor":63.0},{"not_picked":["Guardian:RevengeProtocol+1","Guardian:BaubleBeam"],"picked":"Guardian:Gem_Orange","floor":67.0},{"not_picked":["Replay:Fractal Strike","hubris:Rewind"],"picked":"hubris:InfiniteBlow","floor":69.0},{"not_picked":["Guardian:Suspension+1","Guardian:ChargeUp","Guardian:Gem_Crimson"],"picked":"SKIP","floor":69.0},{"not_picked":["Guardian:Gem_Blue","Guardian:Reroute+1"],"picked":"Guardian:PrismaticBarrier","floor":72.0},{"not_picked":["Guardian:PrimingBeam","Guardian:Gem_Fragmented"],"picked":"Guardian:PiercingHide+1","floor":73.0},{"not_picked":["Guardian:Incinerate","Guardian:ChargeCore","Guardian:RefractedBeam"],"picked":"SKIP","floor":74.0},{"not_picked":["Guardian:StasisStrike","Guardian:ChargeCore"],"picked":"Guardian:TemporalShield","floor":75.0},{"not_picked":["Guardian:CrystalBeam","Guardian:HyperBeam_Guardian"],"picked":"Guardian:ChargeCore+1","floor":79.0},{"not_picked":["Guardian:Gem_Cyan","Guardian:Planning+1"],"picked":"Guardian:DecasProtection+1","floor":82.0},{"not_picked":["Guardian:Gem_Synthetic","Guardian:Gem_Orange"],"picked":"Guardian:RevengeProtocol+1","floor":84.0},{"not_picked":["Guardian:BronzeArmor","Guardian:VentSteam"],"picked":"Guardian:BronzeOrb+1","floor":86.0},{"not_picked":["Guardian:Gem_Cyan","Guardian:PolyBeam+1"],"picked":"Guardian:Gem_Red","floor":88.0},{"not_picked":["Guardian:SpikerProtocol+1","Guardian:CrystalBeam+1"],"picked":"Guardian:Planning+1","floor":89.0},{"not_picked":["Guardian:Reroute+1","Guardian:ShieldSpikes+1"],"picked":"Guardian:TemporalStrike","floor":96.0},{"not_picked":["Guardian:PrimingBeam","Guardian:ChargeUp","Guardian:Incinerate"],"picked":"SKIP","floor":97.0},{"not_picked":["Guardian:Harden","Guardian:PiercingHide"],"picked":"Guardian:Gem_Green","floor":99.0},{"not_picked":["Guardian:Harden","Guardian:MultiBeam+1"],"picked":"Guardian:Gem_Purple","floor":102.0},{"not_picked":["Guardian:Gem_Blue","Guardian:PiercingHide","Guardian:ShieldCharger"],"picked":"SKIP","floor":103},{"not_picked":["Guardian:RefractedBeam","Guardian:ShieldCharger"],"picked":"Guardian:Gem_Green","floor":107},{"not_picked":["Guardian:Suspension","Guardian:ShieldSpikes"],"picked":"Guardian:VentSteam","floor":108},{"not_picked":["Guardian:RollAttack","Guardian:ChargeCore"],"picked":"Guardian:EvasiveProtocol+1","floor":110},{"not_picked":["Guardian:TemporalShield","Guardian:Gem_Crimson"],"picked":"Guardian:EvasiveProtocol+1","floor":113},{"not_picked":["Guardian:TemporalStrike","Guardian:ShieldCharger","Guardian:Clone"],"picked":"SKIP","floor":115},{"not_picked":["Guardian:Recover","Guardian:WalkerClaw","Guardian:TemporalShield"],"picked":"SKIP","floor":116},{"not_picked":["Guardian:Recover","Guardian:AncientConstruct+1","Guardian:PiercingHide"],"picked":"SKIP","floor":117},{"not_picked":["Guardian:FastForward","Guardian:BaubleBeam"],"picked":"Guardian:ExploitGems","floor":119},{"not_picked":["Guardian:Gem_Cyan","Guardian:Gem_Green"],"picked":"Guardian:Gem_Blue","floor":121},{"not_picked":["Guardian:BronzeArmor","Guardian:PiercingHide","Guardian:PrimingBeam"],"picked":"SKIP","floor":122},{"not_picked":["Guardian:DecasProtection","Guardian:ShieldSpikes"],"picked":"Guardian:Gem_Blue","floor":123},{"not_picked":["Guardian:Gem_Red","Guardian:PrismaticBarrier"],"picked":"Guardian:SpikerProtocol+1","floor":124},{"not_picked":["Guardian:Gem_Purple","Guardian:FloatingOrbs+1"],"picked":"Guardian:DecasProtection+1","floor":126},{"not_picked":["Guardian:Clone","Guardian:Recover+1","Guardian:DecasProtection"],"picked":"SKIP","floor":131},{"not_picked":["Guardian:Gem_Purple","Guardian:DonusPower+1","Guardian:WalkerClaw"],"picked":"SKIP","floor":132},{"not_picked":["infinitespire:NeuralNetwork","hubris:Fate"],"picked":"ReplayTheSpireMod:??????????????????????","floor":134},{"not_picked":["Guardian:ConstructionForm+1","Guardian:BronzeArmor","Guardian:PolyBeam"],"picked":"SKIP","floor":134},{"not_picked":["Guardian:AncientConstruct+1","Guardian:TimeSifter+1"],"picked":"Guardian:RevengeProtocol+1","floor":136},{"not_picked":["Guardian:WalkerClaw","Guardian:Recover+1"],"picked":"Guardian:Gem_Green","floor":138},{"not_picked":["Guardian:VentSteam+1","Guardian:WalkerClaw"],"picked":"Guardian:PiercingHide+1","floor":141},{"not_picked":["Guardian:RollAttack","Guardian:ShieldCharger","Guardian:Planning"],"picked":"SKIP","floor":142},{"not_picked":["Guardian:RollAttack","Guardian:ShieldCharger","Guardian:Planning"],"picked":"SKIP","floor":142}],"player_experience":27026,"relics_obtained":[{"floor":5.0,"key":"Pen Nib"},{"floor":6.0,"key":"StuffTheSpire:Barrel"},{"floor":9.0,"key":"Gremlin Horn"},{"floor":11.0,"key":"CaptainsWheel"},{"floor":12.0,"key":"Frozen Egg 2"},{"floor":14.0,"key":"hubris:SphereOfDissonance"},{"floor":23.0,"key":"CCEMRelics:JestersCrown"},{"floor":26.0,"key":"Snack Pack"},{"floor":28.0,"key":"ReplayTheSpireMod:Shallot"},{"floor":31.0,"key":"hubris:Reverence"},{"floor":32.0,"key":"hubris:DuctTape"},{"floor":43.0,"key":"CCEMRelics:CocoNut"},{"floor":44.0,"key":"Quantum Egg"},{"floor":57.0,"key":"infinitespire:Eraser"},{"floor":59.0,"key":"Oddly Smooth Stone"},{"floor":60.0,"key":"Bag of Marbles"},{"floor":62.0,"key":"Gambling Chip"},{"floor":74.0,"key":"Guardian:PickAxe"},{"floor":78.0,"key":"Durian"},{"floor":79.0,"key":"Lantern"},{"floor":81.0,"key":"Bronze Scales"},{"floor":82.0,"key":"halation:PrussianBluePaint"},{"floor":89.0,"key":"Replay:PocketPolymizer"},{"floor":93.0,"key":"TungstenRod"},{"floor":94.0,"key":"Orichalcum"},{"floor":99.0,"key":"CCEMRelics:TechnogenicHelmet"},{"floor":100.0,"key":"Ornamental Fan"},{"floor":104,"key":"StoneCalendar"},{"floor":104,"key":"aspiration:TomeofQuesting"},{"floor":108,"key":"Garlic"},{"floor":111,"key":"infinitespire:EmpoweringShard"},{"floor":113,"key":"StuffTheSpire:DarkSteelAnvil"},{"floor":124,"key":"Bag of Preparation"},{"floor":126,"key":"Kunai"},{"floor":129,"key":"Onion Ring"},{"floor":132,"key":"Mango"},{"floor":134,"key":"Replay:Baseball"}],"event_choices":[{"damage_healed":0.0,"max_hp_gain":0.0,"max_hp_loss":0.0,"gold_gain":0.0,"event_name":"conspire:LoneGhost","player_choice":"Disagree","floor":2.0,"gold_loss":0.0,"damage_taken":0.0},{"cards_removed":["Guardian:Defend_Guardian"],"damage_healed":0.0,"max_hp_gain":0.0,"max_hp_loss":0.0,"gold_gain":0.0,"event_name":"betterNote:BetterNote","player_choice":"Give","floor":24.0,"gold_loss":0.0,"damage_taken":0.0,"cards_obtained":["None"]},{"damage_healed":0.0,"max_hp_gain":0.0,"max_hp_loss":0.0,"gold_gain":110.0,"event_name":"betterSkull:BetterSkull","player_choice":"UP UP RE GO ","floor":36.0,"gold_loss":0.0,"damage_taken":59.0,"cards_upgraded":["Guardian:Defend_Guardian","Guardian:PrismaticBeam"],"relics_obtained":["aspiration:Lifesprig"]},{"damage_healed":0.0,"max_hp_gain":0.0,"max_hp_loss":0.0,"gold_gain":4.0,"event_name":"betterStone:BetterStone","player_choice":"1","floor":53.0,"gold_loss":0.0,"damage_taken":0.0},{"damage_healed":0.0,"max_hp_gain":0.0,"max_hp_loss":0.0,"gold_gain":0.0,"event_name":"The Woman in Blue","player_choice":"Bought 2 Potions","floor":61.0,"gold_loss":0.0,"damage_taken":0.0},{"damage_healed":0.0,"max_hp_gain":0.0,"max_hp_loss":0.0,"gold_gain":75.0,"event_name":"Golden Wing","player_choice":"Gained Gold","floor":64.0,"gold_loss":0.0,"damage_taken":0.0},{"cards_removed":["Guardian:Gem_Synthetic"],"damage_healed":58.0,"max_hp_gain":10.0,"max_hp_loss":0.0,"gold_gain":0.0,"event_name":"Bonfire Elementals","player_choice":"Offered Rare","floor":71.0,"gold_loss":0.0,"damage_taken":0.0},{"damage_healed":0.0,"max_hp_gain":0.0,"max_hp_loss":0.0,"gold_gain":0.0,"event_name":"Addict","player_choice":"Obtained Relic","floor":80.0,"gold_loss":85.0,"damage_taken":0.0,"relics_obtained":["Ancient Tea Set"]},{"damage_healed":0.0,"max_hp_gain":0.0,"max_hp_loss":0.0,"gold_gain":0.0,"event_name":"MindBloom","player_choice":"Fight","floor":89.0,"gold_loss":0.0,"damage_taken":0.0},{"damage_healed":161,"gold_gain":0,"player_choice":"Upgrade","damage_taken":32,"max_hp_gain":0,"max_hp_loss":161,"event_name":"betterThird:BetterShining","floor":106,"gold_loss":0,"cards_upgraded":["Guardian:TemporalStrike","Guardian:TemporalStrike"]},{"damage_healed":0,"gold_gain":1,"player_choice":"LEAVE","damage_taken":0,"max_hp_gain":0,"max_hp_loss":0,"event_name":"betterThird:BetterScrap","floor":118,"gold_loss":0,"cards_obtained":["Swivel"]},{"damage_healed":0,"gold_gain":0,"player_choice":" Idol Vial ","damage_taken":146,"relics_obtained":["Bloody Idol","Blood Vial"],"max_hp_gain":191,"max_hp_loss":118,"event_name":"betterAltar:BetterAltar","floor":125,"potions_obtained":[],"relics_lost":[],"gold_loss":0},{"damage_healed":0,"gold_gain":0,"player_choice":"Bought 0 Potions","damage_taken":0,"max_hp_gain":0,"max_hp_loss":0,"event_name":"The Woman in Blue","floor":140,"gold_loss":0}],"is_beta":false,"boss_relics":[{"not_picked":["aspiration:WatcherSkillbook","StuffTheSpire:Kangaroo"],"picked":"Replay:Bronze Core"},{"not_picked":["conspire:SeveredTorchhead","hubris:Stopwatch"],"picked":"hubris:VirtuousBlindfold"},{"not_picked":["ReplayTheSpireMod:DimensionalGlitch","hubris:RunicObelisk"],"picked":"aspiration:RunicSpoon"},{"not_picked":["Honey Jar","halation:Prosthetics"],"picked":"Cursed Key"},{"not_picked":["halation:PlatinumPhoenix","Guardian:ModeShifterPlus"],"picked":"Replay:Grab Bag"},{"not_picked":["ReplayTheSpireMod:Onyx Gauntlets","Sozu"],"picked":"StuffTheSpire:ModemDavis"},{"not_picked":["Painkiller Herb","halation:SmartPhone"],"picked":"Coffee Dripper"},{"not_picked":["StuffTheSpire:Kangaroo","hubris:Stopwatch"],"picked":"halation:HeavySnake"},{"not_picked":["Replay:Drink Me","Kintsugi"],"picked":"Empty Cage"},{"not_picked":["Astrolabe","Runic Pyramid"],"picked":"Tiny House"},{"not_picked":["Replay:Ancient Bell","halation:SmartPhone","conspire:RoyalGoblet"]},{"not_picked":["halation:Yufonium","aspiration:SecretTechniqueScroll"],"picked":"halation:PinkAlligatorPlush"}],"items_purged_floors":[10,10,38,104,133],"is_endless":true,"potions_floor_spawned":[4,7,11,14,18,29,30,37,41,42,46,52,57,72,73,75,82,84,89,97,101,103,108,110,115,121,126,136,141,142],"killed_by":"Jaw Worm Horde","ascension_level":0}}