{"host":"qcz3z4ma7bhmfwsc","time":1607651501,"event":{"mods":["AchievementEnabler","BaseMod","BetterRewards","Colored Map","Highlight Path","Infinite Spire","Minty Spire (QoL Compilation)","Replay The Spire","StSLib"],"gold_per_floor":[109,109,121,136,136,136,163,163,163,66,77,77,96,131,131,231,231,242,270,285,123,38,38,73,73,151,162,176,191,90,100,100,205,205,215,261,359,581,591,616,627,627,627,627,48,85,85,11,11,11],"floor_reached":51,"playtime":2830,"items_purged":["ReplayReversal+1","Amnesia"],"score":1537,"play_id":"883b8ff5-473e-45e6-9654-41dcc59bea01","local_time":"20201210205141","is_ascension_mode":true,"campfire_choices":[{"data":"Fire Breathing","floor":6,"key":"SMITH"},{"data":"Barricade","floor":8,"key":"SMITH"},{"data":"Replay:Undeath\u0027s Touch","floor":12,"key":"SMITH"},{"floor":23,"key":"REST"},{"floor":32,"key":"REST"},{"floor":42,"key":"REST"},{"floor":44,"key":"REST"},{"floor":49,"key":"DIG"}],"circlet_count":0,"master_deck":["AscendersBane","Strike_R","Strike_R","Strike_R","Defend_R+1","Defend_R+1","Defend_R+1","Defend_R+1","Bash","Inflame+1","Flex","Pommel Strike","Fire Breathing+1","Wild Strike","Barricade+1","Cleave","Flex","Replay:Undeath\u0027s Touch+1","Reaper","Offering+1","Headbutt","Armaments+1","Thunderclap","Limit Break+1","Shrug It Off+1","Offering+1","Spot Weakness+1","Armaments+1","Ghostly Armor+1","Wild Strike","ReplayTheSpireMod:Splinters","Perfected Strike","Inflame","Iron Wave+1","Thunderclap+1","Disarm+1","Wild Strike","ReplayTheSpireMod:Limb From Limb+1","ReplayTheSpireMod:IOU","Dramatic Entrance+1","Flex+1","infinitespire:Menacing+1","CurseOfTheBell","Reckless Charge+1","Flex+1"],"relics":["Burning Blood","Thread and Needle","Pear","StrikeDummy","Toxic Egg 2","Fusion Hammer","Red Mask","Meat on the Bone","Onion Ring","Strawberry","Mirror","Honey Jar","CaptainsWheel","infinitespire:FocusingShard","Replay:Wax Seal","Shovel","Molten Egg 2","infinitespire:EvilPickle","Question Card","Turnip","Calling Bell","Nunchaku","Replay:Bottled Eggs","Ginger","ReplayTheSpireMod:CursedCoin","Centennial Puzzle"],"acts_visited":["Exordium","TheCity","TheBeyond"],"potions_floor_usage":[4,14,36,46,50,50,50],"damage_taken":[{"damage":3,"enemies":"Small Slimes","floor":1,"turns":4},{"damage":5,"enemies":"infinitespire:Voidling","floor":3,"turns":5},{"damage":0,"enemies":"2 Louse","floor":4,"turns":2},{"damage":7,"enemies":"Replay:BlueRogue","floor":7,"turns":6},{"damage":1,"enemies":"2 Fungi Beasts","floor":11,"turns":3},{"damage":8,"enemies":"Exordium Wildlife","floor":13,"turns":3},{"damage":2,"enemies":"Gremlin Nob","floor":14,"turns":3},{"damage":83,"enemies":"The Guardian","floor":16,"turns":12},{"damage":18,"enemies":"Spheric Guardian","floor":18,"turns":4},{"damage":18,"enemies":"Masked Bandits","floor":19,"turns":3},{"damage":13,"enemies":"Chosen","floor":20,"turns":5},{"damage":49,"enemies":"Gremlin Leader","floor":24,"turns":5},{"damage":20,"enemies":"Snake Plant","floor":27,"turns":2},{"damage":1,"enemies":"Snecko","floor":28,"turns":3},{"damage":6,"enemies":"Chosen and Byrds","floor":29,"turns":4},{"damage":13,"enemies":"Snake Plant","floor":31,"turns":4},{"damage":32,"enemies":"Pondfish","floor":33,"turns":5},{"damage":6,"enemies":"Orb Walker","floor":35,"turns":2},{"damage":65,"enemies":"2 Orb Walkers","floor":36,"turns":5},{"damage":33,"enemies":"3 Darklings","floor":39,"turns":3},{"damage":31,"enemies":"Reptomancer","floor":40,"turns":5},{"damage":10,"enemies":"Sphere and 2 Shapes","floor":41,"turns":3},{"damage":12,"enemies":"Nemesis","floor":46,"turns":3},{"damage":36,"enemies":"Donu and Deca","floor":50,"turns":6}],"seed_played":"-2446098097284479247","potions_obtained":[{"floor":1,"key":"AttackPotion"},{"floor":4,"key":"Elixir"},{"floor":11,"key":"ColorlessPotion"},{"floor":16,"key":"Reflective Coating"},{"floor":19,"key":"Dexterity Potion"},{"floor":20,"key":"Explosive Potion"},{"floor":28,"key":"SteroidPotion"},{"floor":29,"key":"BloodPotion"},{"floor":36,"key":"HeartOfIron"},{"floor":39,"key":"Swift Potion"},{"floor":41,"key":"SkillPotion"},{"floor":46,"key":"LiquidBronze"}],"is_trial":false,"path_per_floor":["M","?","M","M","?","R","E","R","T","$","M","R","M","E","R_BF","B",null,"M","?","M","$","?","R","E","?","T","M","M","M","$","M","R","B",null,"M","?","?","?","M","E","M","R","T","R","$","E","AVR","$","R","B",null],"character_chosen":"IRONCLAD","items_purchased":["Inflame","Flex","Cleave","Flex","Limit Break+1","Armaments+1","Shovel","Molten Egg 2","ReplayTheSpireMod:Limb From Limb+1","Dramatic Entrance+1","ReplayTheSpireMod:CursedCoin","Reckless Charge+1","Flex+1"],"campfire_rested":4,"item_purchase_floors":[0,0,10,10,21,30,45,45,45,45,48,48,48],"current_hp_per_floor":[75,75,80,80,80,80,89,89,89,89,90,90,88,90,90,24,74,62,58,53,53,53,80,49,56,56,54,74,93,93,96,97,97,97,97,74,74,74,77,76,72,97,97,97,97,91,91,91,91,83],"gold":11,"neow_bonus":"","is_daily":false,"chose_seed":false,"campfire_upgraded":3,"win_rate":0.0,"timestamp":1607651501,"path_taken":["M","?","M","?","?","R","E","R","T","$","M","R","M","E","R_BF","BOSS","M","?","M","$","?","R","E","?","T","M","M","M","$","M","R","BOSS","M","?","?","?","M","E","M","R","T","R","$","E","AVR","?","R","BOSS"],"items_purchased_type":["Card","Card","Card","Card","Undefined","Undefined","Relic","Relic","Undefined","Undefined","Relic","Undefined","Undefined"],"build_version":"2020-11-30","purchased_purges":2,"victory":true,"max_hp_per_floor":[80,80,80,80,80,80,90,90,90,90,90,90,90,90,90,90,90,90,90,90,90,90,90,90,97,97,97,97,97,97,97,97,97,97,97,97,97,97,97,97,97,97,97,97,97,97,97,97,97,97],"card_choices":[{"not_picked":["Perfected Strike","Second Wind"],"picked":"Pommel Strike","floor":1},{"not_picked":["Heavy Blade","Flex"],"picked":"Fire Breathing","floor":3},{"not_picked":["Clothesline","Clash"],"picked":"Wild Strike","floor":4},{"not_picked":["Double Tap","Battle Trance"],"picked":"Barricade","floor":7},{"not_picked":["Perfected Strike","Body Slam"],"picked":"Replay:Undeath\u0027s Touch","floor":11},{"not_picked":["Perfected Strike","ReplayReversal","Headbutt"],"picked":"SKIP","floor":13},{"not_picked":["Evolve","Perfected Strike"],"picked":"Reaper","floor":14},{"not_picked":["Double Tap+1","Demonic Infusion+1"],"picked":"Offering+1","floor":16},{"not_picked":["Clash","Bloodletting+1"],"picked":"Headbutt","floor":18},{"not_picked":["Entrench+1","Shrug It Off+1"],"picked":"Armaments+1","floor":19},{"not_picked":["True Grit+1","ReplayReversal+1"],"picked":"Thunderclap","floor":20},{"not_picked":["Hemokinesis","Battle Trance+1"],"picked":"Shrug It Off+1","floor":24},{"not_picked":["True Grit+1","Iron Wave"],"picked":"Offering+1","floor":27},{"not_picked":["Anger","Flex+1","Clothesline"],"picked":"SKIP","floor":28},{"not_picked":["Evolve+1","Clothesline"],"picked":"Spot Weakness+1","floor":29},{"not_picked":["Havoc+1","Spot Weakness+1","Intimidate+1"],"picked":"SKIP","floor":31},{"not_picked":["Perfected Strike+1","ReplayTheSpireMod:Strike From Hell","Fire Breathing"],"picked":"Ghostly Armor+1","floor":35},{"not_picked":["Clash","Iron Wave+1","Reckless Charge"],"picked":"Wild Strike","floor":36},{"not_picked":["Whirlwind+1","Rage+1","Feel No Pain+1"],"picked":"Perfected Strike","floor":37},{"not_picked":["infinitespire:OneForAll","Sword Boomerang","Havoc+1"],"picked":"Inflame","floor":37},{"not_picked":["Searing Blow","Run Through","Warcry+1"],"picked":"Iron Wave+1","floor":37},{"not_picked":["Berserk","Clothesline+1","Dropkick"],"picked":"Thunderclap+1","floor":39},{"not_picked":["Twin Strike+1","Iron Wave","Clash+1"],"picked":"Disarm+1","floor":40},{"not_picked":["Perfected Strike","Spot Weakness+1","Juggernaut"],"picked":"Wild Strike","floor":41},{"not_picked":["Battle Trance+1","Cleave+1","Sentinel+1"],"picked":"Flex+1","floor":46}],"player_experience":630490,"relics_obtained":[{"floor":7,"key":"Pear"},{"floor":9,"key":"StrikeDummy"},{"floor":14,"key":"Toxic Egg 2"},{"floor":19,"key":"Red Mask"},{"floor":24,"key":"Onion Ring"},{"floor":26,"key":"Mirror"},{"floor":36,"key":"CaptainsWheel"},{"floor":40,"key":"infinitespire:FocusingShard"},{"floor":43,"key":"Replay:Wax Seal"},{"floor":46,"key":"Question Card"},{"floor":47,"key":"Nunchaku"},{"floor":47,"key":"Replay:Bottled Eggs"},{"floor":47,"key":"Ginger"},{"floor":49,"key":"Centennial Puzzle"}],"event_choices":[{"cards_removed":["Strike_R"],"damage_healed":0,"gold_gain":0,"player_choice":"Offered Basic","damage_taken":0,"max_hp_gain":0,"max_hp_loss":0,"event_name":"Bonfire Elementals","floor":2,"gold_loss":0},{"damage_healed":0,"gold_gain":0,"player_choice":"Fought Bandits","damage_taken":0,"max_hp_gain":0,"max_hp_loss":0,"event_name":"Masked Bandits","floor":19,"gold_loss":0},{"damage_healed":0,"gold_gain":0,"player_choice":"Obtained Relic","damage_taken":0,"relics_obtained":["Meat on the Bone"],"max_hp_gain":0,"max_hp_loss":0,"event_name":"Addict","floor":22,"gold_loss":85},{"damage_healed":0,"gold_gain":0,"player_choice":"Opened","damage_taken":0,"relics_obtained":["Strawberry"],"max_hp_gain":0,"max_hp_loss":0,"event_name":"The Mausoleum","floor":25,"gold_loss":0},{"damage_healed":0,"gold_gain":0,"player_choice":"Fight","damage_taken":0,"max_hp_gain":0,"max_hp_loss":0,"event_name":"Mysterious Sphere","floor":36,"gold_loss":0},{"damage_healed":0,"gold_gain":222,"player_choice":"Wore Mask","damage_taken":0,"max_hp_gain":0,"max_hp_loss":0,"event_name":"Tomb of Lord Red Mask","floor":38,"gold_loss":0}],"is_beta":false,"boss_relics":[{"not_picked":["Ectoplasm","Runic Cube"],"picked":"Fusion Hammer"},{"not_picked":["Kintsugi","ReplayTheSpireMod:DimensionalGlitch"],"picked":"Honey Jar"}],"items_purged_floors":[30,48],"is_endless":false,"potions_floor_spawned":[1,4,11,16,19,20,28,29,31,36,39,41,46],"ascension_level":10}}