{"host":"db9qq6yd9ck6prkg","time":1607693230,"event":{"mods":["BaseMod","Custom Start","Minty Spire (QoL Compilation)","StSLib","Uncapped"],"gold_per_floor":[100110,100035,99149,99149,98149,98149,98179,98179,98179,98179,98197,98208,98208,97280,97280,97280,97280],"floor_reached":16,"playtime":135,"items_purged":["Defend_P","Strike_P","Strike_P"],"score":311,"play_id":"b59edc20-b237-4cac-ad16-e9de21bb36a3","local_time":"20201211212710","is_ascension_mode":true,"campfire_choices":[{"data":"Brilliance","floor":6.0,"key":"SMITH"},{"data":"Strike_P","floor":8.0,"key":"PURGE"},{"data":"Defend_P","floor":10.0,"key":"PURGE"},{"data":"Strike_P","floor":13.0,"key":"PURGE"},{"data":"Apotheosis","floor":15.0,"key":"SMITH"}],"circlet_count":0,"master_deck":["AscendersBane","Defend_P","Eruption+1","Vigilance","BowlingBash","Tantrum","InnerPeace","Brilliance+1","Study","FearNoEvil","Apotheosis+1"],"relics":["PureWater","NeowsBlessing","Eternal Feather","Vajra","Ancient Tea Set","Sling","InkBottle","Peace Pipe","Du-Vu Doll","Art of War","Mummified Hand","Melange"],"acts_visited":["Exordium"],"potions_floor_usage":[],"damage_taken":[{"damage":0.0,"enemies":"2 Louse","floor":1.0,"turns":1.0},{"damage":0.0,"enemies":"Gremlin Nob","floor":7.0,"turns":1.0},{"damage":0.0,"enemies":"Jaw Worm","floor":11.0,"turns":1.0},{"damage":0.0,"enemies":"Cultist","floor":12.0,"turns":1.0},{"damage":0,"enemies":"The Guardian","floor":16,"turns":1}],"seed_played":"5185142240717871061","potions_obtained":[],"is_trial":false,"path_per_floor":["M","?","$","?","$","R","E","R","T","R","M","M","R","$","R","B"],"character_chosen":"WATCHER","items_purchased":["Eternal Feather","Vajra","Fruit Juice","Tantrum","InnerPeace","AttackPotion","SteroidPotion","Ancient Tea Set","Sling","Brilliance","Study","InkBottle","Block Potion","Apotheosis","Art of War","Mummified Hand","Melange"],"campfire_rested":0,"item_purchase_floors":[3,3,3,3,3,3,3,5,5,5,5,5,5,14,14,14,14],"current_hp_per_floor":[61,61,66,66,66,72,72,73,73,73,73,73,73,73,73,73,73],"gold":97280,"neow_bonus":"THREE_ENEMY_KILL","is_daily":false,"chose_seed":false,"campfire_upgraded":2,"win_rate":0.0,"timestamp":1607693230,"path_taken":["M","?","$","?","$","R","E","R","T","R","M","?","R","?","R","BOSS"],"items_purchased_type":["Relic","Relic","Potion","Card","Card","Potion","Potion","Relic","Relic","Card","Card","Relic","Potion","Card","Relic","Relic","Relic"],"build_version":"2020-11-30","purchased_purges":3,"victory":false,"max_hp_per_floor":[68,68,73,73,73,73,73,73,73,73,73,73,73,73,73,73,73],"card_choices":[{"not_picked":["CutThroughFate","EmptyBody"],"picked":"BowlingBash","floor":1.0},{"not_picked":["Alpha","FlurryOfBlows"],"picked":"FearNoEvil","floor":7.0}],"player_experience":166430,"relics_obtained":[{"floor":7.0,"key":"Peace Pipe"},{"floor":9.0,"key":"Du-Vu Doll"}],"event_choices":[{"cards_removed":["Defend_P"],"damage_healed":0.0,"max_hp_gain":0.0,"max_hp_loss":0.0,"gold_gain":0.0,"event_name":"The Cleric","player_choice":"Card Removal","floor":2.0,"gold_loss":75.0,"damage_taken":0.0},{"damage_healed":0.0,"max_hp_gain":0.0,"max_hp_loss":0.0,"gold_gain":0.0,"event_name":"Upgrade Shrine","player_choice":"Upgraded","floor":4.0,"gold_loss":0.0,"damage_taken":0.0,"cards_upgraded":["Eruption"]}],"is_beta":false,"boss_relics":[],"items_purged_floors":[3,5,14],"is_endless":false,"potions_floor_spawned":[11],"killed_by":"The Guardian","ascension_level":19}}