{"host":"o98f72bjn8jxgroo","time":1607725786,"event":{"mods":["Act Like it!","BaseMod","Become a monster ???","GifTheSpireLib","Jedi Mod","Minty Spire (QoL Compilation)","Relic Stats","Shedinja","Spicy Shops","StSLib","The Judge","TheBandit"],"gold_per_floor":[110,110,122,72,85,85,85,85,136,147,147,222,3,30,30,30,30,30],"floor_reached":16,"playtime":833,"items_purged":["Burn"],"score":98,"play_id":"ce420c87-2474-4447-86e8-c12a451fa3db","local_time":"20201211202946","is_ascension_mode":false,"campfire_choices":[{"data":"wariomod:GodlyGift","floor":6,"key":"SMITH"},{"data":"wariomod:DonateDraw","floor":8,"key":"SMITH"},{"data":"wariomod:BigUpgrade","floor":11,"key":"SMITH"},{"data":"Shedinja:AerialAce","floor":15,"key":"SMITH"}],"circlet_count":0,"master_deck":["wariomod:Strike","wariomod:Strike","wariomod:Strike","wariomod:Strike","wariomod:Defend","wariomod:Defend","wariomod:Defend","wariomod:Defend","wariomod:Step","wariomod:Leap","wariomod:SpaceSwap","Shedinja:AerialAce+1","wariomod:BigUpgrade+1","wariomod:GodlyGift+1","wariomod:DonateDraw+1","wariomod:Bombshield","wariomod:TrekTime","wariomod:OctoJump","wariomod:PayItForwards"],"relics":["wariomod:TheHat","NeowsBlessing","Shedinja:EnergyLoss","Anchor","StoneCalendar"],"acts_visited":["Exordium"],"potions_floor_usage":[14,14],"damage_taken":[{"damage":0,"enemies":"Cultist","floor":1,"turns":1},{"damage":0,"enemies":"2 Louse","floor":3,"turns":2},{"damage":0,"enemies":"Jaw Worm","floor":5,"turns":1},{"damage":5,"enemies":"Looter","floor":10,"turns":4},{"damage":46,"enemies":"Gremlin Nob","floor":14,"turns":6},{"damage":20,"enemies":"Hexaghost","floor":16,"turns":5}],"seed_played":"1210757884833996083","potions_obtained":[{"floor":1,"key":"DuplicationPotion"},{"floor":3,"key":"Fruit Juice"},{"floor":14,"key":"jedi:StrikingPotion"}],"is_trial":false,"path_per_floor":["M","?","M","?","M","R","?","R","T","M","R","?","$","E","R","B"],"character_chosen":"THE_BANDIT","items_purchased":["wariomod:TrekTime","wariomod:OctoJump"],"campfire_rested":0,"item_purchase_floors":[13,13],"current_hp_per_floor":[80,80,80,80,80,80,80,80,80,75,75,75,75,34,34,14,14,14],"gold":30,"neow_bonus":"THREE_ENEMY_KILL","is_daily":false,"chose_seed":false,"campfire_upgraded":4,"win_rate":0.0,"timestamp":1607725786,"path_taken":["M","?","M","?","?","R","?","R","T","?","R","?","$","E","R","BOSS"],"items_purchased_type":["Card","Card"],"build_version":"2020-11-30","purchased_purges":1,"victory":false,"max_hp_per_floor":[80,80,80,80,80,80,80,80,80,80,80,80,80,85,85,85,85,85],"relic_stats":{"counters":[6,19],"StoneCalendar":[0],"obtain_stats":[{"Anchor":9,"NeowsBlessing":0,"wariomod:TheHat":0,"Shedinja:EnergyLoss":2,"StoneCalendar":14},{"Anchor":3,"NeowsBlessing":0,"wariomod:TheHat":0,"Shedinja:EnergyLoss":1,"StoneCalendar":5},{"Anchor":4,"NeowsBlessing":0,"wariomod:TheHat":0,"Shedinja:EnergyLoss":1,"StoneCalendar":14}]},"card_choices":[{"not_picked":["wariomod:Game","wariomod:NullJump"],"picked":"wariomod:SpaceSwap","floor":1},{"not_picked":["wariomod:SmackSlam","wariomod:EmptyMind"],"picked":"wariomod:BigUpgrade","floor":3},{"not_picked":["wariomod:Hopshield","wariomod:DisarmingMoves"],"picked":"wariomod:DonateDraw","floor":5},{"not_picked":["wariomod:SpaceSwap","wariomod:DoubleDash"],"picked":"wariomod:Bombshield","floor":10},{"not_picked":["wariomod:DanceDash","wariomod:TrekTime"],"picked":"wariomod:PayItForwards","floor":14}],"player_experience":320250,"relics_obtained":[{"floor":9,"key":"Anchor"},{"floor":14,"key":"StoneCalendar"}],"event_choices":[{"damage_healed":0,"gold_gain":0,"player_choice":"Ignored","damage_taken":0,"max_hp_gain":0,"max_hp_loss":0,"event_name":"Transmorgrifier","floor":7,"gold_loss":0}],"is_beta":false,"boss_relics":[],"items_purged_floors":[13],"is_endless":false,"potions_floor_spawned":[1,3,14],"killed_by":"Hexaghost","ascension_level":0}}