{"host":"sabve5zmqufxyc5o","time":1607648081,"event":{"mods":["2.2 Compatiblity","AchievementEnabler","Act Like it!","BaseMod","Block Reminder","Colored Map","Colored Powertips","DeckTracker","KOR Keyword Fix","Keyboard Shortcuts","Minty Spire (QoL Compilation)","Quick Restart","Rare Cards Sparkle","Relic Stats","StSLib","SuperFastMode"],"gold_per_floor":[110,25,25,40,40,76,92,105,130,130,178,178,32,52,52,154,154,168,218,218,234,134,134,134],"floor_reached":23,"playtime":371,"items_purged":["Strike_B","Strike_B"],"score":426,"play_id":"f59d330a-a5b8-476c-92c1-90790e41b34f","local_time":"20201211095441","is_ascension_mode":true,"campfire_choices":[{"data":"Chill","floor":10,"key":"SMITH"},{"data":"White Noise","floor":12,"key":"SMITH"},{"data":"Defragment","floor":15,"key":"SMITH"}],"circlet_count":0,"master_deck":["AscendersBane","Strike_B","Strike_B","Defend_B","Defend_B","Defend_B","Defend_B","Zap","Dualcast","Compile Driver","Defragment+1","Chill+1","Compile Driver","Cold Snap","Conserve Battery","White Noise+1","Seek","Reboot"],"relics":["Cracked Core","NeowsBlessing","Bag of Marbles","Bloody Idol","Nunchaku","CeramicFish","MealTicket","Inserter"],"acts_visited":["Exordium","TheCity"],"potions_floor_usage":[11,16,16],"damage_taken":[{"damage":0,"enemies":"2 Louse","floor":1,"turns":1},{"damage":0,"enemies":"Small Slimes","floor":4,"turns":1},{"damage":0,"enemies":"Lagavulin","floor":6,"turns":1},{"damage":2,"enemies":"Jaw Worm","floor":7,"turns":3},{"damage":8,"enemies":"Exordium Thugs","floor":8,"turns":5},{"damage":1,"enemies":"3 Sentries","floor":11,"turns":7},{"damage":0,"enemies":"Blue Slaver","floor":14,"turns":4},{"damage":24,"enemies":"Slime Boss","floor":16,"turns":8},{"damage":5,"enemies":"Spheric Guardian","floor":18,"turns":5},{"damage":0,"enemies":"2 Thieves","floor":21,"turns":3},{"damage":65,"enemies":"Book of Stabbing","floor":23,"turns":6}],"seed_played":"1178251543068017499","potions_obtained":[{"floor":1,"key":"DistilledChaos"},{"floor":4,"key":"FocusPotion"},{"floor":11,"key":"Weak Potion"},{"floor":14,"key":"Regen Potion"},{"floor":16,"key":"SneckoOil"}],"is_trial":false,"path_per_floor":["M","$","?","M","?","E","M","M","T","R","E","R","$","M","R","B",null,"M","?","?","M","$","E"],"character_chosen":"DEFECT","items_purchased":["Defragment","Seek"],"campfire_rested":0,"item_purchase_floors":[2,13],"current_hp_per_floor":[64,64,53,53,53,53,51,43,43,43,42,42,57,57,57,48,60,55,55,55,64,64,0,0],"gold":134,"neow_bonus":"THREE_ENEMY_KILL","is_daily":false,"chose_seed":false,"campfire_upgraded":3,"win_rate":0.0,"timestamp":1607648081,"path_taken":["M","$","?","M","?","E","M","M","T","R","E","R","$","M","R","BOSS","M","?","?","M","$","E"],"items_purchased_type":["Card","Card"],"build_version":"2020-11-30","purchased_purges":2,"victory":false,"max_hp_per_floor":[71,71,71,71,64,64,64,64,64,64,64,64,64,64,64,64,64,64,64,64,64,64,64,64],"relic_stats":{"Nunchaku":[6],"Inserter":[7],"counters":[11,44],"Bloody Idol":9,"CeramicFish":27,"MealTicket":15,"obtain_stats":[{"Nunchaku":6,"Inserter":17,"NeowsBlessing":0,"Golden Idol":5,"CeramicFish":9,"Bloody Idol":20,"MealTicket":11,"Bag of Marbles":3,"Cracked Core":0},{"Nunchaku":3,"Inserter":8,"NeowsBlessing":0,"Golden Idol":2,"CeramicFish":5,"Bloody Idol":9,"MealTicket":6,"Bag of Marbles":1,"Cracked Core":0},{"Nunchaku":3,"Inserter":30,"NeowsBlessing":0,"Golden Idol":2,"CeramicFish":11,"Bloody Idol":35,"MealTicket":18,"Bag of Marbles":1,"Cracked Core":0}]},"card_choices":[{"not_picked":["Darkness","Sweeping Beam"],"picked":"Compile Driver","floor":1},{"not_picked":["Fusion","Streamline"],"picked":"Chill","floor":4},{"not_picked":["Steam Power","Steam"],"picked":"Compile Driver","floor":6},{"not_picked":["Scrape","Steam"],"picked":"Cold Snap","floor":7},{"not_picked":["Streamline","Barrage"],"picked":"Conserve Battery","floor":8},{"not_picked":["Barrage","Hologram"],"picked":"White Noise","floor":11},{"not_picked":["Conserve Battery","Steam","Stack"],"picked":"SKIP","floor":14},{"not_picked":["Thunder Strike","Rainbow"],"picked":"Reboot","floor":16},{"not_picked":["Steam+1","Reinforced Body","Hologram"],"picked":"SKIP","floor":18},{"not_picked":["Double Energy","Static Discharge","Rebound"],"picked":"SKIP","floor":21}],"player_experience":750001,"relics_obtained":[{"floor":6,"key":"Nunchaku"},{"floor":9,"key":"CeramicFish"},{"floor":11,"key":"MealTicket"}],"event_choices":[{"damage_healed":0,"gold_gain":0,"player_choice":"Success","damage_taken":11,"relics_obtained":["Bag of Marbles"],"max_hp_gain":0,"max_hp_loss":0,"event_name":"Scrap Ooze","floor":3,"gold_loss":0},{"damage_healed":0,"gold_gain":0,"player_choice":"Lose Max HP","damage_taken":0,"relics_obtained":["Golden Idol"],"max_hp_gain":0,"max_hp_loss":7,"event_name":"Golden Idol","floor":5,"gold_loss":0},{"damage_healed":0,"gold_gain":50,"player_choice":"Stole From Cult","damage_taken":0,"max_hp_gain":0,"max_hp_loss":0,"event_name":"Nest","floor":19,"gold_loss":0},{"damage_healed":0,"gold_gain":0,"player_choice":"Gave Idol","damage_taken":0,"relics_obtained":["Bloody Idol"],"max_hp_gain":0,"max_hp_loss":0,"event_name":"Forgotten Altar","floor":20,"relics_lost":["Golden Idol"],"gold_loss":0}],"is_beta":false,"boss_relics":[{"not_picked":["Runic Dome","SlaversCollar"],"picked":"Inserter"}],"items_purged_floors":[13,22],"is_endless":false,"potions_floor_spawned":[1,4,11,14,16],"killed_by":"Book of Stabbing","ascension_level":18}}