{"host":"z4041mglfe265lhs","time":1607650182,"event":{"mods":["BaseMod","BetterRewards","Friendly Minions","Luminous","Minty Spire (QoL Compilation)","StSLib","SuperFastMode"],"gold_per_floor":[215,215,215,240,265,265,284,284,284,325,325,339,514,537,537,660,660,683,683,683,703,716,716,445,481,481,500,514,514,549,565,565,689,689,702,3,18,18,18,52,52,93,93,93,126,151,207,223,223,223,223,223,15,58,58],"floor_reached":56,"playtime":4418,"items_purged":["Luminous:Dark_Abyssal_Drop","Luminous:Defend_Luminous"],"score":1352,"play_id":"e6ab8a69-fdb6-4c43-b039-5de0a8f4e50c","local_time":"20201210192942","is_ascension_mode":false,"campfire_choices":[{"data":"Luminous:Dusk_Guard_Luminous","floor":6.0,"key":"SMITH"},{"data":"Luminous:Dark_Raid","floor":8.0,"key":"SMITH"},{"floor":11.0,"key":"REST"},{"floor":15.0,"key":"REST"},{"data":"Luminous:Armageddon_Luminous","floor":23.0,"key":"SMITH"},{"data":"Luminous:Accumulation_Luminous","floor":29.0,"key":"SMITH"},{"floor":32.0,"key":"REST"},{"data":"Luminous:Freud_Wisdom1_Luminous","floor":41.0,"key":"SMITH"},{"floor":44.0,"key":"RECALL"},{"data":"Metamorphosis","floor":49.0,"key":"SMITH"},{"data":"Madness","floor":52.0,"key":"SMITH"}],"circlet_count":0,"master_deck":["Luminous:Light_Flash_Shower","Luminous:Light_Flash_Shower","Luminous:Dark_Abyssal_Drop","Luminous:Dark_Abyssal_Drop","Luminous:Defend_Luminous","Luminous:Defend_Luminous+1","Luminous:Defend_Luminous+1","Luminous:Switch_Luminous","Luminous:Abyss_Heart_Luminous","Luminous:Dusk_Guard_Luminous+1","Luminous:Darkness_Mastery_Luminous","Luminous:Dark_Raid+1","Luminous:Dark_Crescendo_Luminous","Luminous:Light_Sylvan_Lance","Luminous:Date_of_Light_Luminous+1","Luminous:Light_Glare+1","Luminous:Dusk_Guard_Luminous+1","Luminous:Armageddon_Luminous+1","Metamorphosis+1","Luminous:Lunar_Tide_Luminous","Luminous:Accumulation_Luminous+1","Luminous:Light_Glare","Luminous:Accumulation_Luminous+1","Luminous:Photic_Meditation_Luminous","Luminous:Light_Glare+1","Luminous:Freud_Wisdom1_Luminous+1","Madness","Madness+1","Luminous:Concentrate_Luminous+1","Luminous:Darkness_Mastery_Luminous+1","Purity","Luminous:Abyss_Heart_Luminous+1"],"relics":["Luminous:MirrorRelic","Golden Idol","Bronze Scales","Matryoshka","Black Star","Membership Card","Bag of Marbles","Luminous:BlackBlessingRelic","Smiling Mask","The Courier","Strawberry","Runic Pyramid","Chemical X","Eternal Feather","Happy Flower","Gambling Chip","Lizard Tail","Blood Vial","Toy Ornithopter","PreservedInsect","Meat on the Bone","Bottled Tornado","Orichalcum","War Paint","Akabeko","FossilizedHelix","Dream Catcher","Bag of Preparation","Singing Bowl","StoneCalendar","Calipers","Oddly Smooth Stone","Vajra"],"acts_visited":["Exordium","TheCity","TheBeyond","TheEnding"],"potions_floor_usage":[55,55,55],"damage_taken":[{"damage":8.0,"enemies":"Jaw Worm","floor":1.0,"turns":5.0},{"damage":4.0,"enemies":"2 Louse","floor":4.0,"turns":4.0},{"damage":0.0,"enemies":"Cultist","floor":5.0,"turns":5.0},{"damage":11.0,"enemies":"Lots of Slimes","floor":7.0,"turns":6.0},{"damage":16.0,"enemies":"3 Sentries","floor":10.0,"turns":9.0},{"damage":15.0,"enemies":"Exordium Thugs","floor":12.0,"turns":6.0},{"damage":11.0,"enemies":"Blue Slaver","floor":14.0,"turns":5.0},{"damage":24.0,"enemies":"Slime Boss","floor":16.0,"turns":11.0},{"damage":9.0,"enemies":"Shell Parasite","floor":18.0,"turns":8.0},{"damage":14.0,"enemies":"Chosen","floor":21.0,"turns":6.0},{"damage":20.0,"enemies":"Snecko","floor":22.0,"turns":6.0},{"damage":0.0,"enemies":"Book of Stabbing","floor":25.0,"turns":6.0},{"damage":0.0,"enemies":"Sentry and Sphere","floor":27.0,"turns":3.0},{"damage":0.0,"enemies":"Centurion and Healer","floor":28.0,"turns":4.0},{"damage":25.0,"enemies":"Slavers","floor":30.0,"turns":5.0},{"damage":7.0,"enemies":"Snake Plant","floor":31.0,"turns":6.0},{"damage":32.0,"enemies":"Automaton","floor":33.0,"turns":10.0},{"damage":2.0,"enemies":"3 Darklings","floor":35.0,"turns":8.0},{"damage":23.0,"enemies":"3 Shapes","floor":37.0,"turns":6.0},{"damage":27.0,"enemies":"Reptomancer","floor":40.0,"turns":7.0},{"damage":7.0,"enemies":"Nemesis","floor":42.0,"turns":8.0},{"damage":0.0,"enemies":"Reptomancer","floor":45.0,"turns":4.0},{"damage":0.0,"enemies":"Jaw Worm Horde","floor":46.0,"turns":4.0},{"damage":5.0,"enemies":"2 Orb Walkers","floor":47.0,"turns":6.0},{"damage":8.0,"enemies":"Sphere and 2 Shapes","floor":48.0,"turns":5.0},{"damage":4.0,"enemies":"Time Eater","floor":50.0,"turns":7.0},{"damage":8,"enemies":"Shield and Spear","floor":54,"turns":6},{"damage":59,"enemies":"The Heart","floor":55,"turns":11}],"seed_played":"4201227156517258919","potions_obtained":[{"floor":4.0,"key":"SteroidPotion"},{"floor":7.0,"key":"DistilledChaos"},{"floor":10.0,"key":"Ancient Potion"},{"floor":12.0,"key":"Fruit Juice"},{"floor":18.0,"key":"Energy Potion"},{"floor":21.0,"key":"LiquidMemories"},{"floor":22.0,"key":"BlessingOfTheForge"},{"floor":33.0,"key":"Ancient Potion"},{"floor":42.0,"key":"BlessingOfTheForge"},{"floor":45.0,"key":"Explosive Potion"},{"floor":46.0,"key":"LiquidBronze"},{"floor":48.0,"key":"LiquidBronze"}],"is_trial":false,"path_per_floor":["M","?","?","M","M","R","M","R","T","E","R","M","?","M","R","B",null,"M","?","?","M","M","R","$","E","T","M","M","R","E","M","R","B",null,"M","$","M","?","T","E","R","E","T","R","E","M","?","M","R","B",null,"R","$","E","B",null],"character_chosen":"LuminousClass","items_purchased":["Membership Card","Metamorphosis","Luminous:Lunar_Tide_Luminous","Chemical X","Eternal Feather","Happy Flower","Gambling Chip","Lizard Tail","Blood Vial","Toy Ornithopter","PreservedInsect","Calipers","Purity"],"campfire_rested":3,"item_purchase_floors":[24,24,24,36,36,36,36,36,36,36,36,53,53],"current_hp_per_floor":[67,49,42,38,38,38,27,27,27,11,33,18,23,12,36,12,80,71,71,71,57,37,37,37,37,37,37,37,37,19,18,44,18,87,87,87,68,57,57,48,66,71,71,87,89,91,91,88,93,93,93,93,93,89,56],"gold":58,"neow_bonus":"HUNDRED_GOLD","is_daily":false,"chose_seed":false,"campfire_upgraded":7,"win_rate":0.0,"timestamp":1607650182,"path_taken":["M","?","?","M","M","R","M","R","T","E","R","M","?","M","R","BOSS","M","?","?","?","M","R","?","E","T","M","M","R","E","M","R","BOSS","M","$","M","?","?","E","R","E","T","R","E","M","?","M","R","BOSS","R","$","E","BOSS"],"items_purchased_type":["Relic","Card","Card","Relic","Relic","Relic","Relic","Relic","Relic","Relic","Relic","Relic","Card"],"build_version":"2020-11-30","purchased_purges":2,"victory":true,"max_hp_per_floor":[75,75,75,75,75,75,75,75,75,75,75,75,80,80,80,80,80,80,80,80,80,80,80,80,80,80,80,80,80,87,87,87,87,87,87,87,87,87,87,87,87,87,87,87,89,91,91,93,93,93,93,93,93,93,93],"card_choices":[{"not_picked":["Luminous:Accumulation_Luminous","Luminous:Dark_Extract"],"picked":"Luminous:Abyss_Heart_Luminous","floor":1.0},{"not_picked":["Luminous:Accumulation_Luminous","Luminous:Balance_Death_Scythe"],"picked":"Luminous:Dusk_Guard_Luminous","floor":4.0},{"not_picked":["Luminous:Balance_Death_Scythe","Luminous:Reverse_Spell_Luminous"],"picked":"Luminous:Darkness_Mastery_Luminous","floor":5.0},{"not_picked":["Luminous:Photic_Meditation_Luminous","Luminous:Darks_Surge_Luminous"],"picked":"Luminous:Dark_Raid","floor":7.0},{"not_picked":["Luminous:Darks_Surge_Luminous","Luminous:Lunar_Tide_Luminous"],"picked":"Luminous:Dark_Crescendo_Luminous","floor":10.0},{"not_picked":["Luminous:Light_Wash_Luminous","Luminous:Dark_Pressure_Void","Luminous:Light_Gather"],"picked":"SKIP","floor":12.0},{"not_picked":["Luminous:Reverse_Spell_Luminous","Luminous:Dark_Pressure_Void"],"picked":"Luminous:Light_Sylvan_Lance","floor":14.0},{"not_picked":["Luminous:Balance_Aether_Conduit","Luminous:Chaos_Field_Luminous"],"picked":"Luminous:Date_of_Light_Luminous","floor":16.0},{"not_picked":["Luminous:Light_Wash_Luminous","Luminous:Abyss_Heart_Luminous+1"],"picked":"Luminous:Light_Glare+1","floor":18.0},{"not_picked":["Luminous:Light_Gather","Luminous:Balance_Death_Scythe"],"picked":"Luminous:Dusk_Guard_Luminous+1","floor":21.0},{"not_picked":["Luminous:Light_Sylvan_Lance","Luminous:Light_Gather"],"picked":"Luminous:Armageddon_Luminous","floor":22.0},{"not_picked":["Luminous:Mana_Overload_Luminous","Luminous:Light_Sylvan_Lance"],"picked":"Luminous:Accumulation_Luminous","floor":25.0},{"not_picked":["Luminous:Dark_Raid+1","Luminous:Dark_Dim_Erosion+1"],"picked":"Luminous:Light_Glare","floor":27.0},{"not_picked":["Luminous:Light_Glare","Luminous:Dark_Raid+1"],"picked":"Luminous:Accumulation_Luminous+1","floor":28.0},{"not_picked":["Luminous:Fast_Spell_Luminous","Luminous:Balance_Baptism"],"picked":"Luminous:Photic_Meditation_Luminous","floor":30.0},{"not_picked":["Luminous:Light_Wash_Luminous+1","Luminous:Light_Sylvan_Lance"],"picked":"Luminous:Light_Glare+1","floor":31.0},{"not_picked":["Luminous:Date_of_Light_Luminous","Luminous:Dark_Crescendo_Luminous"],"picked":"Luminous:Freud_Wisdom1_Luminous","floor":33.0},{"not_picked":["Luminous:Dark_Morning_Star+1","Luminous:Dark_Pressure_Void+1","Luminous:Light_Disperse+1"],"picked":"SKIP","floor":35.0},{"not_picked":["Luminous:Light_Wash_Luminous+1","Luminous:Light_Disperse+1","Luminous:Light_Sylvan_Lance+1"],"picked":"SKIP","floor":37.0},{"not_picked":["Luminous:Blinding_Pillar_Luminous+1","Luminous:Light_Wash_Luminous"],"picked":"Luminous:Concentrate_Luminous+1","floor":40.0},{"not_picked":["Luminous:Reverse_Spell_Luminous+1","Luminous:Dark_Dim_Erosion+1","Luminous:Blinding_Pillar_Luminous+1"],"picked":"SKIP","floor":42.0},{"not_picked":["Luminous:Light_Wash_Luminous","Luminous:Balance_Aether_Conduit","Luminous:Dark_Arcane_Pitch"],"picked":"Singing Bowl","floor":45.0},{"not_picked":["Luminous:Dark_Pressure_Void+1","Luminous:Dark_Raid","Luminous:Accumulation_Luminous"],"picked":"Singing Bowl","floor":46.0},{"not_picked":["Luminous:Mana_Well_Luminous","Luminous:Light_Gather+1"],"picked":"Luminous:Darkness_Mastery_Luminous+1","floor":47.0},{"not_picked":["Luminous:Phantom_Treasure_Luminous","Luminous:Light_Sylvan_Lance","Luminous:Accumulation_Luminous"],"picked":"Singing Bowl","floor":48.0},{"not_picked":["Luminous:Darks_Surge_Luminous","Luminous:Light_Reflection+1"],"picked":"Luminous:Abyss_Heart_Luminous+1","floor":54}],"player_experience":364767,"relics_obtained":[{"floor":9.0,"key":"Bronze Scales"},{"floor":10.0,"key":"Matryoshka"},{"floor":25.0,"key":"Bag of Marbles"},{"floor":25.0,"key":"Luminous:BlackBlessingRelic"},{"floor":26.0,"key":"Smiling Mask"},{"floor":30.0,"key":"The Courier"},{"floor":30.0,"key":"Strawberry"},{"floor":39.0,"key":"Meat on the Bone"},{"floor":39.0,"key":"Bottled Tornado"},{"floor":40.0,"key":"Orichalcum"},{"floor":40.0,"key":"War Paint"},{"floor":42.0,"key":"Akabeko"},{"floor":42.0,"key":"FossilizedHelix"},{"floor":43.0,"key":"Dream Catcher"},{"floor":45.0,"key":"Bag of Preparation"},{"floor":45.0,"key":"Singing Bowl"},{"floor":47.0,"key":"StoneCalendar"},{"floor":54,"key":"Oddly Smooth Stone"},{"floor":54,"key":"Vajra"}],"event_choices":[{"damage_healed":0.0,"max_hp_gain":0.0,"max_hp_loss":0.0,"gold_gain":0.0,"event_name":"Golden Idol","player_choice":"Take Damage","floor":2.0,"gold_loss":0.0,"damage_taken":18.0,"relics_obtained":["Golden Idol"]},{"cards_removed":["Luminous:Light_Flash_Shower"],"damage_healed":0.0,"max_hp_gain":0.0,"max_hp_loss":0.0,"gold_gain":0.0,"event_name":"Golden Wing","player_choice":"Card Removal","floor":3.0,"gold_loss":0.0,"damage_taken":7.0},{"damage_healed":0.0,"max_hp_gain":0.0,"max_hp_loss":0.0,"gold_gain":175.0,"event_name":"Liars Game","player_choice":"AGREE","floor":13.0,"gold_loss":0.0,"damage_taken":0.0,"cards_obtained":["Doubt"]},{"cards_removed":["Doubt"],"damage_healed":0.0,"max_hp_gain":0.0,"max_hp_loss":0.0,"gold_gain":0.0,"event_name":"Back to Basics","player_choice":"Elegance","floor":19.0,"gold_loss":0.0,"damage_taken":0.0},{"damage_healed":0.0,"max_hp_gain":0.0,"max_hp_loss":0.0,"gold_gain":0.0,"event_name":"Upgrade Shrine","player_choice":"Upgraded","floor":20.0,"gold_loss":0.0,"damage_taken":0.0,"cards_upgraded":["Luminous:Date_of_Light_Luminous"]},{"damage_healed":0.0,"max_hp_gain":0.0,"max_hp_loss":0.0,"gold_gain":0.0,"event_name":"Winding Halls","player_choice":"Embrace Madness","floor":38.0,"gold_loss":0.0,"damage_taken":11.0,"cards_obtained":["Madness","Madness"]},{"damage_healed":0.0,"max_hp_gain":0.0,"max_hp_loss":0.0,"gold_gain":0.0,"event_name":"Mysterious Sphere","player_choice":"Fight","floor":47.0,"gold_loss":0.0,"damage_taken":0.0}],"is_beta":false,"boss_relics":[{"not_picked":["Cursed Key","SacredBark"],"picked":"Black Star"},{"not_picked":["Tiny House","Empty Cage"],"picked":"Runic Pyramid"}],"items_purged_floors":[36,53],"is_endless":false,"potions_floor_spawned":[4,7,10,12,18,21,22,33,42,45,46,48,54],"ascension_level":0}}