{"host":"njb27ds59h4j3ikk","time":1607724372,"event":{"mods":["AchievementEnabler","BaseMod","Better Altar","Better Match","Better Note","Better Sensory Stone","Better Skull","Better Third Choice","BetterRewards","Downfall","Hermit","Hubris","Minty Spire (QoL Compilation)","Permanent Neow","Quarter Circle Forward PUNCH!","Quick Restart","Rare Cards Sparkle","Replay The Spire","Shop Mod","StSLib","Trackpad","Transform Curses"],"gold_per_floor":[117,117,128,74,74,107,107,130,130,146,146,181,193,222,222,317,367,380,407,417,102,102,102,132,132,132,132,325,338,368,59,59,163,163,173,173,173,173,228,587,606,606,606,606,163,163,219,296,296,296,296,296,13,44,44],"floor_reached":56,"playtime":3487,"items_purged":[],"score":2071,"play_id":"310b82ff-4122-4a42-9635-702be9af809c","local_time":"20201211170612","is_ascension_mode":true,"campfire_choices":[{"data":"Apotheosis","floor":7.0,"key":"SMITH"},{"data":"Armaments","floor":11.0,"key":"SMITH"},{"floor":15.0,"key":"RECALL"},{"data":"Barricade","floor":23.0,"key":"SMITH"},{"data":"Metallicize","floor":25.0,"key":"SMITH"},{"data":"Exhume","floor":27.0,"key":"SMITH"},{"data":"Slimebound:Schlurp","floor":32.0,"key":"SMITH"},{"data":"ReplayUltimateDefense","floor":42.0,"key":"SMITH"},{"data":"Berserk","floor":49.0,"key":"SMITH"},{"data":"hubris:EnhanceAbility","floor":52,"key":"SMITH"}],"circlet_count":0,"master_deck":["Strike_R","Strike_R","Strike_R","Strike_R","Defend_R","Defend_R","Defend_R","Defend_R","Bash","Power Through","Apotheosis+1","Rage+1","Iron Wave","Carnage","Replay:DivineShield","Slimebound:Schlurp+1","Metallicize+1","Metallicize","Run Through","Slimebound:RollThrough","Armaments+1","Berserk+1","Slimebound:Replication","Barricade+1","Replay:Many Hands+1","Thunderclap+1","Slimebound:RejuvenatingLick","Clothesline","Exhume+1","Necronomicurse","Pommel Strike+1","ReplayTheSpireMod:Splinters","Pommel Strike+1","hubris:StunningStrike+1","Feed","Slimebound:ItLooksTasty","Madness","Madness","hubris:EnhanceAbility+1","ReplayUltimateDefense+1","Pommel Strike+1","Feel No Pain+1","Shrug It Off+1","Replay:Bootleg Shield Generator","Life Link+1","Replay:SS_forest_5","Bloodletting+1"],"relics":["Black Blood","trackpad:PetRock","trackpad:WindUpAutoDealer","Sling","hubris:DisguiseKit","hubris:Icosahedron","Boot","Odd Mushroom","Meat on the Bone","Ornamental Fan","qcfpunch:White_Boots","Nunchaku","trackpad:BiPhaseBiplane","Necronomicon","qcfpunch:Broken_Tusk","Pet Ghost","ReplayTheSpireMod:TigerMarble","ReplayTheSpireMod:Ring of Challenge","Ring of Peace","Self Forming Clay","MerchantsRug","Bag of Preparation","Quantum Egg","Oddly Smooth Stone","trackpad:Mousetrap","King of Hearts","Membership Card","Red Skull","InkBottle","hubris:MedicalManual"],"acts_visited":["Exordium","TheCity","TheBeyond","TheEnding"],"potions_floor_usage":[54,55,55],"damage_taken":[{"damage":8.0,"enemies":"Small Slimes","floor":1.0,"turns":3.0},{"damage":0.0,"enemies":"Cultist","floor":3.0,"turns":2.0},{"damage":7.0,"enemies":"Gremlin Nob","floor":6.0,"turns":4.0},{"damage":18.0,"enemies":"The Mushroom Lair","floor":8.0,"turns":3.0},{"damage":1.0,"enemies":"2 Louse","floor":10.0,"turns":2.0},{"damage":4.0,"enemies":"Replay:BlueRogue","floor":12.0,"turns":4.0},{"damage":2.0,"enemies":"2 Fungi Beasts","floor":13.0,"turns":2.0},{"damage":0.0,"enemies":"Gremlin Nob","floor":14.0,"turns":4.0},{"damage":5.0,"enemies":"Hexaghost","floor":16.0,"turns":9.0},{"damage":1.0,"enemies":"Chosen","floor":18.0,"turns":4.0},{"damage":17.0,"enemies":"Shell Parasite","floor":20.0,"turns":6.0},{"damage":24.0,"enemies":"Book of Stabbing","floor":24.0,"turns":3.0},{"damage":12.0,"enemies":"Chosen and Byrds","floor":29.0,"turns":4.0},{"damage":23.0,"enemies":"Slavers","floor":30.0,"turns":4.0},{"damage":0.0,"enemies":"Champ","floor":33.0,"turns":9.0},{"damage":10.0,"enemies":"3 Shapes","floor":35.0,"turns":4.0},{"damage":43.0,"enemies":"3 Darklings","floor":39.0,"turns":8.0},{"damage":24.0,"enemies":"Giant Head","floor":40.0,"turns":7.0},{"damage":2.0,"enemies":"Writhing Mass","floor":41.0,"turns":5.0},{"damage":43.0,"enemies":"4 Shapes","floor":47.0,"turns":7.0},{"damage":0.0,"enemies":"R_Hoarder","floor":48.0,"turns":9.0},{"damage":0,"enemies":"hubris:GrandSnecko","floor":50,"turns":11},{"damage":40,"enemies":"Shield and Spear","floor":54,"turns":5},{"damage":48,"enemies":"The Heart","floor":55,"turns":14}],"seed_played":"5732883005866697291","potions_obtained":[{"floor":1.0,"key":"Venom Potion"},{"floor":8.0,"key":"FearPotion"},{"floor":12.0,"key":"AttackPotion"},{"floor":16.0,"key":"Ancient Potion"},{"floor":17.0,"key":"Elixir"},{"floor":24.0,"key":"Energy Potion"},{"floor":29.0,"key":"FairyPotion"},{"floor":40.0,"key":"Fire Potion"},{"floor":54,"key":"Strength Potion"}],"is_trial":false,"path_per_floor":["M","?","M","$","?","E","R","?","T","M","R","E","M","E","R","B",null,"M","T","M","$","?","R","E","R","T","R","?","M","E","$","R","B",null,"M","?","?","?","M","E","M","R","T","?","$","T","M","E","R","B",null,"R","$","E","B",null],"character_chosen":"IRONCLAD","items_purchased":["trackpad:PetRock","Power Through","Apotheosis","Sling","Rage+1","hubris:DisguiseKit","AttackPotion","Iron Wave","Weak Potion","Metallicize","trackpad:BiPhaseBiplane","Exhume","ReplayTheSpireMod:TigerMarble","Whetstone","MerchantsRug","Bag of Preparation","Replay:Bootleg Shield Generator","LifebloodPotion","Membership Card","Red Skull","InkBottle","Replay:SS_forest_5"],"campfire_rested":0,"item_purchase_floors":[0,0,0,0,0,0,0,0,0,4,21,21,31,31,45,45,45,45,53,53,53,53],"current_hp_per_floor":[78,78,80,80,80,79,79,67,67,72,72,74,78,80,80,80,85,85,85,74,74,58,58,52,52,52,52,52,58,53,53,53,67,81,85,85,74,74,57,59,73,73,73,73,73,73,54,70,70,85,85,85,85,57,35],"gold":44,"neow_bonus":"","is_daily":false,"chose_seed":false,"campfire_upgraded":9,"win_rate":0.0,"timestamp":1607724372,"path_taken":["M","?","M","?","?","E","R","?","T","M","R","E","?","E","R","BOSS","M","?","M","$","?","R","E","R","T","R","?","M","E","$","R","BOSS","M","?","?","?","M","E","M","R","T","?","$","?","M","E","R","BOSS","R","$","E","BOSS"],"items_purchased_type":["Relic","Card","Card","Relic","Card","Relic","Potion","Card","Potion","Card","Relic","Card","Relic","Relic","Relic","Relic","Card","Potion","Relic","Relic","Relic","Card"],"build_version":"2020-11-30","purchased_purges":0,"victory":true,"max_hp_per_floor":[80,80,80,80,80,80,80,80,80,80,80,80,80,80,80,80,85,85,85,85,85,85,85,85,85,85,85,85,85,85,85,85,85,85,85,85,85,85,85,85,85,85,85,85,85,85,85,85,85,85,85,85,85,85,85],"card_choices":[{"not_picked":["Clash","Replay:Undeath\u0027s Touch","Slimebound:SplitAcid"],"picked":"Carnage","floor":1.0},{"not_picked":["Armaments","Flex","ReplayTheSpireMod:Muscle Training"],"picked":"Slimebound:Schlurp","floor":3.0},{"not_picked":["ReplayTheSpireMod:Strike From Hell","Iron Wave","Slimebound:LeechLife"],"picked":"Run Through","floor":6.0},{"not_picked":["Seeing Red","hubris:ReadiedAction","Iron Wave"],"picked":"Slimebound:RollThrough","floor":8.0},{"not_picked":["Sword Boomerang","Run Through","Slimebound:Schlurp"],"picked":"Armaments","floor":10.0},{"not_picked":["Sword Boomerang","Thunderclap","Slimebound:ComboTackle"],"picked":"Berserk","floor":12.0},{"not_picked":["ReplayTheSpireMod:Muscle Training","Inflame","Warcry"],"picked":"Slimebound:Replication","floor":13.0},{"not_picked":["Shrug It Off","Heavy Blade","Slimebound:SlimeBarrage"],"picked":"Barricade","floor":14.0},{"not_picked":["Impervious","hubris:StunningStrike","Slimebound:Recycling"],"picked":"Replay:Many Hands","floor":16.0},{"not_picked":["Inflame","Run Through","Slimebound:Grow"],"picked":"Thunderclap","floor":17.0},{"not_picked":["Run Through","Burning Pact","True Grit"],"picked":"Slimebound:RejuvenatingLick","floor":18.0},{"not_picked":["Thunderclap","Wild Strike","Slimebound:Prepare"],"picked":"Clothesline","floor":20.0},{"not_picked":["Clash","Infernal Blade+1","Slimebound:PressTheAttack"],"picked":"Pommel Strike+1","floor":24.0},{"not_picked":["ReplayTheSpireMod:Strike From Hell","Anger","Slimebound:ServeAndProtect"],"picked":"Pommel Strike+1","floor":28.0},{"not_picked":["Havoc","Clothesline","True Grit","Slimebound:PressTheAttack"],"picked":"SKIP","floor":29.0},{"not_picked":["Cleave","Dropkick","Slimebound:SplitAcid"],"picked":"hubris:StunningStrike","floor":30.0},{"not_picked":["Immolate","Juggernaut","Slimebound:LeechLife"],"picked":"Feed","floor":33.0},{"not_picked":["Anger","Spot Weakness+1","Run Through"],"picked":"Slimebound:ItLooksTasty","floor":35.0},{"not_picked":["expansioncontent:GoopSpray","PanicButton"],"picked":"hubris:EnhanceAbility","floor":38.0},{"not_picked":["Replay:Parry","expansioncontent:DonusPower"],"picked":"ReplayUltimateDefense","floor":38.0},{"not_picked":["Thunderclap+1","Replay:Undeath\u0027s Touch","Slimebound:LeechingTouch"],"picked":"Pommel Strike+1","floor":39.0},{"not_picked":["ReplayTheSpireMod:Corrosion Curse","hubris:ReadiedAction","Slimebound:CheckThePlaybook"],"picked":"Feel No Pain+1","floor":40.0},{"not_picked":["Pommel Strike","Cleave","Slimebound:Gluttony"],"picked":"Shrug It Off+1","floor":41.0},{"not_picked":["Rampage+1","Thunderclap","Sever Soul","Slimebound:Equalize"],"picked":"SKIP","floor":47.0},{"not_picked":["Warcry+1","Clash","Slimebound:GoopTackle"],"picked":"Life Link+1","floor":48.0},{"not_picked":["Power Through","Headbutt","Slimebound:SamplingLick"],"picked":"Bloodletting+1","floor":54}],"player_experience":1177319,"relics_obtained":[{"floor":6.0,"key":"Boot"},{"floor":8.0,"key":"Odd Mushroom"},{"floor":9.0,"key":"Meat on the Bone"},{"floor":12.0,"key":"Ornamental Fan"},{"floor":14.0,"key":"qcfpunch:White_Boots"},{"floor":19.0,"key":"Nunchaku"},{"floor":22.0,"key":"Necronomicon"},{"floor":24.0,"key":"qcfpunch:Broken_Tusk"},{"floor":30.0,"key":"Pet Ghost"},{"floor":36.0,"key":"ReplayTheSpireMod:Ring of Challenge"},{"floor":36.0,"key":"Ring of Peace"},{"floor":39.0,"key":"Self Forming Clay"},{"floor":40.0,"key":"Old Coin"},{"floor":43.0,"key":"Replay:Bottled Steam"},{"floor":46.0,"key":"Quantum Egg"},{"floor":47.0,"key":"Oddly Smooth Stone"},{"floor":48.0,"key":"trackpad:Mousetrap"},{"floor":48.0,"key":"King of Hearts"},{"floor":54,"key":"hubris:MedicalManual"}],"event_choices":[{"cards_removed":["Apotheosis"],"damage_healed":0.0,"max_hp_gain":0.0,"max_hp_loss":0.0,"gold_gain":0.0,"event_name":"betterNote:BetterNote","player_choice":"Take \u0026 Give","floor":2.0,"gold_loss":0.0,"damage_taken":0.0,"cards_obtained":["Replay:DivineShield"]},{"damage_healed":0.0,"max_hp_gain":0.0,"max_hp_loss":0.0,"gold_gain":0.0,"event_name":"Mushrooms","player_choice":"Fought Mushrooms","floor":8.0,"gold_loss":0.0,"damage_taken":0.0},{"damage_healed":0.0,"max_hp_gain":0.0,"max_hp_loss":0.0,"gold_gain":0.0,"event_name":"Cursed Tome","player_choice":"Obtained Book","floor":22.0,"gold_loss":0.0,"damage_taken":16.0},{"damage_healed":0.0,"max_hp_gain":0.0,"max_hp_loss":0.0,"gold_gain":0.0,"event_name":"Winding Halls","player_choice":"Embrace Madness","floor":37.0,"gold_loss":0.0,"damage_taken":11.0,"cards_obtained":["Madness","Madness"]},{"damage_healed":0.0,"max_hp_gain":0.0,"max_hp_loss":0.0,"gold_gain":3.0,"event_name":"betterStone:BetterStone","player_choice":"1","floor":38.0,"gold_loss":0.0,"damage_taken":0.0},{"cards_removed":["Strike_R"],"damage_healed":0.0,"max_hp_gain":0.0,"max_hp_loss":0.0,"gold_gain":0.0,"event_name":"Falling","player_choice":"Removed Attack","floor":44.0,"gold_loss":0.0,"damage_taken":0.0}],"is_beta":false,"boss_relics":[{"not_picked":["hubris:RunicObelisk","Coffee Dripper"],"picked":"Tiny House"},{"not_picked":["hubris:Stopwatch","hubris:BlackHole"],"picked":"Black Blood"}],"items_purged_floors":[],"is_endless":false,"potions_floor_spawned":[1,8,12,16,24,29,40,48,54],"ascension_level":5}}