{"host":"mgc7o2tpy0ck407l","time":1607654348,"event":{"mods":["Alarm Clock","AlwaysNeverKeys","BaseMod","Better Altar","Better Match","Better Note","Better Sensory Stone","Better Skull","Better Third Choice","Better Vampires","Block Reminder","Booster Modes","Challenge The Spire","Colored Map","Colored Powertips","Disable Question Mark Monsters","Emptier Cage","Minty Spire (QoL Compilation)","Permanent Neow","Quick Restart","Rare Cards Sparkle","Relic Stats","Reorder Act Four","Replay The Spire","Spicy Shops","StSLib","The Blue Laboratory","Transform Curses","Unceasing Turn Reminder"],"gold_per_floor":[14,14,89,105,118,118,145,145,171,187,137,163,163,123,123,218,218,238,15,15,35,49,49,84,84,84,109,122,122,141,153,153,253,253,272,292,49,49,137,162,162,196,196,196,196,196,196,210,223,257,257,257,257,14,14,44,44,44],"floor_reached":57,"playtime":2703,"items_purged":["Strike_G","Defend_G"],"score":721,"play_id":"461f809b-7d35-4cab-b748-f6a4726cfda8","local_time":"20201210213908","is_ascension_mode":true,"campfire_choices":[{"data":"Apotheosis","floor":6.0,"key":"SMITH"},{"data":"Strike_G+2","floor":15.0,"key":"SMITH"},{"data":"Strike_G+3","floor":15.0,"key":"SMITH"},{"data":"Strike_G+4","floor":23.0,"key":"SMITH"},{"data":"Strike_G+5","floor":23.0,"key":"SMITH"},{"data":"Strike_G+6","floor":25.0,"key":"SMITH"},{"data":"Strike_G+7","floor":25.0,"key":"SMITH"},{"floor":29.0,"key":"REST"},{"data":"Strike_G+8","floor":32.0,"key":"SMITH"},{"data":"Strike_G+9","floor":32.0,"key":"SMITH"},{"data":"ReplayTheSpireMod:Scrap Shanks","floor":41.0,"key":"SMITH"},{"data":"ReplayTheSpireMod:Scrap Shanks","floor":41.0,"key":"SMITH"},{"data":"Envenom","floor":44.0,"key":"SMITH"},{"data":"Panache","floor":44.0,"key":"SMITH"},{"data":"A Thousand Cuts","floor":47.0,"key":"SMITH"},{"data":"Footwork","floor":47.0,"key":"SMITH"},{"floor":51.0,"key":"REST"},{"data":"Tactician","floor":55.0,"key":"SMITH"},{"data":"ReplayTheSpireMod:The Works","floor":55.0,"key":"SMITH"}],"circlet_count":0,"master_deck":["Strike_G+1","Strike_G+1","Strike_G+1","Defend_G","Defend_G","Survivor","Neutralize","Apotheosis+1","Panache+1","Blade Dance","Envenom+1","Apotheosis+1","Pot Of Greed","Pot Of Greed","Backflip","Footwork+1","ReplayTheSpireMod:Scrap Shanks+1","Calculated Gamble","ReplayTheSpireMod:Scrap Shanks+1","Cloak And Dagger+1","A Thousand Cuts+1","Pot Of Greed","Underhanded Strike","Tactician+1","ReplayTheSpireMod:The Works+1","ReplayTheSpireMod:The Works+1"],"relics":["Ring of the Snake","Grinning Jar","Simple Rune","Whetstone","Replay:Arrowhead","Busted Crown","Omamori","Peace Pipe","Lantern","Turnip","Snecko Scales","Ninja Scroll","Smiling Mask","Pen Nib","Snake Skull","Blood Vial","Iron Hammer","Oddly Smooth Stone","Gremlin Food"],"acts_visited":["Exordium","TheCity","TheBeyond","TheEnding"],"potions_floor_usage":[57,57],"damage_taken":[{"damage":0.0,"enemies":"Cultist","floor":1.0,"turns":5.0},{"damage":0.0,"enemies":"2 Louse","floor":4.0,"turns":3.0},{"damage":3.0,"enemies":"Jaw Worm","floor":5.0,"turns":4.0},{"damage":2.0,"enemies":"Lagavulin","floor":7.0,"turns":6.0},{"damage":0.0,"enemies":"2 Fungi Beasts","floor":10.0,"turns":3.0},{"damage":1.0,"enemies":"3 Sentries","floor":12.0,"turns":4.0},{"damage":16.0,"enemies":"Hexaghost","floor":16.0,"turns":6.0},{"damage":0.0,"enemies":"Spheric Guardian","floor":18.0,"turns":1.0},{"damage":0.0,"enemies":"3 Byrds","floor":21.0,"turns":4.0},{"damage":15.0,"enemies":"Snake Plant","floor":22.0,"turns":3.0},{"damage":27.0,"enemies":"Gremlin Leader","floor":24.0,"turns":3.0},{"damage":6.0,"enemies":"Slavers","floor":27.0,"turns":2.0},{"damage":7.0,"enemies":"Shelled Parasite and Fungi","floor":28.0,"turns":3.0},{"damage":0.0,"enemies":"3 Cultists","floor":30.0,"turns":3.0},{"damage":13.0,"enemies":"Centurion and Healer","floor":31.0,"turns":3.0},{"damage":1.0,"enemies":"Champ","floor":33.0,"turns":6.0},{"damage":0.0,"enemies":"3 Shapes","floor":35.0,"turns":2.0},{"damage":0.0,"enemies":"Orb Walker","floor":36.0,"turns":2.0},{"damage":27.0,"enemies":"Reptomancer","floor":40.0,"turns":3.0},{"damage":12.0,"enemies":"Nemesis","floor":42.0,"turns":3.0},{"damage":10.0,"enemies":"Writhing Mass","floor":48.0,"turns":2.0},{"damage":16.0,"enemies":"Jaw Worm Horde","floor":49.0,"turns":2.0},{"damage":10.0,"enemies":"Giant Head","floor":50.0,"turns":3.0},{"damage":34.0,"enemies":"Replay:Hell Engine","floor":52.0,"turns":4.0},{"damage":33.0,"enemies":"Shield and Spear","floor":56.0,"turns":3.0},{"damage":92,"enemies":"The Heart","floor":57,"turns":3}],"seed_played":"-9123184765594879469","potions_obtained":[{"floor":1.0,"key":"LifebloodPotion"},{"floor":12.0,"key":"SteroidPotion"},{"floor":18.0,"key":"AttackPotion"},{"floor":22.0,"key":"Milkshake"},{"floor":27.0,"key":"Fruit Juice"},{"floor":36.0,"key":"CultistPotion"},{"floor":40.0,"key":"Fruit Juice"},{"floor":50.0,"key":"Fruit Juice"},{"floor":56.0,"key":"blueLaboratory:AbyssPotion"}],"is_trial":false,"path_per_floor":["M","?","?","M","M","R","E","?","T","M","?","E","?","$","R","B",null,"M","$","?","M","M","R","E","R","T","E","M","R","M","M","R","B",null,"M","M","$","?","?","E","R","E","T","R","PTL","PTL","R","M","M","E","R","B",null,"$","R","E","B"],"character_chosen":"THE_SILENT","items_purchased":["ReplayTheSpireMod:Scrap Shanks","ReplayTheSpireMod:Scrap Shanks","Omamori","Ninja Scroll","Oddly Smooth Stone"],"campfire_rested":2,"item_purchase_floors":[14,19,19,37,54],"current_hp_per_floor":[70,70,59,59,56,56,54,47,47,47,47,46,46,46,46,30,70,70,70,70,70,55,55,28,28,28,22,15,36,36,28,28,27,75,75,75,75,75,75,48,48,36,36,36,36,36,36,28,19,11,35,8,85,85,85,52,0,0],"gold":44,"neow_bonus":"RANDOM_COLORLESS_2","is_daily":false,"chose_seed":false,"campfire_upgraded":17,"win_rate":0.0,"timestamp":1607654348,"path_taken":["M","?","?","M","M","R","E","?","T","M","?","E","?","?","R","BOSS","M","$","?","?","M","R","E","R","T","E","M","R","M","M","R","BOSS","M","M","$","?","?","E","R","E","T","R","PTL","PTL","R","M","M","E","R","BOSS","$","R","E","BOSS"],"items_purchased_type":["Card","Card","Relic","Relic","Relic"],"build_version":"2020-11-30","purchased_purges":2,"victory":false,"max_hp_per_floor":[70,70,70,70,70,70,70,70,70,70,70,70,70,70,70,70,70,70,70,70,70,70,70,70,70,70,70,70,70,70,75,75,75,75,75,75,75,75,75,75,75,75,75,75,75,75,75,75,80,80,80,85,85,85,85,85,85,85],"relic_stats":{"Peace Pipe":0,"Blood Vial":10,"Busted Crown":38,"counters":[26,86],"Turnip":[8],"Pen Nib":[13],"Snake Skull":[69],"Whetstone":["Strike_G","Strike_G"],"Smiling Mask":75,"obtain_stats":[{"Gremlin Food":56,"Lantern":26,"Oddly Smooth Stone":54,"Pen Nib":40,"Snake Skull":42,"Omamori":19,"Whetstone":9,"Smiling Mask":39,"Replay:Arrowhead":12,"Peace Pipe":24,"Blood Vial":43,"Busted Crown":17,"Snecko Scales":34,"Ninja Scroll":37,"Simple Rune":8,"Turnip":27,"Iron Hammer":50,"Grinning Jar":7,"Ring of the Snake":0},{"Gremlin Food":25,"Lantern":11,"Oddly Smooth Stone":24,"Pen Nib":19,"Snake Skull":20,"Omamori":8,"Whetstone":4,"Smiling Mask":18,"Replay:Arrowhead":6,"Peace Pipe":11,"Blood Vial":20,"Busted Crown":7,"Snecko Scales":16,"Ninja Scroll":18,"Simple Rune":4,"Turnip":12,"Iron Hammer":23,"Grinning Jar":4,"Ring of the Snake":0},{"Gremlin Food":83,"Lantern":42,"Oddly Smooth Stone":80,"Pen Nib":66,"Snake Skull":69,"Omamori":32,"Whetstone":18,"Smiling Mask":63,"Replay:Arrowhead":25,"Peace Pipe":42,"Blood Vial":69,"Busted Crown":31,"Snecko Scales":59,"Ninja Scroll":63,"Simple Rune":18,"Turnip":44,"Iron Hammer":76,"Grinning Jar":18,"Ring of the Snake":0}],"Ring of the Snake":[36]},"card_choices":[{"not_picked":["Mayhem","ReplayUltimateDefense"],"picked":"Apotheosis","floor":0.0},{"not_picked":["Poisoned Stab","Distraction","Bane"],"picked":"SKIP","floor":1.0},{"not_picked":["Discovery","Chrysalis"],"picked":"Panache","floor":2.0},{"not_picked":["Backflip","Dagger Spray"],"picked":"Blade Dance","floor":4.0},{"not_picked":["Hidden Blade","Quick Slash"],"picked":"Envenom","floor":5.0},{"not_picked":["Terror","Bane"],"picked":"Backflip","floor":7.0},{"not_picked":["Toxin Wave","Cloak And Dagger"],"picked":"Footwork","floor":10.0},{"not_picked":["Distraction","Deflect","Riddle With Holes"],"picked":"SKIP","floor":12.0},{"not_picked":[],"picked":"Calculated Gamble","floor":18.0},{"not_picked":["Dodge and Roll"],"picked":"SKIP","floor":21.0},{"not_picked":["Acrobatics"],"picked":"SKIP","floor":22.0},{"not_picked":["Hidden Blade"],"picked":"SKIP","floor":24.0},{"not_picked":["Deadly Poison"],"picked":"SKIP","floor":27.0},{"not_picked":["Deflect+1"],"picked":"SKIP","floor":28.0},{"not_picked":["Slice+1"],"picked":"SKIP","floor":30.0},{"not_picked":[],"picked":"Cloak And Dagger+1","floor":31.0},{"not_picked":[],"picked":"A Thousand Cuts","floor":33.0},{"not_picked":["Deflect+1"],"picked":"SKIP","floor":35.0},{"not_picked":["Backflip"],"picked":"SKIP","floor":36.0},{"not_picked":[],"picked":"Underhanded Strike","floor":39.0},{"not_picked":["Slice+1"],"picked":"SKIP","floor":40.0},{"not_picked":[],"picked":"Tactician","floor":42.0},{"not_picked":["Quick Slash"],"picked":"SKIP","floor":48.0},{"not_picked":["Fluid Movement+1"],"picked":"SKIP","floor":49.0},{"not_picked":[],"picked":"ReplayTheSpireMod:The Works","floor":50.0},{"not_picked":[],"picked":"ReplayTheSpireMod:The Works+1","floor":56.0}],"player_experience":667621,"relics_obtained":[{"floor":7.0,"key":"Grinning Jar"},{"floor":9.0,"key":"Whetstone"},{"floor":12.0,"key":"Replay:Arrowhead"},{"floor":24.0,"key":"Peace Pipe"},{"floor":26.0,"key":"Lantern"},{"floor":27.0,"key":"Turnip"},{"floor":39.0,"key":"Smiling Mask"},{"floor":40.0,"key":"Pen Nib"},{"floor":42.0,"key":"Snake Skull"},{"floor":43.0,"key":"Blood Vial"},{"floor":50.0,"key":"Iron Hammer"},{"floor":56.0,"key":"Gremlin Food"}],"event_choices":[{"damage_healed":0.0,"max_hp_gain":0.0,"max_hp_loss":0.0,"gold_gain":1.0,"event_name":"betterStone:BetterStone","player_choice":"1","floor":2.0,"gold_loss":0.0,"damage_taken":0.0},{"damage_healed":0.0,"max_hp_gain":0.0,"max_hp_loss":0.0,"gold_gain":75.0,"event_name":"betterThird:BetterGoop","player_choice":"Gold","floor":3.0,"gold_loss":0.0,"damage_taken":11.0},{"damage_healed":0.0,"max_hp_gain":0.0,"max_hp_loss":0.0,"gold_gain":0.0,"event_name":"betterThird:BetterScrap","player_choice":"Relic ","floor":8.0,"gold_loss":0.0,"damage_taken":7.0,"cards_obtained":["Establishment"]},{"cards_removed":["Strike_G"],"damage_healed":0.0,"max_hp_gain":0.0,"max_hp_loss":0.0,"gold_gain":0.0,"event_name":"The Cleric","player_choice":"Card Removal","floor":11.0,"gold_loss":50.0,"damage_taken":0.0},{"damage_healed":0.0,"max_hp_gain":0.0,"max_hp_loss":0.0,"gold_gain":0.0,"event_name":"Living Wall","player_choice":"Grow","floor":13.0,"gold_loss":0.0,"damage_taken":0.0,"cards_upgraded":["Strike_G"]},{"cards_removed":["Defend_G"],"damage_healed":0.0,"max_hp_gain":0.0,"max_hp_loss":0.0,"gold_gain":0.0,"event_name":"Wheel of Change","player_choice":"Card Removal","floor":20.0,"gold_loss":0.0,"damage_taken":0.0},{"cards_removed":["Defend_G"],"damage_healed":0.0,"max_hp_gain":0.0,"max_hp_loss":0.0,"gold_gain":0.0,"event_name":"Falling","player_choice":"Removed Skill","floor":38.0,"gold_loss":0.0,"damage_taken":0.0}],"is_beta":false,"boss_relics":[{"not_picked":["Painkiller Herb","Replay:Ancient Bell"],"picked":"Busted Crown"},{"not_picked":["Tiny House","Sozu"],"picked":"Snecko Scales"}],"items_purged_floors":[54,54],"is_endless":false,"potions_floor_spawned":[1,12,18,21,22,27,36,40,50,56],"killed_by":"The Heart","ascension_level":1}}