{"host":"vfg9szunmpjwj08o","time":1607714274,"event":{"mods":["Act Like it!","BaseMod","Challenge The Spire","Colored Map","Colored Powertips","Minty Spire (QoL Compilation)","StSLib","Waifu the Spire"],"gold_per_floor":[117,135,149,99,114,140,140,168,168,168,203,223,234,234,234,333,333,344,269,95,110,110,110,130,130,130,230,242,242,242],"floor_reached":29,"playtime":1042,"items_purged":["Strike_P","Strike_P"],"score":351,"play_id":"beeac630-d434-4e96-a176-159bbfa98c34","local_time":"20201211201754","is_ascension_mode":true,"campfire_choices":[{"data":"Eruption","floor":7,"key":"SMITH"},{"data":"Wallop","floor":10,"key":"SMITH"},{"data":"SashWhip","floor":15,"key":"SMITH"},{"data":"ConjureBlade","floor":23,"key":"SMITH"},{"floor":25,"key":"REST"}],"circlet_count":0,"master_deck":["Defend_P+1","Defend_P","Defend_P","Eruption+1","Vigilance+1","LikeWater","Wallop+1","CutThroughFate","EmptyMind","DevaForm","Vengeance","Study+1","SashWhip+1","ConjureBlade+1","Study+1","CutThroughFate","TalkToTheHand","Perseverance"],"relics":["PureWater","Smiling Mask","Singing Bowl","Potion Belt","War Paint","Frozen Egg 2","VioletLotus","Prayer Wheel"],"acts_visited":["Exordium","TheCity"],"potions_floor_usage":[6,11,18,29],"damage_taken":[{"damage":0,"enemies":"2 Louse","floor":1,"turns":2},{"damage":0,"enemies":"Cultist","floor":2,"turns":2},{"damage":7,"enemies":"Jaw Worm","floor":3,"turns":3},{"damage":7,"enemies":"Looter","floor":5,"turns":4},{"damage":0,"enemies":"3 Sentries","floor":6,"turns":6},{"damage":18,"enemies":"Gremlin Nob","floor":8,"turns":3},{"damage":10,"enemies":"3 Sentries","floor":11,"turns":6},{"damage":7,"enemies":"Exordium Thugs","floor":12,"turns":4},{"damage":0,"enemies":"3 Louse","floor":13,"turns":2},{"damage":6,"enemies":"Hexaghost","floor":16,"turns":8},{"damage":7,"enemies":"Spheric Guardian","floor":18,"turns":3},{"damage":17,"enemies":"Shell Parasite","floor":21,"turns":5},{"damage":33,"enemies":"Snake Plant","floor":24,"turns":5},{"damage":18,"enemies":"Shelled Parasite and Fungi","floor":28,"turns":4},{"damage":9,"enemies":"Chosen and Byrds","floor":29,"turns":4}],"seed_played":"-3136784997863476342","potions_obtained":[{"floor":1,"key":"Ambrosia"},{"floor":2,"key":"Energy Potion"},{"floor":3,"key":"GamblersBrew"},{"floor":11,"key":"BlessingOfTheForge"},{"floor":21,"key":"LiquidMemories"},{"floor":24,"key":"Fire Potion"}],"is_trial":false,"path_per_floor":["M","M","M","$","M","E","R","E","T","R","E","M","M","?","R","B",null,"M","?","$","M","?","R","M","R","T","?","M","M"],"character_chosen":"WATCHER","items_purchased":["Study+1","CutThroughFate"],"campfire_rested":1,"item_purchase_floors":[20,20],"current_hp_per_floor":[65,65,58,58,51,53,53,35,35,35,25,18,20,20,20,14,61,56,56,56,41,41,41,8,32,32,32,16,7,7],"gold":242,"neow_bonus":"RANDOM_COMMON_RELIC","is_daily":false,"chose_seed":false,"campfire_upgraded":4,"win_rate":0.0,"timestamp":1607714274,"path_taken":["M","M","M","$","M","E","R","E","T","R","E","M","M","?","R","BOSS","M","?","$","M","?","R","M","R","T","?","M","?"],"items_purchased_type":["Card","Card"],"build_version":"2020-11-30","purchased_purges":2,"victory":false,"max_hp_per_floor":[72,72,72,72,72,74,74,74,74,74,74,74,76,76,76,76,76,78,78,78,80,80,80,80,80,80,80,82,82,82],"card_choices":[{"not_picked":["Evaluate","ClearTheMind"],"picked":"LikeWater","floor":1},{"not_picked":["WindmillStrike","Tantrum"],"picked":"Wallop","floor":2},{"not_picked":["JustLucky","FollowUp"],"picked":"CutThroughFate","floor":3},{"not_picked":["WindmillStrike","EmptyFist"],"picked":"EmptyMind","floor":5},{"not_picked":["CutThroughFate","ReachHeaven","DeusExMachina"],"picked":"Singing Bowl","floor":6},{"not_picked":["FlurryOfBlows","Collect"],"picked":"DevaForm","floor":8},{"not_picked":["Worship","ThirdEye"],"picked":"Vengeance","floor":11},{"not_picked":["FlurryOfBlows","Wallop"],"picked":"Study+1","floor":12},{"not_picked":["CutThroughFate","DeceiveReality","FlurryOfBlows"],"picked":"Singing Bowl","floor":13},{"not_picked":["DeusExMachina","Brilliance"],"picked":"ConjureBlade","floor":16},{"not_picked":["BowlingBash","Consecrate","ClearTheMind+1"],"picked":"Singing Bowl","floor":18},{"not_picked":["Crescendo","FlurryOfBlows","Consecrate"],"picked":"Singing Bowl","floor":21},{"not_picked":["BowlingBash","ThirdEye"],"picked":"TalkToTheHand","floor":24},{"not_picked":["FollowUp+1","Consecrate","WindmillStrike"],"picked":"Singing Bowl","floor":28},{"not_picked":["ThirdEye","Consecrate"],"picked":"Perseverance","floor":28}],"player_experience":976029,"relics_obtained":[{"floor":6,"key":"Singing Bowl"},{"floor":8,"key":"Potion Belt"},{"floor":9,"key":"War Paint"},{"floor":11,"key":"Frozen Egg 2"},{"floor":26,"key":"Prayer Wheel"}],"event_choices":[{"damage_healed":0,"gold_gain":0,"cards_transformed":["Strike_P"],"player_choice":"Transformed","damage_taken":0,"max_hp_gain":0,"max_hp_loss":0,"event_name":"Transmorgrifier","floor":14,"gold_loss":0,"cards_obtained":["SashWhip"]},{"cards_removed":["Defend_P"],"damage_healed":0,"gold_gain":0,"player_choice":"Gave Gold","damage_taken":0,"max_hp_gain":0,"max_hp_loss":0,"event_name":"Beggar","floor":19,"gold_loss":75},{"cards_removed":["Strike_P"],"damage_healed":0,"gold_gain":0,"player_choice":"Elegance","damage_taken":0,"max_hp_gain":0,"max_hp_loss":0,"event_name":"Back to Basics","floor":22,"gold_loss":0},{"damage_healed":0,"gold_gain":100,"player_choice":"Pray","damage_taken":0,"max_hp_gain":0,"max_hp_loss":0,"event_name":"Golden Shrine","floor":27,"gold_loss":0}],"is_beta":false,"boss_relics":[{"not_picked":["Cursed Key","SacredBark"],"picked":"VioletLotus"}],"items_purged_floors":[4,20],"is_endless":false,"potions_floor_spawned":[1,2,3,11,21,24],"killed_by":"Chosen and Byrds","ascension_level":6}}