{"host":"3m3t6u1636lvefx4","time":1607682108,"event":{"mods":["AchievementEnabler","BaseMod","Block Reminder","Colored Powertips","Highlight Path","Minty Spire (QoL Compilation)","Quick Restart","Slay-I","StSLib"],"gold_per_floor":[113,128,128,144,95,95,170,170,195,75,75,95,126,91,91,193,193,180,191,106,106,119,119,119,119],"floor_reached":24,"playtime":1310,"items_purged":[],"score":194,"play_id":"da747abc-41a8-4263-885a-27c20b410bbf","local_time":"20201211132148","is_ascension_mode":false,"campfire_choices":[{"data":"After Image","floor":6,"key":"SMITH"},{"data":"Prepared","floor":8,"key":"SMITH"},{"data":"Infinite Blades","floor":11,"key":"SMITH"},{"floor":15,"key":"REST"},{"data":"Outmaneuver","floor":23,"key":"SMITH"}],"circlet_count":0,"master_deck":["Strike_G","Strike_G+1","Strike_G+1","Strike_G","Strike_G","Defend_G","Defend_G","Defend_G","Defend_G","Defend_G","Survivor","Neutralize","Blur+1","Deflect","Prepared+1","After Image+1","Backflip","Infinite Blades+1","Dark Shackles","Backflip","Outmaneuver+1","Blur+1"],"relics":["Ring of the Snake","Whetstone","Bag of Preparation","Runic Pyramid","Art of War"],"acts_visited":["Exordium","TheCity"],"potions_floor_usage":[13],"damage_taken":[{"damage":0,"enemies":"2 Louse","floor":1,"turns":2},{"damage":0,"enemies":"Cultist","floor":2,"turns":4},{"damage":2,"enemies":"Small Slimes","floor":4,"turns":6},{"damage":2,"enemies":"Blue Slaver","floor":12,"turns":5},{"damage":27,"enemies":"Gremlin Nob","floor":13,"turns":7},{"damage":5,"enemies":"The Guardian","floor":16,"turns":23},{"damage":13,"enemies":"2 Thieves","floor":18,"turns":4},{"damage":0,"enemies":"Shell Parasite","floor":19,"turns":8},{"damage":0,"enemies":"Snake Plant","floor":22,"turns":11},{"damage":58,"enemies":"Cultist and Chosen","floor":24,"turns":12}],"seed_played":"-194471740936213231","potions_obtained":[{"floor":1,"key":"DuplicationPotion"},{"floor":2,"key":"DistilledChaos"},{"floor":13,"key":"AttackPotion"},{"floor":16,"key":"Poison Potion"}],"is_trial":false,"path_per_floor":["M","M","?","M","$","R","?","R","T","$","R","M","E","?","R","B",null,"M","M","?","$","M","R","M"],"character_chosen":"THE_SILENT","items_purchased":["Backflip","Infinite Blades","Dark Shackles"],"campfire_rested":1,"item_purchase_floors":[5,10,10],"current_hp_per_floor":[70,70,70,68,68,68,57,57,57,57,57,55,28,45,66,61,70,57,57,57,57,57,57,0,0],"gold":119,"neow_bonus":"THREE_CARDS","is_daily":false,"chose_seed":false,"campfire_upgraded":4,"win_rate":0.0,"timestamp":1607682108,"path_taken":["M","M","?","M","?","R","?","R","T","?","R","M","E","?","R","BOSS","M","M","?","$","M","R","M"],"items_purchased_type":["Card","Card","Card"],"build_version":"2020-11-30","purchased_purges":0,"victory":false,"max_hp_per_floor":[70,70,70,70,70,70,70,70,70,70,70,70,70,70,70,70,70,70,70,70,70,70,70,70,70],"card_choices":[{"not_picked":["Deflect","Poisoned Stab"],"picked":"Blur","floor":0},{"not_picked":["Terror","Acrobatics"],"picked":"Deflect","floor":1},{"not_picked":["Poisoned Stab","Cloak And Dagger"],"picked":"Prepared","floor":2},{"not_picked":["Dagger Throw","Dagger Spray"],"picked":"After Image","floor":4},{"not_picked":["Deadly Poison","Riddle With Holes"],"picked":"Backflip","floor":12},{"not_picked":["Riddle With Holes","Dagger Spray","Catalyst"],"picked":"SKIP","floor":13},{"not_picked":["Finisher","Blade Dance"],"picked":"Outmaneuver","floor":18},{"not_picked":["Cloak And Dagger+1","Dash+1","Bane"],"picked":"SKIP","floor":19},{"not_picked":["Dodge and Roll+1","Sucker Punch"],"picked":"Blur+1","floor":22}],"player_experience":245373,"relics_obtained":[{"floor":9,"key":"Whetstone"},{"floor":13,"key":"Bag of Preparation"}],"event_choices":[{"damage_healed":0,"gold_gain":0,"player_choice":"Upgraded","damage_taken":0,"max_hp_gain":0,"max_hp_loss":0,"event_name":"Upgrade Shrine","floor":3,"gold_loss":0,"cards_upgraded":["Blur"]},{"damage_healed":0,"gold_gain":75,"player_choice":"Gather Gold","damage_taken":11,"max_hp_gain":0,"max_hp_loss":0,"event_name":"World of Goop","floor":7,"gold_loss":0},{"damage_healed":17,"gold_gain":0,"player_choice":"Healed","damage_taken":0,"max_hp_gain":0,"max_hp_loss":0,"event_name":"The Cleric","floor":14,"gold_loss":35},{"damage_healed":0,"gold_gain":0,"player_choice":"Obtained Relic","damage_taken":0,"relics_obtained":["Art of War"],"max_hp_gain":0,"max_hp_loss":0,"event_name":"Addict","floor":20,"gold_loss":85}],"is_beta":false,"boss_relics":[{"not_picked":["Pandora\u0027s Box","Snecko Eye"],"picked":"Runic Pyramid"}],"items_purged_floors":[],"is_endless":false,"potions_floor_spawned":[1,2,13,16,18],"killed_by":"Cultist and Chosen","ascension_level":0}}