{"host":"dx6ebij41v9wei4v","time":1607651554,"event":{"mods":["A Magickal Journey","AchievementEnabler","Act Like it!","Aspiration","Astrologer","BaseMod","CapriCore","Conspire","Friendly Minions","Halation","Hubris","Jorbs\u0027s Wanderer Trilogy","LagranYue(???·?)","Marisa????????","Mimic Mod","Minty Spire (QoL Compilation)","MostiFishMod","Remilia??????","Replay The Spire","Shade Mod","StSLib","Td1madao Mod","The Blackbeard","The Clintock","The Senshi","The Spell Scribe"],"gold_per_floor":[112,112,13,23,38,70,82,82,122,142,174,174,189,205,205,310,310,322,334,82,102,114,114,143,143,143,143,184,184,210,225,225,321,321,335,39,39,39,59,59,88,88,120,130,141,101,101,113,113,113,113,113,7,42,42],"floor_reached":56,"playtime":8328,"items_purged":["RedMoon","Strike_RM"],"score":1404,"play_id":"fc79b469-cd03-46be-baf1-b229964b67a6","local_time":"20201210195234","is_ascension_mode":false,"campfire_choices":[{"floor":12,"key":"RECALL"},{"data":"Stigmanizer","floor":15,"key":"SMITH"},{"floor":23,"key":"REST"},{"floor":27,"key":"REST"},{"data":"AfternoonTea","floor":29,"key":"SMITH"},{"floor":32,"key":"REST"},{"data":"Secret Technique","floor":40,"key":"SMITH"},{"floor":47,"key":"REST"},{"data":"ScarletMeister","floor":52,"key":"SMITH"}],"circlet_count":0,"master_deck":["Strike_RM+1","Strike_RM","Strike_RM","Defend_RM","Defend_RM+1","Defend_RM","Defend_RM","ScarletShoot","AfternoonTea+1","CharismaGuard","ScarletImprint","RedNightlessCastle","MillenniumVampire","ScarletDevil","FitfulNightmare","Stigmanizer+1","EndlessAdversity","EternalNight","DiffusionOfMisfortune","HunterOfTheNight+1","BloodyHallows","SuperhumanBloodyKnife+1","EndlessAdversity+1","MastersStateliness","UnstableMagic","Ultimatum","GlobalNightmare","ScarletImprint+1","RedRainbow+1","Septette","MastersStateliness","HellCatastrophe","UnstableMagic+1","ScarletMeister+1","MastersStateliness","DiffusionOfMisfortune+1","Dark Shackles","UnstableMagic","UnstableMagic","Secret Technique+1","Forethought","EternalNight+1","Wraith","NightDance+1","Stigmanizer+1","BombardNight","Ultimatum+1","UnderTheZenith","Finesse"],"relics":["ScarletHat","DaveBox","LagranYue:RandomDrawCardRelic","aspiration:Nostalgia","Burning Blood","Question Card","Blue Doll","halation:PinkSoulGem","aspiration:HummingbirdHeart","ImportantClient","ChiXiaoBlade","Nunchaku","halation:LettersToHer","halation:StarCompass","hubris:PeanutButter","LagranYue:MagicReflectiveArmorRelic","aspiration:ChemicalBlood","JellyFishMachine","Lantern","White Beast Statue","halation:BottledLove","aspiration:Lifesprig"],"acts_visited":["Exordium","TheCity","TheBeyond","TheEnding"],"potions_floor_usage":[21,24,24,24,45,45,45,50,50,55,55,55,55,55],"damage_taken":[{"damage":7,"enemies":"Cultist","floor":1,"turns":5},{"damage":0,"enemies":"2 Louse","floor":4,"turns":6},{"damage":0,"enemies":"Small Slimes","floor":5,"turns":4},{"damage":34,"enemies":"Gremlin Nob","floor":6,"turns":7},{"damage":0,"enemies":"Looter","floor":7,"turns":4},{"damage":0,"enemies":"2 Fungi Beasts","floor":9,"turns":8},{"damage":4,"enemies":"2 Fungi Beasts","floor":10,"turns":5},{"damage":0,"enemies":"3 Sentries","floor":11,"turns":7},{"damage":0,"enemies":"3 Louse","floor":13,"turns":4},{"damage":3,"enemies":"Large Slime","floor":14,"turns":4},{"damage":1,"enemies":"Slime Boss","floor":16,"turns":12},{"damage":0,"enemies":"3 Byrds","floor":18,"turns":9},{"damage":0,"enemies":"Chosen","floor":19,"turns":5},{"damage":7,"enemies":"Snecko","floor":21,"turns":7},{"damage":30,"enemies":"3 Cultists","floor":22,"turns":7},{"damage":42,"enemies":"Gremlin Leader","floor":24,"turns":7},{"damage":0,"enemies":"conspire:MimicChest","floor":28,"turns":8},{"damage":48,"enemies":"Replay:Snechameleon","floor":30,"turns":5},{"damage":0,"enemies":"Centurion and Healer","floor":31,"turns":5},{"damage":0,"enemies":"Pondfish","floor":33,"turns":10},{"damage":9,"enemies":"3 Shapes","floor":35,"turns":4},{"damage":0,"enemies":"3 Darklings","floor":39,"turns":3},{"damage":0,"enemies":"R_Hoarder","floor":41,"turns":7},{"damage":0,"enemies":"Maw","floor":43,"turns":8},{"damage":0,"enemies":"Maw","floor":44,"turns":5},{"damage":46,"enemies":"4 Shapes","floor":45,"turns":6},{"damage":0,"enemies":"Spire Growth","floor":48,"turns":5},{"damage":0,"enemies":"Replay:Hell Engine","floor":50,"turns":9},{"damage":0,"enemies":"Shield and Spear","floor":54,"turns":8},{"damage":87,"enemies":"The Heart","floor":55,"turns":9}],"seed_played":"-7865241475734566728","potions_obtained":[{"floor":4,"key":"Block Potion"},{"floor":6,"key":"Languid Potion"},{"floor":10,"key":"Venom Potion"},{"floor":11,"key":"SteroidPotion"},{"floor":13,"key":"Strength Potion"},{"floor":21,"key":"Languid Potion"},{"floor":22,"key":"Block Potion"},{"floor":30,"key":"AttackPotion"},{"floor":31,"key":"SneckoOil"},{"floor":35,"key":"Languid Potion"},{"floor":39,"key":"Block Potion"},{"floor":43,"key":"Swift Potion"},{"floor":45,"key":"SpeedPotion"},{"floor":48,"key":"Block Potion"},{"floor":54,"key":"Strength Potion"},{"floor":55,"key":"AttackPotion"}],"is_trial":false,"path_per_floor":["M","?","$","M","M","E","M","?","MIM","M","E","R","M","M","R","B",null,"M","M","$","M","M","R","E","?","T","R","?","R","E","M","R","B",null,"M","$","?","?","M","R","E","?","MIM","M","M","?","R","M","R","B",null,"R","$","E","B",null],"character_chosen":"REMILIA","items_purchased":["CharismaGuard","ScarletImprint","Nunchaku","MastersStateliness","UnstableMagic","Dark Shackles","Lantern","UnstableMagic","Ultimatum+1","UnderTheZenith","Finesse"],"campfire_rested":4,"item_purchase_floors":[3,3,20,20,20,36,36,36,53,53,53],"current_hp_per_floor":[74,74,74,75,75,47,55,55,63,65,71,71,75,75,75,75,75,75,75,75,74,58,75,39,39,39,61,70,70,31,39,61,75,75,74,74,69,75,75,75,75,75,75,75,44,44,66,75,75,75,75,75,75,75,24],"gold":42,"neow_bonus":"NOSTALGIA","is_daily":false,"chose_seed":false,"campfire_upgraded":4,"win_rate":0.0,"timestamp":1607651554,"path_taken":["M","?","?","?","M","E","M","?","MIM","M","E","R","M","M","R","BOSS","M","M","$","M","M","R","E","?","T","R","?","R","E","M","R","BOSS","M","$","?","?","M","R","E","?","MIM","M","?","?","R","M","R","BOSS","R","$","E","BOSS"],"items_purchased_type":["Card","Card","Relic","Card","Card","Card","Relic","Card","Undefined","Card","Card"],"build_version":"2020-11-30","purchased_purges":2,"victory":true,"max_hp_per_floor":[75,75,75,75,75,75,75,75,75,75,75,75,75,75,75,75,75,75,75,75,75,75,75,75,75,75,75,75,75,75,75,75,75,75,75,75,75,75,75,75,75,75,75,75,75,75,75,75,75,75,75,75,75,75,75],"card_choices":[{"not_picked":["ScarletDevil","BombardNight"],"picked":"AfternoonTea","floor":1},{"not_picked":["BloodyTrap","ScarletImprint","ScarletDream"],"picked":"RedNightlessCastle","floor":4},{"not_picked":["MastersStateliness","BloodHunter","CharismaGuard"],"picked":"MillenniumVampire","floor":5},{"not_picked":["BadLadyScramble","VampireSweep","CeilingFear"],"picked":"ScarletDevil","floor":6},{"not_picked":["BombardNight","StarOfDavid","FavorOfDestiny"],"picked":"FitfulNightmare","floor":7},{"not_picked":["ScarletGensokyo","StarOfDavid","CharismaGuard"],"picked":"Stigmanizer","floor":9},{"not_picked":["GlobalNightmare","VampirishNight","CharismaGuard"],"picked":"EndlessAdversity","floor":10},{"not_picked":["ScarletSymphony","ChaoticDestiny","ScarletDevilSign"],"picked":"EternalNight","floor":11},{"not_picked":["VampireKiss","MastersStateliness","UnstableMagic"],"picked":"DiffusionOfMisfortune","floor":13},{"not_picked":["CharismaGuard","BlasphemousPunishment","Septette"],"picked":"HunterOfTheNight","floor":14},{"not_picked":["ForecastOfChange","DemonKingCradle","CurseOfVladTepes"],"picked":"BloodyHallows","floor":16},{"not_picked":["BloodyTrap","VampireKiss+1","VampirishNight+1"],"picked":"SuperhumanBloodyKnife+1","floor":18},{"not_picked":["BloodHunter+1","UltimateOffering","DiffusionOfMisfortune"],"picked":"EndlessAdversity+1","floor":19},{"not_picked":["MiserableFate","BloodyTrap","ScarletDevil"],"picked":"Ultimatum","floor":21},{"not_picked":["SuperhumanBloodyKnife","BloodyTrap","BloodHunter"],"picked":"GlobalNightmare","floor":22},{"not_picked":["BloodyCatastrophe","RedMagic","BombardNight+1"],"picked":"ScarletImprint+1","floor":24},{"not_picked":["BloodyTrap","ScarletImprint","MastersStateliness"],"picked":"RedRainbow+1","floor":28},{"not_picked":["ScarletDevil+1","MiserableFate","ScarletImprint"],"picked":"Septette","floor":28},{"not_picked":["ScarletDream","VampireSweep","NightLord+1"],"picked":"MastersStateliness","floor":30},{"not_picked":["ChainGang+1","BloodHunter","ScarletDream"],"picked":"HellCatastrophe","floor":30},{"not_picked":["NightDance","ScarletDevilSign","MiserableFate+1"],"picked":"UnstableMagic+1","floor":31},{"not_picked":["QueenOfMidnight","BloodySeventeenLaser","BloodRain"],"picked":"ScarletMeister","floor":33},{"not_picked":["UnderTheZenith+1","Septette+1","BadLadyScramble"],"picked":"MastersStateliness","floor":35},{"not_picked":["EndlessAdversity","ScarletDream","ScarletGensokyo+1"],"picked":"DiffusionOfMisfortune+1","floor":35},{"not_picked":["ReplayTheSpireMod:Trickstab","MostiFishMod:Neptune","Metamorphosis"],"picked":"Secret Technique","floor":37},{"not_picked":["Magnetism","MostiFishMod:SupremeArchaeology","Madness"],"picked":"Forethought","floor":37},{"not_picked":["ScarletGensokyo+1","UltimateOffering+1","FavorOfDestiny+1"],"picked":"EternalNight+1","floor":39},{"not_picked":["LeisurelyOfLord","ScarletDevilSign","EndlessAdversity","Stigmanizer"],"picked":"SKIP","floor":41},{"not_picked":["MiserableFate+1","UnstableMagic","UnderTheZenith+1"],"picked":"NightDance+1","floor":43},{"not_picked":["NightDance","BloodyTrap","ScarletDevilSign"],"picked":"Stigmanizer+1","floor":44},{"not_picked":["EndlessAdversity","Stigmanizer+1","FavorOfDestiny"],"picked":"BombardNight","floor":45},{"not_picked":["BloodHunter","MastersStateliness","NightLord","Maim"],"picked":"SKIP","floor":48},{"not_picked":["BadLadyScramble+1","UnstableMagic","HeartBreak","EndlessAdversity"],"picked":"SKIP","floor":54}],"player_experience":194729,"relics_obtained":[{"floor":1,"key":"Question Card"},{"floor":6,"key":"Blue Doll"},{"floor":11,"key":"aspiration:HummingbirdHeart"},{"floor":16,"key":"ImportantClient"},{"floor":24,"key":"halation:LettersToHer"},{"floor":26,"key":"halation:LettersToHer"},{"floor":26,"key":"hubris:PeanutButter"},{"floor":28,"key":"LagranYue:MagicReflectiveArmorRelic"},{"floor":30,"key":"aspiration:ChemicalBlood"},{"floor":41,"key":"White Beast Statue"},{"floor":43,"key":"halation:BottledLove"},{"floor":43,"key":"halation:LettersToHer"},{"floor":54,"key":"aspiration:Lifesprig"}],"event_choices":[{"damage_healed":0,"gold_gain":0,"player_choice":"Ignored","damage_taken":0,"max_hp_gain":0,"max_hp_loss":0,"event_name":"Purifier","floor":2,"gold_loss":0},{"damage_healed":0,"gold_gain":0,"player_choice":"Memory 2","damage_taken":5,"max_hp_gain":0,"max_hp_loss":0,"event_name":"SensoryStone","floor":37,"gold_loss":0},{"damage_healed":0,"gold_gain":0,"player_choice":"Ignored","damage_taken":0,"max_hp_gain":0,"max_hp_loss":0,"event_name":"OrinTheCat","floor":42,"gold_loss":0},{"damage_healed":0,"gold_gain":0,"player_choice":"Upgraded Two","damage_taken":0,"max_hp_gain":0,"max_hp_loss":0,"event_name":"Designer","floor":46,"gold_loss":40,"cards_upgraded":["Defend_RM","Strike_RM"]}],"is_beta":false,"boss_relics":[{"not_picked":["Replay:Ancient Bell","PatriotShield"],"picked":"ChiXiaoBlade"},{"not_picked":["conspire:RunicOctahedron","hubris:Backtick"],"picked":"JellyFishMachine"}],"items_purged_floors":[20,36],"is_endless":false,"potions_floor_spawned":[4,6,10,11,13,16,21,22,30,31,35,39,43,44,45,48,54],"ascension_level":0}}