{"host":"f7oa3d5f3fx74imu","time":1607720343,"event":{"mods":["AchievementEnabler","Aspiration","BaseMod","Better Altar","Better Third Choice","BetterRewards","Conspire","Downfall","Hubris","Infinite Spire","Lobotomy","Minty Spire (QoL Compilation)","Replay The Spire","Shop Mod","Spicy Shops","StSLib"],"gold_per_floor":[114,126,145,145,165,197,197,197,197],"floor_reached":8,"playtime":359,"items_purged":[],"score":134,"play_id":"43260840-39a1-42f6-bbbd-92f35b7e541a","local_time":"20201211125903","is_ascension_mode":true,"campfire_choices":[],"circlet_count":0,"master_deck":["Strike_B","Strike_B","Strike_B","Strike_B","Defend_B","Defend_B","Defend_B","Defend_B","Zap","Dualcast","SpiderBud","BootSequence","QueenBee","Melter","FairyFestival","Leap","Burst","Barricade","HappyTeddy","Machine Learning","OSAHOGD","Pot Of Greed","Pot Of Greed","Creative AI","Pain","Slimebound:Icky","Pot Of Greed","infinitespire:FutureSight"],"relics":["Cracked Core","CogitoBucket","Bag of Preparation","Boot","Grinning Jar"],"acts_visited":["Exordium"],"potions_floor_usage":[8],"damage_taken":[{"damage":1,"enemies":"Small Slimes","floor":1,"turns":3},{"damage":0,"enemies":"2 Louse","floor":2,"turns":2},{"damage":1,"enemies":"Cultist","floor":3,"turns":3},{"damage":1,"enemies":"Looter","floor":5,"turns":2},{"damage":21,"enemies":"3 Sentries","floor":6,"turns":4},{"damage":40,"enemies":"Lagavulin","floor":8,"turns":3}],"seed_played":"8056929540448321148","potions_obtained":[{"floor":2,"key":"SpeedPotion"},{"floor":5,"key":"PowerPotion"}],"is_trial":false,"path_per_floor":["M","M","M","?","M","E","?","E"],"character_chosen":"DEFECT","items_purchased":[],"campfire_rested":0,"item_purchase_floors":[],"current_hp_per_floor":[67,67,66,3,52,34,34,0,0],"gold":197,"neow_bonus":"","is_daily":false,"chose_seed":false,"campfire_upgraded":0,"win_rate":0.0,"timestamp":1607720343,"path_taken":["M","M","M","?","M","E","?","E"],"items_purchased_type":[],"build_version":"2020-11-30","purchased_purges":0,"victory":false,"max_hp_per_floor":[75,75,75,105,105,105,105,105,105],"card_choices":[{"not_picked":["ShyLook","Wellcheers"],"picked":"SpiderBud","floor":1},{"not_picked":["Turbo","Compile Driver"],"picked":"BootSequence","floor":1},{"not_picked":["ShyLook","Murderer"],"picked":"QueenBee","floor":2},{"not_picked":["BootSequence","Rip and Tear"],"picked":"Melter","floor":2},{"not_picked":["RedShoes","WallGazer"],"picked":"FairyFestival","floor":3},{"not_picked":["Streamline","Barrage"],"picked":"Leap","floor":3},{"not_picked":["Wellcheers","Murderer"],"picked":"HappyTeddy","floor":5},{"not_picked":["Panic Button","ReplayTheSpireMod:Reroute Power"],"picked":"Machine Learning","floor":5},{"not_picked":["SnowQueen","UniverseFragment"],"picked":"OSAHOGD","floor":6},{"not_picked":["Gash","Streamline"],"picked":"Creative AI","floor":6},{"not_picked":["hubris:Rewind","ReplayTheSpireMod:Black Plague"],"picked":"infinitespire:FutureSight","floor":7}],"player_experience":208799,"relics_obtained":[{"floor":6,"key":"Grinning Jar"}],"event_choices":[],"is_beta":false,"boss_relics":[],"items_purged_floors":[],"is_endless":false,"potions_floor_spawned":[2,5],"killed_by":"Lagavulin","ascension_level":9}}