{"host":"2pgz2fctomabfk86","time":1607659729,"event":{"mods":["AchievementEnabler","BaseMod","Colored Map","DeckTracker","Minty Spire (QoL Compilation)","StSLib","SuperFastMode"],"gold_per_floor":[109,34,9,22,36,36,36,48,72,91,106,106,156,185,185,258,258,272,165,185,185,185,185,216,216,216,247,247,257,257,267,267,267,267],"floor_reached":33,"playtime":1500,"items_purged":["Strike_R","Defend_R"],"score":477,"play_id":"d8cb47eb-5de2-48e9-91b1-7a2ead86ebf3","local_time":"20201211130849","is_ascension_mode":true,"campfire_choices":[{"data":"Flex","floor":6.0,"key":"SMITH"},{"data":"Double Tap","floor":12.0,"key":"SMITH"},{"data":"Disarm","floor":15,"key":"SMITH"},{"data":"Sword Boomerang","floor":23,"key":"SMITH"},{"floor":28,"key":"REST"},{"floor":32,"key":"REST"}],"circlet_count":0,"master_deck":["AscendersBane","Defend_R","Defend_R","Defend_R","Bash","Double Tap+1","Disarm+1","Headbutt","Flex+1","Sword Boomerang+1","Impervious","Immolate","Thunderclap+1","Battle Trance+1","Havoc+1","Shockwave+1","Shrug It Off","Armaments+1","Burning Pact"],"relics":["Burning Blood","Smiling Mask","Potion Belt","Astrolabe","Happy Flower","Calipers","Red Mask","Enchiridion"],"acts_visited":["Exordium","TheCity"],"potions_floor_usage":[14,16,27,31,33],"damage_taken":[{"damage":1.0,"enemies":"Cultist","floor":1.0,"turns":3.0},{"damage":5.0,"enemies":"2 Louse","floor":4.0,"turns":3.0},{"damage":0.0,"enemies":"Small Slimes","floor":5.0,"turns":3.0},{"damage":16.0,"enemies":"Blue Slaver","floor":8.0,"turns":3.0},{"damage":13.0,"enemies":"Looter","floor":10.0,"turns":3.0},{"damage":6.0,"enemies":"3 Louse","floor":11.0,"turns":3.0},{"damage":30,"enemies":"Lagavulin","floor":14,"turns":7},{"damage":21,"enemies":"The Guardian","floor":16,"turns":14},{"damage":4,"enemies":"Chosen","floor":18,"turns":6},{"damage":17,"enemies":"2 Thieves","floor":20,"turns":3},{"damage":19,"enemies":"Gremlin Leader","floor":24,"turns":5},{"damage":12,"enemies":"Masked Bandits","floor":27,"turns":2},{"damage":0,"enemies":"Cultist and Chosen","floor":29,"turns":4},{"damage":11,"enemies":"Snecko","floor":31,"turns":4},{"damage":65,"enemies":"Collector","floor":33,"turns":7}],"seed_played":"2025307537461071725","potions_obtained":[{"floor":1.0,"key":"SpeedPotion"},{"floor":8.0,"key":"SpeedPotion"},{"floor":11.0,"key":"Dexterity Potion"},{"floor":29,"key":"DuplicationPotion"},{"floor":31,"key":"Regen Potion"}],"is_trial":false,"path_per_floor":["M","$","$","M","M","R","$","M","T","M","M","R","?","E","R","B",null,"M","$","M","?","?","R","E","?","T","?","R","M","?","M","R","B"],"character_chosen":"IRONCLAD","items_purchased":["Headbutt","Strength Potion"],"campfire_rested":2,"item_purchase_floors":[3,19],"current_hp_per_floor":[73,73,73,74,75,75,75,65,65,58,58,58,51,27,27,12,59,61,61,50,50,29,29,16,16,16,10,34,40,19,14,38,0,0],"gold":267,"neow_bonus":"TRANSFORM_CARD","is_daily":false,"chose_seed":false,"campfire_upgraded":4,"win_rate":0.0,"timestamp":1607659729,"path_taken":["M","?","$","?","?","R","$","M","T","M","M","R","?","E","R","BOSS","M","$","?","?","?","R","E","?","T","?","R","M","?","M","R","BOSS"],"items_purchased_type":["Card","Potion"],"build_version":"2020-11-30","purchased_purges":2,"victory":false,"max_hp_per_floor":[75,75,75,75,75,75,75,75,75,75,75,75,75,75,75,75,75,75,75,75,75,80,80,80,80,80,80,80,80,80,80,80,80,80],"card_choices":[{"not_picked":["Feel No Pain","Havoc"],"picked":"Disarm","floor":1.0},{"not_picked":["Twin Strike","Evolve"],"picked":"Flex","floor":4.0},{"not_picked":["Thunderclap","Pommel Strike","Combust"],"picked":"SKIP","floor":5.0},{"not_picked":["Evolve","Twin Strike"],"picked":"Sword Boomerang","floor":8.0},{"not_picked":["Heavy Blade","Thunderclap","Flex"],"picked":"SKIP","floor":10.0},{"not_picked":["Rampage","Sword Boomerang","Perfected Strike"],"picked":"SKIP","floor":11.0},{"not_picked":["Headbutt","Rupture"],"picked":"Impervious","floor":14},{"not_picked":["Fiend Fire","Brutality"],"picked":"Immolate","floor":16},{"not_picked":["Cleave","Shrug It Off"],"picked":"Shockwave+1","floor":18},{"not_picked":["Infernal Blade","Twin Strike","Thunderclap"],"picked":"SKIP","floor":20},{"not_picked":["Twin Strike+1","Flex"],"picked":"Shrug It Off","floor":24},{"not_picked":["Evolve","Intimidate"],"picked":"Armaments+1","floor":27},{"not_picked":["Rage","Shrug It Off"],"picked":"Burning Pact","floor":29},{"not_picked":["Combust","Warcry","Twin Strike"],"picked":"SKIP","floor":31}],"player_experience":872961,"relics_obtained":[{"floor":9.0,"key":"Smiling Mask"},{"floor":14,"key":"Potion Belt"},{"floor":24,"key":"Happy Flower"},{"floor":26,"key":"Calipers"},{"floor":27,"key":"Red Mask"},{"floor":30,"key":"Enchiridion"}],"event_choices":[{"damage_healed":0,"gold_gain":50,"player_choice":"Touch","damage_taken":7,"max_hp_gain":0,"max_hp_loss":0,"event_name":"FaceTrader","floor":13,"gold_loss":0},{"damage_healed":0,"gold_gain":0,"player_choice":"Ignored","damage_taken":0,"max_hp_gain":0,"max_hp_loss":0,"event_name":"The Mausoleum","floor":21,"gold_loss":0},{"damage_healed":0,"gold_gain":0,"player_choice":"Shed Blood","damage_taken":26,"max_hp_gain":5,"max_hp_loss":0,"event_name":"Forgotten Altar","floor":22,"gold_loss":0},{"damage_healed":0,"gold_gain":0,"player_choice":"Ignored","damage_taken":0,"max_hp_gain":0,"max_hp_loss":0,"event_name":"Ghosts","floor":25,"gold_loss":0},{"damage_healed":0,"gold_gain":0,"player_choice":"Fought Bandits","damage_taken":0,"max_hp_gain":0,"max_hp_loss":0,"event_name":"Masked Bandits","floor":27,"gold_loss":0},{"damage_healed":0,"gold_gain":0,"player_choice":"Obtained Book","damage_taken":21,"max_hp_gain":0,"max_hp_loss":0,"event_name":"Cursed Tome","floor":30,"gold_loss":0}],"is_beta":false,"boss_relics":[{"not_picked":["Philosopher\u0027s Stone","Cursed Key"],"picked":"Astrolabe"}],"items_purged_floors":[2,19],"is_endless":false,"potions_floor_spawned":[1,8,11,29,31],"killed_by":"Collector","ascension_level":16}}