{"host":"63rwe7p34ct1i0qu","time":1607692270,"event":{"mods":["BaseMod","DeckTracker","Minty Spire (QoL Compilation)","Permanent Neow","Quick Restart","StSLib"],"gold_per_floor":[115,115,160,81,156,156,167,182,232,251,251,251],"floor_reached":11,"playtime":348,"items_purged":[],"score":82,"play_id":"f99c4d5f-0221-4591-b539-2517acf665b0","local_time":"20201211221110","is_ascension_mode":true,"campfire_choices":[{"data":"Genetic Algorithm","floor":6,"key":"SMITH"}],"circlet_count":0,"master_deck":["Strike_B","Strike_B","Strike_B","Defend_B","Defend_B","Defend_B","Defend_B","Zap","Dualcast","Rebound","Genetic Algorithm+1","Conserve Battery"],"relics":["Busted Crown","Strawberry","Bag of Preparation"],"acts_visited":["Exordium"],"potions_floor_usage":[],"damage_taken":[{"damage":4.0,"enemies":"Jaw Worm","floor":1.0,"turns":4.0},{"damage":0,"enemies":"Small Slimes","floor":7,"turns":3},{"damage":1,"enemies":"Cultist","floor":8,"turns":4},{"damage":6,"enemies":"Looter","floor":10,"turns":3},{"damage":58,"enemies":"Gremlin Nob","floor":11,"turns":5}],"seed_played":"-1158570544784946357","potions_obtained":[],"is_trial":false,"path_per_floor":["M","?","T","$","?","R","M","M","T","M","E"],"character_chosen":"DEFECT","items_purchased":["Genetic Algorithm"],"campfire_rested":0,"item_purchase_floors":[4],"current_hp_per_floor":[64,64,71,71,63,63,63,62,62,56,0,0],"gold":251,"neow_bonus":"BOSS_RELIC","is_daily":false,"chose_seed":false,"campfire_upgraded":1,"win_rate":0.0,"timestamp":1607692270,"path_taken":["M","?","?","$","?","R","M","M","T","M","E"],"items_purchased_type":["Card"],"build_version":"2020-11-30","purchased_purges":0,"victory":false,"max_hp_per_floor":[75,75,82,82,82,82,82,82,82,82,82,82],"card_choices":[{"not_picked":["Gash"],"picked":"SKIP","floor":1.0},{"not_picked":[],"picked":"Conserve Battery","floor":7},{"not_picked":["Reprogram"],"picked":"SKIP","floor":8},{"not_picked":["Beam Cell"],"picked":"SKIP","floor":10}],"player_experience":1272699,"relics_obtained":[{"floor":3.0,"key":"Strawberry"},{"floor":9,"key":"Bag of Preparation"}],"event_choices":[{"damage_healed":0.0,"max_hp_gain":0.0,"max_hp_loss":0.0,"gold_gain":0.0,"cards_transformed":["Strike_B"],"event_name":"Living Wall","player_choice":"Change","floor":2.0,"gold_loss":0.0,"damage_taken":0.0,"cards_obtained":["Rebound"]},{"damage_healed":0,"gold_gain":75,"player_choice":"Touch","damage_taken":8,"max_hp_gain":0,"max_hp_loss":0,"event_name":"FaceTrader","floor":5,"gold_loss":0}],"is_beta":false,"boss_relics":[],"items_purged_floors":[],"is_endless":false,"potions_floor_spawned":[],"killed_by":"Gremlin Nob","ascension_level":6}}