{"host":"e87rn453naquue3h","time":1607720612,"event":{"mods":["AchievementEnabler","BaseMod","Minty Spire (QoL Compilation)","Relic Stats","StSLib"],"gold_per_floor":[366,366,380,455,42,60,60,85,110,121,151,168,168,201,201,201,201],"floor_reached":16,"playtime":961,"items_purged":[],"score":218,"play_id":"87a06ae2-988c-4095-b762-9d9ba34bfe4c","local_time":"20201211160332","is_ascension_mode":true,"campfire_choices":[{"floor":7,"key":"REST"},{"floor":13,"key":"REST"},{"floor":15,"key":"REST"}],"circlet_count":0,"master_deck":["AscendersBane","Strike_P","Strike_P","Strike_P","Strike_P+1","Defend_P","Defend_P","Defend_P+1","Defend_P","Eruption","Vigilance","ThirdEye","CutThroughFate","Crescendo","ClearTheMind","Wallop","InnerPeace","JustLucky"],"relics":["PureWater","Melange","Yang","Toy Ornithopter","Anchor","Mercury Hourglass","Pen Nib"],"acts_visited":["Exordium"],"potions_floor_usage":[11,14,16],"damage_taken":[{"damage":2,"enemies":"Jaw Worm","floor":1,"turns":3},{"damage":4,"enemies":"Small Slimes","floor":3,"turns":4},{"damage":6,"enemies":"2 Louse","floor":6,"turns":3},{"damage":12,"enemies":"Lagavulin","floor":8,"turns":6},{"damage":7,"enemies":"Exordium Wildlife","floor":10,"turns":4},{"damage":27,"enemies":"3 Sentries","floor":11,"turns":13},{"damage":1,"enemies":"Looter","floor":12,"turns":3},{"damage":0,"enemies":"Gremlin Nob","floor":14,"turns":3},{"damage":55,"enemies":"Hexaghost","floor":16,"turns":12}],"seed_played":"4946957987752620971","potions_obtained":[{"floor":3,"key":"GamblersBrew"},{"floor":10,"key":"Weak Potion"},{"floor":11,"key":"AttackPotion"}],"is_trial":false,"path_per_floor":["M","?","M","?","$","M","R","E","T","M","E","M","R","E","R","B"],"character_chosen":"WATCHER","items_purchased":["Melange","Yang"],"campfire_rested":3,"item_purchase_floors":[5,5],"current_hp_per_floor":[63,50,46,35,35,29,48,36,36,29,7,6,25,30,49,0,0],"gold":201,"neow_bonus":"TWO_FIFTY_GOLD","is_daily":false,"chose_seed":false,"campfire_upgraded":0,"win_rate":0.0,"timestamp":1607720612,"path_taken":["M","?","M","?","$","M","R","E","T","M","E","M","R","E","R","BOSS"],"items_purchased_type":["Relic","Relic"],"build_version":"2020-11-30","purchased_purges":0,"victory":false,"max_hp_per_floor":[65,65,65,65,65,65,65,65,65,65,65,65,65,65,65,65,65],"relic_stats":{"counters":[9,51],"Melange":[42],"Yang":[69],"Pen Nib":[2],"obtain_stats":[{"Anchor":9,"Melange":5,"Yang":5,"Pen Nib":14,"PureWater":0,"Toy Ornithopter":8,"Mercury Hourglass":11},{"Anchor":4,"Melange":2,"Yang":2,"Pen Nib":8,"PureWater":0,"Toy Ornithopter":4,"Mercury Hourglass":6},{"Anchor":16,"Melange":7,"Yang":7,"Pen Nib":39,"PureWater":0,"Toy Ornithopter":16,"Mercury Hourglass":33}],"Toy Ornithopter":15,"Mercury Hourglass":[51]},"card_choices":[{"not_picked":["ClearTheMind","Sanctity"],"picked":"ThirdEye","floor":1},{"not_picked":["FlurryOfBlows","CarveReality"],"picked":"CutThroughFate","floor":3},{"not_picked":["Consecrate","JustLucky"],"picked":"Crescendo","floor":6},{"not_picked":["Collect","Perseverance"],"picked":"ClearTheMind","floor":8},{"not_picked":["PathToVictory","FollowUp","DeceiveReality"],"picked":"SKIP","floor":10},{"not_picked":["Halt","Perseverance"],"picked":"Wallop","floor":11},{"not_picked":["JustLucky","Protect"],"picked":"InnerPeace","floor":12},{"not_picked":["EmptyBody","TalkToTheHand"],"picked":"JustLucky","floor":14}],"player_experience":2244819,"relics_obtained":[{"floor":8,"key":"Toy Ornithopter"},{"floor":9,"key":"Anchor"},{"floor":11,"key":"Mercury Hourglass"},{"floor":14,"key":"Pen Nib"}],"event_choices":[{"damage_healed":0,"gold_gain":0,"player_choice":"Entered Light","damage_taken":13,"max_hp_gain":0,"max_hp_loss":0,"event_name":"Shining Light","floor":2,"gold_loss":0,"cards_upgraded":["Defend_P","Strike_P"]},{"damage_healed":0,"gold_gain":75,"player_choice":"Gather Gold","damage_taken":11,"max_hp_gain":0,"max_hp_loss":0,"event_name":"World of Goop","floor":4,"gold_loss":0}],"is_beta":false,"boss_relics":[],"items_purged_floors":[],"is_endless":false,"potions_floor_spawned":[3,10,11],"killed_by":"Hexaghost","ascension_level":10}}