{"host":"4kqw88srlhl37mck","time":1607663967,"event":{"mods":["BaseMod","Better Altar","Better Match","Better Note","Better Sensory Stone","Better Skull","Better Third Choice","Marisa（霧雨　魔理沙）","Minty Spire (QoL Compilation)","Quick Restart","Rare Cards Sparkle","Remilia（蕾米莉亚）","StSLib","The Animator","The Forsaken","The Servant 0.9.4","Yuri Mod"],"gold_per_floor":[119,119,119,136,156,156,186,186,186,31,61,41,41,41],"floor_reached":13,"playtime":1322,"items_purged":[],"score":116,"play_id":"9be29983-c65c-4b84-9423-c34c1183cc6e","local_time":"20201210211927","is_ascension_mode":false,"campfire_choices":[{"floor":6,"key":"RECALL"},{"floor":8,"key":"REST"}],"circlet_count":0,"master_deck":["animator:Strike_Konosuba","animator:Defend_Konosuba","animator:Strike","animator:Strike","animator:Strike","animator:Defend","animator:Defend","animator:Defend","animator:Kazuma","animator:Aqua","animator:Shion+1","animator:Cocytus","animator:HighElfArcher","animator:Souei"],"relics":["animator:LivingPicture","animator:TheMissingPiece","animator:PurgingStone","InkBottle","Lee\u0027s Waffle","Gremlin Horn"],"acts_visited":["Exordium"],"potions_floor_usage":[13,13,13],"damage_taken":[{"damage":2,"enemies":"Jaw Worm","floor":1,"turns":8},{"damage":2,"enemies":"2 Louse","floor":4,"turns":5},{"damage":0,"enemies":"Cultist","floor":5,"turns":5},{"damage":61,"enemies":"Gremlin Nob","floor":7,"turns":6},{"damage":53,"enemies":"Lagavulin","floor":11,"turns":9},{"damage":50,"enemies":"3 Sentries","floor":13,"turns":9}],"seed_played":"8852131089598551155","potions_obtained":[{"floor":4,"key":"LiquidMemories"},{"floor":7,"key":"SteroidPotion"},{"floor":12,"key":"Regen Potion"}],"is_trial":false,"path_per_floor":["M","?","?","M","M","R","E","R","T","$","E","?","E"],"character_chosen":"THE_ANIMATOR","items_purchased":["Lee\u0027s Waffle"],"campfire_rested":1,"item_purchase_floors":[10],"current_hp_per_floor":[72,77,77,75,77,77,18,41,41,84,33,33,0,0],"gold":41,"neow_bonus":"TEN_PERCENT_HP_BONUS","is_daily":false,"chose_seed":false,"campfire_upgraded":0,"win_rate":0.0,"timestamp":1607663967,"path_taken":["M","?","?","M","M","R","E","R","T","$","E","?","E"],"items_purchased_type":["Relic"],"build_version":"2020-11-30","purchased_purges":0,"victory":false,"max_hp_per_floor":[72,77,77,77,77,77,77,77,77,84,84,84,84,84],"card_choices":[{"not_picked":["animator:Elsword","animator:Kazuma"],"picked":"animator:Shion","floor":1},{"not_picked":["animator:TukaLunaMarceau","animator:Bozes"],"picked":"animator:Cocytus","floor":4},{"not_picked":["animator:Shinoa","animator:YaoHaDucy"],"picked":"animator:HighElfArcher","floor":5},{"not_picked":["animator:Vesta","animator:Millim"],"picked":"animator:Souei","floor":7},{"not_picked":["animator:RoryMercury","animator:Shinoa","animator:Yuuichirou"],"picked":"SKIP","floor":11}],"player_experience":189133,"relics_obtained":[{"floor":7,"key":"InkBottle"},{"floor":11,"key":"Gremlin Horn"}],"event_choices":[{"damage_healed":0,"gold_gain":0,"player_choice":"Donut","damage_taken":0,"max_hp_gain":5,"max_hp_loss":0,"event_name":"Big Fish","floor":2,"gold_loss":0},{"damage_healed":0,"gold_gain":0,"player_choice":"Grow","damage_taken":0,"max_hp_gain":0,"max_hp_loss":0,"event_name":"Living Wall","floor":3,"gold_loss":0,"cards_upgraded":["animator:Shion"]},{"damage_healed":0,"gold_gain":0,"player_choice":"Bought 1 Potion","damage_taken":0,"max_hp_gain":0,"max_hp_loss":0,"event_name":"The Woman in Blue","floor":12,"gold_loss":0}],"is_beta":false,"boss_relics":[],"items_purged_floors":[],"is_endless":false,"potions_floor_spawned":[4,7],"killed_by":"3 Sentries","ascension_level":0}}