{"host":"xj1vcaj0kpg926bu","time":1607697209,"event":{"mods":["2.2 Compatiblity","Act Like it!","BaseMod","Downfall","Minty Spire (QoL Compilation)","StSLib","The Animator"],"gold_per_floor":[99,30,49,49,78,178,178,196,11,11,22,38,58,58,72,175,175,175,193,193,193],"floor_reached":20,"playtime":929,"items_purged":[],"score":183,"play_id":"4dddb127-aaee-4109-ab39-4a0d75dbf615","local_time":"20201211223329","is_ascension_mode":true,"campfire_choices":[{"floor":1,"key":"RECALL"},{"data":"Guardian:TwinSlam","floor":4,"key":"SMITH"},{"data":"Guardian:Orbwalk","floor":10,"key":"SMITH"},{"data":"Guardian:WeakpointTargeting","floor":18,"key":"SMITH"}],"circlet_count":0,"master_deck":["Guardian:Strike_Guardian","Guardian:Strike_Guardian","Guardian:Strike_Guardian","Guardian:Strike_Guardian","Guardian:Defend_Guardian","Guardian:Defend_Guardian","Guardian:Defend_Guardian+1","Guardian:Defend_Guardian","Guardian:CurlUp","Guardian:TwinSlam+1","Guardian:ShieldCharger+1","Guardian:TemporalStrike","Guardian:Orbwalk+1","Guardian:Planning","Guardian:PrismaticBeam+1","Regret","Guardian:WeakpointTargeting+1","Guardian:Gem_Blue"],"relics":["Guardian:ModeShifter","Letter Opener","Bottled Flame","Guardian:StasisSlotReductionRelic"],"acts_visited":["Exordium","TheCity"],"potions_floor_usage":[12,16,16],"damage_taken":[{"damage":5,"enemies":"downfall:FleeingMerchant","floor":2,"turns":4},{"damage":1,"enemies":"Cultist","floor":3,"turns":5},{"damage":10,"enemies":"3 Sentries","floor":5,"turns":12},{"damage":1,"enemies":"2 Louse","floor":8,"turns":3},{"damage":9,"enemies":"downfall:FleeingMerchant","floor":9,"turns":4},{"damage":11,"enemies":"Jaw Worm","floor":11,"turns":3},{"damage":13,"enemies":"Exordium Thugs","floor":12,"turns":4},{"damage":2,"enemies":"2 Fungi Beasts","floor":13,"turns":3},{"damage":17,"enemies":"Large Slime","floor":15,"turns":5},{"damage":17,"enemies":"downfall:CharBossWatcher","floor":16,"turns":9},{"damage":4,"enemies":"Spheric Guardian","floor":19,"turns":4},{"damage":21,"enemies":"Gremlin Leader","floor":20,"turns":4}],"seed_played":"-3445512992392180022","potions_obtained":[{"floor":5,"key":"ColorlessPotion"},{"floor":11,"key":"Fire Potion"},{"floor":12,"key":"Dexterity Potion"},{"floor":16,"key":"Block Potion"}],"is_trial":false,"path_per_floor":["R","$","M","R","E","?","T","M","$","R","M","M","M","?","M","B",null,"R","M","E"],"character_chosen":"GUARDIAN","items_purchased":["Guardian:ShieldCharger","Guardian:Orbwalk","Guardian:Gem_White","Guardian:Gem_Red"],"campfire_rested":0,"item_purchase_floors":[2,9,9,9],"current_hp_per_floor":[88,83,82,82,72,72,72,71,62,62,51,38,36,36,19,2,88,88,84,63,63],"gold":193,"neow_bonus":"TEN_PERCENT_HP_BONUS","is_daily":false,"chose_seed":false,"campfire_upgraded":3,"win_rate":0.0,"timestamp":1607697209,"path_taken":["R","$","?","R","E","?","T","M","$","R","M","M","M","?","M","BOSS","R","M","E"],"items_purchased_type":["Card","Card","Card","Card"],"build_version":"2020-11-30","purchased_purges":0,"victory":false,"max_hp_per_floor":[88,88,88,88,88,88,88,88,88,88,88,88,88,88,88,88,88,88,88,88,88],"card_choices":[{"not_picked":["Guardian:ShieldCharger","Guardian:Planning"],"picked":"Guardian:Gem_Fragmented","floor":3},{"not_picked":["Guardian:Gem_Cyan","Guardian:FierceBash"],"picked":"Guardian:TemporalStrike","floor":5},{"not_picked":["Guardian:PrismaticBarrier","Guardian:ArmoredProtocol"],"picked":"Guardian:Gem_Fragmented","floor":8},{"not_picked":["Guardian:TimeBomb","Guardian:PolyBeam","Guardian:Preprogram"],"picked":"SKIP","floor":11},{"not_picked":["Guardian:GuardianWhirl","Guardian:Reroute"],"picked":"Guardian:Planning","floor":12},{"not_picked":["Guardian:Orbwalk","Guardian:PolyBeam"],"picked":"Guardian:PrismaticBeam","floor":13},{"not_picked":["Guardian:Harden","Guardian:ShieldSpikes","Guardian:ChargeCore"],"picked":"SKIP","floor":15},{"not_picked":["Guardian:SphericShield","Guardian:HyperBeam_Guardian"],"picked":"Guardian:WeakpointTargeting","floor":16},{"not_picked":["Guardian:ShieldCharger","Guardian:PrimingBeam"],"picked":"Guardian:Gem_Blue","floor":19}],"player_experience":414546,"relics_obtained":[{"floor":5,"key":"Letter Opener"},{"floor":7,"key":"Bottled Flame"}],"event_choices":[],"is_beta":false,"boss_relics":[{"not_picked":["Runic Dome","Snecko Eye"],"picked":"Guardian:StasisSlotReductionRelic"}],"items_purged_floors":[],"is_endless":false,"potions_floor_spawned":[5,11,12,16],"killed_by":"Gremlin Leader","ascension_level":1}}