{"host":"4qkvkh7pd9qr2mca","time":1607713535,"event":{"mods":["AchievementEnabler","BaseMod","Colored Map","Colored Powertips","Highlight Path","Minty Spire (QoL Compilation)","Permanent Neow","Quick Restart","StSLib","SuperFastMode"],"gold_per_floor":[118,43,43,55,55,55,83,83,83,83,8,8,20,55,55,55,55],"floor_reached":16,"playtime":366,"items_purged":["Strike_G"],"score":212,"play_id":"dc526be8-2400-43aa-966a-49c9b9b5d9da","local_time":"20201211200535","is_ascension_mode":true,"campfire_choices":[{"data":"Noxious Fumes","floor":6,"key":"SMITH"},{"floor":8,"key":"REST"},{"data":"Deadly Poison","floor":10,"key":"SMITH"},{"data":"Neutralize","floor":12,"key":"SMITH"},{"floor":15,"key":"REST"}],"circlet_count":0,"master_deck":["AscendersBane","Strike_G","Strike_G","Strike_G","Strike_G","Defend_G","Defend_G","Defend_G","Defend_G","Survivor","Neutralize+1","Noxious Fumes+1","Escape Plan","Deadly Poison+1","Escape Plan","Die Die Die"],"relics":["Ring of the Snake","Pear","Bottled Lightning","Turnip","TungstenRod"],"acts_visited":["Exordium"],"potions_floor_usage":[16],"damage_taken":[{"damage":0,"enemies":"2 Louse","floor":1,"turns":4},{"damage":4,"enemies":"Jaw Worm","floor":4,"turns":5},{"damage":47,"enemies":"Lagavulin","floor":7,"turns":7},{"damage":0,"enemies":"Cultist","floor":13,"turns":3},{"damage":27,"enemies":"3 Sentries","floor":14,"turns":8},{"damage":51,"enemies":"Slime Boss","floor":16,"turns":8}],"seed_played":"-2273076750056266040","potions_obtained":[{"floor":7,"key":"Block Potion"},{"floor":14,"key":"LiquidBronze"}],"is_trial":false,"path_per_floor":["M","?","T","M","?","R","E","R","T","R","$","R","M","E","R","B"],"character_chosen":"THE_SILENT","items_purchased":[],"campfire_rested":2,"item_purchase_floors":[],"current_hp_per_floor":[59,59,69,65,70,70,23,47,47,47,47,47,47,20,44,0,0],"gold":55,"neow_bonus":"THREE_CARDS","is_daily":false,"chose_seed":false,"campfire_upgraded":3,"win_rate":0.0,"timestamp":1607713535,"path_taken":["M","?","?","M","?","R","E","R","T","R","$","R","M","E","R","BOSS"],"items_purchased_type":[],"build_version":"2020-11-30","purchased_purges":1,"victory":false,"max_hp_per_floor":[66,66,76,76,81,81,81,81,81,81,81,81,81,81,81,81,81],"card_choices":[{"not_picked":["Slice","Prepared"],"picked":"Noxious Fumes","floor":0},{"not_picked":["Prepared","Backflip"],"picked":"Escape Plan","floor":1},{"not_picked":["Dagger Spray","Slice"],"picked":"Deadly Poison","floor":4},{"not_picked":["Tools of the Trade","Blade Dance"],"picked":"Escape Plan","floor":7},{"not_picked":["Dagger Throw","Dash","Masterful Stab"],"picked":"SKIP","floor":13},{"not_picked":["Slice","Deflect"],"picked":"Die Die Die","floor":14}],"player_experience":292749,"relics_obtained":[{"floor":3,"key":"Pear"},{"floor":7,"key":"Bottled Lightning"},{"floor":9,"key":"Turnip"},{"floor":14,"key":"TungstenRod"}],"event_choices":[{"cards_removed":["Defend_G"],"damage_healed":0,"gold_gain":0,"player_choice":"Card Removal","damage_taken":0,"max_hp_gain":0,"max_hp_loss":0,"event_name":"The Cleric","floor":2,"gold_loss":75},{"damage_healed":0,"gold_gain":0,"player_choice":"Donut","damage_taken":0,"max_hp_gain":5,"max_hp_loss":0,"event_name":"Big Fish","floor":5,"gold_loss":0}],"is_beta":false,"boss_relics":[],"items_purged_floors":[11],"is_endless":false,"potions_floor_spawned":[7,14],"killed_by":"Slime Boss","ascension_level":20}}