{"host":"lpze9ywvzk5bsxql","time":1607681167,"event":{"mods":["2.2 Compatiblity","BaseMod","Better Third Choice","Colored Map","Downfall","Ironclad Rager","Minty Spire (QoL Compilation)","Replay The Spire","StSLib"],"gold_per_floor":[116,116,126,138,413,432,461,480,528,528,528,528,528],"floor_reached":12,"playtime":947,"items_purged":[],"score":86,"play_id":"ae00a4f7-0598-491f-a858-0dd210053ae8","local_time":"20201211110607","is_ascension_mode":true,"campfire_choices":[{"floor":11,"key":"REST"}],"circlet_count":0,"master_deck":["Strike_R","Strike_R","Strike_R","Strike_R","Defend_R","Defend_R","Defend_R","Defend_R","Bash","Twin Strike","Regret","Ghostly Armor","Rupture","Regret","ReplayTheSpireMod:Muscle Training","Warcry","Fire Breathing"],"relics":["Burning Blood","Nunchaku","Pantograph"],"acts_visited":["Exordium"],"potions_floor_usage":[6,7,10],"damage_taken":[{"damage":9,"enemies":"Jaw Worm","floor":1,"turns":4},{"damage":0,"enemies":"2 Louse","floor":3,"turns":2},{"damage":5,"enemies":"Cultist","floor":4,"turns":4},{"damage":2,"enemies":"Lots of Slimes","floor":6,"turns":2},{"damage":22,"enemies":"Replay:BlueRogue","floor":7,"turns":5},{"damage":47,"enemies":"Gremlin Gang","floor":8,"turns":6},{"damage":0,"enemies":"3 Louse","floor":10,"turns":1},{"damage":71,"enemies":"Gremlin Nob","floor":12,"turns":5}],"seed_played":"-7842867055765522881","potions_obtained":[{"floor":3,"key":"hexamod:EctoCoolerPotion"},{"floor":4,"key":"Dexterity Potion"},{"floor":7,"key":"SmokeBomb"}],"is_trial":false,"path_per_floor":["M","?","M","M","?","M","E","M","T","M","R","E"],"character_chosen":"IRONCLAD","items_purchased":[],"campfire_rested":1,"item_purchase_floors":[],"current_hp_per_floor":[77,77,80,80,80,80,64,23,23,29,53,0,0],"gold":528,"neow_bonus":"REMOVE_CARD","is_daily":false,"chose_seed":false,"campfire_upgraded":0,"win_rate":0.0,"timestamp":1607681167,"path_taken":["M","?","M","M","?","?","E","M","T","M","R","E"],"items_purchased_type":[],"build_version":"2020-11-30","purchased_purges":0,"victory":false,"max_hp_per_floor":[80,80,80,80,80,80,80,80,80,80,80,80,80],"card_choices":[{"not_picked":["Perfected Strike","Pummel"],"picked":"Twin Strike","floor":1},{"not_picked":["Uppercut","Abandon"],"picked":"Ghostly Armor","floor":3},{"not_picked":["Wild Strike","Immolate"],"picked":"Rupture","floor":4},{"not_picked":["Perfected Strike","Cleave"],"picked":"ReplayTheSpireMod:Muscle Training","floor":6},{"not_picked":["Power Through","Dropkick"],"picked":"Warcry","floor":7},{"not_picked":["Replay:Undeath\u0027s Touch","Pommel Strike"],"picked":"Fire Breathing","floor":8}],"player_experience":217020,"relics_obtained":[{"floor":7,"key":"Pantograph"}],"event_choices":[{"damage_healed":0,"gold_gain":0,"player_choice":"Box","damage_taken":0,"relics_obtained":["Nunchaku"],"max_hp_gain":0,"max_hp_loss":0,"event_name":"Big Fish","floor":2,"gold_loss":0,"cards_obtained":["Regret"]},{"damage_healed":0,"gold_gain":275,"player_choice":"Desecrate","damage_taken":0,"max_hp_gain":0,"max_hp_loss":0,"event_name":"Golden Shrine","floor":5,"gold_loss":0,"cards_obtained":["Regret"]}],"is_beta":false,"boss_relics":[],"items_purged_floors":[],"is_endless":false,"potions_floor_spawned":[3,4,7],"killed_by":"Gremlin Nob","ascension_level":1}}