{"host":"aav8addp4mncoxty","time":1607696270,"event":{"mods":["Act Like it!","BaseMod","Hallownest","Hermit","Minty Spire (QoL Compilation)","Replay The Spire","StSLib","The Bug Knight"],"gold_per_floor":[109,121,121,138,138,173,0,0,48,82,102,134,134,134,134,236,236,256,107,257,177,189,189,189,223,223,223,242,260,274,298,298,400,400,414,234,0,10,68,68,118,155,167,179,215,242,254,3,3,100,100,100,5,36,36],"floor_reached":56,"playtime":4652,"items_purged":["Strike_B","Hallownest:curseDreamersLament"],"score":1444,"play_id":"87658b85-b85f-4307-8237-afd0ea317fc3","local_time":"20201211231750","is_ascension_mode":true,"campfire_choices":[{"data":"Static Discharge","floor":13,"key":"SMITH"},{"floor":15,"key":"REST"},{"floor":23,"key":"RECALL"},{"data":"Dualcast","floor":32,"key":"SMITH"},{"floor":40,"key":"REST"},{"floor":44,"key":"REST"},{"floor":47,"key":"REST"},{"data":"Double Energy","floor":49,"key":"SMITH"}],"circlet_count":0,"master_deck":["Strike_B","Defend_B","Defend_B","Zap","Dualcast+1","Conserve Battery+1","Static Discharge+1","Ball Lightning","Echo Form","Ball Lightning","Melter","Conserve Battery","Beam Cell","Creative AI","CurseOfTheBell","Go for the Eyes","Hallownest:skillCityofTearsMap","Ball Lightning","Beam Cell","Sweeping Beam","Go for the Eyes","ReplayTheSpireMod:System Scan+1","Seek+1","Fusion+1","Panic Button+1","Cold Snap+1","Undo+1","Master of Strategy","Double Energy+1","Conserve Battery+1","Barrage+1","CommonCold","Panic Button","Reinforced Body+1","Flash of Steel","Thunder Strike","Sadistic Nature","ReplayTheSpireMod:Doomed","Defragment+1"],"relics":["Cracked Core","NeowsBlessing","Hallownest:DreamNailRelic","Art of War","Membership Card","Vajra","Orichalcum","Smiling Mask","HornCleat","Garlic","Calling Bell","Replay:Wax Seal","Mirror","Gambling Chip","Anchor","WarpedTongs","Replay:Ringing Soul","Bag of Preparation","Astrolabe","Hallownest:StagBellRelic1","Replay:Rubber Ducky","Ice Cream","ReplayTheSpireMod:Ring of Addiction","Chameleon Ring","SacredBark","Ring of Greed","MawBank","The Courier","War Paint","Replay:WaspNest","Ancient Tea Set","Bronze Scales","Strange Spoon","Strawberry","CaptainsWheel"],"acts_visited":["Exordium","Hallownest:Greenpath","Hallownest:CityofTears","TheEnding"],"potions_floor_usage":[10,16,25,25,30,33,39,39,39,50,50,50,55,55],"damage_taken":[{"damage":0,"enemies":"2_ Uuma","floor":1,"turns":1},{"damage":1,"enemies":"Hallownest:2_Tiktiks_and_1_Crawlid","floor":2,"turns":1},{"damage":0,"enemies":"Hallownest:monsterHuskGuard","floor":4,"turns":1},{"damage":24,"enemies":"Hallownest:eliteMossKnight","floor":6,"turns":5},{"damage":2,"enemies":"Hallownest:eliteVengeflyKing","floor":10,"turns":4},{"damage":10,"enemies":"Hallownest:Guard_and_Warrior","floor":11,"turns":4},{"damage":0,"enemies":"Hallownest:eliteMossKnight","floor":12,"turns":7},{"damage":11,"enemies":"Hallownest:BossFalseKnight","floor":16,"turns":6},{"damage":6,"enemies":"Hallownest:2_Mistakes","floor":18,"turns":6},{"damage":4,"enemies":"Hallownest:Flukemon_and_Top","floor":22,"turns":5},{"damage":11,"enemies":"Hallownest:eliteSoulWarrior","floor":25,"turns":5},{"damage":0,"enemies":"Hallownest:Warrior_and_Youth","floor":28,"turns":4},{"damage":11,"enemies":"Hallownest:2_Flukemon","floor":29,"turns":5},{"damage":0,"enemies":"Hallownest:Master_and_Novice","floor":30,"turns":2},{"damage":10,"enemies":"Hallownest:BossGrimm","floor":33,"turns":8},{"damage":0,"enemies":"Hallownest:Shield_Heavy","floor":35,"turns":5},{"damage":0,"enemies":"Hallownest:3_Siblings","floor":38,"turns":6},{"damage":69,"enemies":"Hallownest:2_Primals","floor":39,"turns":5},{"damage":0,"enemies":"Hallownest:eliteCollector","floor":42,"turns":10},{"damage":0,"enemies":"Hallownest:2_Wing_and_1_Kings","floor":46,"turns":7},{"damage":45,"enemies":"Hallownest:BossHollowKnight","floor":50,"turns":5},{"damage":12,"enemies":"Shield and Spear","floor":54,"turns":5},{"damage":45,"enemies":"The Heart","floor":55,"turns":6}],"seed_played":"3420452918937641414","potions_obtained":[{"floor":6,"key":"Toxic Potion"},{"floor":10,"key":"SpeedPotion"},{"floor":12,"key":"AttackPotion"},{"floor":16,"key":"Toxic Potion"},{"floor":25,"key":"Elixir"},{"floor":29,"key":"FocusPotion"},{"floor":33,"key":"LifebloodPotion"},{"floor":38,"key":"Venom Potion"},{"floor":39,"key":"DuplicationPotion"},{"floor":41,"key":"FocusPotion"},{"floor":41,"key":"SpeedPotion"},{"floor":46,"key":"Explosive Potion"},{"floor":52,"key":"Reflective Coating"},{"floor":52,"key":"FairyPotion"}],"is_trial":false,"path_per_floor":["M","M","?","M","?","E","$","?","T","E","M","E","R","T","R","B",null,"M","$","?","?","M","R","?","E","T","?","M","M","M","T","R","B",null,"M","?","$","M","?","R","?","E","T","R","T","M","R","$","R","B",null,"R","$","E","B",null],"character_chosen":"DEFECT","items_purchased":["Membership Card","Elixir","Anchor","Adrenaline Potion","Master of Strategy","Double Energy","PowerPotion","Replay:Rubber Ducky","Bronze Scales","Strange Spoon","Strawberry","Flash of Steel","Sadistic Nature","PotionOfCapacity"],"campfire_rested":4,"item_purchase_floors":[7,7,19,19,37,37,37,37,48,48,48,48,53,53],"current_hp_per_floor":[75,74,74,74,74,50,50,50,50,48,38,38,38,38,60,49,75,69,69,69,69,65,65,65,57,57,53,56,48,51,51,51,44,93,96,96,99,102,36,67,70,73,73,106,106,109,112,120,120,78,123,123,126,115,70],"gold":36,"neow_bonus":"THREE_ENEMY_KILL","is_daily":false,"chose_seed":false,"campfire_upgraded":3,"win_rate":0.0,"timestamp":1607696270,"path_taken":["M","M","?","?","?","E","$","?","T","E","?","E","R","?","R","BOSS","M","$","?","?","?","R","?","E","T","?","?","M","M","?","R","BOSS","M","?","$","M","?","R","?","E","T","R","?","M","R","$","R","BOSS","R","$","E","BOSS"],"items_purchased_type":["Relic","Potion","Relic","Potion","Card","Card","Potion","Relic","Relic","Relic","Relic","Card","Card","Potion"],"build_version":"2020-11-30","purchased_purges":2,"victory":true,"max_hp_per_floor":[75,75,75,75,75,75,75,75,75,75,75,75,75,75,75,75,75,75,75,75,75,75,75,75,78,78,78,81,84,87,87,87,90,93,96,96,99,102,105,105,108,111,111,111,109,112,112,120,120,123,123,123,126,127,127],"card_choices":[{"not_picked":["Leap","Streamline"],"picked":"Conserve Battery","floor":1},{"not_picked":["Steam","Consume"],"picked":"Static Discharge","floor":2},{"not_picked":["ReplayTheSpireMod:Calculation Training","Blizzard"],"picked":"Ball Lightning","floor":4},{"not_picked":["Thunder Strike","Gash"],"picked":"Ball Lightning","floor":6},{"not_picked":["Gash","Hello World"],"picked":"Melter","floor":10},{"not_picked":["Rebound","Compile Driver"],"picked":"Conserve Battery","floor":11},{"not_picked":["Thunder Strike","Conserve Battery"],"picked":"Beam Cell","floor":12},{"not_picked":["Buffer","Seek"],"picked":"Creative AI","floor":16},{"not_picked":["BasicCrystalCard","Undo"],"picked":"Go for the Eyes","floor":18},{"not_picked":["Go for the Eyes","Capacitor"],"picked":"Ball Lightning","floor":22},{"not_picked":["Compile Driver+1","ReplayGash"],"picked":"Beam Cell","floor":25},{"not_picked":["Doom and Gloom","Consume"],"picked":"Sweeping Beam","floor":28},{"not_picked":["ReplayTheSpireMod:Reroute Power","Recycle+1"],"picked":"Go for the Eyes","floor":29},{"not_picked":["Rebound","Steam+1"],"picked":"ReplayTheSpireMod:System Scan+1","floor":30},{"not_picked":["Mirror Shield","Hyperbeam"],"picked":"Seek","floor":33},{"not_picked":["Coolheaded","Stack"],"picked":"Undo+1","floor":35},{"not_picked":["Coolheaded+1","ReplayTheSpireMod:Repulse+1"],"picked":"Conserve Battery+1","floor":38},{"not_picked":["Panic Button+1","Rebound"],"picked":"Barrage+1","floor":39},{"not_picked":["Cold Snap","BasicCrystalCard"],"picked":"Panic Button","floor":42},{"not_picked":["Beam Cell+1","Barrage+1"],"picked":"Reinforced Body+1","floor":46},{"not_picked":["Echo Form","Biased Cognition"],"picked":"Thunder Strike","floor":50},{"not_picked":["Redo","Aggregate"],"picked":"Defragment+1","floor":54}],"player_experience":179983,"relics_obtained":[{"floor":6,"key":"Art of War"},{"floor":9,"key":"Orichalcum"},{"floor":10,"key":"Smiling Mask"},{"floor":12,"key":"HornCleat"},{"floor":14,"key":"Garlic"},{"floor":17,"key":"Replay:Wax Seal"},{"floor":17,"key":"Mirror"},{"floor":17,"key":"Gambling Chip"},{"floor":25,"key":"Replay:Ringing Soul"},{"floor":31,"key":"Bag of Preparation"},{"floor":39,"key":"Ice Cream"},{"floor":41,"key":"ReplayTheSpireMod:Ring of Addiction"},{"floor":41,"key":"Chameleon Ring"},{"floor":41,"key":"SacredBark"},{"floor":41,"key":"Ring of Greed"},{"floor":41,"key":"MawBank"},{"floor":41,"key":"The Courier"},{"floor":42,"key":"War Paint"},{"floor":43,"key":"Replay:WaspNest"},{"floor":45,"key":"Ancient Tea Set"},{"floor":54,"key":"CaptainsWheel"}],"event_choices":[],"is_beta":false,"boss_relics":[{"not_picked":["FrozenCore","Empty Cage"],"picked":"Calling Bell"},{"not_picked":["Tiny House","Inserter"],"picked":"Astrolabe"}],"items_purged_floors":[19,48],"is_endless":false,"potions_floor_spawned":[6,10,12,16,22,25,29,33,38,39,46,54],"ascension_level":2}}