{"host":"hc8xbdd8p6sd75vx","time":1607715350,"event":{"mods":["AchievementEnabler","AlwaysNeverKeys","BaseMod","Better Altar","Better Match","Better Sensory Stone","Better Skull","Better Third Choice","Colored Map","Hermit","Minty Spire (QoL Compilation)","Quick Restart","Shade Mod","Shop Mod","Spicy Shops","StSLib","The Servant 0.9.4"],"gold_per_floor":[117,135,155,172,31,31,57,76,101,101,101,101,128,143,143,239,239,253,30,30,30,50,50,50,50],"floor_reached":24,"playtime":857,"items_purged":[],"score":241,"play_id":"b51e4ab1-acab-4e37-920e-b82e4361d3cf","local_time":"20201211113550","is_ascension_mode":true,"campfire_choices":[{"data":"Accuracy","floor":6,"key":"SMITH"},{"data":"Slice","floor":11,"key":"SMITH"},{"floor":15,"key":"REST"},{"floor":23,"key":"REST"}],"circlet_count":0,"master_deck":["Defend_G","Defend_G+1","Defend_G","Defend_G","Defend_G","Survivor","Neutralize+1","Poisoned Stab","Deadly Poison","Noxious Fumes","Footwork","Accuracy+1","Slice+1","Slice","Slice","Bouncing Flask","Catalyst","Cloak And Dagger","Footwork","Flying Knee","RitualDagger","Bite","Bite","Bite","Bite","Bite","Poisoned Stab"],"relics":["WristBlade","Torii","Vajra","Frozen Eye"],"acts_visited":["Exordium","TheCity"],"potions_floor_usage":[7,8,8,14],"damage_taken":[{"damage":1,"enemies":"Cultist","floor":1,"turns":5},{"damage":7,"enemies":"Jaw Worm","floor":2,"turns":4},{"damage":0,"enemies":"2 Louse","floor":3,"turns":3},{"damage":3,"enemies":"Blue Slaver","floor":4,"turns":4},{"damage":11,"enemies":"Lagavulin","floor":7,"turns":5},{"damage":11,"enemies":"Exordium Thugs","floor":8,"turns":4},{"damage":16,"enemies":"Exordium Wildlife","floor":14,"turns":3},{"damage":23,"enemies":"The Guardian","floor":16,"turns":8},{"damage":41,"enemies":"3 Byrds","floor":18,"turns":7},{"damage":22,"enemies":"2 Thieves","floor":22,"turns":4},{"damage":37,"enemies":"Book of Stabbing","floor":24,"turns":3}],"seed_played":"2831926774751755196","potions_obtained":[{"floor":3,"key":"AttackPotion"},{"floor":4,"key":"Block Potion"},{"floor":7,"key":"PowerPotion"},{"floor":8,"key":"PowerPotion"}],"is_trial":false,"path_per_floor":["M","M","M","M","$","R","E","M","T","?","R","?","T","M","R","B",null,"M","$","?","?","M","R","E"],"character_chosen":"THE_SILENT","items_purchased":["Accuracy","Slice","Cloak And Dagger","Frozen Eye","Footwork","Flying Knee"],"campfire_rested":2,"item_purchase_floors":[5,5,19,19,19,19],"current_hp_per_floor":[69,62,62,59,59,59,48,37,37,60,60,46,46,32,53,32,70,29,29,23,23,7,28,0,0],"gold":50,"neow_bonus":"BOSS_RELIC","is_daily":false,"chose_seed":false,"campfire_upgraded":2,"win_rate":0.0,"timestamp":1607715350,"path_taken":["M","?","?","M","$","R","E","M","T","?","R","?","?","M","R","BOSS","M","$","?","?","M","R","E"],"items_purchased_type":["Card","Card","Card","Relic","Card","Card"],"build_version":"2020-11-30","purchased_purges":0,"victory":false,"max_hp_per_floor":[70,70,70,70,70,70,70,70,70,70,70,70,70,70,70,70,70,70,70,70,70,70,70,70,70],"card_choices":[{"not_picked":["Expertise","Setup"],"picked":"Poisoned Stab","floor":1},{"not_picked":["Distraction","Leg Sweep"],"picked":"Deadly Poison","floor":2},{"not_picked":["Acrobatics","Blade Dance"],"picked":"Noxious Fumes","floor":3},{"not_picked":["Leg Sweep","Dagger Throw"],"picked":"Footwork","floor":4},{"not_picked":["Concentrate","Eviscerate"],"picked":"Slice","floor":7},{"not_picked":["Tools of the Trade","Underhanded Strike"],"picked":"Slice","floor":8},{"not_picked":["Backflip","Tactician"],"picked":"Bouncing Flask","floor":14},{"not_picked":["Dodge and Roll","Masterful Stab"],"picked":"Catalyst","floor":18},{"not_picked":["Endless Agony","Finisher+1"],"picked":"Poisoned Stab","floor":22}],"player_experience":208989,"relics_obtained":[{"floor":7,"key":"Torii"},{"floor":9,"key":"Vajra"},{"floor":13,"key":"Blood Vial"}],"event_choices":[{"damage_healed":23,"gold_gain":0,"player_choice":"Banana","damage_taken":0,"max_hp_gain":0,"max_hp_loss":0,"event_name":"Big Fish","floor":10,"gold_loss":0},{"damage_healed":60,"gold_gain":0,"player_choice":"Upgrade","damage_taken":14,"max_hp_gain":0,"max_hp_loss":70,"event_name":"betterThird:BetterShining","floor":12,"gold_loss":0,"cards_upgraded":["Neutralize","Defend_G"]},{"damage_healed":0,"gold_gain":0,"player_choice":"Dagger","damage_taken":6,"max_hp_gain":0,"max_hp_loss":0,"event_name":"betterThird:BetterNest","floor":20,"gold_loss":0,"cards_obtained":["RitualDagger"]},{"damage_healed":0,"gold_gain":0,"player_choice":"Became a vampire (Vial)","damage_taken":0,"max_hp_gain":0,"max_hp_loss":0,"event_name":"Vampires","floor":21,"relics_lost":["Blood Vial"],"gold_loss":0,"cards_obtained":["Bite","Bite","Bite","Bite","Bite"]}],"is_beta":false,"boss_relics":[{"not_picked":["Velvet Choker","Empty Cage","Ectoplasm"]}],"items_purged_floors":[],"is_endless":false,"potions_floor_spawned":[3,4,7,8],"killed_by":"Book of Stabbing","ascension_level":2}}