{"host":"4edbuligkc8x13l4","time":1607690411,"event":{"mods":["BaseMod","Minty Spire (QoL Compilation)","StSLib","SuperFastMode"],"gold_per_floor":[114,114,114,39,57,89,123,135,229,270,282,313,325,354,366,449,461,489,501,158,172,172,172,187,187,187,215,215,215],"floor_reached":28,"playtime":640,"items_purged":["Regret","Strike_G"],"score":471,"play_id":"e212f902-6045-490c-80fd-d325ab905793","local_time":"20201211204011","is_ascension_mode":true,"campfire_choices":[{"floor":11,"key":"REST"},{"data":"1","floor":13,"key":"LIFT"},{"data":"2","floor":15,"key":"LIFT"},{"floor":23,"key":"REST"},{"floor":25,"key":"REST"}],"circlet_count":0,"master_deck":["AscendersBane","Strike_G","Strike_G","Strike_G","Defend_G","Defend_G","Defend_G","Defend_G","Survivor","Neutralize","Dagger Throw","Terror","Prepared","Accuracy","Backstab","Bullet Time","Dodge and Roll","Footwork","Tactician","After Image","Cloak And Dagger","Flash of Steel","Flying Knee","Dagger Spray","Deflect"],"relics":["Ring of the Snake","NeowsBlessing","Bottled Flame","Girya","MawBank","Odd Mushroom","Ornamental Fan","Tiny Chest","Busted Crown","SsserpentHead","Happy Flower","Oddly Smooth Stone"],"acts_visited":["Exordium","TheCity"],"potions_floor_usage":[18,27,28],"damage_taken":[{"damage":0,"enemies":"Cultist","floor":1,"turns":1},{"damage":0,"enemies":"Jaw Worm","floor":5,"turns":1},{"damage":0,"enemies":"3 Sentries","floor":6,"turns":1},{"damage":12,"enemies":"The Mushroom Lair","floor":7,"turns":5},{"damage":15,"enemies":"Gremlin Nob","floor":10,"turns":4},{"damage":0,"enemies":"Small Slimes","floor":12,"turns":3},{"damage":0,"enemies":"Blue Slaver","floor":14,"turns":3},{"damage":41,"enemies":"The Guardian","floor":16,"turns":11},{"damage":23,"enemies":"3 Byrds","floor":18,"turns":7},{"damage":1,"enemies":"Shell Parasite","floor":21,"turns":6},{"damage":30,"enemies":"Snake Plant","floor":24,"turns":5},{"damage":33,"enemies":"Gremlin Leader","floor":27,"turns":7},{"damage":3,"enemies":"Shelled Parasite and Fungi","floor":28,"turns":3}],"seed_played":"-1336962793018001325","potions_obtained":[{"floor":1,"key":"GhostInAJar"},{"floor":6,"key":"Explosive Potion"},{"floor":21,"key":"BlessingOfTheForge"}],"is_trial":false,"path_per_floor":["M","T","?","$","M","E","?","?","T","E","R","M","R","M","R","B",null,"M","?","$","M","?","R","M","R","T","E","M"],"character_chosen":"THE_SILENT","items_purchased":["After Image","Cloak And Dagger","Flash of Steel","Flying Knee"],"campfire_rested":3,"item_purchase_floors":[20,20,20,20],"current_hp_per_floor":[59,59,59,59,59,59,47,47,47,32,51,51,51,51,51,10,52,29,29,29,28,28,47,17,36,36,3,0,0],"gold":215,"neow_bonus":"THREE_ENEMY_KILL","is_daily":false,"chose_seed":false,"campfire_upgraded":0,"win_rate":0.0,"timestamp":1607690411,"path_taken":["M","?","?","?","?","E","?","?","T","E","R","?","R","M","R","BOSS","M","?","$","M","?","R","M","R","T","E","M"],"items_purchased_type":["Card","Card","Card","Card"],"build_version":"2020-11-30","purchased_purges":2,"victory":false,"max_hp_per_floor":[66,66,66,66,66,66,66,66,66,66,66,66,66,66,66,66,66,66,66,66,66,66,66,66,66,66,66,66,66],"card_choices":[{"not_picked":["Terror","Bane"],"picked":"Dagger Throw","floor":1},{"not_picked":["Caltrops","Bane"],"picked":"Terror","floor":5},{"not_picked":["Poisoned Stab","Bane","Leg Sweep"],"picked":"SKIP","floor":6},{"not_picked":["Dagger Spray","Doppelganger"],"picked":"Prepared","floor":7},{"not_picked":["Eviscerate","Prepared"],"picked":"Accuracy","floor":10},{"not_picked":["Deadly Poison","Outmaneuver","Leg Sweep"],"picked":"SKIP","floor":12},{"not_picked":["PiercingWail","Concentrate"],"picked":"Backstab","floor":14},{"not_picked":["Phantasmal Killer","Die Die Die"],"picked":"Bullet Time","floor":16},{"not_picked":[],"picked":"Dodge and Roll","floor":18},{"not_picked":[],"picked":"Dagger Spray","floor":21},{"not_picked":[],"picked":"Deflect","floor":24},{"not_picked":["Deadly Poison"],"picked":"SKIP","floor":27}],"player_experience":892931,"relics_obtained":[{"floor":2,"key":"Bottled Flame"},{"floor":6,"key":"MawBank"},{"floor":7,"key":"Odd Mushroom"},{"floor":9,"key":"Ornamental Fan"},{"floor":10,"key":"Tiny Chest"},{"floor":26,"key":"Happy Flower"},{"floor":27,"key":"Oddly Smooth Stone"}],"event_choices":[{"damage_healed":0,"gold_gain":0,"player_choice":"Box","damage_taken":0,"relics_obtained":["Girya"],"max_hp_gain":0,"max_hp_loss":0,"event_name":"Big Fish","floor":3,"gold_loss":0,"cards_obtained":["Regret"]},{"damage_healed":0,"gold_gain":0,"player_choice":"Fought Mushrooms","damage_taken":0,"max_hp_gain":0,"max_hp_loss":0,"event_name":"Mushrooms","floor":7,"gold_loss":0},{"damage_healed":0,"gold_gain":0,"player_choice":"Ignored","damage_taken":0,"max_hp_gain":0,"max_hp_loss":0,"event_name":"Liars Game","floor":8,"gold_loss":0},{"damage_healed":0,"gold_gain":0,"cards_transformed":["Strike_G","Defend_G"],"player_choice":"Became Test Subject","damage_taken":0,"max_hp_gain":0,"max_hp_loss":0,"event_name":"Drug Dealer","floor":19,"gold_loss":0,"cards_obtained":["Footwork","Tactician"]},{"damage_healed":0,"gold_gain":0,"player_choice":"Trade","damage_taken":0,"relics_obtained":["SsserpentHead"],"max_hp_gain":0,"max_hp_loss":0,"event_name":"FaceTrader","floor":22,"gold_loss":0}],"is_beta":false,"boss_relics":[{"not_picked":["Coffee Dripper","Fusion Hammer"],"picked":"Busted Crown"}],"items_purged_floors":[4,20],"is_endless":false,"potions_floor_spawned":[1,6,12,21,24],"killed_by":"Shelled Parasite and Fungi","ascension_level":15}}