{"host":"ecaj4hn004xnnrw9","time":1607645508,"event":{"mods":["BaseMod","AchievementEnabler","StSLib","Hermit","Quick Restart","Minty Spire (QoL Compilation)","Replay The Spire","The Cursed"],"gold_per_floor":[116,116,132,149,161,195,213,65,65,90,9,9,9,21,21,126,126,143,155,55,55,3,38,38],"floor_reached":23,"playtime":1054,"items_purged":["Hallucinations","hermit:Strike_Hermit"],"score":232,"play_id":"7d77885b-f8dc-4cd2-b885-672bb1b82c0b","local_time":"20201211001148","is_ascension_mode":true,"campfire_choices":[{"data":"Apotheosis","floor":12,"key":"SMITH"},{"data":"hermit:Roughhouse","floor":15,"key":"SMITH"}],"circlet_count":0,"master_deck":["hermit:Strike_Hermit","hermit:Strike_Hermit","hermit:Defend_Hermit","hermit:Defend_Hermit","hermit:Defend_Hermit","hermit:Defend_Hermit","hermit:Snapshot","hermit:Covet","hermit:Vantage","hermit:PistolWhip","hermit:Snipe","hermit:ItchyTrigger","hermit:Deadeye","Apotheosis+1","hermit:Roughhouse+1","hermit:TakeAim","hermit:ItchyTrigger","hermit:Adapt","hermit:Snipe"],"relics":["Ring of Chaos","Simple Rune","ReplayTheSpireMod:CursedCoin","Blood Vial","Replay:Wax Seal","Philosopher\u0027s Stone","Kunai"],"acts_visited":["Exordium","TheCity"],"potions_floor_usage":[6,6,10,10,14,16,19,23],"damage_taken":[{"damage":1,"enemies":"Jaw Worm","floor":1,"turns":3},{"damage":6,"enemies":"Cultist","floor":3,"turns":4},{"damage":3,"enemies":"Small Slimes","floor":4,"turns":3},{"damage":5,"enemies":"Exordium Wildlife","floor":5,"turns":3},{"damage":7,"enemies":"Lagavulin","floor":6,"turns":5},{"damage":0,"enemies":"Looter","floor":7,"turns":3},{"damage":7,"enemies":"Gremlin Nob","floor":10,"turns":4},{"damage":14,"enemies":"3 Louse","floor":14,"turns":3},{"damage":4,"enemies":"Fading Forest","floor":16,"turns":11},{"damage":16,"enemies":"Spheric Guardian","floor":18,"turns":4},{"damage":0,"enemies":"Shell Parasite","floor":19,"turns":4},{"damage":9,"enemies":"Gremlin Leader","floor":23,"turns":7}],"seed_played":"-3315685490185140156","potions_obtained":[{"floor":2,"key":"LiquidMemories"},{"floor":2,"key":"Block Potion"},{"floor":2,"key":"Milkshake"},{"floor":4,"key":"SpeedPotion"},{"floor":6,"key":"SpeedPotion"},{"floor":14,"key":"AttackPotion"},{"floor":16,"key":"SteroidPotion"},{"floor":18,"key":"Flashbang"},{"floor":19,"key":"FearPotion"}],"is_trial":false,"path_per_floor":["M","?","M","M","M","E","M","$","T","E","$","R","$","M","R","B",null,"M","M","$","?","$","E"],"character_chosen":"HERMIT","items_purchased":["ReplayTheSpireMod:CursedCoin","Apotheosis","Explosive Potion","hermit:TakeAim","Explosive Potion"],"campfire_rested":0,"item_purchase_floors":[8,8,8,11,22],"current_hp_per_floor":[74,74,68,65,60,53,53,53,53,48,48,48,48,36,36,44,75,59,61,61,61,61,54,54],"gold":38,"neow_bonus":"BOSS_RELIC","is_daily":false,"chose_seed":false,"campfire_upgraded":2,"win_rate":0,"timestamp":1607645508,"path_taken":["M","?","?","?","M","E","?","$","T","E","$","R","?","M","R","BOSS","M","M","$","?","$","E"],"build_version":"2020-11-30","purchased_purges":2,"victory":false,"max_hp_per_floor":[75,75,75,75,75,75,75,75,75,75,75,75,75,75,75,75,75,75,75,75,75,75,75,75],"card_choices":[{"not_picked":["hermit:HoleUp","hermit:SprayPray"],"picked":"hermit:Vantage","floor":1},{"not_picked":["hermit:Virtue","hermit:Roulette"],"picked":"hermit:PistolWhip","floor":3},{"not_picked":["hermit:Gambit","hermit:Roulette"],"picked":"hermit:Snipe","floor":4},{"not_picked":["hermit:SprayPray","hermit:Coalescence"],"picked":"hermit:ItchyTrigger","floor":5},{"not_picked":["hermit:SprayPray","hermit:GoldenBullet"],"picked":"hermit:Deadeye","floor":6},{"not_picked":["hermit:LowProfile","hermit:Manifest","hermit:SprayPray"],"picked":"SKIP","floor":7},{"not_picked":["hermit:LowProfile","hermit:Enervate"],"picked":"hermit:Roughhouse","floor":10},{"not_picked":["hermit:Roulette","hermit:SprayPray"],"picked":"hermit:ItchyTrigger","floor":14},{"not_picked":["hermit:HeroicBravado","hermit:Purgatory"],"picked":"hermit:Adapt","floor":16},{"not_picked":["hermit:ShadowCloak","hermit:Roulette+1"],"picked":"hermit:Snipe","floor":18},{"not_picked":["hermit:Scavenge","hermit:LoneWolf","hermit:BodyArmor"],"picked":"SKIP","floor":19}],"player_experience":168210,"relics_obtained":[{"floor":6,"key":"Simple Rune"},{"floor":9,"key":"Blood Vial"},{"floor":10,"key":"Replay:Wax Seal"},{"floor":23,"key":"Kunai"}],"event_choices":[{"damage_healed":0,"gold_gain":0,"player_choice":"Got Potions","damage_taken":0,"max_hp_gain":0,"max_hp_loss":0,"event_name":"Lab","floor":2,"gold_loss":0},{"cards_removed":["hermit:Strike_Hermit"],"damage_healed":0,"gold_gain":0,"player_choice":"Elegance","damage_taken":0,"max_hp_gain":0,"max_hp_loss":0,"event_name":"Back to Basics","floor":21,"gold_loss":0}],"is_beta":false,"boss_relics":[{"not_picked":["Replay:Wanted Poster","Honey Jar"],"picked":"Philosopher\u0027s Stone"}],"items_purged_floors":[8,20],"is_endless":false,"potions_floor_spawned":[4,6,14,16,18,19],"killed_by":"Gremlin Leader","ascension_level":1}}