{"host":"zi8o4akxlgxypwgb","time":1607678562,"event":{"mods":["BaseMod","Luminous","Minty Spire (QoL Compilation)","Replay The Spire","StSLib","SuperFastMode"],"gold_per_floor":[113,126,126,141,24,51,51,51,51,86,98,115,150,150,150,247,247,266,282,45,45,65,65,97,97,122,134,134,164,184,199,199,219,219,239,239,17,66,66,66,101,113,113,187,216,216,18,36,36,36],"floor_reached":51,"playtime":2759,"items_purged":["Defend_G","Pain","Strike_G"],"score":1012,"play_id":"6a7eff6a-5c38-4336-8f6f-aed226d8b509","local_time":"20201211172242","is_ascension_mode":true,"campfire_choices":[{"data":"Hidden Blade","floor":7.0,"key":"SMITH"},{"data":"Dagger Throw","floor":15.0,"key":"SMITH"},{"data":"Burst","floor":23.0,"key":"SMITH"},{"data":"Adrenaline","floor":28.0,"key":"SMITH"},{"data":"Violence","floor":32.0,"key":"SMITH"},{"data":"Expertise","floor":40,"key":"SMITH"},{"data":"Adrenaline","floor":46,"key":"SMITH"},{"data":"After Image","floor":49,"key":"SMITH"}],"circlet_count":0,"master_deck":["Strike_G","Strike_G+1","Strike_G","Strike_G","Defend_G","Defend_G","Defend_G","Defend_G","Survivor","Neutralize","Slice","Underhanded Strike","Outmaneuver","Hidden Blade+1","Fluid Movement+1","Predator","Dagger Spray","Distraction","Dagger Throw+1","Corpse Explosion","Burst+1","ReplayTheSpireMod:Scrap Shanks+1","Distraction","Violence+1","Ghostly","Ghostly","Ghostly","Ghostly","Ghostly","Sucker Punch","Adrenaline+1","Expertise+1","Calculated Gamble+1","Dagger Throw+1","Prepared+1","After Image+1","Backflip+1","ReplayTheSpireMod:Faulty Equipment","Atom Bomb","PiercingWail+1","Calculated Gamble+1","Dagger Throw+1","Acrobatics+1","Adrenaline+1"],"relics":["Philosopher\u0027s Stone","Mercury Hourglass","Calipers","Snack Pack","Smiling Mask","Thread and Needle","Coffee Dripper","Centennial Puzzle","Happy Flower","Kunai","SlaversCollar","WarpedTongs","ReplayTheSpireMod:CursedCoin","Iron Hammer","Torii","Eternal Feather","Sundial","Blue Candle","Replay:Bottled Steam","Pet Ghost"],"acts_visited":["Exordium","TheCity","TheBeyond"],"potions_floor_usage":[38,41,50,50],"damage_taken":[{"damage":3.0,"enemies":"Cultist","floor":1.0,"turns":4.0},{"damage":0.0,"enemies":"Jaw Worm","floor":2.0,"turns":4.0},{"damage":1.0,"enemies":"2 Louse","floor":4.0,"turns":2.0},{"damage":36.0,"enemies":"Lagavulin","floor":6.0,"turns":7.0},{"damage":11.0,"enemies":"3 Sentries","floor":10.0,"turns":6.0},{"damage":14.0,"enemies":"Large Slime","floor":11.0,"turns":4.0},{"damage":0.0,"enemies":"Exordium Thugs","floor":12.0,"turns":3.0},{"damage":6.0,"enemies":"Gremlin Nob","floor":13.0,"turns":4.0},{"damage":0.0,"enemies":"Hexaghost","floor":16.0,"turns":8.0},{"damage":8.0,"enemies":"2 Thieves","floor":18.0,"turns":4.0},{"damage":18.0,"enemies":"Spheric Guardian","floor":19.0,"turns":4.0},{"damage":4.0,"enemies":"Centurion and Healer","floor":22.0,"turns":5.0},{"damage":0.0,"enemies":"Slavers","floor":24.0,"turns":5.0},{"damage":0.0,"enemies":"Sentry and Sphere","floor":27.0,"turns":6.0},{"damage":0.0,"enemies":"Gremlin Leader","floor":29.0,"turns":7.0},{"damage":0.0,"enemies":"Snake Plant","floor":30.0,"turns":4.0},{"damage":0.0,"enemies":"Centurion and Healer","floor":31.0,"turns":5.0},{"damage":0.0,"enemies":"Colosseum Slavers","floor":32.0,"turns":2.0},{"damage":0.0,"enemies":"Colosseum Nobs","floor":32.0,"turns":3.0},{"damage":0.0,"enemies":"Champ","floor":33.0,"turns":15.0},{"damage":0.0,"enemies":"Orb Walker","floor":35.0,"turns":2.0},{"damage":30,"enemies":"2 Orb Walkers","floor":38,"turns":2},{"damage":7,"enemies":"Giant Head","floor":41,"turns":7},{"damage":1,"enemies":"3 Shapes","floor":42,"turns":4},{"damage":4,"enemies":"Reptomancer","floor":45,"turns":5},{"damage":7,"enemies":"Jaw Worm Horde","floor":48,"turns":3},{"damage":0,"enemies":"Replay:Hell Engine","floor":50,"turns":9}],"seed_played":"-5246510699346376385","potions_obtained":[{"floor":2.0,"key":"SkillPotion"},{"floor":6.0,"key":"SteroidPotion"},{"floor":10.0,"key":"AttackPotion"},{"floor":11.0,"key":"LifebloodPotion"},{"floor":18.0,"key":"Block Potion"},{"floor":22.0,"key":"GamblersBrew"},{"floor":25.0,"key":"Cursed Concoction"},{"floor":30.0,"key":"Weak Potion"},{"floor":31.0,"key":"Poison Potion"},{"floor":41,"key":"SkillPotion"},{"floor":42,"key":"Weak Potion"},{"floor":48,"key":"Energy Potion"}],"is_trial":false,"path_per_floor":["M","M","T","M","$","E","R","?","T","E","M","M","E","?","R","B",null,"M","M","$","?","M","R","E","?","T","M","R","E","M","M","R","B",null,"M","?","$","?","?","R","E","M","T","T","E","R","$","M","R","B",null],"character_chosen":"THE_SILENT","items_purchased":["Hidden Blade","Fluid Movement","Violence","ReplayTheSpireMod:CursedCoin","Iron Hammer","Atom Bomb","Pet Ghost"],"campfire_rested":0,"item_purchase_floors":[5,5,20,37,37,37,47],"current_hp_per_floor":[67,67,67,66,66,30,30,30,30,25,15,17,15,15,15,27,70,64,52,52,35,33,33,35,35,35,35,35,35,35,35,35,35,35,35,35,35,5,5,5,18,19,19,19,29,35,35,30,35,35],"gold":36,"neow_bonus":"BOSS_RELIC","is_daily":false,"chose_seed":false,"campfire_upgraded":8,"win_rate":0.0,"timestamp":1607678562,"path_taken":["M","M","?","?","$","E","R","?","T","E","?","M","E","?","R","BOSS","M","M","$","?","M","R","E","?","T","?","R","E","M","M","R","BOSS","M","?","?","?","?","R","E","?","T","?","E","R","$","M","R","BOSS"],"items_purchased_type":["Card","Card","Card","Relic","Relic","Card","Relic"],"build_version":"2020-11-30","purchased_purges":3,"victory":true,"max_hp_per_floor":[70,70,70,70,70,70,70,70,70,70,70,70,70,70,70,70,70,70,70,70,35,35,35,35,35,35,35,35,35,35,35,35,35,35,35,35,35,35,35,35,35,35,35,35,35,35,35,35,35,35],"card_choices":[{"not_picked":["PiercingWail","Caltrops"],"picked":"Slice","floor":1.0},{"not_picked":["Dodge and Roll","PiercingWail"],"picked":"Underhanded Strike","floor":2.0},{"not_picked":["Sneak Up","Dodge and Roll"],"picked":"Outmaneuver","floor":4.0},{"not_picked":["PiercingWail","Outmaneuver"],"picked":"Predator","floor":6.0},{"not_picked":["Tactician","PiercingWail"],"picked":"Dagger Spray","floor":10.0},{"not_picked":["Reflex","Sucker Punch"],"picked":"Distraction","floor":11.0},{"not_picked":["Accuracy","Skewer"],"picked":"Dagger Throw","floor":12.0},{"not_picked":["Deadly Poison","ReplayTheSpireMod:Scrap Shanks"],"picked":"Corpse Explosion","floor":13.0},{"not_picked":["Adrenaline","Night Terror"],"picked":"Burst","floor":16.0},{"not_picked":["ReplayTheSpireMod:The Works","Sucker Punch+1"],"picked":"ReplayTheSpireMod:Scrap Shanks+1","floor":18.0},{"not_picked":["Outmaneuver","Quick Slash"],"picked":"Distraction","floor":19.0},{"not_picked":["Infinite Blades","ReplayTheSpireMod:The Works"],"picked":"Sucker Punch","floor":22.0},{"not_picked":["Cloak And Dagger","Sucker Punch"],"picked":"Adrenaline","floor":24.0},{"not_picked":["Backflip","Deflect"],"picked":"Expertise","floor":27.0},{"not_picked":["Concentrate","Bane"],"picked":"Calculated Gamble+1","floor":29.0},{"not_picked":["All Out Attack","PiercingWail+1"],"picked":"Dagger Throw+1","floor":30.0},{"not_picked":["Noxious Fumes","Dodge and Roll"],"picked":"Prepared+1","floor":31.0},{"not_picked":["Wraith Form v2","Unload"],"picked":"After Image","floor":33.0},{"not_picked":["Noxious Fumes+1","Prepared"],"picked":"Backflip+1","floor":35.0},{"not_picked":["All Out Attack","Quick Slash"],"picked":"PiercingWail+1","floor":38},{"not_picked":["Cloak And Dagger+1","Distraction"],"picked":"Dagger Throw+1","floor":41},{"not_picked":["Outmaneuver","Bane"],"picked":"Acrobatics+1","floor":42},{"not_picked":["Adrenaline","Underhanded Strike","Noxious Fumes"],"picked":"SKIP","floor":45},{"not_picked":["Underhanded Strike","Noxious Fumes"],"picked":"Adrenaline","floor":45},{"not_picked":["Dodge and Roll","Blade Dance","Outmaneuver"],"picked":"SKIP","floor":48}],"player_experience":262178,"relics_obtained":[{"floor":3.0,"key":"Mercury Hourglass"},{"floor":6.0,"key":"Calipers"},{"floor":9.0,"key":"Snack Pack"},{"floor":10.0,"key":"Smiling Mask"},{"floor":13.0,"key":"Thread and Needle"},{"floor":24.0,"key":"Centennial Puzzle"},{"floor":26.0,"key":"Happy Flower"},{"floor":29.0,"key":"Kunai"},{"floor":38,"key":"Torii"},{"floor":41,"key":"Eternal Feather"},{"floor":43,"key":"Sundial"},{"floor":44,"key":"Blue Candle"},{"floor":45,"key":"Replay:Bottled Steam"}],"event_choices":[{"damage_healed":0.0,"max_hp_gain":0.0,"max_hp_loss":0.0,"gold_gain":0.0,"event_name":"Upgrade Shrine","player_choice":"Upgraded","floor":8.0,"gold_loss":0.0,"damage_taken":0.0,"cards_upgraded":["Fluid Movement"]},{"damage_healed":0.0,"max_hp_gain":0.0,"max_hp_loss":35.0,"gold_gain":0.0,"event_name":"Ghosts","player_choice":"Became a Ghost","floor":21.0,"gold_loss":0.0,"damage_taken":0.0,"cards_obtained":["Ghostly","Ghostly","Ghostly","Ghostly","Ghostly"]},{"damage_healed":0.0,"max_hp_gain":0.0,"max_hp_loss":0.0,"gold_gain":0.0,"event_name":"Lab","player_choice":"Got Potions","floor":25.0,"gold_loss":0.0,"damage_taken":0.0},{"damage_healed":0.0,"max_hp_gain":0.0,"max_hp_loss":0.0,"gold_gain":0.0,"event_name":"Colosseum","player_choice":"Fight","floor":32.0,"gold_loss":0.0,"damage_taken":0.0},{"damage_healed":0.0,"max_hp_gain":0.0,"max_hp_loss":0.0,"gold_gain":0.0,"event_name":"Colosseum","player_choice":"Fought Nobs","floor":32.0,"gold_loss":0.0,"damage_taken":0.0},{"damage_healed":0.0,"max_hp_gain":0.0,"max_hp_loss":0.0,"gold_gain":0.0,"event_name":"Accursed Blacksmith","player_choice":"Rummage","floor":36.0,"gold_loss":0.0,"damage_taken":0.0,"relics_obtained":["WarpedTongs"],"cards_obtained":["Pain"]},{"damage_healed":0,"gold_gain":0,"player_choice":"Fight","damage_taken":0,"max_hp_gain":0,"max_hp_loss":0,"event_name":"Mysterious Sphere","floor":38,"gold_loss":0},{"damage_healed":0,"gold_gain":0,"player_choice":"Copied","damage_taken":0,"max_hp_gain":0,"max_hp_loss":0,"event_name":"Duplicator","floor":39,"gold_loss":0,"cards_obtained":["Calculated Gamble"]}],"is_beta":false,"boss_relics":[{"not_picked":["Black Star","HoveringKite"],"picked":"Coffee Dripper"},{"not_picked":["ReplayTheSpireMod:DimensionalGlitch","Runic Dome"],"picked":"SlaversCollar"}],"items_purged_floors":[20,37,47],"is_endless":false,"potions_floor_spawned":[2,6,10,11,18,22,27,30,31,32,41,42,45,48],"ascension_level":3}}