{"host":"2pgz2fctomabfk86","time":1607707146,"event":{"mods":["AchievementEnabler","BaseMod","Colored Map","DeckTracker","Minty Spire (QoL Compilation)","StSLib","SuperFastMode"],"gold_per_floor":[113,188,188,188,188,223,273,311,311,311,28,51,74,89,89,182,182,201,217,19,19,39,39,80,95,149,167,167,167,202,223,223,322,322,345,376,445,445,62,102,102,123,149,149,174,49,49,49,49,49],"floor_reached":51,"playtime":8755,"items_purged":["Strike_G","Bane","All Out Attack+1"],"score":1451,"play_id":"6e03c03f-ca9e-4080-929a-188eb6546428","local_time":"20201212021906","is_ascension_mode":true,"campfire_choices":[{"data":"All Out Attack","floor":10.0,"key":"SMITH"},{"data":"Apotheosis","floor":15.0,"key":"SMITH"},{"floor":23.0,"key":"REST"},{"floor":28.0,"key":"REST"},{"floor":32,"key":"REST"},{"floor":44,"key":"REST"},{"floor":49,"key":"REST"}],"circlet_count":0,"master_deck":["AscendersBane","Survivor","Neutralize","Outmaneuver","Footwork","Apotheosis+1","Accuracy","Blade Dance","After Image","Backflip+1","PiercingWail","Cloak And Dagger","Finisher","Endless Agony","Acrobatics","Adrenaline","Sucker Punch","PiercingWail","Phantasmal Killer","Deadly Poison","Bane","Predator","Accuracy","PiercingWail","Prepared+1","Adrenaline","Finesse"],"relics":["Ring of the Snake","NeowsBlessing","Golden Idol","Pear","Mummified Hand","Ninja Scroll","SacredBark","TheAbacus","Oddly Smooth Stone","Centennial Puzzle","Pandora\u0027s Box","Gambling Chip","Tingsha","Sundial","Snake Skull","Orichalcum"],"acts_visited":["Exordium","TheCity","TheBeyond"],"potions_floor_usage":[31,35,50,50],"damage_taken":[{"damage":0.0,"enemies":"Cultist","floor":1.0,"turns":1.0},{"damage":0.0,"enemies":"3 Sentries","floor":6.0,"turns":1.0},{"damage":0.0,"enemies":"Gremlin Nob","floor":8.0,"turns":1.0},{"damage":2.0,"enemies":"2 Louse","floor":12.0,"turns":3.0},{"damage":0.0,"enemies":"Small Slimes","floor":13.0,"turns":3.0},{"damage":5.0,"enemies":"Gremlin Gang","floor":14.0,"turns":2.0},{"damage":47.0,"enemies":"Slime Boss","floor":16.0,"turns":10.0},{"damage":10.0,"enemies":"Shell Parasite","floor":18.0,"turns":5.0},{"damage":10.0,"enemies":"Chosen","floor":19.0,"turns":5.0},{"damage":6.0,"enemies":"Snake Plant","floor":22.0,"turns":5.0},{"damage":0.0,"enemies":"Gremlin Leader","floor":24.0,"turns":5.0},{"damage":19.0,"enemies":"3 Cultists","floor":25.0,"turns":7.0},{"damage":12.0,"enemies":"Sentry and Sphere","floor":27.0,"turns":6.0},{"damage":17.0,"enemies":"Slavers","floor":30.0,"turns":7.0},{"damage":13,"enemies":"Cultist and Chosen","floor":31,"turns":7},{"damage":19,"enemies":"Collector","floor":33,"turns":10},{"damage":24,"enemies":"Orb Walker","floor":35,"turns":4},{"damage":15,"enemies":"Mind Bloom Boss Battle","floor":36,"turns":3},{"damage":43,"enemies":"2 Orb Walkers","floor":37,"turns":4},{"damage":0,"enemies":"Giant Head","floor":40,"turns":4},{"damage":1,"enemies":"3 Shapes","floor":42,"turns":4},{"damage":0,"enemies":"3 Darklings","floor":45,"turns":3},{"damage":15,"enemies":"Donu and Deca","floor":50,"turns":9}],"seed_played":"-2681221574948174298","potions_obtained":[{"floor":6.0,"key":"ColorlessPotion"},{"floor":13.0,"key":"ColorlessPotion"},{"floor":14.0,"key":"Regen Potion"},{"floor":16.0,"key":"Energy Potion"},{"floor":18.0,"key":"DuplicationPotion"},{"floor":30.0,"key":"GhostInAJar"},{"floor":33,"key":"Fruit Juice"},{"floor":37,"key":"EssenceOfSteel"},{"floor":40,"key":"Poison Potion"}],"is_trial":false,"path_per_floor":["M","?","?","?","?","E","?","E","T","R","$","M","M","M","R","B",null,"M","M","$","?","M","R","E","M","T","M","R","?","E","M","R","B",null,"M","?","?","?","$","E","?","M","T","R","M","$","?","?","R","B",null],"character_chosen":"THE_SILENT","items_purchased":["Apotheosis","Cloak And Dagger","TheAbacus","Sundial"],"campfire_rested":5,"item_purchase_floors":[11,20,20,39],"current_hp_per_floor":[59,48,48,48,48,58,51,51,51,51,51,49,49,44,44,12,56,46,36,36,36,30,51,51,32,32,20,41,41,24,11,32,13,56,42,27,37,37,37,37,37,36,36,58,58,58,53,53,75,60],"gold":49,"neow_bonus":"THREE_ENEMY_KILL","is_daily":false,"chose_seed":false,"campfire_upgraded":2,"win_rate":0.0,"timestamp":1607707146,"path_taken":["M","?","?","?","?","E","?","E","T","R","$","M","M","M","R","BOSS","M","?","$","?","M","R","E","M","T","M","R","?","E","M","R","BOSS","M","?","?","?","$","E","?","?","T","R","M","$","?","?","R","BOSS"],"items_purchased_type":["Card","Card","Relic","Relic"],"build_version":"2020-11-30","purchased_purges":3,"victory":true,"max_hp_per_floor":[66,66,66,60,60,70,70,70,70,70,70,70,70,70,70,70,70,70,70,70,70,70,70,70,70,70,70,70,70,70,70,70,70,70,80,80,80,76,76,76,76,76,76,76,76,76,76,76,76,76],"card_choices":[{"not_picked":["Flying Knee","Prepared"],"picked":"Bane","floor":1.0},{"not_picked":["Heel Hook","Flying Knee"],"picked":"Outmaneuver","floor":6.0},{"not_picked":["Deflect","Choke"],"picked":"Footwork","floor":8.0},{"not_picked":["Footwork","Outmaneuver"],"picked":"Accuracy","floor":12.0},{"not_picked":["Reflex","Infinite Blades"],"picked":"Blade Dance","floor":13.0},{"not_picked":["Dodge and Roll","Concentrate"],"picked":"Terror","floor":14.0},{"not_picked":["Envenom","Bullet Time"],"picked":"After Image","floor":16.0},{"not_picked":["Slice","Deflect"],"picked":"Backflip+1","floor":18.0},{"not_picked":["Underhanded Strike","Bouncing Flask"],"picked":"PiercingWail","floor":19.0},{"not_picked":["Slice","Bane"],"picked":"Finisher","floor":22.0},{"not_picked":["Outmaneuver","Crippling Poison","Finisher"],"picked":"SKIP","floor":24.0},{"not_picked":["Poisoned Stab+1","Quick Slash"],"picked":"Endless Agony","floor":25.0},{"not_picked":["Dodge and Roll","Outmaneuver"],"picked":"Acrobatics","floor":27.0},{"not_picked":["Night Terror","All Out Attack+1","Riddle With Holes"],"picked":"SKIP","floor":30.0},{"not_picked":["Dodge and Roll","Deadly Poison","Escape Plan"],"picked":"SKIP","floor":31},{"not_picked":["Corpse Explosion","Bullet Time"],"picked":"Adrenaline","floor":33},{"not_picked":["Flying Knee","Dagger Spray","Outmaneuver"],"picked":"SKIP","floor":35},{"not_picked":["Sucker Punch","Outmaneuver"],"picked":"Prepared+1","floor":36},{"not_picked":["Flying Knee","Backflip","Acrobatics"],"picked":"SKIP","floor":40},{"not_picked":["Crippling Poison","Finisher","Flying Knee+1"],"picked":"SKIP","floor":42},{"not_picked":["Dodge and Roll","Flechettes+1","Sucker Punch"],"picked":"SKIP","floor":45},{"not_picked":["Blind","Mayhem"],"picked":"Finesse","floor":47}],"player_experience":902585,"relics_obtained":[{"floor":6.0,"key":"Pear"},{"floor":8.0,"key":"Mummified Hand"},{"floor":9.0,"key":"Ninja Scroll"},{"floor":26.0,"key":"Oddly Smooth Stone"},{"floor":30.0,"key":"Centennial Puzzle"},{"floor":36,"key":"Gambling Chip"},{"floor":37,"key":"Tingsha"},{"floor":40,"key":"Snake Skull"},{"floor":43,"key":"Orichalcum"}],"event_choices":[{"damage_healed":0.0,"max_hp_gain":0.0,"max_hp_loss":0.0,"gold_gain":75.0,"event_name":"World of Goop","player_choice":"Gather Gold","floor":2.0,"gold_loss":0.0,"damage_taken":11.0},{"damage_healed":0.0,"max_hp_gain":0.0,"max_hp_loss":0.0,"gold_gain":0.0,"cards_transformed":["Strike_G"],"event_name":"Living Wall","player_choice":"Change","floor":3.0,"gold_loss":0.0,"damage_taken":0.0,"cards_obtained":["All Out Attack"]},{"damage_healed":0.0,"max_hp_gain":0.0,"max_hp_loss":6.0,"gold_gain":0.0,"event_name":"Golden Idol","player_choice":"Lose Max HP","floor":4.0,"gold_loss":0.0,"damage_taken":0.0,"relics_obtained":["Golden Idol"]},{"damage_healed":0.0,"max_hp_gain":0.0,"max_hp_loss":0.0,"gold_gain":0.0,"event_name":"Liars Game","player_choice":"Ignored","floor":5.0,"gold_loss":0.0,"damage_taken":0.0},{"damage_healed":0.0,"max_hp_gain":0.0,"max_hp_loss":0.0,"gold_gain":50.0,"event_name":"FaceTrader","player_choice":"Touch","floor":7.0,"gold_loss":0.0,"damage_taken":7.0},{"damage_healed":0.0,"max_hp_gain":0.0,"max_hp_loss":0.0,"gold_gain":0.0,"event_name":"Ghosts","player_choice":"Ignored","floor":21.0,"gold_loss":0.0,"damage_taken":0.0},{"damage_healed":0.0,"max_hp_gain":0.0,"max_hp_loss":0.0,"gold_gain":0.0,"event_name":"Vampires","player_choice":"Ignored","floor":29.0,"gold_loss":0.0,"damage_taken":0.0},{"damage_healed":0,"gold_gain":0,"player_choice":"Fight","damage_taken":0,"max_hp_gain":0,"max_hp_loss":0,"event_name":"MindBloom","floor":36,"gold_loss":0},{"damage_healed":0,"gold_gain":0,"player_choice":"Fight","damage_taken":0,"max_hp_gain":0,"max_hp_loss":0,"event_name":"Mysterious Sphere","floor":37,"gold_loss":0},{"damage_healed":0,"gold_gain":0,"player_choice":"Max HP","damage_taken":0,"max_hp_gain":0,"max_hp_loss":4,"event_name":"Winding Halls","floor":38,"gold_loss":0},{"damage_healed":0,"gold_gain":0,"player_choice":"Copied","damage_taken":0,"max_hp_gain":0,"max_hp_loss":0,"event_name":"Duplicator","floor":41,"gold_loss":0,"cards_obtained":["Adrenaline"]},{"damage_healed":0,"gold_gain":0,"player_choice":"Memory 2","damage_taken":5,"max_hp_gain":0,"max_hp_loss":0,"event_name":"SensoryStone","floor":47,"gold_loss":0},{"cards_removed":["Terror"],"damage_healed":0,"gold_gain":0,"player_choice":"Removed Skill","damage_taken":0,"max_hp_gain":0,"max_hp_loss":0,"event_name":"Falling","floor":48,"gold_loss":0}],"is_beta":false,"boss_relics":[{"not_picked":["Black Star","SlaversCollar"],"picked":"SacredBark"},{"not_picked":["Runic Dome","Runic Pyramid"],"picked":"Pandora\u0027s Box"}],"items_purged_floors":[11,39,46],"is_endless":false,"potions_floor_spawned":[6,13,14,16,18,19,22,30,33,37,40],"ascension_level":17}}