{"host":"mykjnfgvckiyjptv","time":1607670061,"event":{"mods":["2.2 Compatiblity","Act Like it!","Aspiration","BaseMod","Better Altar","Better Third Choice","BetterRewards","Card Forge","Custom Start","Dio Mod","Energized Spire","GifTheSpireLib","Gold Saver","Halation","Hermit","Hubris","Hyrulean Relics","Jedi Mod","Minty Spire (QoL Compilation)","Pale of the Ancients","Practice Mode","Replay The Spire","Shade Mod","Small Relic Pack","Spicy Shops","Spikes Relics","StSLib","Stuff the Spire","vexMod"],"gold_per_floor":[115,129,139,139,64,64,64],"floor_reached":6,"playtime":387,"items_purged":[],"score":72,"play_id":"f5797e4a-93bc-4d5b-b0b2-00803e14061b","local_time":"20201211010101","is_ascension_mode":true,"campfire_choices":[],"circlet_count":0,"master_deck":["AscendersBane","Strike_R","Strike_R","Strike_R","Strike_R","Defend_R","Defend_R","Defend_R","Defend_R","Bash","Invigoration","StuffTheSpire:Pyroclast"],"relics":["Burning Blood","Hammer of Thor","Seething Fire","Anvil of the Gods","hubris:EmptyBottle","SnailShell","Gremlin Horn","Rawhide"],"acts_visited":["Exordium"],"potions_floor_usage":[],"damage_taken":[{"damage":0.0,"enemies":"Small Slimes","floor":1.0,"turns":5.0},{"damage":0.0,"enemies":"2 Louse","floor":2.0,"turns":3.0},{"damage":7.0,"enemies":"Jaw Worm","floor":3.0,"turns":5.0},{"damage":79,"enemies":"Replay:BlueRogue","floor":6,"turns":6}],"seed_played":"-3947080921409420688","potions_obtained":[],"is_trial":false,"path_per_floor":["M","M","M","?","?","E"],"character_chosen":"IRONCLAD","items_purchased":["hubris:EmptyBottle","SnailShell","Gremlin Horn","Rawhide"],"campfire_rested":0,"item_purchase_floors":[0,0,0,0],"current_hp_per_floor":[74,75,74,79,79,0,0],"gold":64,"neow_bonus":"","is_daily":false,"chose_seed":false,"campfire_upgraded":0,"win_rate":0.0,"timestamp":1607670061,"path_taken":["M","M","M","?","?","E"],"items_purchased_type":["Relic","Relic","Relic","Relic"],"build_version":"2020-11-30","purchased_purges":0,"victory":false,"max_hp_per_floor":[75,75,75,80,80,80,80],"card_choices":[{"not_picked":["Thunderclap","Uppercut"],"picked":"Invigoration","floor":1.0},{"not_picked":["ReplayTheSpireMod:Strike From Hell","StuffTheSpire:Slingshot","Body Slam"],"picked":"SKIP","floor":2.0},{"not_picked":["Blood for Blood","Anger"],"picked":"StuffTheSpire:Pyroclast","floor":3.0}],"player_experience":427884,"relics_obtained":[],"event_choices":[{"damage_healed":0.0,"max_hp_gain":5.0,"max_hp_loss":0.0,"gold_gain":0.0,"event_name":"Big Fish","player_choice":"Donut","floor":4.0,"gold_loss":0.0,"damage_taken":0.0},{"cards_removed":["Strike_R"],"damage_healed":0.0,"max_hp_gain":0.0,"max_hp_loss":0.0,"gold_gain":0.0,"event_name":"The Cleric","player_choice":"Card Removal","floor":5.0,"gold_loss":75.0,"damage_taken":0.0}],"is_beta":false,"boss_relics":[],"items_purged_floors":[],"is_endless":false,"potions_floor_spawned":[],"killed_by":"Replay:BlueRogue","ascension_level":20}}