{"host":"utqe55yv0jihe4d6","time":1607662388,"event":{"mods":["2.2 Compatiblity","AchievementEnabler","BaseMod","Block Reminder","Colored Map","Colored Powertips","Minty Spire (QoL Compilation)","Quick Restart","Rare Cards Sparkle","Relic Stats","SuperFastMode"],"gold_per_floor":[60,25,58,58,93,126,189,226,250,322,353,353,413,34,34,111,111,126,159,33,33,45,45,45,45],"floor_reached":24,"playtime":694,"items_purged":["Pain","Strike_B"],"score":412,"play_id":"1e60dbfc-922a-4892-9944-9918d6a103a0","local_time":"20201210235308","is_ascension_mode":true,"campfire_choices":[{"floor":12.0,"key":"REST"},{"data":"Defragment","floor":15.0,"key":"SMITH"},{"floor":23,"key":"REST"}],"circlet_count":0,"master_deck":["AscendersBane","Strike_B","Strike_B","Strike_B","Defend_B","Defend_B","Defend_B","Defend_B","Zap","Dualcast","HandOfGreed","Rebound","Sweeping Beam","Sweeping Beam","Steam","Defragment+1","Genetic Algorithm","Leap","Loop","Heatsinks","Core Surge","Storm+1","Genetic Algorithm+1","Conserve Battery","Undo"],"relics":["Cracked Core","WarpedTongs","Odd Mushroom","Toy Ornithopter","Anchor","PreservedInsect","Strawberry","Velvet Choker","Red Mask"],"acts_visited":["Exordium","TheCity"],"potions_floor_usage":[19],"damage_taken":[{"damage":9.0,"enemies":"Small Slimes","floor":1.0,"turns":4.0},{"damage":0.0,"enemies":"Cultist","floor":3.0,"turns":2.0},{"damage":7.0,"enemies":"Jaw Worm","floor":5.0,"turns":3.0},{"damage":4.0,"enemies":"Large Slime","floor":6.0,"turns":4.0},{"damage":21.0,"enemies":"The Mushroom Lair","floor":7.0,"turns":4.0},{"damage":6.0,"enemies":"Red Slaver","floor":8.0,"turns":4.0},{"damage":34.0,"enemies":"3 Sentries","floor":10.0,"turns":8.0},{"damage":6.0,"enemies":"Exordium Wildlife","floor":11.0,"turns":3.0},{"damage":11.0,"enemies":"Lagavulin","floor":13.0,"turns":5.0},{"damage":32.0,"enemies":"Hexaghost","floor":16.0,"turns":8.0},{"damage":0.0,"enemies":"Chosen","floor":18.0,"turns":5.0},{"damage":37,"enemies":"Masked Bandits","floor":19,"turns":4},{"damage":25,"enemies":"3 Byrds","floor":22,"turns":5},{"damage":41,"enemies":"Slavers","floor":24,"turns":3}],"seed_played":"9006573926551111054","potions_obtained":[{"floor":1.0,"key":"SteroidPotion"},{"floor":5.0,"key":"Fire Potion"},{"floor":7.0,"key":"SteroidPotion"},{"floor":11.0,"key":"FearPotion"},{"floor":13.0,"key":"SkillPotion"},{"floor":18.0,"key":"Strength Potion"},{"floor":22,"key":"Dexterity Potion"}],"is_trial":false,"path_per_floor":["M","?","M","?","M","M","?","M","T","E","M","R","E","$","R","B",null,"M","?","$","?","M","R","E"],"character_chosen":"DEFECT","items_purchased":["Heatsinks","Strawberry","Strength Potion","Conserve Battery"],"campfire_rested":2,"item_purchase_floors":[14,14,14,20],"current_hp_per_floor":[55,71,71,71,64,60,39,33,33,9,3,24,18,25,25,3,59,59,27,27,27,2,25,0,0],"gold":45,"neow_bonus":"RANDOM_COLORLESS_2","is_daily":false,"chose_seed":false,"campfire_upgraded":1,"win_rate":0.0,"timestamp":1607662388,"path_taken":["M","?","M","?","M","?","?","M","T","E","M","R","E","$","R","BOSS","M","?","$","?","?","R","E"],"items_purchased_type":["Card","Relic","Potion","Card"],"build_version":"2020-11-30","purchased_purges":2,"victory":false,"max_hp_per_floor":[71,71,71,71,71,71,71,71,71,71,71,71,71,78,78,78,78,78,78,78,78,78,78,78,78],"relic_stats":{"counters":[14,61],"PreservedInsect":41,"obtain_stats":[{"Anchor":10,"Strawberry":14,"Velvet Choker":17,"PreservedInsect":13,"Red Mask":19,"Odd Mushroom":7,"Cracked Core":0,"Toy Ornithopter":9,"WarpedTongs":4},{"Anchor":7,"Strawberry":9,"Velvet Choker":10,"PreservedInsect":9,"Red Mask":12,"Odd Mushroom":5,"Cracked Core":0,"Toy Ornithopter":6,"WarpedTongs":2},{"Anchor":29,"Strawberry":37,"Velvet Choker":45,"PreservedInsect":37,"Red Mask":53,"Odd Mushroom":17,"Cracked Core":0,"Toy Ornithopter":21,"WarpedTongs":6}],"Toy Ornithopter":30,"WarpedTongs":[54]},"card_choices":[{"not_picked":["The Bomb","Master of Strategy"],"picked":"HandOfGreed","floor":0.0},{"not_picked":["Gash","Stack"],"picked":"Rebound","floor":1.0},{"not_picked":["Streamline","Reinforced Body"],"picked":"Sweeping Beam","floor":3.0},{"not_picked":["Rebound","Reprogram","Steam Power"],"picked":"SKIP","floor":5.0},{"not_picked":["Gash","Streamline"],"picked":"Sweeping Beam","floor":6.0},{"not_picked":["Beam Cell","Double Energy"],"picked":"Steam","floor":7.0},{"not_picked":["Coolheaded","Reboot"],"picked":"Defragment","floor":8.0},{"not_picked":["Storm","Beam Cell"],"picked":"Genetic Algorithm","floor":10.0},{"not_picked":["Beam Cell","Gash"],"picked":"Leap","floor":11.0},{"not_picked":["Cold Snap","Chaos"],"picked":"Loop","floor":13.0},{"not_picked":["Thunder Strike","Rainbow"],"picked":"Core Surge","floor":16.0},{"not_picked":["FTL","Gash"],"picked":"Storm+1","floor":18.0},{"not_picked":["Go for the Eyes","Rebound+1"],"picked":"Genetic Algorithm+1","floor":19},{"not_picked":["Leap+1","Turbo"],"picked":"Undo","floor":22}],"player_experience":2737312,"relics_obtained":[{"floor":7.0,"key":"Odd Mushroom"},{"floor":9.0,"key":"Toy Ornithopter"},{"floor":10.0,"key":"Anchor"},{"floor":13.0,"key":"PreservedInsect"},{"floor":19,"key":"Red Mask"}],"event_choices":[{"damage_healed":17.0,"max_hp_gain":0.0,"max_hp_loss":0.0,"gold_gain":0.0,"event_name":"The Cleric","player_choice":"Healed","floor":2.0,"gold_loss":35.0,"damage_taken":0.0},{"damage_healed":0.0,"max_hp_gain":0.0,"max_hp_loss":0.0,"gold_gain":0.0,"event_name":"Accursed Blacksmith","player_choice":"Rummage","floor":4.0,"gold_loss":0.0,"damage_taken":0.0,"relics_obtained":["WarpedTongs"],"cards_obtained":["Pain"]},{"damage_healed":0.0,"max_hp_gain":0.0,"max_hp_loss":0.0,"gold_gain":0.0,"event_name":"Mushrooms","player_choice":"Fought Mushrooms","floor":7.0,"gold_loss":0.0,"damage_taken":0.0},{"damage_healed":0,"gold_gain":0,"player_choice":"Fought Bandits","damage_taken":0,"max_hp_gain":0,"max_hp_loss":0,"event_name":"Masked Bandits","floor":19,"gold_loss":0},{"damage_healed":0,"gold_gain":0,"player_choice":"0 cards matched","damage_taken":0,"max_hp_gain":0,"max_hp_loss":0,"event_name":"Match and Keep!","floor":21,"gold_loss":0,"cards_obtained":[]}],"is_beta":false,"boss_relics":[{"not_picked":["Ectoplasm","Sozu"],"picked":"Velvet Choker"}],"items_purged_floors":[14,20],"is_endless":false,"potions_floor_spawned":[1,5,7,11,13,18,22],"killed_by":"Slavers","ascension_level":20}}