{"host":"da4a6z8aof69aasy","time":1607698304,"event":{"mods":["AchievementEnabler","BaseMod","Block Reminder","Colored Powertips","DeckTracker","Highlight Path","Minty Spire (QoL Compilation)","Permanent Neow","Relic Stats","StSLib"],"gold_per_floor":[118,130,141,66,141,141,166,166,213,242,242,261,261,261,261,335,335,348,358,358,370,370,370,404,415,439,439,465,355,23,43,43,118,118,133,147,197,216,216,216,247,247,247,272,272,282,282,314,314,314,314,314,73,100,100],"floor_reached":56,"playtime":8106,"items_purged":["Decay","Strike_G+1"],"score":2142,"play_id":"7f889d72-7a36-425f-8667-de301f31553a","local_time":"20201211165144","is_ascension_mode":true,"campfire_choices":[{"data":"All Out Attack","floor":6.0,"key":"SMITH"},{"floor":8.0,"key":"REST"},{"data":"Crippling Poison","floor":13.0,"key":"SMITH"},{"data":"Deadly Poison","floor":15.0,"key":"SMITH"},{"floor":23.0,"key":"REST"},{"data":"Wraith Form v2","floor":27.0,"key":"SMITH"},{"data":"Catalyst","floor":32.0,"key":"SMITH"},{"data":"Malaise","floor":40.0,"key":"SMITH"},{"data":"Well Laid Plans","floor":42.0,"key":"SMITH"},{"data":"Corpse Explosion","floor":47.0,"key":"SMITH"},{"floor":49.0,"key":"RECALL"},{"data":"Tools of the Trade","floor":52.0,"key":"SMITH"}],"circlet_count":0,"master_deck":["AscendersBane","Strike_G+1","Strike_G+1","Strike_G+1","Defend_G+1","Defend_G+1","Defend_G+1","Defend_G+1","Defend_G+1","Survivor","Neutralize","Leg Sweep+1","Footwork+1","All Out Attack+1","Crippling Poison+1","Deadly Poison+1","Wraith Form v2+1","Catalyst+1","Escape Plan","Tools of the Trade+1","Acrobatics","Well Laid Plans+1","Bouncing Flask+1","Malaise+1","PiercingWail","Deflect+1","Corpse Explosion+1","Escape Plan+1","Acrobatics+1","PiercingWail+1"],"relics":["Ring of the Snake","Torii","Snake Skull","Dream Catcher","Nunchaku","Velvet Choker","Bird Faced Urn","Juzu Bracelet","TwistedFunnel","Runic Pyramid","Lantern","White Beast Statue","FossilizedHelix","Omamori","Mercury Hourglass","Akabeko"],"acts_visited":["TheEnding"],"potions_floor_usage":[55,55],"damage_taken":[{"damage":3.0,"enemies":"Jaw Worm","floor":1.0,"turns":8.0},{"damage":0.0,"enemies":"Small Slimes","floor":2.0,"turns":4.0},{"damage":0.0,"enemies":"2 Louse","floor":3.0,"turns":4.0},{"damage":31.0,"enemies":"Gremlin Nob","floor":7.0,"turns":6.0},{"damage":11.0,"enemies":"3 Sentries","floor":10.0,"turns":9.0},{"damage":1.0,"enemies":"Exordium Thugs","floor":12.0,"turns":6.0},{"damage":5.0,"enemies":"Hexaghost","floor":16.0,"turns":10.0},{"damage":0.0,"enemies":"3 Byrds","floor":18.0,"turns":3.0},{"damage":18.0,"enemies":"Spheric Guardian","floor":19.0,"turns":7.0},{"damage":11.0,"enemies":"Snecko","floor":21.0,"turns":6.0},{"damage":7.0,"enemies":"Book of Stabbing","floor":24.0,"turns":5.0},{"damage":1.0,"enemies":"Snake Plant","floor":25.0,"turns":4.0},{"damage":12.0,"enemies":"Slavers","floor":28.0,"turns":5.0},{"damage":2.0,"enemies":"3 Cultists","floor":31.0,"turns":5.0},{"damage":1.0,"enemies":"Champ","floor":33.0,"turns":7.0},{"damage":0.0,"enemies":"Orb Walker","floor":35.0,"turns":2.0},{"damage":0.0,"enemies":"3 Shapes","floor":36.0,"turns":4.0},{"damage":3.0,"enemies":"Sphere and 2 Shapes","floor":38.0,"turns":5.0},{"damage":7.0,"enemies":"Giant Head","floor":41.0,"turns":11.0},{"damage":1.0,"enemies":"Nemesis","floor":44.0,"turns":5.0},{"damage":0.0,"enemies":"4 Shapes","floor":46.0,"turns":4.0},{"damage":0.0,"enemies":"Giant Head","floor":48.0,"turns":6.0},{"damage":0.0,"enemies":"Awakened One","floor":50.0,"turns":19.0},{"damage":0.0,"enemies":"Shield and Spear","floor":54.0,"turns":5.0},{"damage":9,"enemies":"The Heart","floor":55,"turns":9}],"seed_played":"5529160441681502468","potions_obtained":[{"floor":2.0,"key":"GamblersBrew"},{"floor":18.0,"key":"LiquidBronze"},{"floor":28.0,"key":"AttackPotion"},{"floor":31.0,"key":"SpeedPotion"},{"floor":41.0,"key":"EssenceOfSteel"},{"floor":44.0,"key":"EssenceOfSteel"},{"floor":54.0,"key":"LiquidBronze"}],"is_trial":false,"path_per_floor":["M","M","M","$","?","R","E","R","T","E","?","M","R","?","R","B",null,"M","M","?","M","?","R","E","M","T","R","E","?","$","M","R","B",null,"M","M","?","M","?","R","E","R","T","E","?","M","R","E","R","B",null,"R","$","E","B",null],"character_chosen":"THE_SILENT","items_purchased":["TwistedFunnel","Well Laid Plans","Mercury Hourglass"],"campfire_rested":2,"item_purchase_floors":[30,30,53],"current_hp_per_floor":[56,56,56,56,45,45,14,33,33,22,22,21,21,21,21,16,54,54,36,36,25,25,44,37,42,42,42,36,36,36,40,40,45,61,63,66,66,66,66,66,61,61,61,66,66,66,66,66,66,66,66,66,66,66,62],"gold":100,"neow_bonus":"ONE_RARE_RELIC","is_daily":false,"chose_seed":false,"campfire_upgraded":9,"win_rate":0.0,"timestamp":1607698304,"path_taken":["M","M","M","$","?","R","E","R","T","E","?","M","R","?","R","BOSS","M","M","?","M","?","R","E","M","T","R","E","?","$","M","R","BOSS","M","M","?","M","?","R","E","R","T","E","?","M","R","E","R","BOSS","R","$","E","BOSS"],"items_purchased_type":["Relic","Card","Relic"],"build_version":"2020-11-30","purchased_purges":2,"victory":true,"max_hp_per_floor":[66,66,66,66,66,66,66,66,66,66,66,66,66,66,66,66,66,66,66,66,66,66,66,66,66,66,66,66,66,66,66,66,66,66,66,66,66,66,66,66,66,66,66,66,66,66,66,66,66,66,66,66,66,66,66],"relic_stats":{"Dream Catcher":1,"Nunchaku":[10],"Torii":38,"counters":[25,159],"Bird Faced Urn":[45],"Snake Skull":[191],"Juzu Bracelet":2,"obtain_stats":[{"TwistedFunnel":30,"Lantern":41,"Torii":0,"Velvet Choker":17,"Snake Skull":7,"Juzu Bracelet":28,"Omamori":48,"White Beast Statue":43,"Akabeko":54,"Mercury Hourglass":53,"Dream Catcher":9,"Nunchaku":10,"Bird Faced Urn":24,"FossilizedHelix":44,"Ring of the Snake":0,"Runic Pyramid":34},{"TwistedFunnel":13,"Lantern":19,"Torii":0,"Velvet Choker":7,"Snake Skull":4,"Juzu Bracelet":13,"Omamori":22,"White Beast Statue":19,"Akabeko":24,"Mercury Hourglass":23,"Dream Catcher":4,"Nunchaku":5,"Bird Faced Urn":11,"FossilizedHelix":20,"Ring of the Snake":0,"Runic Pyramid":15},{"TwistedFunnel":77,"Lantern":111,"Torii":0,"Velvet Choker":47,"Snake Skull":22,"Juzu Bracelet":77,"Omamori":126,"White Beast Statue":111,"Akabeko":150,"Mercury Hourglass":145,"Dream Catcher":22,"Nunchaku":31,"Bird Faced Urn":68,"FossilizedHelix":116,"Ring of the Snake":0,"Runic Pyramid":89}],"Ring of the Snake":[50],"Mercury Hourglass":[47]},"card_choices":[{"not_picked":["All Out Attack","Flechettes"],"picked":"Leg Sweep","floor":1.0},{"not_picked":["Deflect","Terror"],"picked":"Footwork","floor":2.0},{"not_picked":["Cloak And Dagger","Dagger Spray"],"picked":"All Out Attack","floor":3.0},{"not_picked":["Blur","Caltrops"],"picked":"Crippling Poison","floor":7.0},{"not_picked":["Grand Finale","Backstab"],"picked":"Poisoned Stab","floor":10.0},{"not_picked":["Acrobatics","Caltrops"],"picked":"Deadly Poison","floor":12.0},{"not_picked":["Malaise","A Thousand Cuts"],"picked":"Wraith Form v2","floor":16.0},{"not_picked":["Distraction","Dagger Throw+1"],"picked":"Catalyst","floor":18.0},{"not_picked":["Underhanded Strike","Expertise+1","Poisoned Stab"],"picked":"SKIP","floor":19.0},{"not_picked":["Underhanded Strike","Bane+1"],"picked":"Escape Plan","floor":21.0},{"not_picked":["Expertise","Dodge and Roll"],"picked":"Tools of the Trade","floor":24.0},{"not_picked":["Quick Slash","Prepared"],"picked":"Acrobatics","floor":25.0},{"not_picked":["Deadly Poison","Setup","Bane"],"picked":"SKIP","floor":28.0},{"not_picked":["Dagger Throw","Slice"],"picked":"Bouncing Flask+1","floor":31.0},{"not_picked":["A Thousand Cuts","Glass Knife"],"picked":"Malaise","floor":33.0},{"not_picked":["Caltrops","Bouncing Flask"],"picked":"PiercingWail","floor":35.0},{"not_picked":["Eviscerate+1","Blade Dance","Flying Knee+1"],"picked":"SKIP","floor":36.0},{"not_picked":["Bane","Concentrate+1"],"picked":"Deflect+1","floor":38.0},{"not_picked":["Quick Slash","Choke+1"],"picked":"Corpse Explosion","floor":41.0},{"not_picked":["Riddle With Holes","Outmaneuver"],"picked":"Escape Plan+1","floor":44.0},{"not_picked":["Dodge and Roll","All Out Attack"],"picked":"Acrobatics+1","floor":46.0},{"not_picked":["Bouncing Flask","Outmaneuver","Blur"],"picked":"SKIP","floor":48.0},{"not_picked":["Escape Plan","Slice"],"picked":"PiercingWail+1","floor":54.0}],"player_experience":1907997,"relics_obtained":[{"floor":7.0,"key":"Snake Skull"},{"floor":9.0,"key":"Dream Catcher"},{"floor":10.0,"key":"Nunchaku"},{"floor":24.0,"key":"Bird Faced Urn"},{"floor":28.0,"key":"Juzu Bracelet"},{"floor":41.0,"key":"Lantern"},{"floor":43.0,"key":"White Beast Statue"},{"floor":44.0,"key":"FossilizedHelix"},{"floor":48.0,"key":"Omamori"},{"floor":54.0,"key":"Akabeko"}],"event_choices":[{"damage_healed":0.0,"max_hp_gain":0.0,"max_hp_loss":0.0,"gold_gain":75.0,"event_name":"World of Goop","player_choice":"Gather Gold","floor":5.0,"gold_loss":0.0,"damage_taken":11.0},{"damage_healed":0.0,"max_hp_gain":0.0,"max_hp_loss":0.0,"gold_gain":0.0,"event_name":"Liars Game","player_choice":"Ignored","floor":11.0,"gold_loss":0.0,"damage_taken":0.0},{"damage_healed":0.0,"max_hp_gain":0.0,"max_hp_loss":0.0,"gold_gain":0.0,"event_name":"Upgrade Shrine","player_choice":"Upgraded","floor":14.0,"gold_loss":0.0,"damage_taken":0.0,"cards_upgraded":["Footwork"]},{"damage_healed":0.0,"max_hp_gain":0.0,"max_hp_loss":0.0,"gold_gain":0.0,"event_name":"Back to Basics","player_choice":"Simplicity","floor":20.0,"gold_loss":0.0,"damage_taken":0.0,"cards_upgraded":["Strike_G","Strike_G","Strike_G","Strike_G","Strike_G","Defend_G","Defend_G","Defend_G","Defend_G","Defend_G"]},{"damage_healed":0.0,"max_hp_gain":0.0,"max_hp_loss":0.0,"gold_gain":0.0,"event_name":"N\u0027loth","player_choice":"Ignored","floor":22.0,"gold_loss":0.0,"damage_taken":0.0},{"cards_removed":["Strike_G"],"damage_healed":0.0,"max_hp_gain":0.0,"max_hp_loss":0.0,"gold_gain":0.0,"event_name":"Designer","player_choice":"Upgrade and Remove","floor":29.0,"gold_loss":110.0,"damage_taken":0.0,"cards_upgraded":["Leg Sweep"]},{"damage_healed":0.0,"max_hp_gain":0.0,"max_hp_loss":0.0,"gold_gain":50.0,"event_name":"Golden Shrine","player_choice":"Pray","floor":37.0,"gold_loss":0.0,"damage_taken":0.0},{"cards_removed":["Poisoned Stab"],"damage_healed":0.0,"max_hp_gain":0.0,"max_hp_loss":0.0,"gold_gain":0.0,"event_name":"Falling","player_choice":"Removed Attack","floor":39.0,"gold_loss":0.0,"damage_taken":0.0},{"damage_healed":0.0,"max_hp_gain":0.0,"max_hp_loss":0.0,"gold_gain":0.0,"event_name":"Lab","player_choice":"Got Potions","floor":45.0,"gold_loss":0.0,"damage_taken":0.0}],"is_beta":false,"boss_relics":[{"not_picked":["Fusion Hammer","Busted Crown"],"picked":"Velvet Choker"},{"not_picked":["Sozu","Cursed Key"],"picked":"Runic Pyramid"}],"items_purged_floors":[4,30],"is_endless":false,"potions_floor_spawned":[2,18,28,31,33,36,38,41,44,46,48,54],"ascension_level":15}}