{"host":"dz1qwalix8eproj8","time":1607700430,"event":{"mods":["AchievementEnabler","BaseMod","Block Reminder","Minty Spire (QoL Compilation)","Relic Stats","StSLib","SuperFastMode"],"gold_per_floor":[114,129,129,146,146,180,180,180,180,213,231,231,270,309,309,309,309],"floor_reached":16,"playtime":1130,"items_purged":[],"score":179,"play_id":"80bf9f8f-e9f7-4d01-a089-02d0ba0b565c","local_time":"20201211162710","is_ascension_mode":true,"campfire_choices":[{"floor":8,"key":"REST"},{"floor":12,"key":"REST"},{"floor":15,"key":"DIG"}],"circlet_count":0,"master_deck":["Strike_B","Strike_B","Strike_B","Strike_B","Defend_B","Defend_B","Defend_B","Defend_B","Zap","Dualcast","Core Surge","Rip and Tear","Rebound","Sweeping Beam","Barrage","Hologram","Auto Shields","FTL","Sunder"],"relics":["Cracked Core","White Beast Statue","StrikeDummy","Golden Idol","Question Card","WingedGreaves","Sundial","Shovel","Bronze Scales"],"acts_visited":["Exordium"],"potions_floor_usage":[4,11,13,14,14,16,16],"damage_taken":[{"damage":3,"enemies":"Small Slimes","floor":1,"turns":2},{"damage":0,"enemies":"2 Louse","floor":2,"turns":2},{"damage":0,"enemies":"Jaw Worm","floor":4,"turns":1},{"damage":30,"enemies":"3 Sentries","floor":6,"turns":6},{"damage":30,"enemies":"Lagavulin","floor":10,"turns":5},{"damage":12,"enemies":"Large Slime","floor":11,"turns":4},{"damage":16,"enemies":"Gremlin Nob","floor":13,"turns":3},{"damage":21,"enemies":"Lagavulin","floor":14,"turns":6},{"damage":16,"enemies":"Hexaghost","floor":16,"turns":7}],"seed_played":"624491123257660507","potions_obtained":[{"floor":1,"key":"Fire Potion"},{"floor":4,"key":"LiquidBronze"},{"floor":6,"key":"Dexterity Potion"},{"floor":10,"key":"ColorlessPotion"},{"floor":11,"key":"Fire Potion"},{"floor":13,"key":"Fruit Juice"},{"floor":14,"key":"Regen Potion"}],"is_trial":false,"path_per_floor":["M","M","?","M","?","E","?","R","T","E","M","R","E","E","R","B"],"character_chosen":"DEFECT","items_purchased":[],"campfire_rested":2,"item_purchase_floors":[],"current_hp_per_floor":[47,47,40,40,65,35,35,55,55,25,13,33,17,1,1,0,0],"gold":309,"neow_bonus":"THREE_RARE_CARDS","is_daily":false,"chose_seed":false,"campfire_upgraded":0,"win_rate":0.0,"timestamp":1607700430,"path_taken":["M","M","?","M","?","E","?","R","T","E","M","R","E","E","R","BOSS"],"items_purchased_type":[],"build_version":"2020-11-30","purchased_purges":0,"victory":false,"max_hp_per_floor":[75,75,75,75,75,75,69,69,69,69,69,69,69,74,74,74,74],"relic_stats":{"Shovel":1,"counters":[9,36],"Golden Idol":27,"Sundial":[2],"Bronze Scales":[30],"Question Card":4,"obtain_stats":[{"Shovel":14,"Golden Idol":7,"Sundial":13,"Bronze Scales":15,"WingedGreaves":10,"Cracked Core":0,"StrikeDummy":6,"Question Card":9,"White Beast Statue":3},{"Shovel":8,"Golden Idol":4,"Sundial":7,"Bronze Scales":8,"WingedGreaves":5,"Cracked Core":0,"StrikeDummy":4,"Question Card":4,"White Beast Statue":2},{"Shovel":29,"Golden Idol":11,"Sundial":23,"Bronze Scales":29,"WingedGreaves":16,"Cracked Core":0,"StrikeDummy":11,"Question Card":11,"White Beast Statue":4}]},"card_choices":[{"not_picked":["Fission","Biased Cognition"],"picked":"Core Surge","floor":0},{"not_picked":["Conserve Battery","Steam"],"picked":"Rip and Tear","floor":1},{"not_picked":["Stack","Turbo"],"picked":"Rebound","floor":2},{"not_picked":["Meteor Strike","Steam"],"picked":"Sweeping Beam","floor":4},{"not_picked":["Redo","Rebound"],"picked":"Barrage","floor":6},{"not_picked":["Redo","Double Energy","Barrage"],"picked":"Hologram","floor":10},{"not_picked":["Thunder Strike","Aggregate","Rebound"],"picked":"Auto Shields","floor":11},{"not_picked":["Biased Cognition","Blizzard","Barrage"],"picked":"FTL","floor":13},{"not_picked":["Rebound","Gash","Fusion"],"picked":"Sunder","floor":14}],"player_experience":563819,"relics_obtained":[{"floor":6,"key":"StrikeDummy"},{"floor":9,"key":"Question Card"},{"floor":10,"key":"WingedGreaves"},{"floor":13,"key":"Sundial"},{"floor":14,"key":"Shovel"},{"floor":15,"key":"Bronze Scales"}],"event_choices":[{"damage_healed":0,"gold_gain":0,"player_choice":"Success","damage_taken":7,"relics_obtained":["White Beast Statue"],"max_hp_gain":0,"max_hp_loss":0,"event_name":"Scrap Ooze","floor":3,"gold_loss":0},{"damage_healed":25,"gold_gain":0,"player_choice":"Banana","damage_taken":0,"max_hp_gain":0,"max_hp_loss":0,"event_name":"Big Fish","floor":5,"gold_loss":0},{"damage_healed":0,"gold_gain":0,"player_choice":"Lose Max HP","damage_taken":0,"relics_obtained":["Golden Idol"],"max_hp_gain":0,"max_hp_loss":6,"event_name":"Golden Idol","floor":7,"gold_loss":0}],"is_beta":false,"boss_relics":[],"items_purged_floors":[],"is_endless":false,"potions_floor_spawned":[1,4,6,10,11,13,14],"killed_by":"Hexaghost","ascension_level":8}}