{"host":"rantoq7h0pygex6x","time":1607709282,"event":{"mods":["AchievementEnabler","BaseMod","BetterRewards","Minty Spire (QoL Compilation)"],"gold_per_floor":[117,42,61,73,86,86,98,98,98,98,98],"floor_reached":10,"playtime":282,"items_purged":["Defend_G"],"score":120,"play_id":"00c7d492-9e94-4c32-a338-08a41bc44adb","local_time":"20201212015442","is_ascension_mode":true,"campfire_choices":[{"data":"Footwork","floor":6.0,"key":"SMITH"},{"data":"Dagger Spray","floor":8.0,"key":"SMITH"}],"circlet_count":0,"master_deck":["AscendersBane","Strike_G","Strike_G","Strike_G","Strike_G","Defend_G","Defend_G","Defend_G","Defend_G","Survivor","Neutralize","Accuracy","Accuracy","Footwork+1","Dagger Spray+1","Backflip","Blur"],"relics":["Ring of the Snake","DollysMirror","Juzu Bracelet"],"acts_visited":["Exordium"],"potions_floor_usage":[10],"damage_taken":[{"damage":2.0,"enemies":"Jaw Worm","floor":1.0,"turns":8.0},{"damage":6.0,"enemies":"2 Louse","floor":3.0,"turns":3.0},{"damage":4.0,"enemies":"Cultist","floor":4.0,"turns":4.0},{"damage":12.0,"enemies":"Exordium Wildlife","floor":5.0,"turns":5.0},{"damage":0.0,"enemies":"Large Slime","floor":7.0,"turns":10.0},{"damage":44,"enemies":"Gremlin Nob","floor":10,"turns":4}],"seed_played":"-7575073450868395061","potions_obtained":[{"floor":5.0,"key":"SkillPotion"},{"floor":7.0,"key":"AttackPotion"}],"is_trial":false,"path_per_floor":["M","?","M","M","M","R","M","R","T","E"],"character_chosen":"THE_SILENT","items_purchased":["Accuracy","DollysMirror","Footwork"],"campfire_rested":0,"item_purchase_floors":[0,0,0],"current_hp_per_floor":[57,57,51,47,35,35,35,35,35,0,0],"gold":98,"neow_bonus":"","is_daily":false,"chose_seed":false,"campfire_upgraded":2,"win_rate":0.0,"timestamp":1607709282,"path_taken":["M","?","M","M","M","R","M","R","T","E"],"items_purchased_type":["Card","Relic","Card"],"build_version":"2020-11-30","purchased_purges":1,"victory":false,"max_hp_per_floor":[66,66,66,66,66,66,66,66,66,66,66],"card_choices":[{"not_picked":["PiercingWail","Dagger Throw"],"picked":"Dagger Spray","floor":1.0},{"not_picked":["Choke","Flying Knee"],"picked":"Backflip","floor":3.0},{"not_picked":["Dagger Throw","Grand Finale","Acrobatics"],"picked":"SKIP","floor":4.0},{"not_picked":["Skewer","Underhanded Strike"],"picked":"Blur","floor":5.0},{"not_picked":["Dagger Spray","Flying Knee","Bane"],"picked":"SKIP","floor":7.0}],"player_experience":966317,"relics_obtained":[{"floor":9.0,"key":"Juzu Bracelet"}],"event_choices":[{"cards_removed":["Strike_G"],"damage_healed":0.0,"max_hp_gain":0.0,"max_hp_loss":0.0,"gold_gain":0.0,"event_name":"The Cleric","player_choice":"Card Removal","floor":2.0,"gold_loss":75.0,"damage_taken":0.0}],"is_beta":false,"boss_relics":[],"items_purged_floors":[0],"is_endless":false,"potions_floor_spawned":[5,7],"killed_by":"Gremlin Nob","ascension_level":20}}