{"host":"y3h3n3f7seyagppx","time":1607710281,"event":{"mods":["AlwaysNeverKeys","BaseMod","Better Vampires","Colored Powertips","DeckTracker","Emptier Cage","Minty Spire (QoL Compilation)","Permanent Neow","Quick Restart","Rare Cards Sparkle","Relic Sorter","Relic Stats","StSLib","Transform Curses"],"gold_per_floor":[116,126,126,137,152,185,211,38,38,38,69,69,84,111,111,187,187,205,205,205,218,54,86,106,136,188,208,208,235,253,273,273,345,345,357,377,30,30,30,61,61,87,87,0,26,26,54,68,68,68,68,68,68,68,98,98],"floor_reached":57,"playtime":5118,"items_purged":["Pain"],"score":3236,"play_id":"d261ad2e-e0c8-49e1-bb77-6cb27d873110","local_time":"20201211131121","is_ascension_mode":true,"campfire_choices":[{"data":"Carnage","floor":12.0,"key":"SMITH"},{"data":"Armaments","floor":15.0,"key":"SMITH"},{"data":"Sword Boomerang","floor":28,"key":"SMITH"},{"data":"Sword Boomerang","floor":32,"key":"SMITH"},{"data":"Sword Boomerang","floor":41,"key":"SMITH"},{"data":"Bash","floor":49,"key":"SMITH"},{"data":"Sentinel","floor":53,"key":"SMITH"}],"circlet_count":0,"master_deck":["AscendersBane","Bash+1","Battle Trance","Armaments+1","Clothesline","Carnage+1","Power Through","Spot Weakness","Shrug It Off","Brutality+1","Reaper","Shrug It Off+1","Ghostly","Ghostly","Ghostly","Evolve+1","Power Through+1","Impervious","Sword Boomerang+1","Exhume","Dark Embrace+1","Power Through","Sword Boomerang+1","Impervious","Corruption+1","Sentinel+1","Body Slam+1","Thunderclap"],"relics":["Burning Blood","HornCleat","Odd Mushroom","PreservedInsect","Sundial","Frozen Egg 2","Tiny Chest","Coffee Dripper","WarpedTongs","Brimstone","Akabeko","Pantograph","Vajra","Kunai","Pandora\u0027s Box","Medical Kit","Dream Catcher","Ornamental Fan","StoneCalendar","Blue Candle","Red Mask","Ancient Tea Set","Anchor","Paper Frog","Shuriken"],"acts_visited":["Exordium","TheCity","TheBeyond","TheEnding"],"potions_floor_usage":[33],"damage_taken":[{"damage":0.0,"enemies":"2 Louse","floor":1.0,"turns":5.0},{"damage":6.0,"enemies":"Cultist","floor":2.0,"turns":3.0},{"damage":4.0,"enemies":"Small Slimes","floor":4.0,"turns":4.0},{"damage":19.0,"enemies":"Exordium Wildlife","floor":5.0,"turns":5.0},{"damage":39.0,"enemies":"3 Sentries","floor":6.0,"turns":10.0},{"damage":14.0,"enemies":"The Mushroom Lair","floor":7.0,"turns":6.0},{"damage":26.0,"enemies":"Lagavulin","floor":11.0,"turns":4.0},{"damage":0.0,"enemies":"2 Fungi Beasts","floor":13.0,"turns":3.0},{"damage":8.0,"enemies":"Gremlin Nob","floor":14.0,"turns":4.0},{"damage":24.0,"enemies":"Slime Boss","floor":16.0,"turns":7.0},{"damage":14.0,"enemies":"Spheric Guardian","floor":18.0,"turns":4.0},{"damage":17.0,"enemies":"2 Thieves","floor":21.0,"turns":5.0},{"damage":15.0,"enemies":"Gremlin Leader","floor":23.0,"turns":5.0},{"damage":10.0,"enemies":"Snake Plant","floor":24.0,"turns":4.0},{"damage":6.0,"enemies":"Book of Stabbing","floor":25.0,"turns":5.0},{"damage":9,"enemies":"3 Cultists","floor":27,"turns":5},{"damage":6,"enemies":"Slavers","floor":29,"turns":4},{"damage":14,"enemies":"Snecko","floor":30,"turns":4},{"damage":30,"enemies":"Shelled Parasite and Fungi","floor":31,"turns":2},{"damage":35,"enemies":"Automaton","floor":33,"turns":8},{"damage":8,"enemies":"3 Shapes","floor":35,"turns":4},{"damage":7,"enemies":"Orb Walker","floor":36,"turns":3},{"damage":5,"enemies":"Giant Head","floor":40,"turns":5},{"damage":4,"enemies":"Nemesis","floor":42,"turns":5},{"damage":3,"enemies":"Reptomancer","floor":47,"turns":4},{"damage":5,"enemies":"Transient","floor":48,"turns":6},{"damage":3,"enemies":"Donu and Deca","floor":50,"turns":4},{"damage":16,"enemies":"Time Eater","floor":51,"turns":7},{"damage":1,"enemies":"Shield and Spear","floor":55,"turns":2},{"damage":9,"enemies":"The Heart","floor":56,"turns":6}],"seed_played":"-639897402657038407","potions_obtained":[{"floor":4.0,"key":"FairyPotion"},{"floor":7.0,"key":"SkillPotion"},{"floor":13.0,"key":"Dexterity Potion"},{"floor":23.0,"key":"LiquidMemories"},{"floor":25,"key":"Block Potion"},{"floor":31,"key":"SteroidPotion"},{"floor":40,"key":"PowerPotion"},{"floor":42,"key":"Weak Potion"}],"is_trial":false,"path_per_floor":["M","M","?","M","M","E","?","$","T","$","E","R","M","E","R","B",null,"M","?","?","M","$","E","M","E","T","M","R","E","M","M","R","B",null,"M","M","$","T","?","E","R","E","T","?","T","T","E","M","R","B","B",null,"R","$","E","B",null],"character_chosen":"IRONCLAD","items_purchased":["PreservedInsect","Brimstone","Medical Kit","Power Through","Sword Boomerang"],"campfire_rested":0,"item_purchase_floors":[8,22,37,37,37],"current_hp_per_floor":[68,68,68,68,55,22,14,14,14,14,26,26,32,30,30,12,54,46,34,34,27,27,31,34,34,34,32,32,32,24,10,10,31,33,34,34,34,34,34,34,34,34,34,34,34,34,34,34,34,34,34,34,34,34,34,31],"gold":98,"neow_bonus":"REMOVE_TWO","is_daily":false,"chose_seed":false,"campfire_upgraded":7,"win_rate":0.0,"timestamp":1607710281,"path_taken":["M","M","?","?","M","E","?","$","T","?","E","R","M","E","R","BOSS","M","?","?","M","$","E","M","E","T","?","R","E","M","M","R","BOSS","M","M","$","?","?","E","R","E","T","?","?","?","E","M","R","BOSS","BOSS","R","$","E","BOSS"],"items_purchased_type":["Relic","Relic","Relic","Card","Card"],"build_version":"2020-11-30","purchased_purges":1,"victory":true,"max_hp_per_floor":[68,68,68,68,68,68,68,68,68,68,68,68,68,68,68,68,68,68,34,34,34,34,34,34,34,34,34,34,34,34,34,34,34,34,34,34,34,34,34,34,34,34,34,34,34,34,34,34,34,34,34,34,34,34,34,34],"relic_stats":{"counters":[30,143],"Blue Candle":[0],"StoneCalendar":[48],"PreservedInsect":501,"Medical Kit":[33],"Burning Blood":132,"WarpedTongs":[81],"Dream Catcher":0,"Sundial":[22],"Ornamental Fan":[36],"Shuriken":[3],"Pantograph":24,"Tiny Chest":2,"Pandora\u0027s Box":["Metallicize","Dropkick","Warcry","Entrench","Twin Strike","Flame Barrier","Anger"],"Kunai":[14],"obtain_stats":[{"Vajra":26,"StoneCalendar":42,"Ancient Tea Set":45,"Burning Blood":0,"Dream Catcher":38,"HornCleat":6,"Sundial":9,"Pantograph":25,"Tiny Chest":14,"Red Mask":44,"Kunai":29,"Paper Frog":47,"Blue Candle":43,"PreservedInsect":8,"Odd Mushroom":7,"Frozen Egg 2":11,"Medical Kit":37,"Akabeko":23,"WarpedTongs":20,"Anchor":46,"Brimstone":22,"Ornamental Fan":40,"Shuriken":55,"Pandora\u0027s Box":34,"Coffee Dripper":17},{"Vajra":15,"StoneCalendar":24,"Ancient Tea Set":24,"Burning Blood":0,"Dream Catcher":22,"HornCleat":5,"Sundial":6,"Pantograph":15,"Tiny Chest":9,"Red Mask":24,"Kunai":17,"Paper Frog":25,"Blue Candle":24,"PreservedInsect":6,"Odd Mushroom":6,"Frozen Egg 2":7,"Medical Kit":22,"Akabeko":13,"WarpedTongs":11,"Anchor":24,"Brimstone":12,"Ornamental Fan":23,"Shuriken":29,"Pandora\u0027s Box":20,"Coffee Dripper":10},{"Vajra":74,"StoneCalendar":114,"Ancient Tea Set":114,"Burning Blood":0,"Dream Catcher":104,"HornCleat":27,"Sundial":33,"Pantograph":74,"Tiny Chest":44,"Red Mask":114,"Kunai":83,"Paper Frog":118,"Blue Candle":114,"PreservedInsect":33,"Odd Mushroom":33,"Frozen Egg 2":37,"Medical Kit":104,"Akabeko":65,"WarpedTongs":55,"Anchor":114,"Brimstone":60,"Ornamental Fan":109,"Shuriken":137,"Pandora\u0027s Box":97,"Coffee Dripper":51}]},"card_choices":[{"not_picked":["Pommel Strike","Cleave"],"picked":"Battle Trance","floor":1.0},{"not_picked":["Wild Strike","Twin Strike"],"picked":"Armaments","floor":2.0},{"not_picked":["Cleave","Twin Strike"],"picked":"Carnage","floor":4.0},{"not_picked":["Clash","Flex","Headbutt"],"picked":"SKIP","floor":5.0},{"not_picked":["Headbutt","Searing Blow"],"picked":"Power Through","floor":6.0},{"not_picked":["Body Slam","Sword Boomerang"],"picked":"Spot Weakness","floor":11.0},{"not_picked":["Rage","Ghostly Armor"],"picked":"Shrug It Off","floor":13.0},{"not_picked":["Pommel Strike","Clothesline"],"picked":"Brutality+1","floor":14.0},{"not_picked":["Brutality+1","Bludgeon"],"picked":"Reaper","floor":16.0},{"not_picked":["Headbutt","Pommel Strike"],"picked":"Shrug It Off+1","floor":18.0},{"not_picked":["Headbutt","Flex","Twin Strike"],"picked":"SKIP","floor":21.0},{"not_picked":["Bloodletting","Flex"],"picked":"Evolve+1","floor":23.0},{"not_picked":["Flex","Havoc"],"picked":"Power Through+1","floor":24.0},{"not_picked":["Clash","Anger","Spot Weakness"],"picked":"SKIP","floor":25},{"not_picked":["Twin Strike","Seeing Red"],"picked":"Sword Boomerang","floor":27},{"not_picked":["Inflame+1","Rupture+1"],"picked":"Impervious","floor":29},{"not_picked":["Pommel Strike","Battle Trance"],"picked":"Sword Boomerang","floor":30},{"not_picked":["Reckless Charge","Clothesline","Thunderclap"],"picked":"SKIP","floor":31},{"not_picked":["Juggernaut+1","Berserk+1"],"picked":"Exhume","floor":33},{"not_picked":["Havoc","Cleave","Clothesline"],"picked":"SKIP","floor":35},{"not_picked":["Pummel","Flex"],"picked":"Dark Embrace+1","floor":36},{"not_picked":["Sever Soul","Entrench"],"picked":"Impervious","floor":40},{"not_picked":["Cleave+1","Wild Strike"],"picked":"Corruption+1","floor":42},{"not_picked":["Twin Strike","Cleave+1"],"picked":"Sentinel","floor":47},{"not_picked":["True Grit+1","Wild Strike"],"picked":"Body Slam+1","floor":48},{"not_picked":["Feed","Heavy Blade"],"picked":"Thunderclap","floor":55}],"player_experience":19912257,"relics_obtained":[{"floor":6.0,"key":"HornCleat"},{"floor":7.0,"key":"Odd Mushroom"},{"floor":9.0,"key":"Sundial"},{"floor":11.0,"key":"Frozen Egg 2"},{"floor":14.0,"key":"Tiny Chest"},{"floor":23.0,"key":"Akabeko"},{"floor":25,"key":"Pantograph"},{"floor":26,"key":"Vajra"},{"floor":29,"key":"Kunai"},{"floor":38,"key":"Dream Catcher"},{"floor":40,"key":"Ornamental Fan"},{"floor":42,"key":"StoneCalendar"},{"floor":43,"key":"Blue Candle"},{"floor":45,"key":"Ancient Tea Set"},{"floor":46,"key":"Anchor"},{"floor":47,"key":"Paper Frog"},{"floor":55,"key":"Shuriken"}],"event_choices":[{"damage_healed":0.0,"max_hp_gain":0.0,"max_hp_loss":0.0,"gold_gain":0.0,"event_name":"Match and Keep!","player_choice":"1 cards matched","floor":3.0,"gold_loss":0.0,"damage_taken":0.0,"cards_obtained":["Clothesline"]},{"damage_healed":0.0,"max_hp_gain":0.0,"max_hp_loss":0.0,"gold_gain":0.0,"event_name":"Mushrooms","player_choice":"Fought Mushrooms","floor":7.0,"gold_loss":0.0,"damage_taken":0.0},{"damage_healed":0.0,"max_hp_gain":0.0,"max_hp_loss":34.0,"gold_gain":0.0,"event_name":"Ghosts","player_choice":"Became a Ghost","floor":19.0,"gold_loss":0.0,"damage_taken":0.0,"cards_obtained":["Ghostly","Ghostly","Ghostly"]},{"damage_healed":0.0,"max_hp_gain":0.0,"max_hp_loss":0.0,"gold_gain":0.0,"event_name":"Accursed Blacksmith","player_choice":"Rummage","floor":20.0,"gold_loss":0.0,"damage_taken":0.0,"relics_obtained":["WarpedTongs"],"cards_obtained":["Pain"]},{"cards_removed":["Sword Boomerang"],"damage_healed":0,"gold_gain":0,"player_choice":"Removed Attack","damage_taken":0,"max_hp_gain":0,"max_hp_loss":0,"event_name":"Falling","floor":39,"gold_loss":0},{"damage_healed":0,"gold_gain":0,"player_choice":"Paid","damage_taken":0,"relics_obtained":["Red Mask"],"max_hp_gain":0,"max_hp_loss":0,"event_name":"Tomb of Lord Red Mask","floor":44,"gold_loss":87}],"is_beta":false,"boss_relics":[{"not_picked":["Runic Dome","Cursed Key"],"picked":"Coffee Dripper"},{"not_picked":["Velvet Choker","Runic Pyramid"],"picked":"Pandora\u0027s Box"}],"items_purged_floors":[37],"is_endless":false,"potions_floor_spawned":[4,7,13,23,25,29,31,40,42],"ascension_level":20}}