{"host":"kux12pw67lc1ca9q","time":1607694617,"event":{"mods":["2.2 Compatiblity","Act Like it!","Ascension Unlocker","Aspiration","BaseMod","Better Altar","Better Match","Better Sensory Stone","Better Skull","Better Third Choice","BetterRewards","Block Reminder","CCEM","Displayed Cursed Tome","Elementarium","Energized Spire","Gensokyo","GifTheSpireLib","Hallownest","Hermit","Infinite Spire","JesterMod","Jorbs\u0027s Wanderer Trilogy","Marisa????????","Marked Mod","Menagerie","Minty Spire (QoL Compilation)","Pale of the Ancients","Permanent Neow","Potionbrewer","Quick Restart","Reimu??????","Replay The Spire","SCP261 Mod","Shade Mod","Shop Mod","Spicy Shops","Spikes Relics","StSLib","Stuff the Spire","The Bug Knight","The Cursed","The Death Knight","The Factory","The Hayseed","The Hierophant","The Judge","The Juggle","The Jungle","The Mystic","The Necromancer","The Runesmith","The Witch","Virulent Crown","thorton","vexMod"],"gold_per_floor":[118,118,61,61,117,157,157,202,202,226,226,226,226,278,27,74,74,66,66],"floor_reached":18,"playtime":721,"items_purged":[],"score":266,"play_id":"d6e22bbd-77b4-4b5b-88ca-3a8db62b5286","local_time":"20201211135017","is_ascension_mode":true,"campfire_choices":[{"data":"hierophant:RustyCrate","floor":7.0,"key":"SMITH"},{"floor":13.0,"key":"REST"},{"floor":17.0,"key":"REST"}],"circlet_count":0,"master_deck":["AscendersBane","hierophant:Strike_Hierophant+1","hierophant:Strike_Hierophant","hierophant:Strike_Hierophant","hierophant:Strike_Hierophant","hierophant:Punish","hierophant:Defend_Hierophant+1","hierophant:Defend_Hierophant","hierophant:Defend_Hierophant","hierophant:Defend_Hierophant","hierophant:ChurchCoffers","hierophant:Encroach","hierophant:RustyCrate+1","hierophant:Doubloon","hierophant:Doubloon","hierophant:SealAway","hierophant:Racketeering+1","hierophant:RepressedViolence+1","hierophant:Doubloon+1","hierophant:Dazzle+1","hierophant:Upheaval","hierophant:Shelter"],"relics":["hierophant:PropheticMaskRelic","NeowsBlessing","ReplayTheSpireMod:Ring of Collecting","Gensokyo:Mercy","RetroEgg","Mango","Simple Rune","aspiration:Nostalgia","stsjorbsmod:BookOfTrialsRelic"],"acts_visited":["Gensokyo:Gensokyo"],"potions_floor_usage":[],"damage_taken":[{"damage":0.0,"enemies":"Gensokyo:Gryphon","floor":1.0,"turns":1.0},{"damage":0.0,"enemies":"Gensokyo:Cirno","floor":6.0,"turns":2.0},{"damage":0.0,"enemies":"Gensokyo:3_Fairies","floor":8.0,"turns":2.0},{"damage":38.0,"enemies":"Gensokyo:Aya","floor":10.0,"turns":10.0},{"damage":1.0,"enemies":"Gensokyo:2_Kodama","floor":14.0,"turns":4.0},{"damage":10.0,"enemies":"Gensokyo:Gryphon_and_Rabbit","floor":16.0,"turns":4.0},{"damage":5,"enemies":"Gensokyo:Reimu","floor":18,"turns":4}],"seed_played":"4743294825914049304","potions_obtained":[{"floor":1.0,"key":"BlessingOfTheForge"},{"floor":5.0,"key":"Explosive Potion"},{"floor":10.0,"key":"SkillPotion"}],"is_trial":false,"path_per_floor":["M","?","$","?","?","E","R","M","T","E","PTL","PTL","R","M","$","M","R","B"],"character_chosen":"HIEROPHANT","items_purchased":["hierophant:Encroach","aspiration:Nostalgia","hierophant:Upheaval"],"campfire_rested":2,"item_purchase_floors":[3,15,15],"current_hp_per_floor":[68,68,68,68,44,44,44,44,58,20,20,20,46,45,45,35,61,56,56],"gold":66,"neow_bonus":"THREE_ENEMY_KILL","is_daily":false,"chose_seed":false,"campfire_upgraded":1,"win_rate":0.0,"timestamp":1607694617,"path_taken":["M","?","$","?","?","E","R","M","T","E","PTL","PTL","R","M","$","?","R","BOSS"],"items_purchased_type":["Card","Relic","Card"],"build_version":"2020-11-30","purchased_purges":0,"victory":false,"max_hp_per_floor":[75,75,75,75,75,75,75,75,89,89,89,89,89,89,89,89,89,89,89],"card_choices":[{"not_picked":["hierophant:FlamingChariot","hierophant:OrnateJavelin"],"picked":"hierophant:SealAway","floor":1.0},{"not_picked":["hierophant:Exaltation","hierophant:ArchangelShield"],"picked":"hierophant:RustyCrate","floor":5.0},{"not_picked":["hierophant:Anathema","hierophant:Exaltation"],"picked":"hierophant:SealAway","floor":6.0},{"not_picked":["hierophant:PassingBell","hierophant:RepressedViolence"],"picked":"hierophant:Racketeering","floor":8.0},{"not_picked":["hierophant:Repentance","hierophant:DisplayOfPower"],"picked":"hierophant:RepressedViolence","floor":10.0},{"not_picked":["hierophant:RepressedViolence","hierophant:Refuge"],"picked":"hierophant:Dazzle","floor":14.0},{"not_picked":["hierophant:Smite","hierophant:SealAway"],"picked":"hierophant:Shelter","floor":16.0}],"player_experience":1329107,"relics_obtained":[{"floor":2.0,"key":"ReplayTheSpireMod:Ring of Collecting"},{"floor":6.0,"key":"RetroEgg"},{"floor":9.0,"key":"Mango"},{"floor":10.0,"key":"Simple Rune"}],"event_choices":[],"is_beta":false,"boss_relics":[],"items_purged_floors":[],"is_endless":false,"potions_floor_spawned":[1,10],"killed_by":"Gensokyo:Reimu","ascension_level":20}}