{"host":"08sn1703g14rasc1","time":1607670237,"event":{"mods":["AchievementEnabler","BaseMod","Colored Map","Colored Powertips","Hermit","Minty Spire (QoL Compilation)","StSLib"],"gold_per_floor":[16,35,35,55,69,101,101,136,182,182,199,199,199,199],"floor_reached":13,"playtime":664,"items_purged":[],"score":128,"play_id":"fe5ba296-a957-4f5f-877f-4b8a15775dd4","local_time":"20201210230357","is_ascension_mode":true,"campfire_choices":[{"floor":7,"key":"REST"},{"floor":10,"key":"REST"}],"circlet_count":0,"master_deck":["Strike_R","Strike_R","Strike_R","Strike_R","Defend_R","Defend_R","Defend_R","Bash","Cleave","Flex","Anger","Cleave","Limit Break","Juggernaut","Disarm"],"relics":["Burning Blood","Shuriken","The Courier","Omamori","Oddly Smooth Stone"],"acts_visited":["Exordium"],"potions_floor_usage":[6],"damage_taken":[{"damage":0,"enemies":"Small Slimes","floor":1,"turns":3},{"damage":1,"enemies":"Cultist","floor":2,"turns":3},{"damage":12,"enemies":"Jaw Worm","floor":4,"turns":3},{"damage":21,"enemies":"Large Slime","floor":5,"turns":5},{"damage":30,"enemies":"3 Sentries","floor":6,"turns":5},{"damage":28,"enemies":"Gremlin Nob","floor":8,"turns":4},{"damage":41,"enemies":"Exordium Thugs","floor":11,"turns":5},{"damage":34,"enemies":"3 Sentries","floor":13,"turns":4}],"seed_played":"5944540907332682950","potions_obtained":[{"floor":2,"key":"Dexterity Potion"},{"floor":4,"key":"ColorlessPotion"},{"floor":5,"key":"Ancient Potion"}],"is_trial":false,"path_per_floor":["M","M","?","M","M","E","R","E","T","R","M","?","E"],"character_chosen":"IRONCLAD","items_purchased":[],"campfire_rested":2,"item_purchase_floors":[],"current_hp_per_floor":[78,80,80,74,59,35,59,37,37,61,26,26,0,0],"gold":199,"neow_bonus":"REMOVE_TWO","is_daily":false,"chose_seed":false,"campfire_upgraded":0,"win_rate":0.0,"timestamp":1607670237,"path_taken":["M","M","?","?","?","E","R","E","T","R","M","?","E"],"items_purchased_type":[],"build_version":"2020-11-30","purchased_purges":0,"victory":false,"max_hp_per_floor":[80,80,80,80,80,80,80,80,80,80,80,80,80,80],"card_choices":[{"not_picked":["Twin Strike","Fire Breathing"],"picked":"Cleave","floor":1},{"not_picked":["True Grit","Headbutt"],"picked":"Flex","floor":2},{"not_picked":["Armaments","Body Slam"],"picked":"Anger","floor":4},{"not_picked":["Sever Soul","Uppercut"],"picked":"Cleave","floor":5},{"not_picked":["Havoc","Twin Strike"],"picked":"Limit Break","floor":6},{"not_picked":["Disarm","Clash"],"picked":"Juggernaut","floor":8},{"not_picked":["Intimidate","Wild Strike"],"picked":"Disarm","floor":11}],"player_experience":388131,"relics_obtained":[{"floor":6,"key":"The Courier"},{"floor":8,"key":"Omamori"},{"floor":9,"key":"Oddly Smooth Stone"}],"event_choices":[{"damage_healed":0,"gold_gain":0,"player_choice":"Gave Potion","damage_taken":0,"relics_obtained":["Shuriken"],"max_hp_gain":0,"max_hp_loss":0,"event_name":"WeMeetAgain","floor":3,"gold_loss":0},{"damage_healed":0,"gold_gain":0,"player_choice":"Ignored","damage_taken":0,"max_hp_gain":0,"max_hp_loss":0,"event_name":"Shining Light","floor":12,"gold_loss":0}],"is_beta":false,"boss_relics":[],"items_purged_floors":[],"is_endless":false,"potions_floor_spawned":[2,4,5],"killed_by":"3 Sentries","ascension_level":7}}