{"host":"woah5shdh5xsovm3","time":1607713554,"event":{"mods":["BaseMod","BetterRewards","Downfall","Hermit","Hubris","Infinite Spire","Koishi","LagranYue(???·?)","Marisa????????","Minty Spire (QoL Compilation)","Remilia??????","Replay The Spire","Shop Mod","StSLib","SuperFastMode","The Animator","The Bug Knight","The Construct","The Cursed","The Disciple","The Hierophant","The Necromancer","The Poker Player","The Runesmith","The Servant 0.9.4"],"gold_per_floor":[113,113,66,66,82,113,113,140,140,159,159,159,159,159,159,159,159,159],"floor_reached":16,"playtime":798,"items_purged":[],"score":131,"play_id":"b8f97754-ece6-4fb8-b7f5-b625ece5391b","local_time":"20201211130554","is_ascension_mode":false,"metric_token":1618,"campfire_choices":[{"data":"PokerPlayerMod:Configure","floor":7,"key":"SMITH"},{"floor":15,"key":"REST"}],"circlet_count":0,"master_deck":["PokerPlayerMod:Diamond1","PokerPlayerMod:Diamond2","PokerPlayerMod:Diamond3","PokerPlayerMod:Diamond4","PokerPlayerMod:Diamond5","PokerPlayerMod:Spade2","PokerPlayerMod:Spade3","PokerPlayerMod:Spade4","PokerPlayerMod:Club1","PokerPlayerMod:Club2","PokerPlayerMod:Heart2","PokerPlayerMod:TrumpStrike","PokerPlayerMod:BadJoker+1","PokerPlayerMod:Mulligan","PokerPlayerMod:ClubShade","PokerPlayerMod:Configure+1","PokerPlayerMod:ClubDance+1","PokerPlayerMod:Club1","PokerPlayerMod:Diamond8","PokerPlayerMod:Diamond1"],"relics":["PokerPlayerMod:DeckCase","LagranYue:RandomDrawCardRelic","NeowsBlessing","Matryoshka","hubris:Zylophone","LagranYue:MagicReflectiveArmorRelic","War Paint","Happy Flower"],"acts_visited":["Exordium"],"potions_floor_usage":[],"damage_taken":[{"damage":0,"enemies":"2 Louse","floor":1,"turns":1},{"damage":0,"enemies":"Small Slimes","floor":5,"turns":1},{"damage":0,"enemies":"3 Sentries","floor":6,"turns":1},{"damage":23,"enemies":"Lagavulin","floor":8,"turns":5},{"damage":1,"enemies":"Cultist","floor":10,"turns":3},{"damage":37,"enemies":"Hexaghost","floor":16,"turns":9}],"seed_played":"-3607499897914384937","potions_obtained":[{"floor":6,"key":"construct:ShiftPotion"},{"floor":8,"key":"Reflective Coating"}],"is_trial":false,"path_per_floor":["M","?","$","?","M","E","R","E","T","M","?","$","?","?","R","B"],"character_chosen":"THE_POKER_PLAYER","items_purchased":["PokerPlayerMod:Configure"],"campfire_rested":1,"item_purchase_floors":[3],"current_hp_per_floor":[52,52,52,52,52,52,52,31,31,30,30,30,18,18,33,0,0,0],"gold":159,"neow_bonus":"THREE_ENEMY_KILL","is_daily":false,"chose_seed":false,"campfire_upgraded":1,"win_rate":0.0,"timestamp":1607713554,"path_taken":["M","?","$","?","M","E","R","E","T","?","?","$","?","?","R","BOSS"],"items_purchased_type":["Card"],"build_version":"2020-11-30","purchased_purges":0,"victory":false,"max_hp_per_floor":[52,52,52,52,52,52,52,52,52,52,52,52,52,52,52,52,52,52],"card_choices":[{"not_picked":["PokerPlayerMod:Diamond2","PokerPlayerMod:Diamond4"],"picked":"PokerPlayerMod:ClubShade","floor":1},{"not_picked":["PokerPlayerMod:Diamond7","PokerPlayerMod:ClubsClub"],"picked":"PokerPlayerMod:ClubDance","floor":5},{"not_picked":["PokerPlayerMod:Extraction","PokerPlayerMod:Spade2"],"picked":"PokerPlayerMod:Club1","floor":6},{"not_picked":["PokerPlayerMod:Diamond3","PokerPlayerMod:Diamond1"],"picked":"PokerPlayerMod:Diamond8","floor":8},{"not_picked":["PokerPlayerMod:Diamond3","PokerPlayerMod:HiddenCard"],"picked":"PokerPlayerMod:Diamond1","floor":10}],"player_experience":383366,"relics_obtained":[{"floor":2,"key":"Matryoshka"},{"floor":6,"key":"hubris:Zylophone"},{"floor":9,"key":"LagranYue:MagicReflectiveArmorRelic"},{"floor":9,"key":"War Paint"}],"event_choices":[{"damage_healed":0,"gold_gain":0,"player_choice":"Ignored","damage_taken":0,"max_hp_gain":0,"max_hp_loss":0,"event_name":"Transmorgrifier","floor":4,"gold_loss":0},{"damage_healed":0,"gold_gain":0,"player_choice":"Success","damage_taken":12,"relics_obtained":["Happy Flower"],"max_hp_gain":0,"max_hp_loss":0,"event_name":"Scrap Ooze","floor":13,"gold_loss":0}],"is_beta":false,"boss_relics":[],"items_purged_floors":[],"is_endless":false,"potions_floor_spawned":[6,8],"killed_by":"Hexaghost","ascension_level":0}}