{"host":"u2dm6glrpyjr66v9","time":1607671863,"event":{"mods":["AchievementEnabler","BaseMod","CapriCore","Colored Map","Colored Powertips","DeckTracker","Friendly Minions","Minty Spire (QoL Compilation)","Quick Restart","StSLib","SuperFastMode","The Immortal"],"gold_per_floor":[116,116,135,89,89,115,41,41,41,41,41,60,95,108,108,108,108],"floor_reached":16,"playtime":395,"items_purged":[],"score":133,"play_id":"87f9c262-50b5-4306-aaeb-e6fa5ace46c4","local_time":"20201211163103","is_ascension_mode":false,"campfire_choices":[{"data":"Infinite Blades","floor":8,"key":"SMITH"},{"data":"Caltrops","floor":11,"key":"SMITH"},{"floor":15,"key":"REST"}],"circlet_count":0,"master_deck":["Strike_G","Strike_G","Strike_G","Strike_G","Strike_G","Defend_G","Defend_G","Defend_G","Defend_G","Defend_G","Survivor","Neutralize","Cloak And Dagger","Cloak And Dagger","Infinite Blades+1","Caltrops+1","Tactician+1","Dagger Spray","Terror+1"],"relics":["Ring of the Snake","NeowsBlessing","Toxic Egg 2","Ornamental Fan","Torii"],"acts_visited":["Exordium"],"potions_floor_usage":[14,16],"damage_taken":[{"damage":0,"enemies":"Jaw Worm","floor":1,"turns":1},{"damage":0,"enemies":"Cultist","floor":3,"turns":1},{"damage":0,"enemies":"3 Sentries","floor":6,"turns":1},{"damage":0,"enemies":"2 Louse","floor":12,"turns":3},{"damage":35,"enemies":"Lagavulin","floor":13,"turns":12},{"damage":10,"enemies":"Exordium Thugs","floor":14,"turns":3},{"damage":48,"enemies":"Slime Boss","floor":16,"turns":10}],"seed_played":"1167702313063934858","potions_obtained":[{"floor":1,"key":"Explosive Potion"},{"floor":3,"key":"DistilledChaos"}],"is_trial":false,"path_per_floor":["M","?","M","$","T","E","$","R","T","$","R","M","E","M","R","B"],"character_chosen":"THE_SILENT","items_purchased":["Cloak And Dagger","Caltrops"],"campfire_rested":1,"item_purchase_floors":[4,7],"current_hp_per_floor":[70,70,70,70,70,70,70,70,70,70,70,70,35,25,46,0,0],"gold":108,"neow_bonus":"THREE_ENEMY_KILL","is_daily":false,"chose_seed":false,"campfire_upgraded":2,"win_rate":0.0,"timestamp":1607671863,"path_taken":["M","?","?","$","?","E","?","R","T","?","R","M","E","M","R","BOSS"],"items_purchased_type":["Card","Card"],"build_version":"2020-11-30","purchased_purges":0,"victory":false,"max_hp_per_floor":[70,70,70,70,70,70,70,70,70,70,70,70,70,70,70,70,70],"card_choices":[{"not_picked":["Flechettes","Skewer"],"picked":"Cloak And Dagger","floor":1},{"not_picked":["Prepared","Concentrate","Distraction"],"picked":"SKIP","floor":3},{"not_picked":["Prepared+1","Bouncing Flask+1"],"picked":"Infinite Blades","floor":6},{"not_picked":["Riddle With Holes","Dagger Throw"],"picked":"Tactician+1","floor":12},{"not_picked":["Bane","All Out Attack"],"picked":"Dagger Spray","floor":13},{"not_picked":["Dodge and Roll+1","Riddle With Holes"],"picked":"Terror+1","floor":14}],"player_experience":45601,"relics_obtained":[{"floor":5,"key":"Toxic Egg 2"},{"floor":6,"key":"Ornamental Fan"},{"floor":13,"key":"Torii"}],"event_choices":[{"damage_healed":0,"gold_gain":0,"player_choice":"Ignored","damage_taken":0,"max_hp_gain":0,"max_hp_loss":0,"event_name":"NoteForYourself","floor":2,"gold_loss":0}],"is_beta":false,"boss_relics":[],"items_purged_floors":[],"is_endless":false,"potions_floor_spawned":[1,3],"killed_by":"Slime Boss","ascension_level":0}}