{"host":"kyy1kus4tsuq869y","time":1607652654,"event":{"mods":["BaseMod","Downfall","GifTheSpireLib","HololiveMod","Hubris","Jorbs\u0027s Wanderer Trilogy","Marisa£®ÏF”Í°°ƒß¿Ì…≥£©","Minty Spire (QoL Compilation)","Quick Restart","READ ME - Guardian Mod","READ ME - Snecko Mod","Reimu£®≤©¿ˆ¡È√Œ£©","Remilia£®¿Ÿ√◊¿Ú—«£©","Replay The Spire","StSLib","Td1madao Mod","The Administrix","The Animator","The Bug Knight","The Construct","The Cursed","The Hierophant","The Runesmith","The Senshi","The Servant 0.9.4","Youmu£®ªÍ∆«—˝√Œ£©"],"gold_per_floor":[118,136,153,18,18,18,18,18,42,79,110,140,165,177,189,272,284,311,323,346,62,62,62,19,52,76,92,92,36,46,63,63,137,137,156,156,156,174,185,213,231,247,274,286,286,311,329,358,358,386,386,386,50,96,80,80],"floor_reached":55,"playtime":1813,"items_purged":["Strike_R"],"score":1075,"play_id":"68f42fca-8a25-4844-8b26-71ddba4c3294","local_time":"20201211101054","is_ascension_mode":true,"campfire_choices":[{"data":"Fire Breathing","floor":6.0,"key":"SMITH"},{"data":"Metallicize","floor":8.0,"key":"SMITH"},{"data":"Dark Embrace","floor":15.0,"key":"SMITH"},{"floor":23.0,"key":"REST"},{"floor":28.0,"key":"RECALL"},{"floor":32.0,"key":"REST"},{"data":"Impervious","floor":45.0,"key":"SMITH"},{"data":"Fire Breathing","floor":49.0,"key":"SMITH"},{"data":"Reaper","floor":52.0,"key":"SMITH"}],"circlet_count":0,"master_deck":["AscendersBane","Strike_R","Strike_R","Strike_R","Defend_R","Defend_R","Defend_R","Bash","Fire Breathing+1","Sword Boomerang","Metallicize+1","Dark Embrace+1","Wild Strike","Flame Barrier","Fiend Fire+1","Immolate","Feel No Pain","Feel No Pain","Reaper+1","Twin Strike","Warcry","Warcry","Hemogenesis","Wild Strike","Eclipse+1","Fire Breathing+1","Wraith","Rage","Impervious+1","Disarm","hubris:Greed"],"relics":["Burning Blood","NeowsBlessing","hubris:Icosahedron","Lizard Tail","MawBank","Art of War","Hololive_Finger","Runesmith:Locket","hubris:ChampionShield","Black Star","hubris:PeanutButter","AntiCross","hubris:Reverence","HollowMod:StagPassRelic","hubris:TenFootPole","Replay:Bandana","Vajra","Strange Spoon","ReplayFunnel","Blood Vial"],"acts_visited":["Exordium","TheCity","TheBeyond","TheEnding"],"potions_floor_usage":[],"damage_taken":[{"damage":0.0,"enemies":"Cultist","floor":1.0,"turns":1.0},{"damage":2.0,"enemies":"2 Louse","floor":2.0,"turns":2.0},{"damage":0.0,"enemies":"Jaw Worm","floor":3.0,"turns":1.0},{"damage":16.0,"enemies":"3 Sentries","floor":10.0,"turns":4.0},{"damage":24.0,"enemies":"Exordium Wildlife","floor":11.0,"turns":5.0},{"damage":6.0,"enemies":"Large Slime","floor":12.0,"turns":5.0},{"damage":9.0,"enemies":"Red Slaver","floor":13.0,"turns":3.0},{"damage":40.0,"enemies":"The Guardian","floor":16.0,"turns":12.0},{"damage":28.0,"enemies":"Shell Parasite","floor":18.0,"turns":4.0},{"damage":27.0,"enemies":"2 Thieves","floor":20.0,"turns":3.0},{"damage":33.0,"enemies":"Book of Stabbing","floor":25.0,"turns":5.0},{"damage":0.0,"enemies":"Snake Plant","floor":27.0,"turns":4.0},{"damage":10.0,"enemies":"Centurion and Healer","floor":30.0,"turns":5.0},{"damage":53.0,"enemies":"Shelled Parasite and Fungi","floor":31.0,"turns":5.0},{"damage":63.0,"enemies":"Automaton","floor":33.0,"turns":10.0},{"damage":25.0,"enemies":"3 Shapes","floor":35.0,"turns":5.0},{"damage":31.0,"enemies":"Orb Walker","floor":38.0,"turns":6.0},{"damage":37.0,"enemies":"3 Darklings","floor":39.0,"turns":4.0},{"damage":20.0,"enemies":"Nemesis","floor":40.0,"turns":6.0},{"damage":4.0,"enemies":"Sphere and 2 Shapes","floor":41.0,"turns":3.0},{"damage":0.0,"enemies":"Jaw Worm Horde","floor":42.0,"turns":2.0},{"damage":2.0,"enemies":"4 Shapes","floor":44.0,"turns":3.0},{"damage":9.0,"enemies":"Giant Head","floor":46.0,"turns":6.0},{"damage":7.0,"enemies":"3 Darklings","floor":47.0,"turns":5.0},{"damage":15.0,"enemies":"Nemesis","floor":48.0,"turns":5.0},{"damage":77.0,"enemies":"Replay:Hell Engine","floor":50.0,"turns":7.0},{"damage":73.0,"enemies":"Shield and Spear","floor":54.0,"turns":5.0},{"damage":66,"enemies":"The Heart","floor":55,"turns":5}],"seed_played":"1031407289120156985","potions_obtained":[{"floor":1.0,"key":"SpeedPotion"},{"floor":3.0,"key":"Adrenaline Potion"},{"floor":20.0,"key":"Venom Potion"},{"floor":25.0,"key":"PowerPotion"},{"floor":30.0,"key":"Block Potion"},{"floor":33.0,"key":"LifebloodPotion"},{"floor":35.0,"key":"FairyPotion"},{"floor":41.0,"key":"ColorlessPotion"},{"floor":46.0,"key":"Strength Potion"}],"is_trial":false,"path_per_floor":["M","M","M","$","?","R","?","R","T","E","M","M","M","?","R","B",null,"M","?","M","$","?","R","$","E","T","M","R","$","M","M","R","B",null,"M","?","?","M","M","E","M","M","T","M","R","E","M","E","R","B",null,"R","$","E","B"],"character_chosen":"IRONCLAD","items_purchased":["Sword Boomerang","Metallicize","Feel No Pain","Reaper","Warcry","Wild Strike","Vajra","Strange Spoon"],"campfire_rested":2,"item_purchase_floors":[4,4,21,21,24,29,53,53],"current_hp_per_floor":[74,75,75,75,75,75,75,75,75,65,47,47,44,44,44,10,59,37,52,31,31,31,53,53,29,29,40,40,40,51,13,35,39,66,51,51,51,35,23,26,42,58,58,75,75,75,75,71,71,35,65,65,65,24,0,0],"gold":80,"neow_bonus":"THREE_ENEMY_KILL","is_daily":false,"chose_seed":false,"campfire_upgraded":6,"win_rate":0.0,"timestamp":1607652654,"path_taken":["M","M","?","$","?","R","?","R","T","E","M","?","M","?","R","BOSS","M","?","?","?","?","R","$","E","T","M","R","$","M","M","R","BOSS","M","?","?","M","M","E","M","M","T","M","R","E","?","E","R","BOSS","R","$","E","BOSS"],"items_purchased_type":["Card","Card","Card","Card","Card","Card","Relic","Relic"],"build_version":"2020-11-30","purchased_purges":1,"victory":false,"max_hp_per_floor":[75,75,75,75,75,75,75,75,75,75,75,75,75,75,75,75,75,75,75,75,75,75,75,75,75,75,75,75,75,75,75,75,75,75,75,75,75,75,75,75,75,75,75,75,75,75,75,75,75,75,75,75,75,75,75,75],"card_choices":[{"not_picked":["Havoc","Reckless Charge"],"picked":"Fire Breathing","floor":1.0},{"not_picked":["Defy Death","Replay:Undeath\u0027s Touch","Burning Pact"],"picked":"SKIP","floor":2.0},{"not_picked":["Anger","ReplayTheSpireMod:Strike From Hell","Flex"],"picked":"SKIP","floor":3.0},{"not_picked":["Battle Trance","Run Through"],"picked":"Dark Embrace","floor":10.0},{"not_picked":["Blood for Blood","Sword Boomerang","ReplayReversal"],"picked":"SKIP","floor":11.0},{"not_picked":["Twin Strike","Berserk"],"picked":"Wild Strike","floor":12.0},{"not_picked":["Bloodletting","Infernal Blade"],"picked":"Flame Barrier","floor":13.0},{"not_picked":["Berserk","Fiend Fire"],"picked":"Immolate","floor":16.0},{"not_picked":["Rage+1","Sever Soul","Run Through"],"picked":"SKIP","floor":18.0},{"not_picked":["Anger","Clash","Thunderclap"],"picked":"SKIP","floor":20.0},{"not_picked":["Flex","Run Through"],"picked":"Hemogenesis","floor":25.0},{"not_picked":["ReplayTheSpireMod:Strike From Hell","Body Slam","Run Through"],"picked":"SKIP","floor":27.0},{"not_picked":["Dropkick","Bloodletting","Perfected Strike"],"picked":"SKIP","floor":30.0},{"not_picked":["ReplayTheSpireMod:LeadingStrike","Armaments","Twin Strike"],"picked":"SKIP","floor":31.0},{"not_picked":["Fiend Fire","Double Tap"],"picked":"Eclipse","floor":33.0},{"not_picked":["Clothesline+1","Pommel Strike"],"picked":"Fire Breathing","floor":35.0},{"not_picked":["Dual Wield","Iron Wave"],"picked":"Rage","floor":38.0},{"not_picked":["Combust","Pommel Strike","ReplayTheSpireMod:Muscle Training"],"picked":"SKIP","floor":39.0},{"not_picked":["ReplayTheSpireMod:Strike From Hell","Replay:Undeath\u0027s Touch"],"picked":"Impervious","floor":40.0},{"not_picked":["Twin Strike","Sword Boomerang+1","ReplayReversal"],"picked":"SKIP","floor":41.0},{"not_picked":["Wild Strike","ReplayTheSpireMod:Strike From Hell","Anger+1"],"picked":"SKIP","floor":42.0},{"not_picked":["Fiend Fire","hubris:SharpeningStone","Thunderclap"],"picked":"SKIP","floor":44.0},{"not_picked":["Sword Boomerang+1","Dual Wield","Spot Weakness"],"picked":"SKIP","floor":46.0},{"not_picked":["Cleave","Run Through+1","True Grit"],"picked":"SKIP","floor":47.0},{"not_picked":["hubris:ReadiedAction","Massacre","Searing Blow"],"picked":"SKIP","floor":48.0},{"not_picked":["Seeing Red","Berserk"],"picked":"Disarm","floor":54.0}],"player_experience":437230,"relics_obtained":[{"floor":9.0,"key":"MawBank"},{"floor":10.0,"key":"Art of War"},{"floor":25.0,"key":"Runesmith:Locket"},{"floor":26.0,"key":"hubris:ChampionShield"},{"floor":40.0,"key":"hubris:PeanutButter"},{"floor":40.0,"key":"AntiCross"},{"floor":46.0,"key":"hubris:Reverence"},{"floor":46.0,"key":"HollowMod:StagPassRelic"},{"floor":48.0,"key":"hubris:TenFootPole"},{"floor":48.0,"key":"Replay:Bandana"},{"floor":54.0,"key":"ReplayFunnel"},{"floor":54.0,"key":"Blood Vial"}],"event_choices":[{"damage_healed":0.0,"max_hp_gain":0.0,"max_hp_loss":0.0,"gold_gain":0.0,"event_name":"WeMeetAgain","player_choice":"Gave Potion","floor":7.0,"gold_loss":0.0,"damage_taken":0.0,"relics_obtained":["Lizard Tail"]},{"damage_healed":15.0,"max_hp_gain":0.0,"max_hp_loss":0.0,"gold_gain":0.0,"event_name":"The Library","player_choice":"Heal","floor":19.0,"gold_loss":0.0,"damage_taken":0.0},{"damage_healed":0.0,"max_hp_gain":0.0,"max_hp_loss":0.0,"gold_gain":0.0,"cards_transformed":["Strike_R"],"event_name":"Transmorgrifier","player_choice":"Transformed","floor":22.0,"gold_loss":0.0,"damage_taken":0.0,"cards_obtained":["Twin Strike"]},{"damage_healed":0.0,"max_hp_gain":0.0,"max_hp_loss":0.0,"gold_gain":0.0,"event_name":"OrinTheCat","player_choice":"Ignored","floor":36.0,"gold_loss":0.0,"damage_taken":0.0},{"damage_healed":0.0,"max_hp_gain":0.0,"max_hp_loss":0.0,"gold_gain":0.0,"event_name":"Upgrade Shrine","player_choice":"Upgraded","floor":37.0,"gold_loss":0.0,"damage_taken":0.0,"cards_upgraded":["Eclipse"]}],"is_beta":false,"boss_relics":[{"not_picked":["Philosopher\u0027s Stone","Runic Cube"],"picked":"Hololive_Finger"},{"not_picked":["hubris:HollowSoul","Painkiller Herb"],"picked":"Black Star"}],"items_purged_floors":[21],"is_endless":false,"potions_floor_spawned":[1,3,20,25,30,33,35,41,46,48],"killed_by":"The Heart","ascension_level":17}}