{"host":"t8l92xzjkmihtain","time":1607685246,"event":{"mods":["AchievementEnabler","BaseMod","Colored Map","Minty Spire (QoL Compilation)","Rare Cards Sparkle","SuperFastMode","everything is the same but u backflip on backflip"],"gold_per_floor":[117,136,146,160,179,179,198,227,279,299,399,409,439,15,15,112,112,127,138,164,184,37,37,37,50,50,50,69,82,82,82],"floor_reached":30,"playtime":1634,"items_purged":[],"score":248,"play_id":"5da7a25b-e4bc-46f8-95c4-6c642ba5e43d","local_time":"20201211201406","is_ascension_mode":false,"campfire_choices":[{"data":"Infernal Blade","floor":6,"key":"SMITH"},{"floor":15,"key":"REST"},{"floor":23,"key":"REST"},{"floor":27,"key":"REST"}],"circlet_count":0,"master_deck":["Strike_R","Strike_R","Strike_R","Strike_R","Strike_R","Defend_R","Defend_R+1","Defend_R+1","Defend_R","Bash","Flex","Infernal Blade+1","Flex","Twin Strike","Thunderclap","Rage","Spot Weakness","Rage","Pummel","Flex","Feed","Inflame","Anger+1","Thunderclap","Twin Strike","Consecrate"],"relics":["Black Blood","War Paint","Champion Belt","Oddly Smooth Stone","Toy Ornithopter","Sling","Lantern","Red Mask","PrismaticShard","Ancient Tea Set","Frozen Egg 2"],"acts_visited":["Exordium","TheCity"],"potions_floor_usage":[8,13,13,13,16],"damage_taken":[{"damage":2.0,"enemies":"Jaw Worm","floor":1.0,"turns":5.0},{"damage":1,"enemies":"Cultist","floor":2,"turns":4},{"damage":6,"enemies":"2 Louse","floor":3,"turns":2},{"damage":16,"enemies":"Large Slime","floor":4,"turns":4},{"damage":13,"enemies":"Red Slaver","floor":5,"turns":2},{"damage":7,"enemies":"Blue Slaver","floor":7,"turns":2},{"damage":12,"enemies":"3 Sentries","floor":8,"turns":6},{"damage":6,"enemies":"3 Louse","floor":10,"turns":3},{"damage":5,"enemies":"Exordium Wildlife","floor":12,"turns":3},{"damage":7,"enemies":"Lagavulin","floor":13,"turns":4},{"damage":56,"enemies":"Slime Boss","floor":16,"turns":9},{"damage":4,"enemies":"Spheric Guardian","floor":18,"turns":3},{"damage":21,"enemies":"3 Byrds","floor":19,"turns":6},{"damage":31,"enemies":"Masked Bandits","floor":20,"turns":5},{"damage":52,"enemies":"Snecko","floor":21,"turns":7},{"damage":27,"enemies":"Cultist and Chosen","floor":25,"turns":6},{"damage":25,"enemies":"Snake Plant","floor":28,"turns":4},{"damage":35,"enemies":"Snecko","floor":29,"turns":5},{"damage":18,"enemies":"3 Cultists","floor":30,"turns":2}],"seed_played":"-2329988089842828517","potions_obtained":[{"floor":1,"key":"SmokeBomb"},{"floor":3,"key":"AttackPotion"},{"floor":4,"key":"EntropicBrew"},{"floor":13,"key":"Ancient Potion"},{"floor":18,"key":"Ancient Potion"},{"floor":19,"key":"BlessingOfTheForge"},{"floor":29,"key":"FearPotion"}],"is_trial":false,"path_per_floor":["M","M","M","M","M","R","M","E","T","M","?","M","E","$","R","B",null,"M","M","?","M","$","R","T","M","T","R","M","M","M"],"character_chosen":"IRONCLAD","items_purchased":["Sling","Lantern","Pummel","Flex","PrismaticShard"],"campfire_rested":3,"item_purchase_floors":[14,14,14,14,22],"current_hp_per_floor":[80,80,80,70,63,63,62,56,56,56,56,57,56,56,80,32,80,83,74,58,18,18,43,43,28,28,53,40,17,0,0],"gold":82,"neow_bonus":"RANDOM_COMMON_RELIC","is_daily":false,"chose_seed":false,"campfire_upgraded":1,"win_rate":0.0,"timestamp":1607685246,"path_taken":["M","M","M","M","M","R","M","E","T","M","?","M","E","$","R","BOSS","M","?","?","M","$","R","?","M","T","R","M","?","M"],"items_purchased_type":["Relic","Relic","Card","Card","Relic"],"build_version":"2020-11-30","purchased_purges":0,"victory":false,"max_hp_per_floor":[80,80,80,80,80,80,80,80,80,80,80,80,80,80,80,80,80,83,83,86,86,86,86,86,86,86,86,86,86,86,86],"card_choices":[{"not_picked":["Searing Blow","Pommel Strike"],"picked":"Flex","floor":1},{"not_picked":["Iron Wave","True Grit"],"picked":"Infernal Blade","floor":2},{"not_picked":["Shockwave","Perfected Strike"],"picked":"Flex","floor":3},{"not_picked":["Shrug It Off","Ghostly Armor","Headbutt"],"picked":"SKIP","floor":4},{"not_picked":["Clothesline","Rage"],"picked":"Twin Strike","floor":5},{"not_picked":["Fiend Fire","Feel No Pain","Shrug It Off"],"picked":"SKIP","floor":7},{"not_picked":["Carnage","Fire Breathing"],"picked":"Thunderclap","floor":8},{"not_picked":["Reckless Charge","Dropkick"],"picked":"Rage","floor":10},{"not_picked":["Blood for Blood","Sword Boomerang"],"picked":"Spot Weakness","floor":12},{"not_picked":["Clothesline","Thunderclap"],"picked":"Rage","floor":13},{"not_picked":["Offering","Juggernaut"],"picked":"Feed","floor":16},{"not_picked":["Perfected Strike+1","Rage"],"picked":"Inflame","floor":18},{"not_picked":["Dropkick","Shrug It Off+1"],"picked":"Anger+1","floor":19},{"not_picked":["Entrench","Pommel Strike"],"picked":"Thunderclap","floor":20},{"not_picked":["Sever Soul+1","Intimidate"],"picked":"Twin Strike","floor":21},{"not_picked":["Beam Cell","Streamline"],"picked":"Consecrate","floor":25},{"not_picked":["Impatience","ThirdEye","Static Discharge+1"],"picked":"SKIP","floor":28},{"not_picked":["Forethought","Blind","Conserve Battery"],"picked":"SKIP","floor":29}],"player_experience":3875,"relics_obtained":[{"floor":8,"key":"Champion Belt"},{"floor":9,"key":"Oddly Smooth Stone"},{"floor":13,"key":"Toy Ornithopter"},{"floor":20,"key":"Red Mask"},{"floor":24,"key":"Ancient Tea Set"},{"floor":26,"key":"Frozen Egg 2"}],"event_choices":[{"damage_healed":0,"gold_gain":100,"player_choice":"Pray","damage_taken":0,"max_hp_gain":0,"max_hp_loss":0,"event_name":"Golden Shrine","floor":11,"gold_loss":0},{"damage_healed":0,"gold_gain":0,"player_choice":"Fought Bandits","damage_taken":0,"max_hp_gain":0,"max_hp_loss":0,"event_name":"Masked Bandits","floor":20,"gold_loss":0}],"is_beta":false,"boss_relics":[{"not_picked":["Coffee Dripper","Philosopher\u0027s Stone"],"picked":"Black Blood"}],"items_purged_floors":[],"is_endless":false,"potions_floor_spawned":[1,3,4,5,13,18,19,21,29],"killed_by":"3 Cultists","ascension_level":0}}