{"host":"j4g6ia6asvpyu2b0","time":1607686290,"event":{"mods":["BaseMod","Colored Map","Minty Spire (QoL Compilation)","Permanent Neow","Quick Restart","Relic Stats","StSLib","Unceasing Turn Reminder"],"gold_per_floor":[361,47,58,333,348,374,374,374,374],"floor_reached":8,"playtime":221,"items_purged":[],"score":67,"play_id":"703a03dd-6f56-4d20-9515-63d21176b707","local_time":"20201211043130","is_ascension_mode":true,"campfire_choices":[{"data":"Envenom","floor":7,"key":"SMITH"}],"circlet_count":0,"master_deck":["Strike_G","Strike_G","Strike_G","Strike_G","Strike_G","Defend_G","Defend_G","Defend_G","Defend_G","Defend_G","Survivor","Neutralize","Leg Sweep","Footwork","Dash","Blade Dance","Well Laid Plans","Regret","Envenom+1","Blade Dance"],"relics":["Ring of the Snake","Vajra","Anchor"],"acts_visited":["Exordium"],"potions_floor_usage":[8],"damage_taken":[{"damage":3.0,"enemies":"Cultist","floor":1.0,"turns":5.0},{"damage":0,"enemies":"Small Slimes","floor":3,"turns":3},{"damage":7,"enemies":"2 Louse","floor":5,"turns":3},{"damage":39,"enemies":"Gremlin Nob","floor":6,"turns":6},{"damage":18,"enemies":"Lagavulin","floor":8,"turns":8}],"seed_played":"3995516581116213332","potions_obtained":[{"floor":6,"key":"Swift Potion"}],"is_trial":false,"path_per_floor":["M","$","M","?","M","E","R","E"],"character_chosen":"THE_SILENT","items_purchased":["Vajra","Footwork","Dash","Blade Dance"],"campfire_rested":0,"item_purchase_floors":[2,2,2,2],"current_hp_per_floor":[60,60,60,60,53,14,14,0,0],"gold":374,"neow_bonus":"TWO_FIFTY_GOLD","is_daily":false,"chose_seed":false,"campfire_upgraded":1,"win_rate":0.0,"timestamp":1607686290,"path_taken":["M","?","?","?","M","E","R","E"],"items_purchased_type":["Relic","Card","Card","Card"],"build_version":"2020-11-30","purchased_purges":0,"victory":false,"max_hp_per_floor":[63,63,63,63,63,63,63,63,63],"relic_stats":{"counters":[5,25],"obtain_stats":[{"Anchor":6,"Vajra":2,"Ring of the Snake":0},{"Anchor":4,"Vajra":1,"Ring of the Snake":0},{"Anchor":17,"Vajra":5,"Ring of the Snake":0}],"Ring of the Snake":[10]},"card_choices":[{"not_picked":["Cloak And Dagger","Backflip"],"picked":"Leg Sweep","floor":1.0},{"not_picked":["Blade Dance","Dagger Throw"],"picked":"Well Laid Plans","floor":3},{"not_picked":["Slice","Riddle With Holes"],"picked":"Envenom","floor":5},{"not_picked":["Choke","Acrobatics"],"picked":"Blade Dance","floor":6}],"player_experience":607242,"relics_obtained":[{"floor":6,"key":"Anchor"}],"event_choices":[{"damage_healed":0,"gold_gain":275,"player_choice":"Desecrate","damage_taken":0,"max_hp_gain":0,"max_hp_loss":0,"event_name":"Golden Shrine","floor":4,"gold_loss":0,"cards_obtained":["Regret"]}],"is_beta":false,"boss_relics":[],"items_purged_floors":[],"is_endless":false,"potions_floor_spawned":[6],"killed_by":"Lagavulin","ascension_level":4}}