{"host":"y89x8uui45kcjy42","time":1607682458,"event":{"mods":["2.2 Compatiblity","BaseMod","Colored Map","Colored Powertips","Friendly Minions","Highlight Path","Keyboard Shortcuts","Minty Spire (QoL Compilation)","StSLib","SuperFastMode","The Bug Knight","Waifu the Spire"],"gold_per_floor":[114,114,64,81,91,91,91,91,116,130,130,164,164,193,193,288,288,300,300,300,300,318,318,318,318,371,402,414,426,63,63,63,160,160,175,187,187,187,200,232,233,233,233,10,10,42,42,73,73,73],"floor_reached":51,"playtime":1542,"items_purged":["HollowMod:NailStrikeStart+1","HollowMod:NailStrikeStart+1","HollowMod:QuickDashStart+1"],"score":953,"play_id":"6e4edaa1-9dd6-498d-82fc-2ffba8949e4b","local_time":"20201211192738","is_ascension_mode":true,"campfire_choices":[{"data":"HollowMod:WraithStrike","floor":6,"key":"SMITH"},{"data":"HollowMod:BlackTendrils","floor":8,"key":"SMITH"},{"data":"HollowMod:ShadowDash","floor":11,"key":"SMITH"},{"data":"HollowMod:Weaversong","floor":13,"key":"SMITH"},{"data":"HollowMod:SharpenedShadows","floor":15,"key":"SMITH"},{"data":"HollowMod:VoidDash","floor":23,"key":"SMITH"},{"data":"HollowMod:CycloneSlash","floor":24,"key":"SMITH"},{"data":"HollowMod:AbyssShriek","floor":28,"key":"SMITH"},{"data":"HollowMod:PogoStrike","floor":29,"key":"SMITH"},{"data":"HollowMod:FocusHealStart","floor":32,"key":"SMITH"},{"data":"HollowMod:HuntersJournal","floor":42,"key":"SMITH"},{"data":"HollowMod:CloakDash","floor":47,"key":"SMITH"},{"floor":49,"key":"RECALL"}],"circlet_count":0,"master_deck":["HollowMod:NailStrikeStart+1","HollowMod:PogoStrike+1","HollowMod:Weaversong+1","HollowMod:AbyssShriek+1","HollowMod:BlackTendrils+1","HollowMod:WraithStrike+1","HollowMod:ShadowDash+1","HollowMod:SharpenedShadows+1","HollowMod:VoidDash+1","HollowMod:CycloneSlash+1","HollowMod:VoidDash+1","HollowMod:Weaversong+1","HollowMod:HuntersJournal+1","HollowMod:DescendingDark+1","HollowMod:CloakDash+1"],"relics":["HollowMod:VesselMask","StrikeDummy","Pen Nib","Art of War","Pear","Black Star","Coffee Dripper","Potion Belt","Mummified Hand","MawBank","Orichalcum","DollysMirror","Bird Faced Urn","Coffee Dripper","WingedGreaves","Gambling Chip","Mercury Hourglass","Orrery","HollowMod:LifeEnderRelic","Dream Catcher","Nunchaku","Pantograph","Letter Opener"],"acts_visited":["Exordium","TheCity","TheBeyond"],"potions_floor_usage":[12,12,16,50,50,50,50,50],"damage_taken":[{"damage":2,"enemies":"Jaw Worm","floor":1,"turns":2},{"damage":2,"enemies":"2 Louse","floor":4,"turns":2},{"damage":8,"enemies":"Small Slimes","floor":5,"turns":2},{"damage":6,"enemies":"Exordium Wildlife","floor":10,"turns":2},{"damage":8,"enemies":"HollowMod:MossKnight","floor":12,"turns":5},{"damage":58,"enemies":"3 Sentries","floor":14,"turns":5},{"damage":0,"enemies":"Slime Boss","floor":16,"turns":5},{"damage":10,"enemies":"Chosen","floor":18,"turns":2},{"damage":12,"enemies":"2 Thieves","floor":22,"turns":2},{"damage":12,"enemies":"Chosen and Byrds","floor":27,"turns":4},{"damage":25,"enemies":"Champ","floor":33,"turns":6},{"damage":8,"enemies":"3 Darklings","floor":35,"turns":3},{"damage":0,"enemies":"Orb Walker","floor":36,"turns":2},{"damage":0,"enemies":"Transient","floor":39,"turns":5},{"damage":0,"enemies":"HollowMod:StalkingDevout","floor":40,"turns":4},{"damage":0,"enemies":"Reptomancer","floor":46,"turns":3},{"damage":2,"enemies":"Nemesis","floor":48,"turns":4},{"damage":32,"enemies":"Time Eater","floor":50,"turns":4}],"seed_played":"8396930204990689635","potions_obtained":[{"floor":5,"key":"PowerPotion"},{"floor":10,"key":"Regen Potion"},{"floor":14,"key":"AttackPotion"},{"floor":18,"key":"LiquidBronze"},{"floor":36,"key":"Dexterity Potion"}],"is_trial":false,"path_per_floor":["M","?","?","M","M","R","?","R","T","M","R","E","R","E","R","B",null,"M","?","?","?","M","R","R","?","T","M","R","R","$","?","R","B",null,"M","M","?","?","M","E","$","R","T","$","?","E","R","E","R","B",null],"character_chosen":"THE_BUGKNIGHT","items_purchased":["Orichalcum","DollysMirror","Orrery","Weak Potion","SteroidPotion","Swift Potion"],"campfire_rested":0,"item_purchase_floors":[30,30,41,41,44,44],"current_hp_per_floor":[73,73,73,72,66,66,51,51,51,51,51,68,68,13,13,19,85,79,79,79,79,73,73,73,73,73,62,62,62,62,62,62,57,85,84,85,85,85,85,85,85,85,85,85,85,85,85,85,85,62],"gold":73,"neow_bonus":"TRANSFORM_TWO_CARDS","is_daily":false,"chose_seed":false,"campfire_upgraded":12,"win_rate":0.0,"timestamp":1607682458,"path_taken":["M","?","?","M","M","R","?","R","T","M","R","E","R","E","R","BOSS","M","?","?","?","?","R","R","?","T","?","R","R","$","?","R","BOSS","M","M","?","?","?","E","$","R","T","$","?","E","R","E","R","BOSS"],"items_purchased_type":["Relic","Relic","Relic","Potion","Potion","Potion"],"build_version":"2020-11-30","purchased_purges":3,"victory":true,"max_hp_per_floor":[75,75,75,75,75,75,75,75,75,75,75,85,85,85,85,85,85,85,85,85,85,85,85,85,85,85,85,85,85,85,85,85,85,85,85,85,85,85,85,85,85,85,85,85,85,85,85,85,85,85],"card_choices":[{"not_picked":["HollowMod:CornifersMapStart","HollowMod:PureNailStrike"],"picked":"HollowMod:BlackTendrils","floor":1},{"not_picked":["HollowMod:LifebloodCocoon","HollowMod:VengefulSpirit","HollowMod:TaintedHusks"],"picked":"SKIP","floor":4},{"not_picked":["HollowMod:SiblingsShadow","HollowMod:DescendingDark"],"picked":"HollowMod:WraithStrike","floor":5},{"not_picked":["HollowMod:SiblingsShadow","HollowMod:ChannelNail"],"picked":"HollowMod:ShadowDash","floor":10},{"not_picked":["HollowMod:DreamGate","HollowMod:ShapeofUnn"],"picked":"HollowMod:SharpenedShadows","floor":12},{"not_picked":["HollowMod:CrystalDash","HollowMod:CycloneSlash","HollowMod:InfectedAttack"],"picked":"SKIP","floor":14},{"not_picked":["HollowMod:SoulMaster","HollowMod:PureVessel"],"picked":"HollowMod:VoidDash","floor":16},{"not_picked":["HollowMod:SiblingsSouls","HollowMod:LifebloodCocoon+1","HollowMod:NewLittleFool"],"picked":"SKIP","floor":18},{"not_picked":["HollowMod:TaintedHusks+1","HollowMod:GoodIntentions","HollowMod:SiblingsSouls"],"picked":"SKIP","floor":22},{"not_picked":["HollowMod:GreatSlash","HollowMod:InfectedCysts","HollowMod:QuirrelsAssistance+1"],"picked":"SKIP","floor":27},{"not_picked":["HollowMod:ChannelNail+1","HollowMod:HeavyBlow+1"],"picked":"HollowMod:HuntersJournal","floor":35},{"not_picked":["HollowMod:SharpenedNail+1","HollowMod:LifebloodCocoon","HollowMod:NewJinnsSoul+1"],"picked":"SKIP","floor":36},{"not_picked":["HollowMod:CoiledNail+1","HollowMod:GrimmsGift+1","HollowMod:VengefulSpirit+1"],"picked":"SKIP","floor":39},{"not_picked":["HollowMod:CoiledNail+1","HollowMod:GrimmsGift+1","HollowMod:VengefulSpirit+1"],"picked":"SKIP","floor":39},{"not_picked":["HollowMod:SiblingsShadow+1","HollowMod:MantisMark","HollowMod:HowlingWraiths"],"picked":"SKIP","floor":40},{"not_picked":["HollowMod:NewJinnsSoul","HollowMod:Grubsong"],"picked":"HollowMod:DescendingDark+1","floor":41},{"not_picked":["HollowMod:DoubleDash","HollowMod:TaintedHusks"],"picked":"HollowMod:CloakDash","floor":46},{"not_picked":["HollowMod:GoodIntentions","HollowMod:CornifersMapStart","HollowMod:ShadowDash+1"],"picked":"SKIP","floor":48}],"player_experience":496896,"relics_obtained":[{"floor":9,"key":"Art of War"},{"floor":12,"key":"Pear"},{"floor":26,"key":"MawBank"},{"floor":40,"key":"Gambling Chip"},{"floor":40,"key":"Mercury Hourglass"},{"floor":43,"key":"HollowMod:LifeEnderRelic"},{"floor":46,"key":"Dream Catcher"},{"floor":46,"key":"Nunchaku"},{"floor":48,"key":"Pantograph"},{"floor":48,"key":"Letter Opener"}],"event_choices":[{"damage_healed":0,"gold_gain":0,"player_choice":"Box","damage_taken":0,"relics_obtained":["Pen Nib"],"max_hp_gain":0,"max_hp_loss":0,"event_name":"Big Fish","floor":2,"gold_loss":0,"cards_obtained":["Regret"]},{"cards_removed":["HollowMod:QuickDashStart"],"damage_healed":0,"gold_gain":0,"player_choice":"Card Removal","damage_taken":0,"max_hp_gain":0,"max_hp_loss":0,"event_name":"The Cleric","floor":3,"gold_loss":50},{"damage_healed":0,"gold_gain":0,"player_choice":"Entered Light","damage_taken":15,"max_hp_gain":0,"max_hp_loss":0,"event_name":"Shining Light","floor":7,"gold_loss":0,"cards_upgraded":["HollowMod:QuickDashStart","HollowMod:NailStrikeStart"]},{"damage_healed":0,"gold_gain":0,"player_choice":"Opened","damage_taken":0,"relics_obtained":["Potion Belt"],"max_hp_gain":0,"max_hp_loss":0,"event_name":"The Mausoleum","floor":19,"gold_loss":0,"cards_obtained":["Writhe"]},{"damage_healed":0,"gold_gain":0,"player_choice":"Read","damage_taken":0,"max_hp_gain":0,"max_hp_loss":0,"event_name":"The Library","floor":20,"gold_loss":0,"cards_obtained":["HollowMod:CycloneSlash"]},{"damage_healed":0,"gold_gain":0,"player_choice":"Simplicity","damage_taken":0,"max_hp_gain":0,"max_hp_loss":0,"event_name":"Back to Basics","floor":21,"gold_loss":0,"cards_upgraded":["HollowMod:NailStrikeStart","HollowMod:NailStrikeStart","HollowMod:QuickDashStart"]},{"damage_healed":0,"gold_gain":0,"player_choice":"Copied","damage_taken":0,"max_hp_gain":0,"max_hp_loss":0,"event_name":"Duplicator","floor":25,"gold_loss":0,"cards_obtained":["HollowMod:VoidDash"]},{"damage_healed":0,"gold_gain":0,"player_choice":"Stole Relic","damage_taken":0,"relics_obtained":["Bird Faced Urn"],"max_hp_gain":0,"max_hp_loss":0,"event_name":"Addict","floor":31,"gold_loss":0,"cards_obtained":["Shame"]},{"damage_healed":0,"gold_gain":0,"player_choice":"0 cards matched","damage_taken":0,"max_hp_gain":0,"max_hp_loss":0,"event_name":"Match and Keep!","floor":38,"gold_loss":0,"cards_obtained":[]},{"cards_removed":["HollowMod:FocusHealStart"],"damage_healed":0,"gold_gain":0,"player_choice":"Removed Skill","damage_taken":0,"max_hp_gain":0,"max_hp_loss":0,"event_name":"Falling","floor":45,"gold_loss":0}],"is_beta":false,"boss_relics":[{"not_picked":["SlaversCollar","Fusion Hammer"],"picked":"Black Star"},{"not_picked":["Runic Dome","Sozu","Philosopher\u0027s Stone"]}],"items_purged_floors":[30,41,44],"is_endless":false,"potions_floor_spawned":[5,10,14,18,36],"ascension_level":3}}