{"host":"92108ef2q9tm8rod","time":1607647410,"event":{"mods":["BaseMod","Defuse TimeMaze Blight","Minty Spire (QoL Compilation)","StSLib","The Jungle"],"gold_per_floor":[117,129,143,215,215,215,249,284,284,296,310,310,81,97,97,194,244,261,261,278,135,135,165,177,216,255,286,298,310,322,347,359,475,487,517,542,568,21,71,104,104,0,0,19,54,65,65,77,77,77],"floor_reached":51,"playtime":1994,"items_purged":["Skim"],"score":1107,"play_id":"17cd5295-4116-4389-8aba-0bd7d2b5c483","local_time":"20201211004330","daily_mods":["SealedDeck","Purple Cards","Heirloom","Flight"],"is_ascension_mode":false,"campfire_choices":[{"data":"Redo","floor":6,"key":"SMITH"},{"data":"Coolheaded","floor":12,"key":"SMITH"},{"data":"PathToVictory","floor":15,"key":"SMITH"},{"data":"Conclude","floor":24,"key":"SMITH"},{"data":"Glacier","floor":29,"key":"SMITH"},{"data":"Beam Cell","floor":32,"key":"SMITH"},{"data":"Leap","floor":41,"key":"SMITH"},{"floor":47,"key":"REST"},{"floor":49,"key":"REST"}],"circlet_count":0,"master_deck":["Beam Cell+1","Conclude+1","Leap+1","BowlingBash+1","Redo+1","Coolheaded+1","Glacier+1","PathToVictory+1","PathToVictory+1","PathToVictory+1"],"relics":["Cracked Core","Ice Cream","HornCleat","Kunai","Question Card","DataDisk","Tiny House","TheAbacus","MawBank","Bottled Lightning","Vajra","Gremlin Horn","Nuclear Battery","ClockworkSouvenir","Anchor","Eternal Feather","Mango","Dream Catcher","Red Mask","Shuriken","Art of War"],"acts_visited":["Exordium","Exordium","TheBeyond"],"potions_floor_usage":[18,27,33,44,50,50,50],"damage_taken":[{"damage":0,"enemies":"2 Louse","floor":1,"turns":2},{"damage":0,"enemies":"Cultist","floor":2,"turns":3},{"damage":0,"enemies":"Small Slimes","floor":3,"turns":2},{"damage":0,"enemies":"3 Sentries","floor":7,"turns":5},{"damage":0,"enemies":"Lagavulin","floor":8,"turns":3},{"damage":0,"enemies":"2 Fungi Beasts","floor":10,"turns":3},{"damage":3,"enemies":"Blue Slaver","floor":11,"turns":2},{"damage":0,"enemies":"Gremlin Gang","floor":14,"turns":2},{"damage":0,"enemies":"Slime Boss","floor":16,"turns":4},{"damage":0,"enemies":"theJungle:5_Spyders","floor":18,"turns":4},{"damage":0,"enemies":"theJungle:Flameango_and_Byrd","floor":20,"turns":2},{"damage":0,"enemies":"theJungle:MamaSnecko","floor":23,"turns":2},{"damage":0,"enemies":"theJungle:2_Phrogs","floor":25,"turns":3},{"damage":0,"enemies":"theJungle:2_Flameangoes","floor":27,"turns":3},{"damage":3,"enemies":"theJungle:Snecko_Cultist_And_Trap","floor":31,"turns":4},{"damage":0,"enemies":"theJungle:QueenSpyder","floor":33,"turns":5},{"damage":0,"enemies":"Orb Walker","floor":35,"turns":2},{"damage":0,"enemies":"3 Shapes","floor":36,"turns":2},{"damage":0,"enemies":"3 Darklings","floor":37,"turns":3},{"damage":0,"enemies":"Mind Bloom Boss Battle","floor":39,"turns":3},{"damage":0,"enemies":"Reptomancer","floor":40,"turns":3},{"damage":0,"enemies":"Writhing Mass","floor":44,"turns":3},{"damage":0,"enemies":"Giant Head","floor":45,"turns":6},{"damage":0,"enemies":"Spire Growth","floor":46,"turns":3},{"damage":0,"enemies":"Jaw Worm Horde","floor":48,"turns":2},{"damage":5,"enemies":"Awakened One","floor":50,"turns":8}],"seed_played":"8106374695414843431","potions_obtained":[{"floor":1,"key":"FocusPotion"},{"floor":2,"key":"PowerPotion"},{"floor":10,"key":"AttackPotion"},{"floor":11,"key":"Strength Potion"},{"floor":17,"key":"FocusPotion"},{"floor":18,"key":"Fire Potion"},{"floor":25,"key":"Energy Potion"},{"floor":27,"key":"ColorlessPotion"},{"floor":36,"key":"SteroidPotion"},{"floor":37,"key":"Fire Potion"},{"floor":39,"key":"AttackPotion"},{"floor":46,"key":"BlessingOfTheForge"}],"is_trial":true,"path_per_floor":["M","M","M","?","?","R","E","E","T","M","M","R","$","M","R","B",null,"M","?","M","$","?","E","R","E","T","M","$","R","T","M","R","B",null,"M","M","M","$","?","E","R","?","T","M","E","M","R","M","R","B",null],"character_chosen":"DEFECT","items_purchased":["DataDisk","TheAbacus","ClockworkSouvenir","Anchor","Eternal Feather"],"campfire_rested":2,"item_purchase_floors":[13,21,38,38,38],"current_hp_per_floor":[75,75,75,75,75,75,75,75,75,75,72,72,72,72,72,72,80,80,80,80,80,80,80,80,80,80,80,80,80,80,77,77,77,80,80,80,80,80,94,94,94,94,94,94,94,94,94,94,94,89],"gold":77,"neow_bonus":"","is_daily":false,"chose_seed":false,"campfire_upgraded":7,"win_rate":0.0,"timestamp":1607647410,"path_taken":["M","M","M","?","?","R","E","E","T","M","?","R","$","M","R","BOSS","M","?","?","$","?","E","R","E","T","M","$","R","?","M","R","BOSS","M","?","M","$","?","E","R","?","T","M","E","M","R","M","R","BOSS"],"items_purchased_type":["Relic","Relic","Relic","Relic","Relic"],"build_version":"2020-11-30","purchased_purges":1,"victory":true,"max_hp_per_floor":[75,75,75,75,75,75,75,75,75,75,75,75,75,75,75,75,80,80,80,80,80,80,80,80,80,80,80,80,80,80,80,80,80,80,80,80,80,80,94,94,94,94,94,94,94,94,94,94,94,94],"card_choices":[{"not_picked":["Capacitor","CutThroughFate","Evaluate"],"picked":"SKIP","floor":1},{"not_picked":["Lockon","Double Energy","Ball Lightning"],"picked":"SKIP","floor":2},{"not_picked":["EmptyMind","ForeignInfluence","Evaluate"],"picked":"SKIP","floor":3},{"not_picked":["Cold Snap","TalkToTheHand","FlyingSleeves"],"picked":"SKIP","floor":7},{"not_picked":["WheelKick","Evaluate","Tantrum"],"picked":"SKIP","floor":8},{"not_picked":["Rainbow","BootSequence","Storm","JustLucky"],"picked":"SKIP","floor":10},{"not_picked":["Vengeance","Protect","Prostrate","Compile Driver"],"picked":"SKIP","floor":11},{"not_picked":["CrushJoints","FlyingSleeves","Melter","Gash"],"picked":"SKIP","floor":14},{"not_picked":["Prostrate","Study","EmptyFist+1","Glacier"],"picked":"SKIP","floor":18},{"not_picked":["SashWhip+1","Turbo","EmptyBody","Steam Power+1"],"picked":"SKIP","floor":20},{"not_picked":["Darkness+1","CutThroughFate","Streamline+1","Barrage"],"picked":"SKIP","floor":23},{"not_picked":["Protect","BowlingBash","Meteor Strike","Auto Shields"],"picked":"SKIP","floor":25},{"not_picked":["Prostrate","Gash+1","Undo+1","Halt+1"],"picked":"SKIP","floor":27},{"not_picked":["Skim+1","Barrage","Conserve Battery+1","Study"],"picked":"SKIP","floor":31},{"not_picked":["Double Energy+1","Turbo","Prostrate+1","Conserve Battery"],"picked":"SKIP","floor":35},{"not_picked":["FTL","Self Repair+1","Hologram+1","Reprogram"],"picked":"SKIP","floor":36},{"not_picked":["Turbo+1","Evaluate+1","ClearTheMind","Swivel+1"],"picked":"SKIP","floor":37},{"not_picked":["Protect","LikeWater+1","Steam","Hologram+1"],"picked":"SKIP","floor":40},{"not_picked":["Consecrate","BowlingBash+1","Stack+1","Beam Cell"],"picked":"SKIP","floor":44},{"not_picked":["Consecrate","BowlingBash+1","Stack+1","Beam Cell"],"picked":"SKIP","floor":44},{"not_picked":["Sanctity","Devotion","Go for the Eyes","Conclude+1"],"picked":"SKIP","floor":45},{"not_picked":["Redo","Glacier","Sunder"],"picked":"PathToVictory+1","floor":46},{"not_picked":["FlurryOfBlows+1","ClearTheMind","White Noise","Aggregate"],"picked":"SKIP","floor":48}],"player_experience":3137617,"relics_obtained":[{"floor":7,"key":"HornCleat"},{"floor":8,"key":"Kunai"},{"floor":9,"key":"Question Card"},{"floor":23,"key":"MawBank"},{"floor":25,"key":"Bottled Lightning"},{"floor":26,"key":"Vajra"},{"floor":30,"key":"Gremlin Horn"},{"floor":39,"key":"Mango"},{"floor":40,"key":"Dream Catcher"},{"floor":43,"key":"Shuriken"},{"floor":45,"key":"Art of War"}],"event_choices":[{"damage_healed":0,"gold_gain":72,"player_choice":"Gained Gold","damage_taken":0,"max_hp_gain":0,"max_hp_loss":0,"event_name":"Golden Wing","floor":4,"gold_loss":0},{"damage_healed":0,"gold_gain":0,"player_choice":"Ignored","damage_taken":0,"max_hp_gain":0,"max_hp_loss":0,"event_name":"NoteForYourself","floor":5,"gold_loss":0},{"damage_healed":0,"gold_gain":0,"player_choice":"Upgraded","damage_taken":0,"max_hp_gain":0,"max_hp_loss":0,"event_name":"Upgrade Shrine","floor":19,"gold_loss":0,"cards_upgraded":["BowlingBash"]},{"damage_healed":0,"gold_gain":0,"player_choice":"Fight","damage_taken":0,"max_hp_gain":0,"max_hp_loss":0,"event_name":"MindBloom","floor":39,"gold_loss":0},{"damage_healed":0,"gold_gain":0,"player_choice":"Paid","damage_taken":0,"relics_obtained":["Red Mask"],"max_hp_gain":0,"max_hp_loss":0,"event_name":"Tomb of Lord Red Mask","floor":42,"gold_loss":104}],"is_beta":false,"boss_relics":[{"not_picked":["Empty Cage","Astrolabe"],"picked":"Tiny House"},{"not_picked":["FrozenCore","Calling Bell"],"picked":"Nuclear Battery"}],"items_purged_floors":[13],"is_endless":false,"potions_floor_spawned":[1,2,10,11,16,18,25,27,31,36,37,39,46],"ascension_level":0}}