{"host":"mike","time":1607715288,"event":{"mods":["2.2 Compatiblity","AchievementEnabler","BaseMod","Dio Mod","Hermit","Highlight Path","Jorbs\u0027s Wanderer Trilogy","Minty Spire (QoL Compilation)","Random Character Button","Rare Cards Sparkle","Relic Stats","StSLib","The Bladedancer","The Cursed"],"gold_per_floor":[113,113,125,142,142,176,195,195,195,195,195,214,214,229,229,333,333,349,349,364,364,375,375,405,440,440,452,495,507,239,258,258,362,362,374,179,179,197,208,235,235,267,267,298,313,325,325,339,339,339,339,339,48,78,78,78],"floor_reached":55,"playtime":2603,"items_purged":[],"score":908,"play_id":"de7e0bf5-10f7-4210-aa3d-6ecd50070a08","local_time":"20201211143448","is_ascension_mode":true,"campfire_choices":[{"data":"dioMod:StreetSign","floor":8,"key":"SMITH"},{"data":"dioMod:Freeze","floor":11,"key":"SMITH"},{"data":"Bite","floor":13,"key":"SMITH"},{"floor":15,"key":"REST"},{"data":"dioMod:Regeneration","floor":23,"key":"SMITH"},{"data":"dioMod:DoubleTime","floor":27,"key":"SMITH"},{"data":"dioMod:MudaMudaMuda","floor":32,"key":"SMITH"},{"data":"dioMod:PhantomBlood","floor":41,"key":"SMITH"},{"floor":47,"key":"RECALL"},{"data":"dioMod:RoadRoller","floor":49,"key":"SMITH"},{"data":"dioMod:Despair","floor":52,"key":"SMITH"}],"circlet_count":0,"master_deck":["Bite+1","dioMod:Defend","dioMod:Defend","dioMod:Defend","dioMod:Defend","dioMod:TheWalk+1","dioMod:DaggerToss","dioMod:StreetSign+1","dioMod:VengefulMuda+1","dioMod:Muda","dioMod:Freeze+1","dioMod:RoadRoller+1","dioMod:UltimateSacrifice+1","dioMod:DoubleTime+1","dioMod:Regeneration+1","Bite","Bite","Bite","Bite","Bite","dioMod:Diversion","dioMod:Minions+1","dioMod:PhantomBlood+1","dioMod:MudaMudaMuda+1","dioMod:Muda","dioMod:BloodSplash","dioMod:Despair+1","dioMod:Hiss+1","dioMod:DaggerToss","dioMod:MudaMudaMuda+1","dioMod:FlyAway+1","dioMod:HeavyLifting+1","dioMod:FlyAway+1","dioMod:DisarmingVoice","dioMod:SevenPageMuda"],"relics":["dioMod:VampireBlood","PreservedInsect","WingedGreaves","Gremlin Horn","Busted Crown","Matryoshka","Regal Pillow","Pen Nib","MawBank","Dream Catcher","Oddly Smooth Stone","Coffee Dripper","Strange Spoon","Blue Candle","Anchor","Omamori","War Paint","Medical Kit"],"acts_visited":["Exordium","TheCity","TheBeyond","TheEnding"],"potions_floor_usage":[39,55,55],"damage_taken":[{"damage":0,"enemies":"Small Slimes","floor":1,"turns":3},{"damage":1,"enemies":"Jaw Worm","floor":3,"turns":3},{"damage":0,"enemies":"2 Louse","floor":4,"turns":2},{"damage":40,"enemies":"Lagavulin","floor":6,"turns":6},{"damage":3,"enemies":"Red Slaver","floor":7,"turns":3},{"damage":5,"enemies":"Looter","floor":12,"turns":3},{"damage":9,"enemies":"Blue Slaver","floor":14,"turns":3},{"damage":52,"enemies":"Hexaghost","floor":16,"turns":8},{"damage":6,"enemies":"Spheric Guardian","floor":18,"turns":3},{"damage":16,"enemies":"2 Thieves","floor":20,"turns":3},{"damage":11,"enemies":"Snake Plant","floor":22,"turns":3},{"damage":10,"enemies":"Book of Stabbing","floor":24,"turns":3},{"damage":36,"enemies":"Slavers","floor":25,"turns":4},{"damage":11,"enemies":"Book of Stabbing","floor":28,"turns":4},{"damage":17,"enemies":"Shelled Parasite and Fungi","floor":31,"turns":2},{"damage":39,"enemies":"Collector","floor":33,"turns":5},{"damage":21,"enemies":"Orb Walker","floor":35,"turns":4},{"damage":23,"enemies":"3 Shapes","floor":38,"turns":2},{"damage":1,"enemies":"Maw","floor":39,"turns":2},{"damage":36,"enemies":"Giant Head","floor":40,"turns":4},{"damage":19,"enemies":"Nemesis","floor":42,"turns":3},{"damage":10,"enemies":"Giant Head","floor":44,"turns":4},{"damage":0,"enemies":"Sphere and 2 Shapes","floor":45,"turns":1},{"damage":12,"enemies":"3 Darklings","floor":46,"turns":2},{"damage":13,"enemies":"Writhing Mass","floor":48,"turns":3},{"damage":64,"enemies":"Awakened One","floor":50,"turns":9},{"damage":74,"enemies":"Shield and Spear","floor":54,"turns":4},{"damage":28,"enemies":"The Heart","floor":55,"turns":2}],"seed_played":"4668531785175446043","potions_obtained":[{"floor":1,"key":"CultistPotion"},{"floor":4,"key":"dioMod:HumanBlood"},{"floor":7,"key":"Fire Potion"},{"floor":39,"key":"ColorlessPotion"},{"floor":45,"key":"FairyPotion"}],"is_trial":false,"path_per_floor":["M","?","M","M","?","E","M","R","T","?","R","M","R","M","R","B",null,"M","?","M","?","M","R","E","E","T","R","E","?","$","M","R","B",null,"M","$","?","M","M","E","R","E","T","E","M","M","R","M","R","B",null,"R","$","E","B"],"character_chosen":"THE_DEFAULT","items_purchased":["dioMod:MudaMudaMuda","Oddly Smooth Stone","dioMod:Muda","dioMod:BloodSplash","Strange Spoon","dioMod:DaggerToss","dioMod:SevenPageMuda","Medical Kit"],"campfire_rested":1,"item_purchase_floors":[30,30,30,30,36,36,53,53],"current_hp_per_floor":[75,63,67,75,60,29,29,29,29,29,29,29,29,26,48,5,75,75,52,52,44,47,47,52,37,37,37,40,40,40,43,43,36,57,46,46,46,46,52,32,32,23,23,27,41,54,54,50,50,41,57,57,57,18,0,0],"gold":78,"neow_bonus":"ONE_RANDOM_RARE_CARD","is_daily":false,"chose_seed":false,"campfire_upgraded":9,"win_rate":0.0,"timestamp":1607715288,"path_taken":["M","?","M","M","?","E","?","R","T","?","R","M","R","?","R","BOSS","M","?","M","?","M","R","E","E","T","R","E","?","$","M","R","BOSS","M","$","?","M","M","E","R","E","T","E","M","?","R","M","R","BOSS","R","$","E","BOSS"],"items_purchased_type":["Card","Relic","Card","Card","Relic","Card","Card","Relic"],"build_version":"2020-12-07","purchased_purges":0,"victory":false,"max_hp_per_floor":[75,75,75,75,75,75,75,75,75,75,75,75,75,75,75,75,75,75,52,52,57,57,57,57,57,57,57,57,57,57,57,57,57,57,57,57,57,57,57,57,57,57,57,57,57,57,57,57,57,57,57,57,57,57,57,57],"relic_stats":{"Regal Pillow":0,"Gremlin Horn":[15,15],"counters":[28,98],"Blue Candle":[0],"PreservedInsect":523,"Pen Nib":[18],"War Paint":["dioMod:FlyAway","dioMod:UltimateSacrifice"],"MawBank":48,"Medical Kit":[0],"Strange Spoon":[19],"Dream Catcher":0,"Busted Crown":36,"obtain_stats":[{"Regal Pillow":25,"Gremlin Horn":9,"Blue Candle":40,"Oddly Smooth Stone":30,"PreservedInsect":2,"Pen Nib":26,"Omamori":43,"War Paint":44,"MawBank":26,"Medical Kit":53,"Strange Spoon":36,"Dream Catcher":28,"Anchor":42,"Busted Crown":17,"Matryoshka":24,"dioMod:VampireBlood":0,"WingedGreaves":6,"Coffee Dripper":34},{"Regal Pillow":13,"Gremlin Horn":5,"Blue Candle":20,"Oddly Smooth Stone":14,"PreservedInsect":1,"Pen Nib":13,"Omamori":21,"War Paint":22,"MawBank":13,"Medical Kit":26,"Strange Spoon":17,"Dream Catcher":14,"Anchor":21,"Busted Crown":8,"Matryoshka":12,"dioMod:VampireBlood":0,"WingedGreaves":4,"Coffee Dripper":16},{"Regal Pillow":47,"Gremlin Horn":17,"Blue Candle":70,"Oddly Smooth Stone":51,"PreservedInsect":3,"Pen Nib":47,"Omamori":73,"War Paint":77,"MawBank":47,"Medical Kit":92,"Strange Spoon":62,"Dream Catcher":51,"Anchor":73,"Busted Crown":31,"Matryoshka":43,"dioMod:VampireBlood":0,"WingedGreaves":14,"Coffee Dripper":58}]},"card_choices":[{"not_picked":["dioMod:DominatingPresence","dioMod:FlyAway"],"picked":"dioMod:DaggerToss","floor":1},{"not_picked":["dioMod:BloodShield","dioMod:Roundabout"],"picked":"dioMod:StreetSign","floor":3},{"not_picked":["dioMod:Roundabout","dioMod:SadisticLaugh"],"picked":"dioMod:VengefulMuda","floor":4},{"not_picked":["dioMod:SecretPlan","dioMod:BloodSplash"],"picked":"dioMod:Muda","floor":6},{"not_picked":["dioMod:DaggerSpree","dioMod:DominatingPresence"],"picked":"dioMod:Freeze","floor":7},{"not_picked":["dioMod:ComposedMuda","dioMod:StreetSign"],"picked":"dioMod:UltimateSacrifice","floor":12},{"not_picked":["dioMod:SecretPlan","dioMod:Roundabout"],"picked":"dioMod:DoubleTime","floor":14},{"not_picked":["dioMod:PhantomBlood","dioMod:PathToHeaven"],"picked":"dioMod:Regeneration","floor":16},{"not_picked":["dioMod:VengefulMuda+1"],"picked":"SKIP","floor":18},{"not_picked":[],"picked":"dioMod:Diversion","floor":20},{"not_picked":[],"picked":"dioMod:Minions+1","floor":22},{"not_picked":["dioMod:DaggerSpree"],"picked":"SKIP","floor":24},{"not_picked":["dioMod:TripleThreat"],"picked":"SKIP","floor":25},{"not_picked":[],"picked":"dioMod:PhantomBlood","floor":28},{"not_picked":["dioMod:StreetSign+1"],"picked":"SKIP","floor":31},{"not_picked":[],"picked":"dioMod:Despair","floor":33},{"not_picked":[],"picked":"dioMod:Hiss+1","floor":35},{"not_picked":["dioMod:MudaMudaMuda"],"picked":"SKIP","floor":38},{"not_picked":["dioMod:BloodSplash"],"picked":"SKIP","floor":39},{"not_picked":[],"picked":"dioMod:FlyAway","floor":40},{"not_picked":[],"picked":"dioMod:HeavyLifting+1","floor":42},{"not_picked":["dioMod:HeavyLifting"],"picked":"SKIP","floor":44},{"not_picked":[],"picked":"dioMod:FlyAway+1","floor":45},{"not_picked":[],"picked":"dioMod:DisarmingVoice","floor":46},{"not_picked":["dioMod:FlyAway"],"picked":"SKIP","floor":48},{"not_picked":["dioMod:FlyAway+1"],"picked":"SKIP","floor":54}],"player_experience":274352,"relics_obtained":[{"floor":6,"key":"WingedGreaves"},{"floor":9,"key":"Gremlin Horn"},{"floor":24,"key":"Matryoshka"},{"floor":25,"key":"Regal Pillow"},{"floor":26,"key":"Pen Nib"},{"floor":26,"key":"MawBank"},{"floor":28,"key":"Dream Catcher"},{"floor":40,"key":"Blue Candle"},{"floor":42,"key":"Anchor"},{"floor":43,"key":"Omamori"},{"floor":44,"key":"War Paint"}],"event_choices":[{"damage_healed":0,"gold_gain":0,"player_choice":"Success","damage_taken":12,"relics_obtained":["PreservedInsect"],"max_hp_gain":0,"max_hp_loss":0,"event_name":"Scrap Ooze","floor":2,"gold_loss":0},{"damage_healed":0,"gold_gain":0,"player_choice":"Entered Light","damage_taken":15,"max_hp_gain":0,"max_hp_loss":0,"event_name":"Shining Light","floor":5,"gold_loss":0,"cards_upgraded":["dioMod:TheWalk","dioMod:VengefulMuda"]},{"damage_healed":0,"gold_gain":0,"player_choice":"1 cards matched","damage_taken":0,"max_hp_gain":0,"max_hp_loss":0,"event_name":"Match and Keep!","floor":10,"gold_loss":0,"cards_obtained":["dioMod:RoadRoller"]},{"damage_healed":0,"gold_gain":0,"player_choice":"Became a vampire","damage_taken":0,"max_hp_gain":0,"max_hp_loss":23,"event_name":"Vampires","floor":19,"gold_loss":0,"cards_obtained":["Bite","Bite","Bite","Bite","Bite"]},{"damage_healed":0,"gold_gain":0,"player_choice":"Shed Blood","damage_taken":13,"max_hp_gain":5,"max_hp_loss":0,"event_name":"Forgotten Altar","floor":21,"gold_loss":0},{"damage_healed":0,"gold_gain":0,"player_choice":"Ignored","damage_taken":0,"max_hp_gain":0,"max_hp_loss":0,"event_name":"Ghosts","floor":29,"gold_loss":0},{"damage_healed":0,"gold_gain":0,"player_choice":"Copied","damage_taken":0,"max_hp_gain":0,"max_hp_loss":0,"event_name":"Duplicator","floor":37,"gold_loss":0,"cards_obtained":["dioMod:MudaMudaMuda"]}],"is_beta":true,"boss_relics":[{"not_picked":["Ectoplasm","SacredBark"],"picked":"Busted Crown"},{"not_picked":["Cursed Key","Sozu"],"picked":"Coffee Dripper"}],"items_purged_floors":[],"is_endless":false,"potions_floor_spawned":[1,4,7,20,31,33,39,40,45,46,48],"killed_by":"The Heart","ascension_level":1}}