{"host":"7k7fhzlbqzyu5ijh","time":1607717190,"event":{"mods":["AchievementEnabler","BaseMod","Bestiary","Colored Map","Colored Powertips","Filter the Spire","Minty Spire (QoL Compilation)","RNG Fix","Relic Stats"],"gold_per_floor":[118,129,79,154,11,11,30,47,74,104,124,124,158,168,168,273,273,261,295,295,295,310,341,341,369,394,394,411,55,55,69,69,69,69],"floor_reached":33,"playtime":3974,"items_purged":["Defend_R"],"score":431,"play_id":"d9346fa6-4f0d-4780-abd6-1dbbf931e4bb","local_time":"20201211150630","is_ascension_mode":true,"campfire_choices":[{"data":"Hemokinesis","floor":6.0,"key":"SMITH"},{"data":"Inflame","floor":15.0,"key":"SMITH"},{"floor":24.0,"key":"REST"},{"floor":27.0,"key":"REST"},{"data":"Rage","floor":32,"key":"SMITH"}],"circlet_count":0,"master_deck":["Strike_R+1","Strike_R","Strike_R","Strike_R","Defend_R","Defend_R","Defend_R","Bash","Iron Wave","Hemokinesis+1","Flame Barrier","Headbutt","Dual Wield","Barricade+1","Shrug It Off","Inflame+1","Cleave+1","Impervious+1","Flex+1","Impervious","Carnage+1","Rage+1","Battle Trance","Seeing Red+1"],"relics":["Burning Blood","InkBottle","Lantern","Runic Cube","Red Mask","Potion Belt","Whetstone","Juzu Bracelet","Magic Flower","Meat on the Bone"],"acts_visited":["Exordium","TheCity"],"potions_floor_usage":[28,31],"damage_taken":[{"damage":0.0,"enemies":"2 Louse","floor":1.0,"turns":4.0},{"damage":1.0,"enemies":"Jaw Worm","floor":2.0,"turns":4.0},{"damage":5.0,"enemies":"Small Slimes","floor":7.0,"turns":2.0},{"damage":2.0,"enemies":"Blue Slaver","floor":8.0,"turns":3.0},{"damage":4.0,"enemies":"3 Sentries","floor":10.0,"turns":6.0},{"damage":3.0,"enemies":"Looter","floor":11.0,"turns":3.0},{"damage":4.0,"enemies":"Gremlin Nob","floor":13.0,"turns":2.0},{"damage":4.0,"enemies":"Exordium Wildlife","floor":14.0,"turns":4.0},{"damage":35.0,"enemies":"Slime Boss","floor":16.0,"turns":8.0},{"damage":6.0,"enemies":"2 Thieves","floor":18.0,"turns":4.0},{"damage":31.0,"enemies":"Masked Bandits","floor":19.0,"turns":6.0},{"damage":0.0,"enemies":"3 Byrds","floor":22.0,"turns":1.0},{"damage":41.0,"enemies":"Book of Stabbing","floor":23.0,"turns":6.0},{"damage":37.0,"enemies":"Slavers","floor":25.0,"turns":9.0},{"damage":7,"enemies":"Snake Plant","floor":28,"turns":2},{"damage":8,"enemies":"Chosen and Byrds","floor":31,"turns":5},{"damage":59,"enemies":"Automaton","floor":33,"turns":8}],"seed_played":"-3660543164476453182","potions_obtained":[{"floor":0.0,"key":"Block Potion"},{"floor":0.0,"key":"SteroidPotion"},{"floor":0.0,"key":"Explosive Potion"},{"floor":2.0,"key":"LiquidMemories"},{"floor":11.0,"key":"DistilledChaos"},{"floor":18.0,"key":"Fire Potion"},{"floor":22.0,"key":"DistilledChaos"},{"floor":25.0,"key":"GamblersBrew"}],"is_trial":false,"path_per_floor":["M","M","?","?","$","R","M","M","T","E","M","?","E","M","R","B",null,"M","?","?","?","M","E","R","E","T","R","M","$","T","M","R","B"],"character_chosen":"IRONCLAD","items_purchased":["Flame Barrier","Magic Flower","Block Potion"],"campfire_rested":2,"item_purchase_floors":[5,29,29],"current_hp_per_floor":[80,80,80,69,69,69,70,74,74,76,79,79,80,80,80,51,73,73,48,48,48,54,19,43,12,12,36,35,35,35,54,54,0,0],"gold":69,"neow_bonus":"THREE_SMALL_POTIONS","is_daily":false,"chose_seed":false,"campfire_upgraded":3,"win_rate":0.0,"timestamp":1607717190,"path_taken":["M","M","?","?","$","R","M","M","T","E","M","?","E","M","R","BOSS","M","?","?","?","M","E","R","E","T","R","M","$","?","M","R","BOSS"],"items_purchased_type":["Card","Relic","Potion"],"build_version":"2020-11-30","purchased_purges":1,"victory":false,"max_hp_per_floor":[80,80,80,80,80,80,80,80,80,80,80,80,80,80,80,80,80,80,80,80,80,80,80,80,80,80,80,80,80,80,80,80,80,80],"relic_stats":{"counters":[17,77],"Magic Flower":[9],"Juzu Bracelet":0,"Whetstone":["Strike_R","Cleave"],"obtain_stats":[{"Potion Belt":23,"Lantern":13,"Magic Flower":29,"Red Mask":19,"Juzu Bracelet":26,"Whetstone":25,"Burning Blood":0,"InkBottle":10,"Runic Cube":17,"Meat on the Bone":30},{"Potion Belt":13,"Lantern":7,"Magic Flower":15,"Red Mask":11,"Juzu Bracelet":14,"Whetstone":14,"Burning Blood":0,"InkBottle":5,"Runic Cube":9,"Meat on the Bone":15},{"Potion Belt":53,"Lantern":24,"Magic Flower":64,"Red Mask":46,"Juzu Bracelet":62,"Whetstone":62,"Burning Blood":0,"InkBottle":19,"Runic Cube":36,"Meat on the Bone":64}],"Burning Blood":85,"InkBottle":[14],"Runic Cube":[32],"Meat on the Bone":18},"card_choices":[{"not_picked":["Twin Strike","Flex"],"picked":"Iron Wave","floor":1.0},{"not_picked":["Wild Strike","Clothesline"],"picked":"Hemokinesis","floor":2.0},{"not_picked":["Spot Weakness","Body Slam"],"picked":"Headbutt","floor":7.0},{"not_picked":["Armaments","Pummel"],"picked":"Dual Wield","floor":8.0},{"not_picked":["Dual Wield","Twin Strike"],"picked":"Barricade","floor":10.0},{"not_picked":["Heavy Blade","Infernal Blade"],"picked":"Shrug It Off","floor":11.0},{"not_picked":["Havoc","Headbutt"],"picked":"Inflame","floor":13.0},{"not_picked":["Perfected Strike","Reaper"],"picked":"Cleave","floor":14.0},{"not_picked":["Feed","Brutality"],"picked":"Impervious","floor":16.0},{"not_picked":["Flex","Headbutt","Dual Wield"],"picked":"SKIP","floor":18.0},{"not_picked":["Pummel","Cleave"],"picked":"Flex+1","floor":19.0},{"not_picked":["Armaments","Feel No Pain+1"],"picked":"Carnage+1","floor":22.0},{"not_picked":["Pommel Strike","Headbutt"],"picked":"Rage","floor":23.0},{"not_picked":["Combust","Warcry"],"picked":"Battle Trance","floor":25.0},{"not_picked":["Sever Soul","Exhume","True Grit"],"picked":"SKIP","floor":28},{"not_picked":["Thunderclap+1","Pummel+1"],"picked":"Seeing Red+1","floor":31}],"player_experience":356951,"relics_obtained":[{"floor":10.0,"key":"InkBottle"},{"floor":13.0,"key":"Lantern"},{"floor":19.0,"key":"Red Mask"},{"floor":23.0,"key":"Potion Belt"},{"floor":25.0,"key":"Whetstone"},{"floor":26.0,"key":"Juzu Bracelet"},{"floor":30,"key":"Meat on the Bone"}],"event_choices":[{"cards_removed":["Strike_R"],"damage_healed":0.0,"max_hp_gain":0.0,"max_hp_loss":0.0,"gold_gain":0.0,"event_name":"The Cleric","player_choice":"Card Removal","floor":3.0,"gold_loss":50.0,"damage_taken":0.0},{"damage_healed":0.0,"max_hp_gain":0.0,"max_hp_loss":0.0,"gold_gain":75.0,"event_name":"World of Goop","player_choice":"Gather Gold","floor":4.0,"gold_loss":0.0,"damage_taken":11.0},{"damage_healed":0.0,"max_hp_gain":0.0,"max_hp_loss":0.0,"gold_gain":0.0,"event_name":"Living Wall","player_choice":"Grow","floor":12.0,"gold_loss":0.0,"damage_taken":0.0,"cards_upgraded":["Barricade"]},{"damage_healed":0.0,"max_hp_gain":0.0,"max_hp_loss":0.0,"gold_gain":0.0,"event_name":"Masked Bandits","player_choice":"Fought Bandits","floor":19.0,"gold_loss":0.0,"damage_taken":0.0},{"damage_healed":0.0,"max_hp_gain":0.0,"max_hp_loss":0.0,"gold_gain":0.0,"event_name":"Duplicator","player_choice":"Copied","floor":20.0,"gold_loss":0.0,"damage_taken":0.0,"cards_obtained":["Impervious"]},{"damage_healed":0.0,"max_hp_gain":0.0,"max_hp_loss":0.0,"gold_gain":0.0,"event_name":"Upgrade Shrine","player_choice":"Upgraded","floor":21.0,"gold_loss":0.0,"damage_taken":0.0,"cards_upgraded":["Impervious"]}],"is_beta":false,"boss_relics":[{"not_picked":["SlaversCollar","Runic Dome"],"picked":"Runic Cube"}],"items_purged_floors":[5],"is_endless":false,"potions_floor_spawned":[1,2,11,18,22,25],"killed_by":"Automaton","ascension_level":5}}