{"host":"znvnxllcillb3rtw","time":1607687016,"event":{"mods":["BaseMod","DeckTracker","Minty Spire (QoL Compilation)","Relic Stats","StSLib","SuperFastMode","everything is the same but u backflip on backflip"],"gold_per_floor":[114,128,140,159,177,191,191,203,203,232,282,282,307,324,324,402,402,417,32,45,61,81,81,81,81,158,83,97,97,97],"floor_reached":29,"playtime":4883,"items_purged":["Zap"],"score":482,"play_id":"92b0aad5-1fac-4058-9787-cb4bb37b9484","local_time":"20201211204336","is_ascension_mode":true,"campfire_choices":[{"floor":7,"key":"REST"},{"floor":12,"key":"REST"},{"data":"Barrage","floor":15,"key":"SMITH"},{"data":"Biased Cognition","floor":23,"key":"SMITH"},{"floor":25,"key":"REST"}],"circlet_count":0,"master_deck":["AscendersBane","Dualcast","Turbo","BootSequence","Ball Lightning","Auto Shields","FTL","Beam Cell","Barrage+1","Genetic Algorithm","Echo Form","Glacier","Reinforced Body","Auto Shields","Storm","Tempest","Rainbow","Force Field","Undo","Coolheaded+1","Biased Cognition+1","Chaos","Loop"],"relics":["Sozu","Lizard Tail","Orichalcum","Regal Pillow","Pandora\u0027s Box","OrangePellets"],"acts_visited":["Exordium","TheCity"],"potions_floor_usage":[],"damage_taken":[{"damage":7.0,"enemies":"Small Slimes","floor":1.0,"turns":4.0},{"damage":1.0,"enemies":"Cultist","floor":2.0,"turns":3.0},{"damage":0.0,"enemies":"Jaw Worm","floor":3.0,"turns":3.0},{"damage":15.0,"enemies":"Exordium Thugs","floor":4.0,"turns":4.0},{"damage":2.0,"enemies":"2 Fungi Beasts","floor":5.0,"turns":5.0},{"damage":10,"enemies":"Lots of Slimes","floor":6,"turns":4},{"damage":6,"enemies":"Looter","floor":8,"turns":4},{"damage":36,"enemies":"Gremlin Nob","floor":10,"turns":4},{"damage":4,"enemies":"Lagavulin","floor":13,"turns":7},{"damage":7,"enemies":"3 Louse","floor":14,"turns":3},{"damage":51,"enemies":"Hexaghost","floor":16,"turns":10},{"damage":5,"enemies":"Spheric Guardian","floor":18,"turns":5},{"damage":7,"enemies":"Chosen","floor":20,"turns":4},{"damage":14,"enemies":"Snake Plant","floor":21,"turns":4},{"damage":2,"enemies":"Centurion and Healer","floor":22,"turns":6},{"damage":8,"enemies":"Shelled Parasite and Fungi","floor":28,"turns":5},{"damage":57,"enemies":"Slavers","floor":29,"turns":7}],"seed_played":"-8213346854986633163","potions_obtained":[],"is_trial":false,"path_per_floor":["M","M","M","M","M","M","R","M","T","E","?","R","E","M","R","B",null,"M","$","M","M","M","R","?","R","T","$","M","E"],"character_chosen":"DEFECT","items_purchased":["Biased Cognition","OrangePellets","Chaos"],"campfire_rested":3,"item_purchase_floors":[19,19,19],"current_hp_per_floor":[57,56,56,41,39,29,50,44,44,8,8,29,25,18,18,7,55,50,50,43,29,27,27,27,63,63,63,55,0,0],"gold":97,"neow_bonus":"BOSS_RELIC","is_daily":false,"chose_seed":false,"campfire_upgraded":2,"win_rate":0.0,"timestamp":1607687016,"path_taken":["M","M","M","M","M","M","R","M","T","E","?","R","E","M","R","BOSS","M","$","M","M","M","R","?","R","T","?","?","E"],"items_purchased_type":["Card","Relic","Card"],"build_version":"2020-11-30","purchased_purges":1,"victory":false,"max_hp_per_floor":[71,71,71,71,71,71,71,71,71,71,71,71,71,71,71,71,71,71,71,71,71,71,71,71,71,71,71,71,71,71],"relic_stats":{"Sozu":6,"OrangePellets":[10],"Lizard Tail":35,"Regal Pillow":15,"counters":[17,82],"Pandora\u0027s Box":["Glacier","Reinforced Body","Auto Shields","Storm","Tempest","Rainbow","Force Field","Undo"],"Orichalcum":[42],"obtain_stats":[{"Sozu":0,"OrangePellets":19,"Lizard Tail":9,"Regal Pillow":13,"Pandora\u0027s Box":17,"Orichalcum":10,"Cracked Core":0},{"Sozu":0,"OrangePellets":12,"Lizard Tail":7,"Regal Pillow":9,"Pandora\u0027s Box":11,"Orichalcum":8,"Cracked Core":0},{"Sozu":0,"OrangePellets":56,"Lizard Tail":27,"Regal Pillow":38,"Pandora\u0027s Box":51,"Orichalcum":31,"Cracked Core":0}]},"card_choices":[{"not_picked":["Tempest","Loop"],"picked":"Turbo","floor":1.0},{"not_picked":["Reinforced Body","Hologram"],"picked":"BootSequence","floor":2.0},{"not_picked":["Compile Driver","Beam Cell"],"picked":"Ball Lightning","floor":3.0},{"not_picked":["White Noise","Turbo"],"picked":"Auto Shields","floor":4.0},{"not_picked":["Redo","Glacier","Loop"],"picked":"SKIP","floor":5.0},{"not_picked":["Self Repair","Barrage"],"picked":"FTL","floor":6},{"not_picked":["Reinforced Body","Auto Shields","Tempest"],"picked":"SKIP","floor":8},{"not_picked":["Steam Power","Turbo"],"picked":"Beam Cell","floor":10},{"not_picked":["Compile Driver","Seek"],"picked":"Barrage","floor":13},{"not_picked":["Compile Driver","Steam"],"picked":"Genetic Algorithm","floor":14},{"not_picked":["Reboot","Buffer"],"picked":"Echo Form","floor":16},{"not_picked":["Ball Lightning","Conserve Battery"],"picked":"Coolheaded+1","floor":18},{"not_picked":["Streamline","Force Field","Barrage"],"picked":"SKIP","floor":20},{"not_picked":["Melter","Hello World"],"picked":"Loop","floor":21},{"not_picked":["Turbo","Rip and Tear","Go for the Eyes"],"picked":"SKIP","floor":22},{"not_picked":["Auto Shields","Barrage","Coolheaded"],"picked":"SKIP","floor":28}],"player_experience":2857989,"relics_obtained":[{"floor":9,"key":"Lizard Tail"},{"floor":10,"key":"Orichalcum"},{"floor":13,"key":"Regal Pillow"}],"event_choices":[{"damage_healed":0,"gold_gain":50,"player_choice":"Pray","damage_taken":0,"max_hp_gain":0,"max_hp_loss":0,"event_name":"Golden Shrine","floor":11,"gold_loss":0},{"damage_healed":0,"gold_gain":0,"player_choice":"Ignored","damage_taken":0,"max_hp_gain":0,"max_hp_loss":0,"event_name":"Ghosts","floor":24,"gold_loss":0}],"is_beta":false,"boss_relics":[{"not_picked":["Philosopher\u0027s Stone","Ectoplasm"],"picked":"Pandora\u0027s Box"}],"items_purged_floors":[27],"is_endless":false,"potions_floor_spawned":[3,4,6,16,18,21],"killed_by":"Slavers","ascension_level":20}}