{"host":"b4asi0laiv85suj9","time":1607659924,"event":{"mods":["BaseMod","Minty Spire (QoL Compilation)","MostiFishMod","Relic Stats","StSLib","TestMod","noobMod"],"gold_per_floor":[116,116,116,135,153,153,185,41,94,129,79,110,124,158,158,255,255,274,285,265,275,290,290,320,320,343,672,682,694,722,722,722,820,820,840,854,867,880,880,914,966,966,992,1010,1029,1057,1057,1085,1085,1089,1089,1089,946,977,987],"floor_reached":56,"playtime":2417,"items_purged":["Strike_P"],"score":2484,"play_id":"3b3fb8bb-4fe0-4d8c-86cd-65f9ea1719d8","local_time":"20201211121204","is_ascension_mode":true,"campfire_choices":[{"data":"Eruption","floor":6.0,"key":"SMITH"},{"data":"Recycle","floor":15.0,"key":"SMITH"},{"data":"MostiFishMod:Culaccino","floor":23.0,"key":"SMITH"},{"floor":32.0,"key":"RECALL"},{"data":"MostiFishMod:FourSeasons","floor":49.0,"key":"SMITH"},{"data":"Night Terror","floor":52,"key":"SMITH"}],"circlet_count":0,"master_deck":["Strike_P+1","Strike_P+1","Strike_P+1","Defend_P+1","Defend_P+1","Defend_P+1","Eruption+1","Vigilance+1","Acrobatics+1","Prostrate","Recycle+1","Discovery","Escape Plan","MostiFishMod:Culaccino+1","JustLucky","Deep Breath+1","MostiFishMod:FourSeasons+1","ClearTheMind+1","Enlightenment+1","Night Terror+1","TalkToTheHand+1"],"relics":["testmod-TestBox","DaveBox","ice","RhineFirstAidKit","TimeKeys","testmod-Brilliant","Question Card","PrismaticShard","testmod-Antiphasic","Pocketwatch","War Paint","Gremlin Horn","ImportantClient","RhineSuit","Eternal Feather","Pen Nib","Old Coin","Oddly Smooth Stone","Thread and Needle","RhineCircuit","Art of War","Du-Vu Doll","Regal Pillow","Anchor","testmod-Acrobat","Technique","testmod-CasingShield"],"acts_visited":["Exordium","TheCity","TheBeyond","TheEnding"],"potions_floor_usage":[55,55,55,55,55,55],"damage_taken":[{"damage":0.0,"enemies":"Cultist","floor":1.0,"turns":2.0},{"damage":12.0,"enemies":"Small Slimes","floor":4.0,"turns":2.0},{"damage":0.0,"enemies":"2 Louse","floor":5.0,"turns":1.0},{"damage":0.0,"enemies":"3 Sentries","floor":7.0,"turns":1.0},{"damage":32.0,"enemies":"Gremlin Nob","floor":10.0,"turns":3.0},{"damage":63.0,"enemies":"3 Sentries","floor":12.0,"turns":5.0},{"damage":0.0,"enemies":"2 Fungi Beasts","floor":13.0,"turns":2.0},{"damage":0.0,"enemies":"Gremlin Nob","floor":14.0,"turns":1.0},{"damage":0.0,"enemies":"Hexaghost","floor":16.0,"turns":7.0},{"damage":0.0,"enemies":"Shell Parasite","floor":18.0,"turns":1.0},{"damage":0.0,"enemies":"3 Byrds","floor":19.0,"turns":2.0},{"damage":13.0,"enemies":"Snake Plant","floor":21.0,"turns":3.0},{"damage":5.0,"enemies":"Chosen and Byrds","floor":22.0,"turns":3.0},{"damage":0.0,"enemies":"Slavers","floor":24.0,"turns":1.0},{"damage":0.0,"enemies":"Gremlin Leader","floor":27.0,"turns":2.0},{"damage":0.0,"enemies":"Shelled Parasite and Fungi","floor":28.0,"turns":1.0},{"damage":3.0,"enemies":"Centurion and Healer","floor":29.0,"turns":2.0},{"damage":0.0,"enemies":"Slavers","floor":30.0,"turns":1.0},{"damage":0.0,"enemies":"Automaton","floor":33.0,"turns":4.0},{"damage":0.0,"enemies":"Orb Walker","floor":35.0,"turns":1.0},{"damage":0.0,"enemies":"3 Shapes","floor":36.0,"turns":1.0},{"damage":0.0,"enemies":"Spire Growth","floor":37.0,"turns":2.0},{"damage":0.0,"enemies":"Writhing Mass","floor":38.0,"turns":1.0},{"damage":0.0,"enemies":"Nemesis","floor":40.0,"turns":6.0},{"damage":0.0,"enemies":"2 Orb Walkers","floor":41.0,"turns":1.0},{"damage":0.0,"enemies":"Maw","floor":44.0,"turns":4.0},{"damage":0.0,"enemies":"Jaw Worm Horde","floor":45.0,"turns":1.0},{"damage":0.0,"enemies":"Reptomancer","floor":46.0,"turns":1.0},{"damage":55.0,"enemies":"Transient","floor":48.0,"turns":4.0},{"damage":0,"enemies":"Time Eater","floor":50,"turns":2},{"damage":0,"enemies":"Shield and Spear","floor":54,"turns":3},{"damage":1,"enemies":"The Heart","floor":55,"turns":3}],"seed_played":"5927083444530523066","potions_obtained":[{"floor":1.0,"key":"SteroidPotion"},{"floor":5.0,"key":"EntropicBrew"},{"floor":12.0,"key":"BlessingOfTheForge"},{"floor":13.0,"key":"Energy Potion"},{"floor":18.0,"key":"testmod-SpacePotion"},{"floor":19.0,"key":"AttackPotion"},{"floor":20.0,"key":"Dexterity Potion"},{"floor":29.0,"key":"testmod-TestPotion"},{"floor":48.0,"key":"PowerPotion"}],"is_trial":false,"path_per_floor":["M","?","?","M","M","R","E","$","T","E","?","E","M","E","R","B",null,"M","M","?","M","M","R","E","?","T","E","M","M","E","?","R","B",null,"M","M","M","M","$","E","?","?","T","M","M","E","T","M","R","B",null,"R","$","E","B",null],"character_chosen":"WATCHER","items_purchased":["Ragnarok","TalkToTheHand","Technique"],"campfire_rested":0,"item_purchase_floors":[8,53,53],"current_hp_per_floor":[65,51,51,39,39,39,39,39,39,77,77,24,24,24,24,87,87,87,87,87,74,69,69,69,69,69,69,69,66,66,66,75,75,84,84,84,84,84,84,84,84,97,97,97,97,97,97,102,102,102,102,102,102,102,101],"gold":987,"neow_bonus":"BOSS_RELIC","is_daily":false,"chose_seed":false,"campfire_upgraded":5,"win_rate":0.0,"timestamp":1607659924,"path_taken":["M","?","?","M","M","R","E","$","T","E","?","E","M","E","R","BOSS","M","M","?","?","M","R","E","?","T","E","M","M","E","?","R","BOSS","M","M","M","M","$","E","?","?","T","?","M","E","?","M","R","BOSS","R","$","E","BOSS"],"items_purchased_type":["Card","Card","Relic"],"build_version":"2020-11-30","purchased_purges":1,"victory":true,"max_hp_per_floor":[72,72,72,72,72,72,72,72,72,77,77,87,87,87,87,87,87,87,87,87,87,87,87,87,87,87,87,87,87,87,87,87,87,87,87,87,87,87,87,87,87,97,97,97,97,97,97,102,102,102,102,102,102,102,102],"relic_stats":{"Regal Pillow":0,"Gremlin Horn":[10,10],"counters":[32,74],"Eternal Feather":9,"Pen Nib":[8],"Art of War":[0],"War Paint":["Defend_P","Defend_P"],"Question Card":29,"obtain_stats":[{"Regal Pillow":43,"DaveBox":0,"Gremlin Horn":14,"TimeKeys":0,"RhineSuit":17,"ice":0,"PrismaticShard":1,"testmod-CasingShield":54,"Old Coin":27,"testmod-Brilliant":0,"RhineFirstAidKit":0,"ImportantClient":16,"testmod-TestBox":0,"Oddly Smooth Stone":30,"Eternal Feather":24,"Thread and Needle":31,"Pen Nib":26,"War Paint":12,"Question Card":1,"RhineCircuit":34,"Du-Vu Doll":41,"testmod-Antiphasic":7,"Anchor":46,"testmod-Acrobat":47,"Art of War":40,"Technique":53,"PureWater":0,"Pocketwatch":10},{"Regal Pillow":25,"DaveBox":0,"Gremlin Horn":8,"TimeKeys":0,"RhineSuit":9,"ice":0,"PrismaticShard":1,"testmod-CasingShield":31,"Old Coin":15,"testmod-Brilliant":0,"RhineFirstAidKit":0,"ImportantClient":9,"testmod-TestBox":0,"Oddly Smooth Stone":18,"Eternal Feather":14,"Thread and Needle":18,"Pen Nib":14,"War Paint":6,"Question Card":1,"RhineCircuit":19,"Du-Vu Doll":25,"testmod-Antiphasic":4,"Anchor":28,"testmod-Acrobat":28,"Art of War":24,"Technique":30,"PureWater":0,"Pocketwatch":5},{"Regal Pillow":56,"DaveBox":0,"Gremlin Horn":17,"TimeKeys":0,"RhineSuit":24,"ice":0,"PrismaticShard":2,"testmod-CasingShield":71,"Old Coin":36,"testmod-Brilliant":0,"RhineFirstAidKit":0,"ImportantClient":24,"testmod-TestBox":0,"Oddly Smooth Stone":40,"Eternal Feather":34,"Thread and Needle":40,"Pen Nib":34,"War Paint":14,"Question Card":2,"RhineCircuit":44,"Du-Vu Doll":56,"testmod-Antiphasic":6,"Anchor":62,"testmod-Acrobat":62,"Art of War":55,"Technique":68,"PureWater":0,"Pocketwatch":9}],"Pocketwatch":[42]},"card_choices":[{"not_picked":["Study","Evaluate","Crescendo"],"picked":"SKIP","floor":1.0},{"not_picked":["Pommel Strike","Go for the Eyes","Body Slam"],"picked":"Acrobatics","floor":4.0},{"not_picked":["MostiFishMod:SpreadingSpore","Reprogram","Dagger Throw","Pray"],"picked":"SKIP","floor":5.0},{"not_picked":["Twin Strike","Cleave","Sword Boomerang","Steam Power"],"picked":"SKIP","floor":7.0},{"not_picked":["Crescendo","Evaluate","testmod-Collector"],"picked":"Prostrate","floor":10.0},{"not_picked":["Rebound","Force Field","JustLucky"],"picked":"Recycle","floor":12.0},{"not_picked":["Sweeping Beam","Weave","CrushJoints"],"picked":"Discovery","floor":13.0},{"not_picked":["CrushJoints","testmod-LifeRuler","Consecrate"],"picked":"Escape Plan","floor":14.0},{"not_picked":["MostiFishMod:IceShield","MostiFishMod:BrokenBlackCloak","MostiFishMod:Mottled"],"picked":"MostiFishMod:Culaccino","floor":16.0},{"not_picked":["Go for the Eyes","Heavy Blade","PiercingWail+1","testmod-TemporaryDeletion"],"picked":"SKIP","floor":18.0},{"not_picked":["Double Energy","Barrage","InnerPeace"],"picked":"JustLucky","floor":19.0},{"not_picked":["Escape Plan+1","Consecrate","Beam Cell+1","Sword Boomerang"],"picked":"SKIP","floor":21.0},{"not_picked":["Streamline","MentalFortress","Thunderclap"],"picked":"Deep Breath+1","floor":22.0},{"not_picked":["Havoc+1","Thinking Ahead","testmod-LifeRuler+1","CutThroughFate"],"picked":"SKIP","floor":24.0},{"not_picked":["Prepared+1","Clash","JustLucky","Halt"],"picked":"SKIP","floor":27.0},{"not_picked":["Barrage","Iron Wave","Pommel Strike","Dagger Throw"],"picked":"SKIP","floor":28.0},{"not_picked":["Judgement","Consecrate","Slice","Gash"],"picked":"SKIP","floor":29.0},{"not_picked":["JustLucky","MentalFortress","Nirvana+1","Skim"],"picked":"SKIP","floor":30.0},{"not_picked":["Grand Finale","Demon Form","MostiFishMod:WinterMarkForm"],"picked":"MostiFishMod:FourSeasons","floor":33.0},{"not_picked":["SashWhip","Dagger Spray","Pommel Strike"],"picked":"ClearTheMind+1","floor":35.0},{"not_picked":["Choke+1","Iron Wave","Body Slam+1"],"picked":"Enlightenment+1","floor":36.0},{"not_picked":["Wireheading+1","CrushJoints+1","Perfected Strike+1","Heavy Blade"],"picked":"SKIP","floor":37.0},{"not_picked":["Barrage","Dagger Spray","Indignation+1","Force Field+1"],"picked":"SKIP","floor":38.0},{"not_picked":["EmptyBody","Havoc","Pummel"],"picked":"Night Terror","floor":40.0},{"not_picked":["ThirdEye+1","PiercingWail+1","CrushJoints","Sucker Punch+1"],"picked":"SKIP","floor":44.0},{"not_picked":["Swift Strike+1","Body Slam+1","Dash","FlurryOfBlows+1"],"picked":"SKIP","floor":45.0},{"not_picked":["Iron Wave","Dual Wield+1","Eviscerate+1","Body Slam+1"],"picked":"SKIP","floor":46.0},{"not_picked":["Heel Hook+1","Distraction+1","Cleave","Turbo"],"picked":"SKIP","floor":48.0},{"not_picked":["MostiFishMod:ChineseTea","Turbo","testmod-Bloodthirsty","Concentrate+1"],"picked":"SKIP","floor":54}],"player_experience":162479,"relics_obtained":[{"floor":1.0,"key":"Question Card"},{"floor":1.0,"key":"PrismaticShard"},{"floor":7.0,"key":"testmod-Antiphasic"},{"floor":10.0,"key":"Pocketwatch"},{"floor":12.0,"key":"War Paint"},{"floor":14.0,"key":"Gremlin Horn"},{"floor":16.0,"key":"ImportantClient"},{"floor":24.0,"key":"Eternal Feather"},{"floor":26.0,"key":"Pen Nib"},{"floor":27.0,"key":"Old Coin"},{"floor":30.0,"key":"Oddly Smooth Stone"},{"floor":40.0,"key":"Art of War"},{"floor":41.0,"key":"Du-Vu Doll"},{"floor":43.0,"key":"Regal Pillow"},{"floor":46.0,"key":"Anchor"},{"floor":47.0,"key":"testmod-Acrobat"},{"floor":54,"key":"testmod-CasingShield"}],"event_choices":[{"damage_healed":0.0,"max_hp_gain":0.0,"max_hp_loss":0.0,"gold_gain":0.0,"event_name":"Shining Light","player_choice":"Entered Light","floor":2.0,"gold_loss":0.0,"damage_taken":14.0,"cards_upgraded":["Defend_P","Vigilance"]},{"damage_healed":0.0,"max_hp_gain":0.0,"max_hp_loss":0.0,"gold_gain":0.0,"event_name":"给自己的盒子","player_choice":"Ignored","floor":3.0,"gold_loss":0.0,"damage_taken":0.0},{"cards_removed":["Defend_P"],"damage_healed":0.0,"max_hp_gain":0.0,"max_hp_loss":0.0,"gold_gain":0.0,"event_name":"The Cleric","player_choice":"Card Removal","floor":11.0,"gold_loss":50.0,"damage_taken":0.0},{"damage_healed":0.0,"max_hp_gain":0.0,"max_hp_loss":0.0,"gold_gain":0.0,"event_name":"The Woman in Blue","player_choice":"Bought 1 Potion","floor":20.0,"gold_loss":0.0,"damage_taken":0.0},{"damage_healed":0.0,"max_hp_gain":0.0,"max_hp_loss":0.0,"gold_gain":0.0,"event_name":"Back to Basics","player_choice":"Simplicity","floor":25.0,"gold_loss":0.0,"damage_taken":0.0,"cards_upgraded":["Strike_P","Strike_P","Strike_P"]},{"damage_healed":0.0,"max_hp_gain":0.0,"max_hp_loss":0.0,"gold_gain":0.0,"event_name":"The Mausoleum","player_choice":"Opened","floor":31.0,"gold_loss":0.0,"damage_taken":0.0,"relics_obtained":["Thread and Needle"]},{"damage_healed":0.0,"max_hp_gain":0.0,"max_hp_loss":0.0,"gold_gain":0.0,"event_name":"Mysterious Sphere","player_choice":"Fight","floor":41.0,"gold_loss":0.0,"damage_taken":0.0},{"cards_removed":["Ragnarok"],"damage_healed":3.0,"max_hp_gain":10.0,"max_hp_loss":0.0,"gold_gain":0.0,"event_name":"Bonfire Elementals","player_choice":"Offered Rare","floor":42.0,"gold_loss":0.0,"damage_taken":0.0}],"is_beta":false,"boss_relics":[{"not_picked":["Calling Bell","testmod-PortableAltar"],"picked":"RhineSuit"},{"not_picked":["testmod-SaigiyounoYou","testmod-D_4"],"picked":"RhineCircuit"}],"items_purged_floors":[8],"is_endless":false,"potions_floor_spawned":[1,5,12,13,18,19,27,28,29,37,38,44,46,48,54],"ascension_level":8}}