{"host":"u515qumgrc6s41he","time":1607687933,"event":{"mods":["2.2 Compatiblity","AchievementEnabler","BaseMod","CapriCore","Colored Map","Colored Powertips","Downfall","Hermit","Keyboard Shortcuts","Marisa£¨Ùöéë¡¡Øª×âÞÞ£©","Minty Spire (QoL Compilation)","Permanent Neow","Quick Restart","Rare Cards Sparkle","Relic Stats","Replay The Spire","StSLib","Td1madao Mod","The Cursed","The Immortal"],"gold_per_floor":[117,117,137,137,137,162,237,237,237,252,269,96,108,118,118,220,220,145,145,46,46,46,46,46,46,46,46,46,46,46,46,46,46,46,46,46,46,46,46,46,46,46,46,46,46,46,46,46,46,46,46,46,46,46,46],"floor_reached":56,"playtime":6177,"items_purged":["MokouMod:Defend"],"score":1219,"play_id":"9a042dfe-9a49-4d1b-959e-44c530289e54","local_time":"20201211205853","is_ascension_mode":false,"campfire_choices":[{"data":"MokouMod:SpontaneousHumanCombustion","floor":8.0,"key":"SMITH"},{"data":"MokouMod:HeartofFire","floor":15.0,"key":"SMITH"},{"data":"MokouMod:FlickeringFlame","floor":23.0,"key":"SMITH"},{"floor":29.0,"key":"REST"},{"floor":32.0,"key":"REST"},{"floor":41.0,"key":"RECALL"},{"floor":49.0,"key":"REST"},{"floor":52.0,"key":"REST"}],"circlet_count":0,"master_deck":["MokouMod:Strike","MokouMod:Strike","MokouMod:Strike","MokouMod:Strike","MokouMod:Defend","MokouMod:Defend","MokouMod:HeatSpark","MokouMod:SpontaneousHumanCombustion+1","MokouMod:ResoluteFlare","Voices","MokouMod:BurningDraft+1","MokouMod:IndiscriminateIgnition","MokouMod:BlazingComet","MokouMod:Firecracker","MokouMod:Firecracker","MokouMod:HeartofFire+1","MokouMod:IndiscriminateIgnition","MokouMod:FlickeringFlame+1","MokouMod:Ventilation+1","MokouMod:FusionFlare","MokouMod:ResonanceReactor","MokouMod:ScorchingColumn","MokouMod:BurningDraft+1","MokouMod:ResonanceReactor","MokouMod:ResonanceReactor","MokouMod:ScorchedEarth","MokouMod:TemporalFireSeal+1","MokouMod:Combust+1","MokouMod:BurningDraft+1","MokouMod:Afterburner+1","MokouMod:EternalBurstReactor+1","MokouMod:ExplosiveFlame","MokouMod:HeatTransfer+1","MokouMod:ScorchingColumn+1","ReplayTheSpireMod:Brewmster","MokouMod:Sear+1","MokouMod:ScorchingColumn+1","MokouMod:Refresh+1","Wraith","MokouMod:HeartofFire+1","MokouMod:Meltdown+1"],"relics":["MokouMod:PhoenixFeather","ReplayTheSpireMod:Ring of Collecting","Ring of Peace","ReplayTheSpireMod:Ring of Exchange","Replay:Bottled Eggs","Unceasing Top","Ring of Misfortune","ReplayTheSpireMod:Shallot","Ectoplasm","Singing Bowl","Pen Nib","Snack Pack","Fusion Hammer","ReplayTheSpireMod:TigerMarble","Question Card","Prayer Wheel","Replay:Rubber Ducky"],"acts_visited":["Exordium","TheCity","TheBeyond","TheEnding"],"potions_floor_usage":[55,55,55,55,55],"damage_taken":[{"damage":3.0,"enemies":"Small Slimes","floor":1.0,"turns":4.0},{"damage":0.0,"enemies":"Jaw Worm","floor":3.0,"turns":4.0},{"damage":18.0,"enemies":"Lagavulin","floor":6.0,"turns":7.0},{"damage":0.0,"enemies":"Cultist","floor":10.0,"turns":3.0},{"damage":0.0,"enemies":"3 Louse","floor":11.0,"turns":3.0},{"damage":0.0,"enemies":"Looter","floor":13.0,"turns":4.0},{"damage":0.0,"enemies":"Exordium Thugs","floor":14.0,"turns":4.0},{"damage":39.0,"enemies":"The Guardian","floor":16.0,"turns":10.0},{"damage":0.0,"enemies":"2 Thieves","floor":18.0,"turns":5.0},{"damage":3.0,"enemies":"Chosen","floor":22.0,"turns":4.0},{"damage":12.0,"enemies":"Replay:Snechameleon","floor":24.0,"turns":8.0},{"damage":10.0,"enemies":"3 Cultists","floor":25.0,"turns":4.0},{"damage":19.0,"enemies":"Sentry and Sphere","floor":27.0,"turns":4.0},{"damage":17.0,"enemies":"Snecko","floor":28.0,"turns":6.0},{"damage":19.0,"enemies":"Gremlin Leader","floor":30.0,"turns":5.0},{"damage":7.0,"enemies":"Centurion and Healer","floor":31.0,"turns":4.0},{"damage":8.0,"enemies":"Pondfish","floor":33.0,"turns":6.0},{"damage":3.0,"enemies":"3 Shapes","floor":35.0,"turns":3.0},{"damage":9.0,"enemies":"Orb Walker","floor":36.0,"turns":4.0},{"damage":38.0,"enemies":"Giant Head","floor":40.0,"turns":7.0},{"damage":36.0,"enemies":"4 Shapes","floor":42.0,"turns":5.0},{"damage":6.0,"enemies":"3 Darklings","floor":44.0,"turns":4.0},{"damage":8.0,"enemies":"Maw","floor":45.0,"turns":6.0},{"damage":0.0,"enemies":"Mind Bloom Boss Battle","floor":47.0,"turns":5.0},{"damage":44.0,"enemies":"Replay:Hell Engine","floor":50.0,"turns":6.0},{"damage":24.0,"enemies":"Shield and Spear","floor":54.0,"turns":5.0},{"damage":89,"enemies":"The Heart","floor":55,"turns":10}],"seed_played":"-3315528859858675138","potions_obtained":[{"floor":1.0,"key":"SneckoOil"},{"floor":6.0,"key":"Block Potion"},{"floor":11.0,"key":"PowerPotion"},{"floor":16.0,"key":"AttackPotion"},{"floor":22.0,"key":"SteroidPotion"},{"floor":24.0,"key":"Toxic Potion"},{"floor":27.0,"key":"BlessingOfTheForge"},{"floor":33.0,"key":"Doom Potion"},{"floor":36.0,"key":"DistilledChaos"},{"floor":44.0,"key":"Death Potion"},{"floor":45.0,"key":"Energy Potion"}],"is_trial":false,"path_per_floor":["M","?","M","T","$","E","?","R","T","M","M","$","M","M","R","B",null,"M","?","$","?","M","R","E","M","T","M","M","R","E","M","R","B",null,"M","M","?","?","?","E","R","M","T","M","M","?","?","$","R","B",null,"R","$","E","B",null],"character_chosen":"MKU","items_purchased":["MokouMod:Firecracker","MokouMod:HeartofFire","MokouMod:BurningDraft","MokouMod:ResonanceReactor"],"campfire_rested":4,"item_purchase_floors":[12,12,20,20],"current_hp_per_floor":[72,72,72,72,72,54,43,43,43,43,43,43,43,43,43,4,75,75,75,75,75,74,74,62,52,52,33,16,39,20,15,38,36,77,76,68,65,65,65,37,37,10,10,6,8,8,10,10,34,20,81,81,81,61,24],"gold":46,"neow_bonus":"RANDOM_EVENT","is_daily":false,"chose_seed":false,"campfire_upgraded":3,"win_rate":0.0,"timestamp":1607687933,"path_taken":["M","?","M","?","$","E","?","R","T","?","M","$","M","M","R","BOSS","M","?","$","?","M","R","E","?","T","M","M","R","E","M","R","BOSS","M","M","?","?","?","E","R","M","T","M","?","?","?","?","R","BOSS","R","$","E","BOSS"],"items_purchased_type":["Card","Card","Card","Card"],"build_version":"2020-11-30","purchased_purges":1,"victory":true,"max_hp_per_floor":[75,75,75,75,75,75,75,75,75,75,75,75,75,75,75,75,75,75,75,75,75,77,77,77,77,77,77,77,77,77,77,77,77,77,77,77,79,79,79,79,79,79,79,79,81,81,81,81,81,81,81,81,81,81,81],"relic_stats":{"Singing Bowl":6,"counters":[27,140],"Prayer Wheel":0,"Ectoplasm":639,"Pen Nib":[21],"Question Card":4,"obtain_stats":[{"ReplayTheSpireMod:Ring of Exchange":4,"Singing Bowl":19,"Pen Nib":24,"Question Card":43,"Replay:Rubber Ducky":54,"ReplayTheSpireMod:Shallot":9,"ReplayTheSpireMod:Ring of Collecting":2,"Ring of Peace":2,"Ring of Misfortune":9,"MokouMod:PhoenixFeather":0,"Prayer Wheel":47,"Ectoplasm":17,"Fusion Hammer":34,"Snack Pack":30,"ReplayTheSpireMod:TigerMarble":40,"Replay:Bottled Eggs":4,"Unceasing Top":6},{"ReplayTheSpireMod:Ring of Exchange":2,"Singing Bowl":9,"Pen Nib":11,"Question Card":21,"Replay:Rubber Ducky":26,"ReplayTheSpireMod:Shallot":3,"ReplayTheSpireMod:Ring of Collecting":1,"Ring of Peace":1,"Ring of Misfortune":3,"MokouMod:PhoenixFeather":0,"Prayer Wheel":24,"Ectoplasm":8,"Fusion Hammer":17,"Snack Pack":15,"ReplayTheSpireMod:TigerMarble":20,"Replay:Bottled Eggs":2,"Unceasing Top":3},{"ReplayTheSpireMod:Ring of Exchange":8,"Singing Bowl":44,"Pen Nib":56,"Question Card":104,"Replay:Rubber Ducky":130,"ReplayTheSpireMod:Shallot":15,"ReplayTheSpireMod:Ring of Collecting":4,"Ring of Peace":4,"Ring of Misfortune":15,"MokouMod:PhoenixFeather":0,"Prayer Wheel":119,"Ectoplasm":39,"Fusion Hammer":85,"Snack Pack":75,"ReplayTheSpireMod:TigerMarble":99,"Replay:Bottled Eggs":8,"Unceasing Top":15}],"Unceasing Top":[44]},"card_choices":[{"not_picked":["MokouMod:Meltdown","MokouMod:InfernalWave"],"picked":"MokouMod:ResoluteFlare","floor":1.0},{"not_picked":["MokouMod:Trailblazer","MokouMod:WarmUp"],"picked":"MokouMod:BurningDraft","floor":3.0},{"not_picked":["MokouMod:FujiyamaVolcano","MokouMod:SpontaneousHumanCombustion"],"picked":"MokouMod:IndiscriminateIgnition","floor":6.0},{"not_picked":["MokouMod:Scorch","MokouMod:TemporalFireSeal"],"picked":"MokouMod:BlazingComet","floor":10.0},{"not_picked":["MokouMod:Sear","MokouMod:Overheat"],"picked":"MokouMod:Firecracker","floor":11.0},{"not_picked":["MokouMod:RoaringFlare","MokouMod:UncontrollableSolarReaction"],"picked":"MokouMod:IndiscriminateIgnition","floor":13.0},{"not_picked":["MokouMod:ImperishableFlame","MokouMod:HouraiForge"],"picked":"MokouMod:FlickeringFlame","floor":14.0},{"not_picked":["MokouMod:SpontaneousHumanCombustion","MokouMod:EnchantingBambooForest"],"picked":"MokouMod:Ventilation","floor":16.0},{"not_picked":["MokouMod:IcarusDive","MokouMod:ResoluteFlare"],"picked":"MokouMod:FusionFlare","floor":18.0},{"not_picked":["MokouMod:FujiyamaVolcano","MokouMod:Sear"],"picked":"MokouMod:ResonanceReactor","floor":19.0},{"not_picked":["MokouMod:IndiscriminateIgnition","MokouMod:ImperishableFlame"],"picked":"MokouMod:ScorchingColumn","floor":19.0},{"not_picked":["MokouMod:FlareStarter","MokouMod:RoaringFlare","MokouMod:IndiscriminateIgnition"],"picked":"Singing Bowl","floor":22.0},{"not_picked":["MokouMod:Firecracker","MokouMod:RoaringFlare"],"picked":"MokouMod:ScorchedEarth","floor":24.0},{"not_picked":["MokouMod:Geothermal","MokouMod:Singe"],"picked":"MokouMod:TemporalFireSeal+1","floor":25.0},{"not_picked":["MokouMod:SearingShot","MokouMod:CrimsonFlare"],"picked":"MokouMod:Combust+1","floor":27.0},{"not_picked":["MokouMod:Overheat","MokouMod:HeartofFire"],"picked":"MokouMod:BurningDraft","floor":28.0},{"not_picked":["MokouMod:IcarusDive","MokouMod:Firecracker+1"],"picked":"MokouMod:Afterburner+1","floor":30.0},{"not_picked":["MokouMod:IcarusDive","MokouMod:TemporalFireSeal"],"picked":"MokouMod:EternalBurstReactor+1","floor":31.0},{"not_picked":["MokouMod:EnchantingBambooForest","MokouMod:ProfanedFlare"],"picked":"MokouMod:ExplosiveFlame","floor":33.0},{"not_picked":["MokouMod:InfernalWave+1","MokouMod:ShiftIgnition"],"picked":"MokouMod:HeatTransfer+1","floor":35.0},{"not_picked":["MokouMod:Firecracker+1","MokouMod:SubterraneanCore"],"picked":"MokouMod:ScorchingColumn+1","floor":36.0},{"not_picked":["Specialist","Flash of Steel"],"picked":"ReplayTheSpireMod:Brewmster","floor":37.0},{"not_picked":["Replay:BasicMightCard","expansioncontent:CaCaw","expansioncontent:QuickStudy"],"picked":"Singing Bowl","floor":37.0},{"not_picked":["MokouMod:RoaringFlare+1","MokouMod:Stoke+1"],"picked":"MokouMod:Sear+1","floor":40.0},{"not_picked":["MokouMod:Stoke+1","MokouMod:SpontaneousHumanCombustion"],"picked":"MokouMod:ScorchingColumn+1","floor":42.0},{"not_picked":["MokouMod:ShiftIgnition","MokouMod:Sear","MokouMod:PhoenixFeathers+1"],"picked":"MokouMod:Refresh+1","floor":44.0},{"not_picked":["MokouMod:ScorchingColumn","MokouMod:SubterraneanCore+1","MokouMod:FlareStarter","MokouMod:Combust"],"picked":"Singing Bowl","floor":45.0},{"not_picked":["MokouMod:PhoenixFeathers+1","MokouMod:Refresh","MokouMod:Meltdown"],"picked":"MokouMod:HeartofFire+1","floor":47.0},{"not_picked":["MokouMod:IndiscriminateIgnition","MokouMod:FujiyamaVolcano+1","MokouMod:BurningDraft+1"],"picked":"MokouMod:Meltdown+1","floor":54.0}],"player_experience":191612,"relics_obtained":[{"floor":2.0,"key":"ReplayTheSpireMod:Ring of Collecting"},{"floor":2.0,"key":"Ring of Peace"},{"floor":4.0,"key":"ReplayTheSpireMod:Ring of Exchange"},{"floor":4.0,"key":"Replay:Bottled Eggs"},{"floor":6.0,"key":"Unceasing Top"},{"floor":9.0,"key":"Ring of Misfortune"},{"floor":9.0,"key":"ReplayTheSpireMod:Shallot"},{"floor":19.0,"key":"Singing Bowl"},{"floor":24.0,"key":"Pen Nib"},{"floor":30.0,"key":"Snack Pack"},{"floor":40.0,"key":"ReplayTheSpireMod:TigerMarble"},{"floor":43.0,"key":"Question Card"},{"floor":47.0,"key":"Prayer Wheel"},{"floor":54.0,"key":"Replay:Rubber Ducky"}],"event_choices":[{"damage_healed":0.0,"max_hp_gain":0.0,"max_hp_loss":0.0,"gold_gain":0.0,"cards_transformed":["MokouMod:Strike"],"event_name":"Living Wall","player_choice":"Change","floor":0.0,"gold_loss":0.0,"damage_taken":0.0,"cards_obtained":["MokouMod:SpontaneousHumanCombustion"]},{"damage_healed":0.0,"max_hp_gain":0.0,"max_hp_loss":0.0,"gold_gain":75.0,"event_name":"World of Goop","player_choice":"Gather Gold","floor":7.0,"gold_loss":0.0,"damage_taken":11.0},{"damage_healed":0.0,"max_hp_gain":0.0,"max_hp_loss":0.0,"gold_gain":0.0,"event_name":"Upgrade Shrine","player_choice":"Upgraded","floor":21.0,"gold_loss":0.0,"damage_taken":0.0,"cards_upgraded":["MokouMod:Ventilation"]},{"damage_healed":0.0,"max_hp_gain":0.0,"max_hp_loss":0.0,"gold_gain":0.0,"event_name":"SensoryStone","player_choice":"Memory 2","floor":37.0,"gold_loss":0.0,"damage_taken":5.0},{"cards_removed":["MokouMod:Defend"],"damage_healed":0.0,"max_hp_gain":0.0,"max_hp_loss":0.0,"gold_gain":0.0,"event_name":"Falling","player_choice":"Removed Skill","floor":38.0,"gold_loss":0.0,"damage_taken":0.0},{"damage_healed":0.0,"max_hp_gain":0.0,"max_hp_loss":0.0,"gold_gain":0.0,"event_name":"Match and Keep!","player_choice":"0 cards matched","floor":39.0,"gold_loss":0.0,"damage_taken":0.0,"cards_obtained":[]},{"damage_healed":0.0,"max_hp_gain":0.0,"max_hp_loss":0.0,"gold_gain":0.0,"event_name":"OrinTheCat","player_choice":"Ignored","floor":46.0,"gold_loss":0.0,"damage_taken":0.0},{"damage_healed":0.0,"max_hp_gain":0.0,"max_hp_loss":0.0,"gold_gain":0.0,"event_name":"MindBloom","player_choice":"Fight","floor":47.0,"gold_loss":0.0,"damage_taken":0.0}],"is_beta":false,"boss_relics":[{"not_picked":["Replay:Ancient Bell","OrangePellets"],"picked":"Ectoplasm"},{"not_picked":["Sling","ReplayTheSpireMod:ShopPack"],"picked":"Fusion Hammer"}],"items_purged_floors":[12],"is_endless":false,"potions_floor_spawned":[1,6,11,16,22,24,27,33,36,44,45,47],"ascension_level":0}}