{"host":"r53pw7z744tg3fxg","time":1607706658,"event":{"mods":["AchievementEnabler","BaseMod","Colored Map","Colored Powertips","Highlight Path","Minty Spire (QoL Compilation)","Quick Restart","Transform Curses"],"gold_per_floor":[113,128,142,142,154,188,188,204,204,204,224,224,249,259,259,358,408,428,7,7,7,7,7,36,36,36,52,52,69,69,100,100,200,200,211,211,265,44,31,66,66,66,66,116,39,39,0,16,16,16],"floor_reached":51,"playtime":2085,"items_purged":["Regret"],"score":943,"play_id":"565ef115-2990-43fb-942f-40ad45b5917b","local_time":"20201211101058","is_ascension_mode":true,"campfire_choices":[{"data":"Eruption","floor":7.0,"key":"SMITH"},{"data":"Panacea","floor":10.0,"key":"SMITH"},{"floor":12.0,"key":"REST"},{"floor":15.0,"key":"REST"},{"floor":23.0,"key":"REST"},{"data":"Apotheosis","floor":25.0,"key":"SMITH"},{"floor":32.0,"key":"REST"},{"floor":41.0,"key":"REST"},{"data":"Judgement","floor":46,"key":"SMITH"},{"data":"Crescendo","floor":49,"key":"SMITH"}],"circlet_count":0,"master_deck":["Strike_P+1","Strike_P+1","Strike_P+1","Strike_P+1","Defend_P+1","Defend_P+1","Defend_P+1","Defend_P+1","Eruption+1","Vigilance","Panacea+1","Evaluate","WheelKick","Consecrate","CarveReality","EmptyBody","BowlingBash+1","Judgement+1","FlurryOfBlows","CutThroughFate","Apotheosis+1","ConjureBlade","Blasphemy+1","ClearTheMind+1","Collect+1","EmptyBody+1","Writhe","FollowUp","Crescendo+1","PathToVictory+1"],"relics":["PureWater","CloakClasp","PreservedInsect","Akabeko","Pantograph","Tiny House","Toolbox","Enchiridion","Ancient Tea Set","CaptainsWheel","Lantern","Astrolabe","Bag of Preparation","Membership Card","Juzu Bracelet","Potion Belt","Singing Bowl","Torii","Regal Pillow","Red Mask"],"acts_visited":["Exordium","TheCity","TheBeyond"],"potions_floor_usage":[48,50,50],"damage_taken":[{"damage":0.0,"enemies":"Small Slimes","floor":1.0,"turns":2.0},{"damage":8.0,"enemies":"2 Louse","floor":2.0,"turns":3.0},{"damage":2.0,"enemies":"Cultist","floor":3.0,"turns":3.0},{"damage":6.0,"enemies":"Blue Slaver","floor":5.0,"turns":5.0},{"damage":5.0,"enemies":"3 Sentries","floor":6.0,"turns":3.0},{"damage":5.0,"enemies":"3 Louse","floor":8.0,"turns":2.0},{"damage":11.0,"enemies":"Exordium Thugs","floor":11.0,"turns":2.0},{"damage":8.0,"enemies":"Lagavulin","floor":13.0,"turns":4.0},{"damage":8.0,"enemies":"Exordium Wildlife","floor":14.0,"turns":3.0},{"damage":64.0,"enemies":"The Guardian","floor":16.0,"turns":14.0},{"damage":2.0,"enemies":"3 Byrds","floor":18.0,"turns":4.0},{"damage":13.0,"enemies":"Book of Stabbing","floor":24.0,"turns":4.0},{"damage":0.0,"enemies":"Chosen","floor":27.0,"turns":2.0},{"damage":2.0,"enemies":"Snecko","floor":29.0,"turns":4.0},{"damage":13.0,"enemies":"Gremlin Leader","floor":31.0,"turns":4.0},{"damage":24.0,"enemies":"Champ","floor":33.0,"turns":8.0},{"damage":35.0,"enemies":"3 Shapes","floor":35.0,"turns":5.0},{"damage":28.0,"enemies":"Nemesis","floor":40.0,"turns":3.0},{"damage":17,"enemies":"Mind Bloom Boss Battle","floor":44,"turns":11},{"damage":0,"enemies":"3 Darklings","floor":48,"turns":2},{"damage":84,"enemies":"Time Eater","floor":50,"turns":11}],"seed_played":"-8893132064279930594","potions_obtained":[{"floor":2.0,"key":"Strength Potion"},{"floor":5.0,"key":"FearPotion"},{"floor":14.0,"key":"SpeedPotion"},{"floor":16.0,"key":"LiquidMemories"},{"floor":17.0,"key":"Fruit Juice"},{"floor":18.0,"key":"StancePotion"},{"floor":27.0,"key":"Explosive Potion"},{"floor":28.0,"key":"FairyPotion"},{"floor":28.0,"key":"Ambrosia"},{"floor":33.0,"key":"LiquidBronze"},{"floor":40.0,"key":"DistilledChaos"},{"floor":48,"key":"Explosive Potion"}],"is_trial":false,"path_per_floor":["M","M","M","?","M","E","R","M","T","R","M","R","E","M","R","B",null,"M","$","?","$","?","R","E","R","T","M","?","M","?","E","R","B",null,"M","?","T","$","$","E","R","?","T","?","$","R","?","M","R","B",null],"character_chosen":"WATCHER","items_purchased":["Apotheosis","Toolbox","Membership Card","Juzu Bracelet","FollowUp","Regal Pillow"],"campfire_rested":5,"item_purchase_floors":[19,19,38,38,39,45],"current_hp_per_floor":[72,64,62,62,56,51,51,46,46,46,35,56,48,40,61,8,61,64,64,48,48,48,72,59,59,59,59,59,57,41,28,54,55,79,44,66,66,66,66,38,64,64,64,72,72,72,72,72,72,5],"gold":16,"neow_bonus":"RANDOM_COLORLESS","is_daily":false,"chose_seed":false,"campfire_upgraded":5,"win_rate":0.0,"timestamp":1607706658,"path_taken":["M","M","M","?","M","E","R","M","T","R","M","R","E","M","R","BOSS","M","$","?","$","?","R","E","R","T","M","?","?","?","E","R","BOSS","M","?","?","?","$","E","R","?","T","?","$","R","?","M","R","BOSS"],"items_purchased_type":["Card","Relic","Relic","Relic","Card","Relic"],"build_version":"2020-11-30","purchased_purges":1,"victory":true,"max_hp_per_floor":[72,72,72,72,72,72,72,72,72,72,72,72,72,72,72,72,77,82,82,82,82,82,82,82,82,82,82,82,82,87,87,87,87,87,87,87,87,87,87,87,87,87,87,89,89,89,89,89,89,89],"card_choices":[{"not_picked":["Blind","Finesse"],"picked":"Panacea","floor":0.0},{"not_picked":["Crescendo","ThirdEye"],"picked":"Indignation","floor":1.0},{"not_picked":["PathToVictory","InnerPeace"],"picked":"Evaluate","floor":2.0},{"not_picked":["Evaluate","SashWhip"],"picked":"WheelKick","floor":3.0},{"not_picked":["EmptyBody","EmptyMind"],"picked":"Consecrate","floor":5.0},{"not_picked":["Prostrate","CrushJoints"],"picked":"CarveReality","floor":6.0},{"not_picked":["Devotion","Pray"],"picked":"EmptyBody","floor":8.0},{"not_picked":["FlyingSleeves","Study","WreathOfFlame"],"picked":"SKIP","floor":11.0},{"not_picked":["Swivel","SignatureMove"],"picked":"ClearTheMind","floor":13.0},{"not_picked":["Study","Consecrate"],"picked":"BowlingBash","floor":14.0},{"not_picked":["DevaForm","MasterReality"],"picked":"Judgement","floor":16.0},{"not_picked":["SashWhip","Fasting2"],"picked":"FlurryOfBlows","floor":17.0},{"not_picked":["EmptyFist","Protect"],"picked":"CutThroughFate","floor":18.0},{"not_picked":["CrushJoints","FlyingSleeves","MentalFortress"],"picked":"SKIP","floor":24.0},{"not_picked":["SashWhip","WheelKick+1"],"picked":"Perseverance","floor":27.0},{"not_picked":["Halt","CutThroughFate"],"picked":"JustLucky","floor":29.0},{"not_picked":["Evaluate","FlurryOfBlows","Wallop"],"picked":"SKIP","floor":31.0},{"not_picked":["Alpha","DevaForm"],"picked":"ConjureBlade","floor":33.0},{"not_picked":["SashWhip+1","WreathOfFlame"],"picked":"EmptyBody+1","floor":35.0},{"not_picked":["Consecrate+1","DevaForm"],"picked":"Crescendo","floor":40.0},{"not_picked":["FlurryOfBlows","ClearTheMind+1","BowlingBash"],"picked":"Singing Bowl","floor":44},{"not_picked":["CrushJoints","Meditate+1"],"picked":"PathToVictory+1","floor":48}],"player_experience":1093639,"relics_obtained":[{"floor":6.0,"key":"PreservedInsect"},{"floor":9.0,"key":"Akabeko"},{"floor":13.0,"key":"Pantograph"},{"floor":20.0,"key":"Enchiridion"},{"floor":24.0,"key":"Ancient Tea Set"},{"floor":26.0,"key":"CaptainsWheel"},{"floor":31.0,"key":"Lantern"},{"floor":37.0,"key":"Bag of Preparation"},{"floor":40.0,"key":"Potion Belt"},{"floor":43.0,"key":"Singing Bowl"},{"floor":44,"key":"Torii"}],"event_choices":[{"damage_healed":0.0,"max_hp_gain":0.0,"max_hp_loss":0.0,"gold_gain":0.0,"event_name":"Big Fish","player_choice":"Box","floor":4.0,"gold_loss":0.0,"damage_taken":0.0,"relics_obtained":["CloakClasp"],"cards_obtained":["Regret"]},{"damage_healed":0.0,"max_hp_gain":0.0,"max_hp_loss":0.0,"gold_gain":0.0,"event_name":"Cursed Tome","player_choice":"Obtained Book","floor":20.0,"gold_loss":0.0,"damage_taken":16.0},{"damage_healed":0.0,"max_hp_gain":0.0,"max_hp_loss":0.0,"gold_gain":0.0,"event_name":"Back to Basics","player_choice":"Simplicity","floor":22.0,"gold_loss":0.0,"damage_taken":0.0,"cards_upgraded":["Strike_P","Strike_P","Strike_P","Strike_P","Defend_P","Defend_P","Defend_P","Defend_P"]},{"damage_healed":0.0,"max_hp_gain":0.0,"max_hp_loss":0.0,"gold_gain":0.0,"event_name":"Lab","player_choice":"Got Potions","floor":28.0,"gold_loss":0.0,"damage_taken":0.0},{"damage_healed":0.0,"max_hp_gain":5.0,"max_hp_loss":0.0,"gold_gain":0.0,"event_name":"Forgotten Altar","player_choice":"Shed Blood","floor":30.0,"gold_loss":0.0,"damage_taken":21.0},{"damage_healed":22.0,"max_hp_gain":0.0,"max_hp_loss":0.0,"gold_gain":0.0,"event_name":"Winding Halls","player_choice":"Writhe","floor":36.0,"gold_loss":0.0,"damage_taken":0.0,"cards_obtained":["Writhe"]},{"cards_removed":["ClearTheMind"],"damage_healed":0.0,"max_hp_gain":0.0,"max_hp_loss":0.0,"gold_gain":0.0,"event_name":"Falling","player_choice":"Removed Skill","floor":42.0,"gold_loss":0.0,"damage_taken":0.0},{"damage_healed":0,"gold_gain":0,"player_choice":"Fight","damage_taken":0,"max_hp_gain":0,"max_hp_loss":0,"event_name":"MindBloom","floor":44,"gold_loss":0},{"damage_healed":0,"gold_gain":0,"player_choice":"Paid","damage_taken":0,"relics_obtained":["Red Mask"],"max_hp_gain":0,"max_hp_loss":0,"event_name":"Tomb of Lord Red Mask","floor":47,"gold_loss":39}],"is_beta":false,"boss_relics":[{"not_picked":["SacredBark","SlaversCollar"],"picked":"Tiny House"},{"not_picked":["Coffee Dripper","Runic Pyramid"],"picked":"Astrolabe"}],"items_purged_floors":[19],"is_endless":false,"potions_floor_spawned":[2,5,14,16,18,27,29,33,40,48],"ascension_level":5}}