{"host":"j0a1jfichhxu8b8p","time":1607669919,"event":{"mods":["BaseMod","Colored Map","DeckTracker","Keyboard Shortcuts","Minty Spire (QoL Compilation)","Permanent Neow","everything is the same but u backflip on backflip"],"gold_per_floor":[119,131,149,169,182,182,210,229,229,248,283,283,283,302,302,398,398,418,418,433,433,461,489,166,193,220,220,240,155,171,216,216,312,312,328,328,116,134,146,178,178,77,77,77,155,170,196,48,48,48],"floor_reached":51,"playtime":2921,"items_purged":["Strike_G","Strike_G"],"score":1106,"play_id":"67c1f64c-baf7-4364-8805-41e538c890a5","local_time":"20201211155839","is_ascension_mode":true,"campfire_choices":[{"data":"Deadly Poison","floor":6.0,"key":"SMITH"},{"data":"Neutralize","floor":12.0,"key":"SMITH"},{"data":"Backflip","floor":15.0,"key":"SMITH"},{"data":"Footwork","floor":27.0,"key":"SMITH"},{"data":"Backflip","floor":32.0,"key":"SMITH"},{"data":"Noxious Fumes","floor":41.0,"key":"SMITH"},{"data":"Deadly Poison","floor":44.0,"key":"SMITH"},{"data":"Catalyst","floor":49.0,"key":"SMITH"}],"circlet_count":0,"master_deck":["Strike_G","Defend_G","Defend_G","Defend_G","Defend_G","Defend_G","Survivor+1","Neutralize+1","Catalyst","Backflip+1","Catalyst+1","Deadly Poison+1","Deadly Poison+1","Escape Plan+1","Blur","Storm of Steel","Footwork+1","Venomology","Backflip+1","Ghostly+1","Ghostly+1","Ghostly+1","Ghostly+1","Ghostly+1","Noxious Fumes+1","Prepared+1","Madness+1","Madness+1","Footwork","Prepared+1","Night Terror+1"],"relics":["Ring of the Snake","Eternal Feather","Oddly Smooth Stone","Lantern","Busted Crown","CeramicFish","HornCleat","Meat on the Bone","Akabeko","Potion Belt","Toxic Egg 2","SlaversCollar","War Paint","Bag of Marbles","Sundial","Snake Skull"],"acts_visited":["Exordium","TheCity","TheBeyond"],"potions_floor_usage":[50,50,50,50],"damage_taken":[{"damage":0.0,"enemies":"Cultist","floor":1.0,"turns":4.0},{"damage":7.0,"enemies":"Jaw Worm","floor":2.0,"turns":8.0},{"damage":1.0,"enemies":"Small Slimes","floor":3.0,"turns":4.0},{"damage":3.0,"enemies":"3 Louse","floor":4.0,"turns":6.0},{"damage":7.0,"enemies":"2 Fungi Beasts","floor":5.0,"turns":6.0},{"damage":3.0,"enemies":"Gremlin Nob","floor":7.0,"turns":3.0},{"damage":15.0,"enemies":"Exordium Wildlife","floor":8.0,"turns":6.0},{"damage":2.0,"enemies":"Looter","floor":10.0,"turns":2.0},{"damage":14.0,"enemies":"Lagavulin","floor":11.0,"turns":6.0},{"damage":0.0,"enemies":"2 Fungi Beasts","floor":14.0,"turns":3.0},{"damage":3.0,"enemies":"The Guardian","floor":16.0,"turns":8.0},{"damage":0.0,"enemies":"2 Thieves","floor":18.0,"turns":5.0},{"damage":0.0,"enemies":"Spheric Guardian","floor":20.0,"turns":3.0},{"damage":0.0,"enemies":"Centurion and Healer","floor":22.0,"turns":6.0},{"damage":0.0,"enemies":"Book of Stabbing","floor":23.0,"turns":8.0},{"damage":6.0,"enemies":"Slavers","floor":25.0,"turns":10.0},{"damage":1.0,"enemies":"Shelled Parasite and Fungi","floor":28.0,"turns":3.0},{"damage":1.0,"enemies":"3 Cultists","floor":30.0,"turns":7.0},{"damage":8.0,"enemies":"Automaton","floor":33.0,"turns":14.0},{"damage":3.0,"enemies":"3 Shapes","floor":35.0,"turns":10.0},{"damage":2.0,"enemies":"3 Darklings","floor":39.0,"turns":6.0},{"damage":0.0,"enemies":"Reptomancer","floor":40.0,"turns":5.0},{"damage":0.0,"enemies":"Spire Growth","floor":46.0,"turns":5.0},{"damage":1.0,"enemies":"Nemesis","floor":47.0,"turns":7.0},{"damage":10,"enemies":"Time Eater","floor":50,"turns":12}],"seed_played":"4415783415657583852","potions_obtained":[{"floor":1.0,"key":"Regen Potion"},{"floor":3.0,"key":"Swift Potion"},{"floor":5.0,"key":"SteroidPotion"},{"floor":8.0,"key":"LiquidBronze"},{"floor":18.0,"key":"AttackPotion"},{"floor":22.0,"key":"PowerPotion"},{"floor":23.0,"key":"SpeedPotion"},{"floor":30.0,"key":"Energy Potion"},{"floor":39.0,"key":"GamblersBrew"},{"floor":47.0,"key":"Block Potion"}],"is_trial":false,"path_per_floor":["M","M","M","M","M","R","E","M","T","M","E","R","?","M","R","B",null,"M","?","M","?","M","E","$","E","T","R","M","?","M","?","R","B",null,"M","?","$","?","M","E","R","$","T","R","T","M","E","$","R","B",null],"character_chosen":"THE_SILENT","items_purchased":["Meat on the Bone","Noxious Fumes","Prepared+1","Footwork","Prepared+1","Night Terror+1"],"campfire_rested":0,"item_purchase_floors":[24,37,37,42,42,48],"current_hp_per_floor":[63,56,55,52,45,45,42,42,42,40,26,35,35,35,44,41,63,63,50,50,50,50,50,50,44,44,56,55,55,54,37,37,29,35,32,32,32,27,37,37,37,37,37,37,37,37,36,36,37,27],"gold":48,"neow_bonus":"REMOVE_CARD","is_daily":false,"chose_seed":false,"campfire_upgraded":8,"win_rate":0.0,"timestamp":1607669919,"path_taken":["M","?","M","M","M","R","E","M","T","M","E","R","?","?","R","BOSS","M","?","M","?","M","E","$","E","T","R","M","?","?","?","R","BOSS","M","?","$","?","M","E","R","$","T","R","?","M","E","$","R","BOSS"],"items_purchased_type":["Relic","Card","Undefined","Card","Undefined","Undefined"],"build_version":"2020-11-30","purchased_purges":2,"victory":true,"max_hp_per_floor":[70,70,70,70,70,70,70,70,70,70,70,70,70,70,70,70,70,70,75,75,75,75,75,75,75,75,75,75,75,75,37,37,37,37,37,37,37,37,37,37,37,37,37,37,37,37,37,37,37,37],"card_choices":[{"not_picked":["Predator","Finisher"],"picked":"Catalyst","floor":1.0},{"not_picked":["Riddle With Holes","Terror","Underhanded Strike"],"picked":"SKIP","floor":2.0},{"not_picked":["Eviscerate","Poisoned Stab"],"picked":"Backflip","floor":3.0},{"not_picked":["Terror","Calculated Gamble"],"picked":"Catalyst","floor":4.0},{"not_picked":["Underhanded Strike","Expertise"],"picked":"Deadly Poison","floor":5.0},{"not_picked":["Infinite Blades","Dagger Throw"],"picked":"Deadly Poison","floor":7.0},{"not_picked":["Flechettes","Prepared"],"picked":"Escape Plan","floor":8.0},{"not_picked":["Dagger Spray","Blade Dance","Unload"],"picked":"SKIP","floor":10.0},{"not_picked":["Underhanded Strike","Dodge and Roll"],"picked":"Blur","floor":11.0},{"not_picked":["Flechettes","All Out Attack"],"picked":"Footwork","floor":14.0},{"not_picked":["Storm of Steel","Phantasmal Killer"],"picked":"Venomology","floor":16.0},{"not_picked":["Bane"],"picked":"SKIP","floor":18.0},{"not_picked":["Flying Knee"],"picked":"SKIP","floor":20.0},{"not_picked":[],"picked":"Backflip","floor":22.0},{"not_picked":["Blade Dance"],"picked":"SKIP","floor":23.0},{"not_picked":["Envenom"],"picked":"SKIP","floor":25.0},{"not_picked":["Leg Sweep"],"picked":"SKIP","floor":28.0},{"not_picked":["Expertise+1"],"picked":"SKIP","floor":30.0},{"not_picked":["Tactician+1"],"picked":"SKIP","floor":35.0},{"not_picked":["Slice"],"picked":"SKIP","floor":39.0},{"not_picked":["Flying Knee"],"picked":"SKIP","floor":40.0},{"not_picked":["Dagger Throw+1"],"picked":"SKIP","floor":46.0},{"not_picked":["Deflect+1"],"picked":"SKIP","floor":47.0}],"player_experience":277492,"relics_obtained":[{"floor":7.0,"key":"Eternal Feather"},{"floor":9.0,"key":"Oddly Smooth Stone"},{"floor":11.0,"key":"Lantern"},{"floor":23.0,"key":"HornCleat"},{"floor":25.0,"key":"Akabeko"},{"floor":26.0,"key":"Potion Belt"},{"floor":40.0,"key":"War Paint"},{"floor":43.0,"key":"Bag of Marbles"},{"floor":45.0,"key":"Sundial"},{"floor":47.0,"key":"Snake Skull"}],"event_choices":[{"damage_healed":0.0,"max_hp_gain":0.0,"max_hp_loss":0.0,"gold_gain":0.0,"cards_transformed":["Strike_G"],"event_name":"Transmorgrifier","player_choice":"Transformed","floor":13.0,"gold_loss":0.0,"damage_taken":0.0,"cards_obtained":["Storm of Steel"]},{"damage_healed":0.0,"max_hp_gain":5.0,"max_hp_loss":0.0,"gold_gain":0.0,"event_name":"Forgotten Altar","player_choice":"Shed Blood","floor":19.0,"gold_loss":0.0,"damage_taken":18.0},{"damage_healed":0.0,"max_hp_gain":0.0,"max_hp_loss":0.0,"gold_gain":0.0,"event_name":"The Mausoleum","player_choice":"Opened","floor":21.0,"gold_loss":0.0,"damage_taken":0.0,"relics_obtained":["CeramicFish"]},{"damage_healed":0.0,"max_hp_gain":0.0,"max_hp_loss":0.0,"gold_gain":0.0,"event_name":"Addict","player_choice":"Obtained Relic","floor":29.0,"gold_loss":85.0,"damage_taken":0.0,"relics_obtained":["Toxic Egg 2"]},{"damage_healed":0.0,"max_hp_gain":0.0,"max_hp_loss":38.0,"gold_gain":0.0,"event_name":"Ghosts","player_choice":"Became a Ghost","floor":31.0,"gold_loss":0.0,"damage_taken":0.0,"cards_obtained":["Ghostly","Ghostly","Ghostly","Ghostly","Ghostly"]},{"damage_healed":0.0,"max_hp_gain":0.0,"max_hp_loss":0.0,"gold_gain":0.0,"event_name":"Tomb of Lord Red Mask","player_choice":"Ignored","floor":36.0,"gold_loss":0.0,"damage_taken":0.0},{"damage_healed":0.0,"max_hp_gain":0.0,"max_hp_loss":0.0,"gold_gain":0.0,"event_name":"Winding Halls","player_choice":"Embrace Madness","floor":38.0,"gold_loss":0.0,"damage_taken":5.0,"cards_obtained":["Madness","Madness"]}],"is_beta":false,"boss_relics":[{"not_picked":["Runic Pyramid","Snecko Eye"],"picked":"Busted Crown"},{"not_picked":["Fusion Hammer","Velvet Choker"],"picked":"SlaversCollar"}],"items_purged_floors":[24,37],"is_endless":false,"potions_floor_spawned":[1,3,5,8,18,22,23,30,39,47],"ascension_level":7}}