{"host":"6fbjdsiu9jij34p7","time":1607731130,"event":{"mods":["2.2 Compatiblity","AchievementEnabler","BaseMod","Colored Map","DeckTracker","Highlight Path","Keyboard Shortcuts","Minty Spire (QoL Compilation)","Permanent Neow","Quick Restart","StSLib","SuperFastMode"],"gold_per_floor":[118,137,153,153,163,163,163,19,19,19,19,31,54,70,70,146,146,129,54,54,104,104,104,123,123,123,123,138,10,10,28,28,28,28],"floor_reached":33,"playtime":831,"items_purged":["Strike_B"],"score":411,"play_id":"e5e6d3c4-36c0-4f22-b425-d1c033f6d3c5","local_time":"20201212085850","is_ascension_mode":true,"campfire_choices":[{"floor":6.0,"key":"REST"},{"floor":11.0,"key":"REST"},{"floor":15.0,"key":"REST"},{"floor":23.0,"key":"REST"},{"data":"Dualcast","floor":25.0,"key":"SMITH"},{"data":"Sweeping Beam","floor":27.0,"key":"SMITH"},{"data":"Zap","floor":30.0,"key":"SMITH"},{"floor":32,"key":"REST"}],"circlet_count":0,"master_deck":["AscendersBane","Strike_B","Strike_B","Strike_B","Defend_B","Defend_B","Defend_B","Defend_B","Zap+1","Dualcast+1","Cold Snap","Hologram","Chill","Sweeping Beam+1","BootSequence","Glacier","Melter","Hologram","Cold Snap","Self Repair","Coolheaded"],"relics":["Cracked Core","Omamori","Pen Nib","Art of War","Blood Vial","Matryoshka","DataDisk","Boot","Tiny Chest","Velvet Choker","TungstenRod","PreservedInsect","White Beast Statue","Question Card"],"acts_visited":["Exordium","TheCity"],"potions_floor_usage":[33,33],"damage_taken":[{"damage":2.0,"enemies":"2 Louse","floor":1.0,"turns":3.0},{"damage":9.0,"enemies":"Jaw Worm","floor":2.0,"turns":3.0},{"damage":10.0,"enemies":"Small Slimes","floor":3.0,"turns":3.0},{"damage":7.0,"enemies":"Looter","floor":5.0,"turns":3.0},{"damage":7.0,"enemies":"Exordium Wildlife","floor":12.0,"turns":5.0},{"damage":4.0,"enemies":"Red Slaver","floor":14.0,"turns":3.0},{"damage":40.0,"enemies":"Hexaghost","floor":16.0,"turns":16.0},{"damage":10.0,"enemies":"2 Thieves","floor":18.0,"turns":4.0},{"damage":0.0,"enemies":"3 Byrds","floor":24.0,"turns":6.0},{"damage":14.0,"enemies":"Snake Plant","floor":28.0,"turns":4.0},{"damage":22,"enemies":"Cultist and Chosen","floor":31,"turns":9},{"damage":96,"enemies":"Champ","floor":33,"turns":19}],"seed_played":"3696452342066162744","potions_obtained":[{"floor":1.0,"key":"Explosive Potion"},{"floor":5.0,"key":"FocusPotion"},{"floor":16.0,"key":"Strength Potion"},{"floor":24.0,"key":"ColorlessPotion"}],"is_trial":false,"path_per_floor":["M","M","M","?","M","R","?","$","T","?","R","M","T","M","R","B",null,"M","$","?","?","T","R","M","R","T","R","M","$","R","M","R","B"],"character_chosen":"DEFECT","items_purchased":["Blood Vial","Cold Snap","Self Repair"],"campfire_rested":5,"item_purchase_floors":[8,29,29],"current_hp_per_floor":[62,53,43,43,36,57,22,22,22,22,43,38,38,36,57,19,58,50,50,50,50,50,71,71,71,71,71,57,57,57,44,65,0,0],"gold":28,"neow_bonus":"RANDOM_COMMON_RELIC","is_daily":false,"chose_seed":false,"campfire_upgraded":3,"win_rate":0.0,"timestamp":1607731130,"path_taken":["M","M","M","?","M","R","?","$","T","?","R","M","?","?","R","BOSS","M","$","?","?","?","R","M","R","T","R","M","?","R","M","R","BOSS"],"items_purchased_type":["Relic","Card","Card"],"build_version":"2020-11-30","purchased_purges":1,"victory":false,"max_hp_per_floor":[71,71,71,71,71,71,71,71,71,71,71,71,71,71,71,71,71,71,71,71,71,71,71,71,71,71,71,71,71,71,71,71,71,71],"card_choices":[{"not_picked":["Doom and Gloom","Double Energy"],"picked":"Cold Snap","floor":1.0},{"not_picked":["Lockon","Streamline"],"picked":"Hologram","floor":2.0},{"not_picked":["Storm","Stack"],"picked":"Chill","floor":3.0},{"not_picked":["Loop","Stack"],"picked":"Sweeping Beam","floor":5.0},{"not_picked":["Tempest","Loop","Steam"],"picked":"SKIP","floor":12.0},{"not_picked":["Rebound","Leap"],"picked":"BootSequence","floor":14.0},{"not_picked":["Stack","Static Discharge"],"picked":"Glacier","floor":18.0},{"not_picked":["Beam Cell","BootSequence"],"picked":"Melter","floor":24.0},{"not_picked":["Rebound+1","Hello World","Conserve Battery"],"picked":"Hologram","floor":28.0},{"not_picked":["Ball Lightning","Turbo","Leap"],"picked":"Coolheaded","floor":31}],"player_experience":218889,"relics_obtained":[{"floor":9.0,"key":"Matryoshka"},{"floor":13.0,"key":"Boot"},{"floor":13.0,"key":"Tiny Chest"},{"floor":22.0,"key":"PreservedInsect"},{"floor":22.0,"key":"White Beast Statue"},{"floor":26.0,"key":"Question Card"}],"event_choices":[{"damage_healed":0.0,"max_hp_gain":0.0,"max_hp_loss":0.0,"gold_gain":0.0,"event_name":"Big Fish","player_choice":"Box","floor":4.0,"gold_loss":0.0,"damage_taken":0.0,"relics_obtained":["Pen Nib"],"cards_obtained":["Regret"]},{"damage_healed":0.0,"max_hp_gain":0.0,"max_hp_loss":0.0,"gold_gain":0.0,"event_name":"Scrap Ooze","player_choice":"Success","floor":7.0,"gold_loss":0.0,"damage_taken":35.0,"relics_obtained":["Art of War"]},{"damage_healed":0.0,"max_hp_gain":0.0,"max_hp_loss":0.0,"gold_gain":0.0,"event_name":"Dead Adventurer","player_choice":"Searched \u00271\u0027 times","floor":10.0,"gold_loss":0.0,"damage_taken":0.0,"relics_obtained":["DataDisk"]},{"damage_healed":0.0,"max_hp_gain":0.0,"max_hp_loss":0.0,"gold_gain":0.0,"event_name":"Addict","player_choice":"Stole Relic","floor":20.0,"gold_loss":0.0,"damage_taken":0.0,"relics_obtained":["TungstenRod"],"cards_obtained":["Shame"]},{"damage_healed":0.0,"max_hp_gain":0.0,"max_hp_loss":0.0,"gold_gain":50.0,"event_name":"Nest","player_choice":"Stole From Cult","floor":21.0,"gold_loss":0.0,"damage_taken":0.0}],"is_beta":false,"boss_relics":[{"not_picked":["Coffee Dripper","Black Star"],"picked":"Velvet Choker"}],"items_purged_floors":[19],"is_endless":false,"potions_floor_spawned":[1,5,14,16,24,28,31],"killed_by":"Champ","ascension_level":15}}