{"host":"ilxricga2547gmyy","time":1607691144,"event":{"mods":["AchievementEnabler","BaseMod","Minty Spire (QoL Compilation)","Quick Restart","StSLib"],"gold_per_floor":[117,131,144,163,163,196,212,212,236,253,278,278,122,155,155,250,250,262,274,152,152,171,171,206,225,225,225,244,258,258,284,284,284,284],"floor_reached":33,"playtime":1728,"items_purged":["Strike_R"],"score":401,"play_id":"5f7e47c3-5baf-4968-b57d-0f15f59e8d75","local_time":"20201211135224","is_ascension_mode":true,"campfire_choices":[{"floor":8,"key":"REST"},{"floor":12,"key":"REST"},{"floor":15,"key":"REST"},{"floor":23,"key":"REST"},{"floor":27,"key":"REST"},{"floor":32,"key":"REST"}],"circlet_count":0,"master_deck":["Defend_R","Defend_R","Defend_R","Defend_R","Bash","Injury","Apotheosis+1","Burning Pact","Seeing Red","Bloodletting","Infernal Blade","Flame Barrier","Second Wind","Flame Barrier","Havoc","Dark Embrace","Berserk","Exhume","Second Wind","True Grit","Bloodletting","Havoc","Pain","Shockwave","Feed","Spot Weakness+1","Bite","Bite","Bite","Bite","Bite"],"relics":["Burning Blood","Self Forming Clay","Red Skull","Tiny Chest","Runic Cube","WarpedTongs","Toy Ornithopter","TungstenRod","Regal Pillow"],"acts_visited":["Exordium","TheCity"],"potions_floor_usage":[7,24,24,29],"damage_taken":[{"damage":13,"enemies":"2 Louse","floor":1,"turns":3},{"damage":22,"enemies":"Small Slimes","floor":2,"turns":5},{"damage":2,"enemies":"Cultist","floor":3,"turns":4},{"damage":16,"enemies":"Blue Slaver","floor":4,"turns":4},{"damage":25,"enemies":"Lagavulin","floor":6,"turns":8},{"damage":0,"enemies":"2 Fungi Beasts","floor":7,"turns":3},{"damage":8,"enemies":"3 Louse","floor":10,"turns":4},{"damage":18,"enemies":"Gremlin Nob","floor":11,"turns":3},{"damage":23,"enemies":"3 Sentries","floor":14,"turns":9},{"damage":26,"enemies":"Hexaghost","floor":16,"turns":10},{"damage":10,"enemies":"Spheric Guardian","floor":18,"turns":6},{"damage":21,"enemies":"2 Thieves","floor":19,"turns":4},{"damage":30,"enemies":"Snecko","floor":22,"turns":6},{"damage":38,"enemies":"Slavers","floor":24,"turns":3},{"damage":15,"enemies":"Cultist and Chosen","floor":25,"turns":7},{"damage":19,"enemies":"Shelled Parasite and Fungi","floor":28,"turns":4},{"damage":26,"enemies":"Snecko","floor":29,"turns":6},{"damage":102,"enemies":"Automaton","floor":33,"turns":6}],"seed_played":"-6647534048086560252","potions_obtained":[{"floor":1,"key":"Block Potion"},{"floor":6,"key":"FearPotion"},{"floor":11,"key":"Ancient Potion"},{"floor":22,"key":"Explosive Potion"},{"floor":28,"key":"LiquidBronze"},{"floor":29,"key":"BloodPotion"}],"is_trial":false,"path_per_floor":["M","M","M","M","?","E","M","R","T","M","E","R","$","E","R","B",null,"M","M","$","?","M","R","E","M","T","R","M","M","?","T","R","B"],"character_chosen":"IRONCLAD","items_purchased":["Dark Embrace","Bloodletting","Havoc"],"campfire_rested":6,"item_purchase_floors":[13,20,20],"current_hp_per_floor":[65,49,53,43,43,24,30,54,54,54,44,68,68,53,77,59,75,73,60,60,60,38,62,32,25,25,49,38,41,41,41,80,0,0],"gold":284,"neow_bonus":"RANDOM_COLORLESS_2","is_daily":false,"chose_seed":false,"campfire_upgraded":0,"win_rate":0.0,"timestamp":1607691144,"path_taken":["M","M","M","M","?","E","M","R","T","M","E","R","$","E","R","BOSS","M","M","$","?","M","R","E","?","T","R","M","M","?","?","R","BOSS"],"items_purchased_type":["Card","Card","Card"],"build_version":"2020-11-30","purchased_purges":1,"victory":false,"max_hp_per_floor":[80,80,80,80,80,80,80,80,80,80,80,80,80,80,80,80,80,80,80,80,80,80,80,80,80,80,80,80,80,80,80,80,80,80],"card_choices":[{"not_picked":["Chrysalis","Mayhem"],"picked":"Apotheosis","floor":0},{"not_picked":["Shrug It Off","Fire Breathing"],"picked":"Burning Pact","floor":1},{"not_picked":["Metallicize","Thunderclap"],"picked":"Seeing Red","floor":2},{"not_picked":["Headbutt","Pummel"],"picked":"Bloodletting","floor":3},{"not_picked":["Headbutt","Pummel"],"picked":"Infernal Blade","floor":4},{"not_picked":["Pommel Strike","Twin Strike"],"picked":"Flame Barrier","floor":6},{"not_picked":["Pommel Strike","Clash"],"picked":"Second Wind","floor":7},{"not_picked":["Flex","Cleave"],"picked":"Flame Barrier","floor":10},{"not_picked":["Blood for Blood","Wild Strike"],"picked":"Havoc","floor":11},{"not_picked":["Infernal Blade","Cleave"],"picked":"Berserk","floor":14},{"not_picked":["Bludgeon","Brutality"],"picked":"Exhume","floor":16},{"not_picked":["Perfected Strike+1","Whirlwind+1"],"picked":"Second Wind","floor":18},{"not_picked":["Twin Strike","Iron Wave"],"picked":"True Grit","floor":19},{"not_picked":["Clash","Iron Wave+1","Carnage"],"picked":"SKIP","floor":22},{"not_picked":["Sword Boomerang+1","Rupture"],"picked":"Shockwave","floor":24},{"not_picked":["Searing Blow+1","Twin Strike","Warcry"],"picked":"SKIP","floor":25},{"not_picked":["Sever Soul","Wild Strike+1"],"picked":"Feed","floor":28},{"not_picked":["Inflame+1","Rupture"],"picked":"Spot Weakness+1","floor":29}],"player_experience":195393,"relics_obtained":[{"floor":6,"key":"Self Forming Clay"},{"floor":9,"key":"Blood Vial"},{"floor":11,"key":"Red Skull"},{"floor":14,"key":"Tiny Chest"},{"floor":24,"key":"Toy Ornithopter"},{"floor":26,"key":"TungstenRod"},{"floor":31,"key":"Regal Pillow"}],"event_choices":[{"damage_healed":0,"gold_gain":0,"player_choice":"Grow","damage_taken":0,"max_hp_gain":0,"max_hp_loss":0,"event_name":"Living Wall","floor":5,"gold_loss":0,"cards_upgraded":["Apotheosis"]},{"damage_healed":0,"gold_gain":0,"player_choice":"Rummage","damage_taken":0,"relics_obtained":["WarpedTongs"],"max_hp_gain":0,"max_hp_loss":0,"event_name":"Accursed Blacksmith","floor":21,"gold_loss":0,"cards_obtained":["Pain"]},{"damage_healed":0,"gold_gain":0,"player_choice":"Became a vampire (Vial)","damage_taken":0,"max_hp_gain":0,"max_hp_loss":0,"event_name":"Vampires","floor":30,"relics_lost":["Blood Vial"],"gold_loss":0,"cards_obtained":["Bite","Bite","Bite","Bite","Bite"]}],"is_beta":false,"boss_relics":[{"not_picked":["Mark of Pain","Philosopher\u0027s Stone"],"picked":"Runic Cube"}],"items_purged_floors":[13],"is_endless":false,"potions_floor_spawned":[1,6,11,22,28,29],"killed_by":"Automaton","ascension_level":6}}