{"host":"27hat5v0dffgaxzm","time":1607704342,"event":{"mods":["BaseMod","Colored Map","Colored Powertips","Highlight Path","Minty Spire (QoL Compilation)","Permanent Neow","Quick Restart"],"gold_per_floor":[368,368,368,384,3,3,30,30,56,70,97,97,115,190,190,190,190],"floor_reached":16,"playtime":509,"items_purged":[],"score":216,"play_id":"9fb67912-7dcc-4a5f-8d02-d22dd28955e0","local_time":"20201212013222","is_ascension_mode":true,"campfire_choices":[{"data":"Dash","floor":6.0,"key":"SMITH"},{"floor":8.0,"key":"REST"},{"data":"Well Laid Plans","floor":12.0,"key":"SMITH"},{"data":"Prepared","floor":15.0,"key":"SMITH"}],"circlet_count":0,"master_deck":["AscendersBane","Strike_G","Strike_G","Strike_G","Strike_G+1","Strike_G","Defend_G","Defend_G","Defend_G+1","Defend_G","Survivor","Neutralize","Outmaneuver","Dash+1","Well Laid Plans+1","Phantasmal Killer","Underhanded Strike","Backflip","Prepared+1"],"relics":["Ring of the Snake","Tough Bandages","Oddly Smooth Stone","Akabeko","White Beast Statue"],"acts_visited":["Exordium"],"potions_floor_usage":[],"damage_taken":[{"damage":1.0,"enemies":"Cultist","floor":1.0,"turns":5.0},{"damage":1.0,"enemies":"Small Slimes","floor":4.0,"turns":4.0},{"damage":15.0,"enemies":"Gremlin Nob","floor":7.0,"turns":5.0},{"damage":0.0,"enemies":"2 Louse","floor":10.0,"turns":2.0},{"damage":11.0,"enemies":"Lagavulin","floor":11.0,"turns":6.0},{"damage":0.0,"enemies":"Blue Slaver","floor":13.0,"turns":3.0},{"damage":14,"enemies":"Slime Boss","floor":16,"turns":6}],"seed_played":"-5022740004680370810","potions_obtained":[{"floor":4.0,"key":"Ancient Potion"},{"floor":10.0,"key":"EssenceOfSteel"},{"floor":11.0,"key":"SpeedPotion"},{"floor":13.0,"key":"GamblersBrew"}],"is_trial":false,"path_per_floor":["M","?","?","M","$","R","E","R","T","M","E","R","M","?","R","B"],"character_chosen":"THE_SILENT","items_purchased":["Tough Bandages","Well Laid Plans"],"campfire_rested":1,"item_purchase_floors":[5,5],"current_hp_per_floor":[43,23,23,22,22,22,7,26,26,26,15,15,15,4,4,0,0],"gold":190,"neow_bonus":"TWO_FIFTY_GOLD","is_daily":false,"chose_seed":false,"campfire_upgraded":3,"win_rate":0.0,"timestamp":1607704342,"path_taken":["M","?","?","M","$","R","E","R","T","M","E","R","M","?","R","BOSS"],"items_purchased_type":["Relic","Card"],"build_version":"2020-11-30","purchased_purges":0,"victory":false,"max_hp_per_floor":[66,66,66,66,66,66,66,66,66,66,66,66,66,66,66,66,66],"card_choices":[{"not_picked":["Acrobatics","Expertise"],"picked":"Outmaneuver","floor":1.0},{"not_picked":["Finisher","Outmaneuver","Deadly Poison"],"picked":"SKIP","floor":4.0},{"not_picked":["Slice","Flying Knee"],"picked":"Phantasmal Killer","floor":7.0},{"not_picked":["Deflect","Noxious Fumes"],"picked":"Underhanded Strike","floor":10.0},{"not_picked":["Choke","Bane"],"picked":"Backflip","floor":11.0},{"not_picked":["PiercingWail","Blade Dance"],"picked":"Prepared","floor":13.0}],"player_experience":301599,"relics_obtained":[{"floor":7.0,"key":"Oddly Smooth Stone"},{"floor":9.0,"key":"Akabeko"},{"floor":11.0,"key":"White Beast Statue"}],"event_choices":[{"damage_healed":0.0,"max_hp_gain":0.0,"max_hp_loss":0.0,"gold_gain":0.0,"event_name":"Shining Light","player_choice":"Entered Light","floor":2.0,"gold_loss":0.0,"damage_taken":20.0,"cards_upgraded":["Defend_G","Strike_G"]},{"damage_healed":0.0,"max_hp_gain":0.0,"max_hp_loss":0.0,"gold_gain":0.0,"cards_transformed":["Defend_G"],"event_name":"Living Wall","player_choice":"Change","floor":3.0,"gold_loss":0.0,"damage_taken":0.0,"cards_obtained":["Dash"]},{"damage_healed":0.0,"max_hp_gain":0.0,"max_hp_loss":0.0,"gold_gain":75.0,"event_name":"World of Goop","player_choice":"Gather Gold","floor":14.0,"gold_loss":0.0,"damage_taken":11.0}],"is_beta":false,"boss_relics":[],"items_purged_floors":[],"is_endless":false,"potions_floor_spawned":[4,10,11,13],"killed_by":"Slime Boss","ascension_level":20}}