{"host":"vkn5295jy2rrqx8j","time":1607660058,"event":{"mods":["BaseMod","Colored Map","GifTheSpireLib","Hermit","Minty Spire (QoL Compilation)","StSLib","The Cursed"],"gold_per_floor":[119,136,154,66,78,104,123,55,104,104,116,132,161,175,175,252,252,269,319,23,43,1,1,26,26,53,73,73,73,84,111,111,111,111],"floor_reached":33,"playtime":1372,"items_purged":[],"score":683,"play_id":"f455a134-c619-4c86-812d-48f45096b7e1","local_time":"20201211131418","is_ascension_mode":true,"campfire_choices":[{"floor":10,"key":"REST"},{"floor":15,"key":"REST"},{"data":"Doppelganger","floor":23,"key":"SMITH"},{"data":"Adrenaline","floor":25,"key":"SMITH"},{"data":"Malaise","floor":29,"key":"SMITH"},{"data":"Venomology","floor":32,"key":"SMITH"}],"circlet_count":0,"master_deck":["AscendersBane","Strike_G","Strike_G","Strike_G","Strike_G","Strike_G","Defend_G","Defend_G","Defend_G","Defend_G","Defend_G","Survivor","Neutralize","Doppelganger+1","Quick Slash","Dagger Throw","Die Die Die","Adrenaline+1","Terror","Malaise+1","Tools of the Trade","CurseOfTheBell","Venomology+1","Panache","PiercingWail","Noxious Fumes","Storm of Steel","PiercingWail"],"relics":["Ring of the Snake","Singing Bowl","The Courier","Bag of Preparation","Art of War","Calling Bell","Akabeko","Paper Crane","Mango","Strange Spoon","Smiling Mask","Bag of Marbles","Toy Ornithopter"],"acts_visited":["Exordium","TheCity"],"potions_floor_usage":[6,7,21,30,31,33,33,33],"damage_taken":[{"damage":0,"enemies":"2 Louse","floor":1,"turns":4},{"damage":1,"enemies":"Cultist","floor":2,"turns":4},{"damage":3,"enemies":"Jaw Worm","floor":3,"turns":4},{"damage":0,"enemies":"Exordium Wildlife","floor":5,"turns":2},{"damage":27,"enemies":"3 Sentries","floor":6,"turns":9},{"damage":12,"enemies":"Large Slime","floor":7,"turns":6},{"damage":6,"enemies":"Blue Slaver","floor":11,"turns":3},{"damage":1,"enemies":"Looter","floor":12,"turns":3},{"damage":0,"enemies":"Lagavulin","floor":13,"turns":3},{"damage":4,"enemies":"Large Slime","floor":14,"turns":4},{"damage":22,"enemies":"The Guardian","floor":16,"turns":15},{"damage":16,"enemies":"Shell Parasite","floor":18,"turns":5},{"damage":3,"enemies":"Spheric Guardian","floor":21,"turns":3},{"damage":10,"enemies":"Snecko","floor":27,"turns":4},{"damage":26,"enemies":"3 Cultists","floor":30,"turns":5},{"damage":0,"enemies":"Gremlin Leader","floor":31,"turns":4},{"damage":46,"enemies":"Collector","floor":33,"turns":8}],"seed_played":"-6254957801561174500","potions_obtained":[{"floor":5,"key":"Fire Potion"},{"floor":6,"key":"SkillPotion"},{"floor":12,"key":"CunningPotion"},{"floor":13,"key":"EssenceOfSteel"},{"floor":27,"key":"Energy Potion"}],"is_trial":false,"path_per_floor":["M","M","M","?","M","E","M","$","T","R","M","M","E","M","R","B",null,"M","?","$","M","$","R","T","R","T","M","?","R","M","E","R","B"],"character_chosen":"THE_SILENT","items_purchased":["Adrenaline","Panache","Strange Spoon","PiercingWail"],"campfire_rested":2,"item_purchase_floors":[8,20,20,22],"current_hp_per_floor":[59,58,55,55,55,28,18,18,18,38,32,33,33,31,52,30,76,60,60,60,59,59,59,59,59,59,51,51,51,27,27,27,0,0],"gold":111,"neow_bonus":"ONE_RANDOM_RARE_CARD","is_daily":false,"chose_seed":false,"campfire_upgraded":4,"win_rate":0.0,"timestamp":1607660058,"path_taken":["M","M","M","?","?","E","M","$","T","R","M","M","E","M","R","BOSS","M","?","$","M","?","R","?","R","T","M","?","R","?","E","R","BOSS"],"items_purchased_type":["Card","Card","Relic","Card"],"build_version":"2020-11-30","purchased_purges":0,"victory":false,"max_hp_per_floor":[66,66,66,66,66,66,68,68,68,68,68,70,70,72,72,72,86,86,86,86,88,88,88,88,88,88,90,90,90,92,92,92,92,92],"card_choices":[{"not_picked":["Prepared","Flechettes"],"picked":"Quick Slash","floor":1},{"not_picked":["Deadly Poison","Terror"],"picked":"Blade Dance","floor":2},{"not_picked":["Underhanded Strike","Riddle With Holes"],"picked":"Blade Dance","floor":3},{"not_picked":["Expertise","Setup"],"picked":"Dagger Throw","floor":5},{"not_picked":["Setup","Endless Agony"],"picked":"Die Die Die","floor":6},{"not_picked":["Endless Agony","Distraction","Prepared"],"picked":"Singing Bowl","floor":7},{"not_picked":["Quick Slash","Prepared"],"picked":"Terror","floor":11},{"not_picked":["Poisoned Stab","Heel Hook","Outmaneuver"],"picked":"Singing Bowl","floor":12},{"not_picked":["Expertise","Dodge and Roll"],"picked":"Malaise","floor":13},{"not_picked":["Concentrate","Blade Dance","Slice"],"picked":"Singing Bowl","floor":14},{"not_picked":["Storm of Steel","Grand Finale"],"picked":"Tools of the Trade","floor":16},{"not_picked":["Deadly Poison","PiercingWail"],"picked":"Venomology","floor":18},{"not_picked":["Blade Dance","Distraction","Acrobatics"],"picked":"Singing Bowl","floor":21},{"not_picked":["Distraction","Underhanded Strike","Grand Finale"],"picked":"Singing Bowl","floor":27},{"not_picked":["Dagger Throw","Flying Knee","Bane"],"picked":"Singing Bowl","floor":30},{"not_picked":["Blade Dance","Cloak And Dagger"],"picked":"PiercingWail","floor":31}],"player_experience":789795,"relics_obtained":[{"floor":6,"key":"The Courier"},{"floor":9,"key":"Bag of Preparation"},{"floor":13,"key":"Art of War"},{"floor":17,"key":"Akabeko"},{"floor":17,"key":"Paper Crane"},{"floor":17,"key":"Mango"},{"floor":24,"key":"Smiling Mask"},{"floor":26,"key":"Bag of Marbles"},{"floor":31,"key":"Toy Ornithopter"}],"event_choices":[{"damage_healed":0,"gold_gain":0,"player_choice":"Paid Gold","damage_taken":0,"relics_obtained":["Singing Bowl"],"max_hp_gain":0,"max_hp_loss":0,"event_name":"WeMeetAgain","floor":4,"gold_loss":88},{"damage_healed":0,"gold_gain":50,"player_choice":"Stole From Cult","damage_taken":0,"max_hp_gain":0,"max_hp_loss":0,"event_name":"Nest","floor":19,"gold_loss":0},{"damage_healed":0,"gold_gain":0,"cards_transformed":["Blade Dance","Blade Dance"],"player_choice":"Became Test Subject","damage_taken":0,"max_hp_gain":0,"max_hp_loss":0,"event_name":"Drug Dealer","floor":28,"gold_loss":0,"cards_obtained":["Noxious Fumes","Storm of Steel"]}],"is_beta":false,"boss_relics":[{"not_picked":["Ring of the Serpent","Tiny House"],"picked":"Calling Bell"}],"items_purged_floors":[],"is_endless":false,"potions_floor_spawned":[5,6,12,13,16,18,21,27],"killed_by":"Collector","ascension_level":20}}