{"host":"n23juj4d9qam5hh1","time":1607683934,"event":{"mods":["BaseMod","Better Note","BetterRewards","Infinite Spire","Minty Spire (QoL Compilation)","Relic Stats","StSLib"],"gold_per_floor":[117,132,132,21,21,21,34,34,82,82,62,62,75,86,86,189,189,206,28,28,68,78,78,108,33,33,33,50,50,68,68,68],"floor_reached":31,"playtime":1013,"items_purged":[],"score":270,"play_id":"a62319eb-1cc7-44e3-8f18-2ff848f495a9","local_time":"20201211055214","is_ascension_mode":true,"campfire_choices":[{"data":"Carnage","floor":6,"key":"SMITH"},{"data":"Spot Weakness","floor":8,"key":"SMITH"},{"data":"Flame Barrier","floor":12,"key":"SMITH"},{"data":"Heavy Blade","floor":15,"key":"SMITH"},{"floor":23,"key":"REST"},{"floor":27,"key":"REST"}],"circlet_count":0,"master_deck":["Strike_R","Strike_R+1","Strike_R+1","Defend_R","Defend_R","Defend_R","Defend_R","Bash","Ghostly Armor","Spot Weakness+1","Carnage+1","Flame Barrier+1","Power Through","Heavy Blade+1","Juggernaut","Twin Strike+1","HandOfGreed","True Grit","Flex","Seeing Red+1","Flame Barrier","Uppercut+1"],"relics":["Burning Blood","Boot","Dream Catcher","Whetstone","Philosopher\u0027s Stone","Ornamental Fan","Omamori"],"acts_visited":["Exordium","TheCity"],"potions_floor_usage":[16,21,22,24],"damage_taken":[{"damage":1,"enemies":"Jaw Worm","floor":1,"turns":5},{"damage":0,"enemies":"Small Slimes","floor":2,"turns":4},{"damage":0,"enemies":"Cultist","floor":7,"turns":2},{"damage":1,"enemies":"Looter","floor":13,"turns":3},{"damage":2,"enemies":"Lots of Slimes","floor":14,"turns":5},{"damage":2,"enemies":"The Guardian","floor":16,"turns":13},{"damage":10,"enemies":"Chosen","floor":18,"turns":5},{"damage":12,"enemies":"Spheric Guardian","floor":21,"turns":3},{"damage":42,"enemies":"Chosen and Byrds","floor":22,"turns":5},{"damage":43,"enemies":"Book of Stabbing","floor":24,"turns":5},{"damage":29,"enemies":"Snake Plant","floor":28,"turns":4},{"damage":19,"enemies":"Snecko","floor":30,"turns":6},{"damage":24,"enemies":"Shelled Parasite and Fungi","floor":31,"turns":2}],"seed_played":"1096901766100759126","potions_obtained":[{"floor":7,"key":"Fire Potion"},{"floor":11,"key":"SkillPotion"},{"floor":14,"key":"Fruit Juice"},{"floor":22,"key":"PowerPotion"},{"floor":24,"key":"Energy Potion"}],"is_trial":false,"path_per_floor":["M","M","?","$","?","R","M","R","T","$","?","R","M","M","R","B",null,"M","$","?","M","M","R","E","?","T","R","M","$","M","M"],"character_chosen":"IRONCLAD","items_purchased":["Spot Weakness","Carnage","HandOfGreed"],"campfire_rested":2,"item_purchase_floors":[4,4,19],"current_hp_per_floor":[80,80,62,62,62,62,68,68,68,68,68,68,73,77,77,85,85,81,81,81,75,39,64,27,27,27,52,29,29,16,0,0],"gold":68,"neow_bonus":"RANDOM_COMMON_RELIC","is_daily":false,"chose_seed":false,"campfire_upgraded":4,"win_rate":0.0,"timestamp":1607683934,"path_taken":["M","M","?","$","?","R","?","R","T","$","?","R","M","?","R","BOSS","M","$","?","M","M","R","E","?","T","R","M","$","M","M"],"items_purchased_type":["Card","Card","Card"],"build_version":"2020-11-30","purchased_purges":0,"victory":false,"max_hp_per_floor":[80,80,80,80,80,80,80,80,80,80,80,80,80,80,80,85,85,85,85,85,85,85,85,85,85,85,85,85,85,85,85,85],"relic_stats":{"Dream Catcher":2,"counters":[13,62],"Ornamental Fan":[4],"Whetstone":["Strike_R","Strike_R"],"Boot":[6],"obtain_stats":[{"Dream Catcher":3,"Ornamental Fan":24,"Philosopher\u0027s Stone":17,"Omamori":26,"Whetstone":9,"Boot":0,"Burning Blood":0},{"Dream Catcher":2,"Ornamental Fan":10,"Philosopher\u0027s Stone":6,"Omamori":10,"Whetstone":3,"Boot":0,"Burning Blood":0},{"Dream Catcher":9,"Ornamental Fan":50,"Philosopher\u0027s Stone":32,"Omamori":50,"Whetstone":11,"Boot":0,"Burning Blood":0}],"Burning Blood":60},"card_choices":[{"not_picked":["Burning Pact","Perfected Strike","Intimidate"],"picked":"SKIP","floor":1},{"not_picked":["Bloodletting","Warcry"],"picked":"Ghostly Armor","floor":2},{"not_picked":["Impervious","Reckless Charge"],"picked":"Flame Barrier","floor":7},{"not_picked":["Clash","Dark Embrace"],"picked":"Power Through","floor":13},{"not_picked":["Perfected Strike","Thunderclap"],"picked":"Heavy Blade","floor":14},{"not_picked":["Brutality","Bludgeon"],"picked":"Juggernaut","floor":16},{"not_picked":["Rupture","Sword Boomerang"],"picked":"Twin Strike+1","floor":18},{"not_picked":["Pommel Strike","Perfected Strike","Clothesline"],"picked":"SKIP","floor":21},{"not_picked":["Clothesline+1","Body Slam+1"],"picked":"True Grit","floor":22},{"not_picked":["Clash","Shockwave"],"picked":"Flex","floor":23},{"not_picked":["Sentinel","Juggernaut","Heavy Blade"],"picked":"SKIP","floor":24},{"not_picked":["Perfected Strike+1","Clothesline+1"],"picked":"Seeing Red+1","floor":27},{"not_picked":["Hemokinesis","Thunderclap+1"],"picked":"Flame Barrier","floor":28},{"not_picked":["Perfected Strike","Sword Boomerang+1"],"picked":"Uppercut+1","floor":30}],"player_experience":162455,"relics_obtained":[{"floor":9,"key":"Whetstone"},{"floor":24,"key":"Ornamental Fan"},{"floor":26,"key":"Omamori"}],"event_choices":[{"damage_healed":0,"gold_gain":0,"player_choice":"Success","damage_taken":18,"relics_obtained":["Dream Catcher"],"max_hp_gain":0,"max_hp_loss":0,"event_name":"Scrap Ooze","floor":3,"gold_loss":0},{"damage_healed":0,"gold_gain":0,"player_choice":"0 cards matched","damage_taken":0,"max_hp_gain":0,"max_hp_loss":0,"event_name":"Match and Keep!","floor":5,"gold_loss":0,"cards_obtained":[]},{"damage_healed":0,"gold_gain":0,"player_choice":"Bought 1 Potion","damage_taken":0,"max_hp_gain":0,"max_hp_loss":0,"event_name":"The Woman in Blue","floor":11,"gold_loss":0},{"cards_removed":["Strike_R"],"damage_healed":0,"gold_gain":0,"player_choice":"Elegance","damage_taken":0,"max_hp_gain":0,"max_hp_loss":0,"event_name":"Back to Basics","floor":20,"gold_loss":0},{"cards_removed":["Strike_R"],"damage_healed":0,"gold_gain":0,"player_choice":"Gave Gold","damage_taken":0,"max_hp_gain":0,"max_hp_loss":0,"event_name":"Beggar","floor":25,"gold_loss":75}],"is_beta":false,"boss_relics":[{"not_picked":["Ectoplasm","Busted Crown"],"picked":"Philosopher\u0027s Stone"}],"items_purged_floors":[],"is_endless":false,"potions_floor_spawned":[7,14,22,24],"killed_by":"Shelled Parasite and Fungi","ascension_level":2}}