{"host":"ez767vrydzojtnp0","time":1607706599,"event":{"mods":["Act Like it!","Aspiration","BaseMod","Better Note","BetterRewards","Challenge The Spire","Colored Powertips","Conspire","GifTheSpireLib","Hermit","Hubris","Infinite Spire","Minty Spire (QoL Compilation)","Quick Restart","Rare Cards Sparkle","Relic Stats","Replay The Spire","Shop Mod","Spikes Relics","StSLib","Stuff the Spire","SuperFastMode","everything is the same but u backflip on backflip","slay the spire mod where everything is the same but ironclad has a cowboy hat","vexMod"],"gold_per_floor":[364,383,11,11,29,61,61,133,157,182,182,182,209,223,223,223,223],"floor_reached":16,"playtime":493,"items_purged":[],"score":118,"play_id":"73acc163-b751-4c76-82b8-ce69816928ba","local_time":"20201211150959","is_ascension_mode":false,"campfire_choices":[{"floor":7,"key":"REST"},{"floor":11,"key":"REST"},{"floor":15,"key":"RECALL"}],"circlet_count":0,"master_deck":["Strike_R","Strike_R","Strike_R","Strike_R","Strike_R","Defend_R","Defend_R","Defend_R","Defend_R","Bash","Defend_G","Defend_R","Twin Strike","Injury","Thunderclap","Replay:Undeath\u0027s Touch","Shrug It Off+1","Warcry+1"],"relics":["infinitespire:DarkRift","Juzu Bracelet","Membership Card","MerchantsRug","Toxic Egg 2","Frozen Egg 2","Bag of Preparation","StuffTheSpire:Experiment12","infinitespire:Cubic Diamond","Replay:Bottled Flurry"],"acts_visited":["Exordium"],"potions_floor_usage":[6,10,13,16],"damage_taken":[{"damage":18,"enemies":"Cultist","floor":1,"turns":6},{"damage":0,"enemies":"Small Slimes","floor":2,"turns":3},{"damage":5,"enemies":"Jaw Worm","floor":5,"turns":4},{"damage":55,"enemies":"Gremlin Nob","floor":6,"turns":6},{"damage":16,"enemies":"3 Sentries","floor":10,"turns":10},{"damage":59,"enemies":"Lagavulin","floor":13,"turns":10},{"damage":4,"enemies":"3 Louse","floor":14,"turns":3},{"damage":7,"enemies":"The Guardian","floor":16,"turns":4}],"seed_played":"4055257282810265185","potions_obtained":[{"floor":5,"key":"SkillPotion"},{"floor":6,"key":"HeartOfIron"},{"floor":10,"key":"LifebloodPotion"},{"floor":13,"key":"Strength Potion"}],"is_trial":false,"path_per_floor":["M","M","$","?","M","E","R","T","T","E","R","?","E","M","R","B"],"character_chosen":"IRONCLAD","items_purchased":["Juzu Bracelet","Membership Card","MerchantsRug"],"campfire_rested":2,"item_purchase_floors":[3,3,3],"current_hp_per_floor":[68,74,74,74,75,26,50,50,50,40,64,64,5,1,1,0,0],"gold":223,"neow_bonus":"TWO_FIFTY_GOLD","is_daily":false,"chose_seed":false,"campfire_upgraded":0,"win_rate":0.0,"timestamp":1607706599,"path_taken":["M","M","?","?","M","E","R","?","T","E","R","?","E","M","R","BOSS"],"items_purchased_type":["Relic","Relic","Relic"],"build_version":"2020-11-30","purchased_purges":0,"victory":false,"max_hp_per_floor":[80,80,80,80,80,80,80,80,80,80,80,80,80,80,80,80,80],"relic_stats":{"counters":[8,46],"Juzu Bracelet":0,"Bag of Preparation":[8],"obtain_stats":[{"MerchantsRug":3,"StuffTheSpire:Experiment12":10,"infinitespire:DarkRift":12,"infinitespire:Cubic Diamond":12,"Juzu Bracelet":3,"Bag of Preparation":9,"Replay:Bottled Flurry":13,"Membership Card":3,"Toxic Egg 2":4,"Frozen Egg 2":6,"Burning Blood":0},{"MerchantsRug":2,"StuffTheSpire:Experiment12":5,"infinitespire:DarkRift":5,"infinitespire:Cubic Diamond":5,"Juzu Bracelet":2,"Bag of Preparation":4,"Replay:Bottled Flurry":6,"Membership Card":2,"Toxic Egg 2":2,"Frozen Egg 2":4,"Burning Blood":0},{"MerchantsRug":9,"StuffTheSpire:Experiment12":29,"infinitespire:DarkRift":29,"infinitespire:Cubic Diamond":29,"Juzu Bracelet":9,"Bag of Preparation":19,"Replay:Bottled Flurry":39,"Membership Card":9,"Toxic Egg 2":9,"Frozen Egg 2":19,"Burning Blood":0}]},"card_choices":[{"not_picked":["Reckless Charge","Run Through","StuffTheSpire:Slingshot"],"picked":"SKIP","floor":1},{"not_picked":["Sword Boomerang","ReplayTheSpireMod:Muscle Training"],"picked":"Twin Strike","floor":2},{"not_picked":["Twin Strike","StuffTheSpire:RockThrow"],"picked":"Thunderclap","floor":5},{"not_picked":["Flex+1","Anger"],"picked":"Replay:Undeath\u0027s Touch","floor":6},{"not_picked":["Anger","Iron Wave"],"picked":"Shrug It Off+1","floor":10},{"not_picked":["Twin Strike","Demonic Infusion+1"],"picked":"Warcry+1","floor":13},{"not_picked":["Carnage","Heavy Blade","StuffTheSpire:Slingshot"],"picked":"SKIP","floor":14}],"player_experience":364540,"relics_obtained":[{"floor":6,"key":"Frozen Egg 2"},{"floor":9,"key":"Bag of Preparation"},{"floor":10,"key":"StuffTheSpire:Experiment12"},{"floor":13,"key":"Replay:Bottled Flurry"}],"event_choices":[],"is_beta":false,"boss_relics":[],"items_purged_floors":[],"is_endless":false,"potions_floor_spawned":[5,6,10,13],"killed_by":"The Guardian","ascension_level":0}}