{"host":"t0dvmwh9w61bq0j7","time":1607694815,"event":{"mods":["2.2 Compatiblity","AchievementEnabler","BaseMod","Better Note","Block Reminder","Colored Map","DeckTracker","Highlight Path","Jorbs\u0027s Wanderer Trilogy","Minty Spire (QoL Compilation)","Random Character Button","Rare Cards Sparkle","Relic Stats","StSLib","The Cursed","The Hierophant","The Judge","TheVacant","Transform Curses"],"gold_per_floor":[116,116,131,149,149,149,68,97,97,117,132,132,157,157,157,252,252,269,283,53,67,87,87,104,104,104,104,104],"floor_reached":27,"playtime":1408,"items_purged":["WordoMod:DefendCard"],"score":350,"play_id":"ea78cf64-9ec6-408d-a367-f1c52c995a29","local_time":"20201211145335","is_ascension_mode":false,"campfire_choices":[{"floor":6.0,"key":"RECALL"},{"floor":15.0,"key":"REST"},{"floor":23.0,"key":"REST"}],"circlet_count":0,"master_deck":["WordoMod:StrikeCard","WordoMod:StrikeCard","WordoMod:DefendCard","WordoMod:DefendCard","WordoMod:DefendCard","WordoMod:Accursed","WordoMod:IllWill","WordoMod:Sacrilege","Regret","WordoMod:Retaliate","stsjorbsmod:Procrastination","WordoMod:ShackleGuard","WordoMod:Plague+1","WordoMod:Spite+1","WordoMod:Retaliate+1","stsjorbsmod:Procrastination","WordoMod:LanternFlame+1","WordoMod:SoulSpear+1","WordoMod:ThornedFist+1","Impatience","stsjorbsmod:Procrastination","WordoMod:BurdenOfSin+1","WordoMod:Penitence","WordoMod:Pestilence","Finesse","Writhe","WordoMod:WillOWisp+1"],"relics":["WordoMod:Obsidian","WordoMod:Effigy","NeowsBlessing","White Beast Statue","Molten Egg 2","InkBottle","Kunai","Shuriken","Empty Cage","Pear"],"acts_visited":["Exordium","TheCity"],"potions_floor_usage":[27],"damage_taken":[{"damage":0.0,"enemies":"Small Slimes","floor":1.0,"turns":1.0},{"damage":0.0,"enemies":"Jaw Worm","floor":3.0,"turns":1.0},{"damage":3.0,"enemies":"Cultist","floor":4.0,"turns":2.0},{"damage":37.0,"enemies":"3 Sentries","floor":8.0,"turns":9.0},{"damage":7.0,"enemies":"Blue Slaver","floor":10.0,"turns":3.0},{"damage":4.0,"enemies":"2 Fungi Beasts","floor":11.0,"turns":3.0},{"damage":6.0,"enemies":"Gremlin Nob","floor":13.0,"turns":3.0},{"damage":40.0,"enemies":"Hexaghost","floor":16.0,"turns":9.0},{"damage":24.0,"enemies":"3 Byrds","floor":18.0,"turns":4.0},{"damage":16.0,"enemies":"Spheric Guardian","floor":19.0,"turns":4.0},{"damage":37.0,"enemies":"Shelled Parasite and Fungi","floor":21.0,"turns":4.0},{"damage":19.0,"enemies":"Chosen and Byrds","floor":22.0,"turns":6.0},{"damage":15.0,"enemies":"Snake Plant","floor":24.0,"turns":3.0},{"damage":21,"enemies":"Slavers","floor":27,"turns":1}],"seed_played":"7322886576027191215","potions_obtained":[{"floor":3.0,"key":"Regen Potion"},{"floor":4.0,"key":"LiquidBronze"},{"floor":8.0,"key":"ColorlessPotion"},{"floor":10.0,"key":"FairyPotion"},{"floor":11.0,"key":"Swift Potion"},{"floor":13.0,"key":"Fruit Juice"},{"floor":16.0,"key":"Explosive Potion"},{"floor":21.0,"key":"SteroidPotion"},{"floor":22.0,"key":"GamblersBrew"},{"floor":24.0,"key":"SteroidPotion"}],"is_trial":false,"path_per_floor":["M","?","M","M","T","R","$","E","T","M","M","?","E","?","R","B",null,"M","M","$","M","M","R","M","?","T","E"],"character_chosen":"JUDGE_CLASS","items_purchased":["WordoMod:Plague","WordoMod:Pestilence","Finesse"],"campfire_rested":2,"item_purchase_floors":[7,20,20],"current_hp_per_floor":[75,75,75,72,72,72,72,35,35,28,33,33,32,32,56,16,80,56,40,40,3,8,32,17,11,21,0,0],"gold":104,"neow_bonus":"THREE_ENEMY_KILL","is_daily":false,"chose_seed":false,"campfire_upgraded":0,"win_rate":0.0,"timestamp":1607694815,"path_taken":["M","?","M","M","?","R","$","E","T","?","M","?","E","?","R","BOSS","M","M","$","M","?","R","M","?","T","E"],"items_purchased_type":["Card","Card","Card"],"build_version":"2020-11-30","purchased_purges":1,"victory":false,"max_hp_per_floor":[75,75,75,75,75,75,75,75,75,75,75,75,80,80,80,80,80,80,80,80,80,80,80,80,80,90,90,90],"relic_stats":{"counters":[14,53],"Shuriken":[13],"Kunai":[16],"obtain_stats":[{"WordoMod:Effigy":0,"Pear":26,"NeowsBlessing":0,"Shuriken":13,"WordoMod:Obsidian":0,"Molten Egg 2":5,"Kunai":9,"Empty Cage":17,"White Beast Statue":2,"InkBottle":8},{"WordoMod:Effigy":0,"Pear":13,"NeowsBlessing":0,"Shuriken":7,"WordoMod:Obsidian":0,"Molten Egg 2":3,"Kunai":4,"Empty Cage":8,"White Beast Statue":1,"InkBottle":4},{"WordoMod:Effigy":0,"Pear":52,"NeowsBlessing":0,"Shuriken":22,"WordoMod:Obsidian":0,"Molten Egg 2":4,"Kunai":13,"Empty Cage":31,"White Beast Statue":1,"InkBottle":13}],"InkBottle":[14]},"card_choices":[{"not_picked":["WordoMod:Vulgarity","WordoMod:Resurrection"],"picked":"WordoMod:Sacrilege","floor":1.0},{"not_picked":["WordoMod:Sacrilege","WordoMod:BeneathTheMask"],"picked":"WordoMod:Retaliate","floor":3.0},{"not_picked":["stsjorbsmod:Withering","Regret"],"picked":"stsjorbsmod:Procrastination","floor":4.0},{"not_picked":["WordoMod:BurdenOfSin","WordoMod:Sacrilege"],"picked":"WordoMod:ShackleGuard","floor":4.0},{"not_picked":["WordoMod:Resurrection","WordoMod:MaliceSoul"],"picked":"WordoMod:Spite+1","floor":8.0},{"not_picked":["WordoMod:Repent","WordoMod:Exorcism"],"picked":"WordoMod:Retaliate+1","floor":10.0},{"not_picked":["Normality","Decay"],"picked":"stsjorbsmod:Procrastination","floor":11.0},{"not_picked":["WordoMod:BadMemories","WordoMod:MaliceSoul"],"picked":"WordoMod:LanternFlame+1","floor":11.0},{"not_picked":["WordoMod:MonkeysPaw","WordoMod:BadMemories"],"picked":"WordoMod:SoulSpear+1","floor":13.0},{"not_picked":["Decay","Doubt"],"picked":"stsjorbsmod:Procrastination","floor":18.0},{"not_picked":["WordoMod:SoulSpear+1","WordoMod:Plague+1"],"picked":"WordoMod:BurdenOfSin+1","floor":18.0},{"not_picked":["WordoMod:InfectiousCulture","WordoMod:CurseBuckler"],"picked":"WordoMod:Penitence","floor":19.0},{"not_picked":["WordoMod:Sacrilege","WordoMod:ShackleGuard","WordoMod:WipingAllOut"],"picked":"SKIP","floor":21.0},{"not_picked":["Pain","stsjorbsmod:Procrastination"],"picked":"Writhe","floor":22.0},{"not_picked":["WordoMod:SecondChance+1","WordoMod:ProfanedFlame+1"],"picked":"WordoMod:WillOWisp+1","floor":22.0},{"not_picked":["WordoMod:ThornedFist+1","WordoMod:HoldTheFort+1","WordoMod:BloodThinning"],"picked":"SKIP","floor":24.0}],"player_experience":286262,"relics_obtained":[{"floor":5.0,"key":"Molten Egg 2"},{"floor":8.0,"key":"InkBottle"},{"floor":9.0,"key":"Kunai"},{"floor":13.0,"key":"Shuriken"},{"floor":26.0,"key":"Pear"}],"event_choices":[{"damage_healed":0.0,"max_hp_gain":0.0,"max_hp_loss":0.0,"gold_gain":0.0,"event_name":"Big Fish","player_choice":"Box","floor":2.0,"gold_loss":0.0,"damage_taken":0.0,"relics_obtained":["White Beast Statue"],"cards_obtained":["Regret"]},{"damage_healed":0.0,"max_hp_gain":0.0,"max_hp_loss":0.0,"gold_gain":0.0,"event_name":"Living Wall","player_choice":"Grow","floor":12.0,"gold_loss":0.0,"damage_taken":0.0,"cards_upgraded":["WordoMod:Plague"]},{"damage_healed":0.0,"max_hp_gain":0.0,"max_hp_loss":0.0,"gold_gain":0.0,"event_name":"Match and Keep!","player_choice":"2 cards matched","floor":14.0,"gold_loss":0.0,"damage_taken":0.0,"cards_obtained":["WordoMod:ThornedFist","Impatience"]},{"damage_healed":0.0,"max_hp_gain":0.0,"max_hp_loss":0.0,"gold_gain":0.0,"event_name":"Knowing Skull","player_choice":"","floor":25.0,"potions_obtained":[],"gold_loss":0.0,"damage_taken":6.0,"cards_obtained":[]}],"is_beta":false,"boss_relics":[{"not_picked":["Ectoplasm","Snecko Eye"],"picked":"Empty Cage"}],"items_purged_floors":[20],"is_endless":false,"potions_floor_spawned":[3,4,8,10,11,13,16,18,19,21,22,24],"killed_by":"Slavers","ascension_level":0}}