{"host":"c95txy58ipbu969e","time":1607652304,"event":{"mods":["Act Like it!","BaseMod","Minty Spire (QoL Compilation)","MostiFishMod","Replay The Spire","StSLib","TestMod","vexMod","¡¾ÒÅÎï¿¨ÅÆ¡¿REMEMod"],"gold_per_floor":[114,134,134,153,171,197,197,230,230,244,270,281,300,330,330,407,407,418,418,485,498,271,271,303,353,376,429,429,471,174,214,214,294,294,310,333,433,515,545,594,636,698,736,773,867,645,676,713,713,729,745,745,745,406,436,440],"floor_reached":57,"playtime":2930,"items_purged":["MostiFishMod:Neptune","Strike_R","Strike_R","Strike_R"],"score":2952,"play_id":"de60d3f1-1564-4f4f-a0f2-1e9bea6c280c","local_time":"20201211100504","is_ascension_mode":true,"campfire_choices":[{"data":"christmas-Death","floor":7.0,"key":"SMITH"},{"data":"MostiFishMod:RacingGame","floor":15.0,"key":"SMITH"},{"data":"christmas-Plague","floor":23.0,"key":"SMITH"},{"data":"christmas-Famine","floor":28.0,"key":"SMITH"},{"floor":32.0,"key":"RECALL"},{"data":"Limit Break","floor":49,"key":"SMITH"},{"data":"christmas-Plague","floor":53,"key":"SMITH"}],"circlet_count":0,"master_deck":["AscendersBane","Strike_R","Strike_R","Defend_R+1","Defend_R","Defend_R","Defend_R+1","Bash","MostiFishMod:TheEndOfMoonlight+1","MostiFishMod:SparklingWater+1","MostiFishMod:FantasySummer+1","MostiFishMod:NightSea+1","christmas-Death+1","MostiFishMod:HellRitual+1","MostiFishMod:RacingGame+1","christmas-Famine+1","MostiFishMod:HellRitual+1","christmas-Plague+1","Limit Break+1","christmas-Plague+1","MostiFishMod:HellRitual+1","christmas-Plague+1"],"relics":["Burning Blood","DaveBox","testmod-TestBox","REME_ComplimentaryCards","NeowsBlessing","MoonlightInvasionPlan","testmod-GiftOfSatan","Question Card","Blue Doll","Simple Rune","vexMod:Dragonfruit","Ginger","ImportantClient","vexMod:ImprovementManual","SsserpentHead","Replay:Bottled Snecko","Bottled Tornado","Replay:Bandana","Mirror","Prayer Wheel","Singing Bowl","InkBottle","vexMod:EndlessSickness","ImprovedEquipment","MawBank","Replay:Mystery Machine","ChiLing","Chi","Ling","Frozen Egg 2","Kunai","vexMod:MemoryStick"],"acts_visited":["TheEnding"],"potions_floor_usage":[],"damage_taken":[{"damage":0.0,"enemies":"Small Slimes","floor":1.0,"turns":1.0},{"damage":0.0,"enemies":"Jaw Worm","floor":2.0,"turns":1.0},{"damage":0.0,"enemies":"Cultist","floor":4.0,"turns":2.0},{"damage":8.0,"enemies":"Lots of Slimes","floor":5.0,"turns":2.0},{"damage":37.0,"enemies":"Gremlin Nob","floor":6.0,"turns":3.0},{"damage":0.0,"enemies":"Lagavulin","floor":8.0,"turns":2.0},{"damage":0.0,"enemies":"Large Slime","floor":10.0,"turns":3.0},{"damage":5.0,"enemies":"Gremlin Nob","floor":11.0,"turns":1.0},{"damage":2.0,"enemies":"Red Slaver","floor":12.0,"turns":3.0},{"damage":10.0,"enemies":"Blue Slaver","floor":13.0,"turns":2.0},{"damage":0.0,"enemies":"Replay:BlueRogue","floor":14.0,"turns":1.0},{"damage":5.0,"enemies":"Fading Forest","floor":16.0,"turns":7.0},{"damage":0.0,"enemies":"Spheric Guardian","floor":18.0,"turns":1.0},{"damage":14.0,"enemies":"2 Thieves","floor":20.0,"turns":2.0},{"damage":0.0,"enemies":"Shelled Parasite and Fungi","floor":21.0,"turns":1.0},{"damage":40.0,"enemies":"Book of Stabbing","floor":24.0,"turns":5.0},{"damage":5.0,"enemies":"Gremlin Leader","floor":27.0,"turns":3.0},{"damage":11.0,"enemies":"Slavers","floor":29.0,"turns":3.0},{"damage":31.0,"enemies":"Book of Stabbing","floor":31.0,"turns":3.0},{"damage":28.0,"enemies":"Collector","floor":33.0,"turns":7.0},{"damage":0.0,"enemies":"Orb Walker","floor":35.0,"turns":1.0},{"damage":14.0,"enemies":"3 Shapes","floor":36.0,"turns":1.0},{"damage":5.0,"enemies":"Writhing Mass","floor":38.0,"turns":4.0},{"damage":5.0,"enemies":"Sphere and 2 Shapes","floor":39.0,"turns":3.0},{"damage":5.0,"enemies":"Giant Head","floor":40.0,"turns":4.0},{"damage":5,"enemies":"Maw","floor":41,"turns":4},{"damage":0,"enemies":"3 Darklings","floor":44,"turns":2},{"damage":5,"enemies":"Spire Growth","floor":45,"turns":2},{"damage":8,"enemies":"Maw","floor":47,"turns":2},{"damage":2,"enemies":"Reptomancer","floor":48,"turns":2},{"damage":0,"enemies":"Donu and Deca","floor":50,"turns":3},{"damage":16,"enemies":"Replay:Hell Engine","floor":51,"turns":6},{"damage":68,"enemies":"Shield and Spear","floor":55,"turns":5},{"damage":48,"enemies":"The Heart","floor":56,"turns":6}],"seed_played":"1776658975359970794","potions_obtained":[{"floor":1.0,"key":"Swift Potion"},{"floor":8.0,"key":"BlessingOfTheForge"}],"is_trial":false,"path_per_floor":["M","M","?","M","M","E","R","E","T","M","E","M","M","E","R","B",null,"M","?","M","M","$","R","E","?","T","E","R","E","$","E","R","B",null,"M","M","?","M","M","E","M","?","T","M","M","$","M","E","R","B","B",null,"R","$","E","B",null],"character_chosen":"IRONCLAD","items_purchased":["Replay:Bottled Snecko","Singing Bowl","ChiLing","Kunai"],"campfire_rested":0,"item_purchase_floors":[22,30,46,54],"current_hp_per_floor":[74,80,80,85,90,64,64,76,76,100,110,115,111,115,115,115,115,120,120,120,125,125,125,99,99,99,114,114,115,115,106,106,127,127,131,127,85,108,119,154,165,165,165,169,173,173,184,186,186,193,200,200,200,200,140,98],"gold":440,"neow_bonus":"THREE_ENEMY_KILL","is_daily":false,"chose_seed":false,"campfire_upgraded":6,"win_rate":0.0,"timestamp":1607652304,"path_taken":["M","M","?","M","M","E","R","E","T","M","E","M","M","E","R","BOSS","M","?","?","M","?","R","E","?","T","E","R","E","$","E","R","BOSS","M","M","?","?","M","E","M","?","T","M","?","$","M","E","R","BOSS","BOSS","R","$","E","BOSS"],"items_purchased_type":["Relic","Relic","Relic","Relic"],"build_version":"2020-11-30","purchased_purges":4,"victory":true,"max_hp_per_floor":[75,80,80,85,90,90,90,90,90,100,110,115,115,115,115,115,115,120,120,120,125,125,125,125,125,125,125,125,125,125,127,127,127,127,131,135,137,148,152,154,165,165,165,169,173,173,184,186,186,193,200,200,200,200,202,202],"card_choices":[{"not_picked":["Entrench","Run Through","Headbutt"],"picked":"SKIP","floor":1.0},{"not_picked":["Run Through","Thunderclap","Evolve","ReplayReversal"],"picked":"SKIP","floor":2.0},{"not_picked":["Searing Blow","Armaments","Thunderclap","Disarm"],"picked":"SKIP","floor":4.0},{"not_picked":["Searing Blow","Armaments","Thunderclap","Disarm"],"picked":"SKIP","floor":4.0},{"not_picked":["christmas-War","christmas-Famine","christmas-Plague"],"picked":"christmas-Death","floor":5.0},{"not_picked":["Fire Breathing","Havoc","Run Through","Headbutt"],"picked":"SKIP","floor":5.0},{"not_picked":["Fire Breathing","Havoc","Run Through","Headbutt"],"picked":"SKIP","floor":5.0},{"not_picked":["Sword Boomerang","Pommel Strike","Warcry","Blood for Blood"],"picked":"SKIP","floor":6.0},{"not_picked":["Clothesline","Battle Trance","Armaments"],"picked":"MostiFishMod:HellRitual","floor":8.0},{"not_picked":["Life Link","Headbutt","Armaments","Havoc"],"picked":"SKIP","floor":10.0},{"not_picked":["Body Slam","Warcry","Flame Barrier"],"picked":"MostiFishMod:RacingGame","floor":11.0},{"not_picked":["christmas-War","christmas-Plague","christmas-Death"],"picked":"christmas-Famine","floor":11.0},{"not_picked":["Combust","Pommel Strike","Havoc","Sword Boomerang"],"picked":"SKIP","floor":12.0},{"not_picked":["Feel No Pain","True Grit","Replay:Undeath\u0027s Touch","Flame Barrier"],"picked":"SKIP","floor":13.0},{"not_picked":["Iron Wave","Clash","Rampage","True Grit"],"picked":"SKIP","floor":14.0},{"not_picked":["MostiFishMod:DarkDeal","Berserk","Impervious"],"picked":"MostiFishMod:HellRitual","floor":16.0},{"not_picked":["Thunderclap","Body Slam","Armaments+1","REME_FearOfPain+1"],"picked":"SKIP","floor":18.0},{"not_picked":["christmas-War","christmas-Death","christmas-Famine"],"picked":"christmas-Plague","floor":18.0},{"not_picked":["Thunderclap","Body Slam","Armaments+1","REME_FearOfPain+1"],"picked":"SKIP","floor":18.0},{"not_picked":["Combust","Fire Breathing","Warcry","Abandon+1"],"picked":"SKIP","floor":20.0},{"not_picked":["Clash","True Grit","ReplayTheSpireMod:Corrosion Curse","Armaments"],"picked":"SKIP","floor":21.0},{"not_picked":["Immolate","Carnage","Bloodletting","Flame Barrier"],"picked":"SKIP","floor":24.0},{"not_picked":["Blood for Blood","ReplayTheSpireMod:Strike From Hell","Flex","Clothesline"],"picked":"SKIP","floor":27.0},{"not_picked":["Defy Death","REME_Scribble+1","Warcry","Rage+1"],"picked":"SKIP","floor":29.0},{"not_picked":["Combust+1","Flex+1","Cleave","MostiFishMod:PerfectStrikeMKII"],"picked":"Singing Bowl","floor":31.0},{"not_picked":["Demonic Infusion","REME_ACTH","Immolate"],"picked":"Limit Break","floor":33.0},{"not_picked":["Headbutt","Battle Trance","Cleave","Abandon"],"picked":"Singing Bowl","floor":35.0},{"not_picked":["Sword Boomerang","True Grit","Abandon","Thunderclap"],"picked":"Singing Bowl","floor":35.0},{"not_picked":["REME_Cut","Replay:Undeath\u0027s Touch","Defy Death","Heavy Blade"],"picked":"Singing Bowl","floor":36.0},{"not_picked":["Combust+1","Seeing Red","Anger","MostiFishMod:UltimateDefense"],"picked":"Singing Bowl","floor":36.0},{"not_picked":["Infernal Blade","Anger","Dark Embrace","Havoc+1"],"picked":"Singing Bowl","floor":37.0},{"not_picked":["Flex+1","Wild Strike","Anger+1","Twin Strike"],"picked":"Singing Bowl","floor":38.0},{"not_picked":["ReplayTheSpireMod:Strike From Hell","Metallicize","ReplayTheSpireMod:Stacked+1","Dropkick"],"picked":"Singing Bowl","floor":38.0},{"not_picked":["ReplayTheSpireMod:Strike From Hell","ReplayTheSpireMod:Muscle Training","Dark Embrace","Pummel"],"picked":"Singing Bowl","floor":39.0},{"not_picked":["Replay:Undeath\u0027s Touch+1","Heavy Blade+1","Impervious","Perfected Strike+1"],"picked":"Singing Bowl","floor":39.0},{"not_picked":["Wild Strike","Armaments","Sever Soul+1","Rage"],"picked":"Singing Bowl","floor":40.0},{"not_picked":["Infernal Blade+1","Clash","Burning Pact+1","ReplayTheSpireMod:Stacked"],"picked":"Singing Bowl","floor":41},{"not_picked":["Dark Embrace","Clothesline+1","ReplayTheSpireMod:Strike From Hell","Burning Pact+1"],"picked":"Singing Bowl","floor":41},{"not_picked":["christmas-Famine","christmas-War","christmas-Death+1"],"picked":"christmas-Plague","floor":41},{"not_picked":["Warcry","Inflame","Shrug It Off","Run Through"],"picked":"Singing Bowl","floor":44},{"not_picked":["MostiFishMod:DarkDeal","Warcry","Searing Blow","ReplayTheSpireMod:Strike From Hell"],"picked":"Singing Bowl","floor":44},{"not_picked":["Power Through","Shrug It Off","ReplayTheSpireMod:Strike From Hell","Clothesline"],"picked":"Singing Bowl","floor":45},{"not_picked":["Clothesline","Flex","Run Through+1","Havoc"],"picked":"Singing Bowl","floor":45},{"not_picked":["Armaments","Perfected Strike","Shrug It Off+1","Seeing Red+1"],"picked":"Singing Bowl","floor":47},{"not_picked":["Run Through+1","Reckless Charge","Dropkick","Thunderclap"],"picked":"Singing Bowl","floor":47},{"not_picked":["christmas-Famine","christmas-War","christmas-Death"],"picked":"christmas-Plague+1","floor":47},{"not_picked":["Run Through+1","Flame Barrier+1","Defy Death","ReplayTheSpireMod:LeadingStrike"],"picked":"Singing Bowl","floor":48},{"not_picked":["Second Wind","Massacre","Bloodletting","Run Through"],"picked":"Singing Bowl","floor":55}],"player_experience":239769,"relics_obtained":[{"floor":1.0,"key":"Question Card"},{"floor":6.0,"key":"Blue Doll"},{"floor":8.0,"key":"Simple Rune"},{"floor":11.0,"key":"vexMod:Dragonfruit"},{"floor":14.0,"key":"Ginger"},{"floor":16.0,"key":"ImportantClient"},{"floor":24.0,"key":"Bottled Tornado"},{"floor":26.0,"key":"Replay:Bandana"},{"floor":27.0,"key":"Mirror"},{"floor":29.0,"key":"Prayer Wheel"},{"floor":31.0,"key":"InkBottle"},{"floor":37.0,"key":"ImprovedEquipment"},{"floor":40.0,"key":"MawBank"},{"floor":43,"key":"Replay:Mystery Machine"},{"floor":48,"key":"Frozen Egg 2"},{"floor":55,"key":"vexMod:MemoryStick"}],"event_choices":[{"damage_healed":0.0,"max_hp_gain":0.0,"max_hp_loss":0.0,"gold_gain":0.0,"event_name":"Living Wall","player_choice":"Grow","floor":3.0,"gold_loss":0.0,"damage_taken":0.0,"cards_upgraded":["MostiFishMod:NightSea"]},{"damage_healed":0.0,"max_hp_gain":0.0,"max_hp_loss":0.0,"gold_gain":0.0,"event_name":"FaceTrader","player_choice":"Trade","floor":19.0,"gold_loss":0.0,"damage_taken":0.0,"relics_obtained":["SsserpentHead"]},{"damage_healed":0.0,"max_hp_gain":0.0,"max_hp_loss":0.0,"gold_gain":0.0,"event_name":"Transmorgrifier","player_choice":"Ignored","floor":25.0,"gold_loss":0.0,"damage_taken":0.0},{"damage_healed":0,"gold_gain":0,"player_choice":"Copied","damage_taken":0,"max_hp_gain":0,"max_hp_loss":0,"event_name":"Duplicator","floor":42,"gold_loss":0,"cards_obtained":["MostiFishMod:HellRitual"]}],"is_beta":false,"boss_relics":[{"not_picked":["Ooze Armor","Calling Bell"],"picked":"vexMod:ImprovementManual"},{"not_picked":["ShadowXiaoBlade","Busted Crown"],"picked":"vexMod:EndlessSickness"}],"items_purged_floors":[22,30,46,54],"is_endless":false,"potions_floor_spawned":[1,8,10,11,13,14,21,24,27,33,36,40,41,47,48],"ascension_level":20}}