{"host":"agga6lej02o7kt08","time":1607686403,"event":{"mods":["Aspiration","BaseMod","Better Third Choice","Colored Map","Colored Powertips","Hermit","Hubris","Infinite Spire","Koishi","Marisa£¨Ùöéë¡¡Øª×âÞÞ£©","Minty Spire (QoL Compilation)","Reimu£¨ÚÏ???£©","Replay The Spire","Spicy Shops","StSLib","¡¼?Úª?ø«¡½REMEMod"],"gold_per_floor":[110,110,122,122,242,277,277,303,303,94,94,119,19,32,32,106,106,116,116,133,147,161,189,64,82,82,113,113,131,163,163,163,241,241,255,275,317,317,317,347,347,473,473,473,473,489,164,164,164,164,164,170,170,170,170,205,207],"floor_reached":58,"playtime":2964,"items_purged":["Injury","Koishi:BasicStrike","Koishi:BasicStrike","Koishi:BasicStrike","Koishi:BasicStrike","Koishi:BasicDefend","Koishi:BasicDefend"],"score":2280,"play_id":"b7c63363-251d-43a3-b958-d18ed67b9ceb","local_time":"20201211203323","is_ascension_mode":true,"campfire_choices":[{"data":"Koishi:RuptureMind","floor":7.0,"key":"SMITH"},{"data":"Koishi:HauntingSlash","floor":11.0,"key":"SMITH"},{"data":"UniversalSpiritual:ReiMu","floor":15.0,"key":"SMITH"},{"data":"Koishi:TerrifyingSpectre","floor":41.0,"key":"SMITH"},{"data":"Koishi:VengefulSpirit","floor":48.0,"key":"SMITH"},{"floor":51.0,"key":"RECALL"},{"data":"Koishi:StingingMind","floor":54,"key":"SMITH"}],"circlet_count":0,"master_deck":["AscendersBane","Koishi:BasicDefend","Koishi:BasicDefend","Koishi:Provoke","Koishi:HauntingSlash+1","UniversalSpiritual:ReiMu+1","Koishi:UnconsciousUrges","Koishi:RuptureMind+1","Koishi:EmbersOfLove+1","Koishi:TremblingHands","Koishi:PhilosophyOfTheDespised+1","Koishi:HeartStoppingHorror+1","Koishi:StingingMind+1","Koishi:DreadfulBlow","Koishi:TerrifyingSpectre+1","Koishi:PredatoryInstincts+1","infinitespire:Collect+1","Koishi:RacingHeart+1","Koishi:VengefulSpirit+1","infinitespire:Execution+1"],"relics":["Koishi:ImaginaryFriend","REME_ComplimentaryCards","hubris:Icosahedron","Toxic Egg 2","Koishi:TeethAndClaws","Vajra","Garlic","Omamori","Sling","infinitespire:PuzzleCube","ChewingGum","RuthlessExorcism:ReiMu","Matryoshka","Bronze Scales","Iron Hammer","Replay:Mystery Machine","hubris:Backtick","aspiration:HatOfInfinitePower","hubris:Reverence","aspiration:Lifesprig","infinitespire:Midas Blood","Akabeko","Toy Ornithopter","hubris:Towel","Pear"],"acts_visited":["Exordium","TheCity","TheBeyond","TheEnding"],"potions_floor_usage":[],"damage_taken":[{"damage":3.0,"enemies":"Cultist","floor":1.0,"turns":4.0},{"damage":2.0,"enemies":"Jaw Worm","floor":3.0,"turns":7.0},{"damage":3.0,"enemies":"2 Louse","floor":5.0,"turns":5.0},{"damage":42.0,"enemies":"3 Sentries","floor":6.0,"turns":12.0},{"damage":7.0,"enemies":"Lagavulin","floor":8.0,"turns":8.0},{"damage":2.0,"enemies":"3 Sentries","floor":12.0,"turns":6.0},{"damage":0.0,"enemies":"Gremlin Gang","floor":14.0,"turns":6.0},{"damage":14.0,"enemies":"Hexaghost","floor":16.0,"turns":11.0},{"damage":0.0,"enemies":"Shell Parasite","floor":18.0,"turns":6.0},{"damage":24.0,"enemies":"Spheric Guardian","floor":20.0,"turns":4.0},{"damage":5.0,"enemies":"3 Cultists","floor":21.0,"turns":6.0},{"damage":1.0,"enemies":"Centurion and Healer","floor":22.0,"turns":6.0},{"damage":0.0,"enemies":"Replay:Snechameleon","floor":23.0,"turns":7.0},{"damage":1.0,"enemies":"Snake Plant","floor":25.0,"turns":6.0},{"damage":25.0,"enemies":"Nightmare","floor":27.0,"turns":8.0},{"damage":4.0,"enemies":"Snecko","floor":29.0,"turns":5.0},{"damage":3.0,"enemies":"Gremlin Leader","floor":30.0,"turns":7.0},{"damage":6.0,"enemies":"Champ","floor":33.0,"turns":10.0},{"damage":11.0,"enemies":"Orb Walker","floor":35.0,"turns":3.0},{"damage":0.0,"enemies":"3 Darklings","floor":36.0,"turns":3.0},{"damage":0.0,"enemies":"R_Hoarder","floor":40.0,"turns":3.0},{"damage":0.0,"enemies":"Nemesis","floor":42.0,"turns":5.0},{"damage":13.0,"enemies":"Maw","floor":46.0,"turns":5.0},{"damage":11,"enemies":"hubris:GrandSnecko","floor":52,"turns":5},{"damage":0,"enemies":"Shield and Spear","floor":56,"turns":1},{"damage":2,"enemies":"The Heart","floor":57,"turns":3}],"seed_played":"6801683053240179213","potions_obtained":[{"floor":3.0,"key":"SpeedPotion"},{"floor":6.0,"key":"GamblersBrew"},{"floor":14.0,"key":"BlessingOfTheForge"},{"floor":19.0,"key":"LifebloodPotion"},{"floor":19.0,"key":"Dexterity Potion"},{"floor":25.0,"key":"Adrenaline Potion"},{"floor":27.0,"key":"Adrenaline Potion"},{"floor":36.0,"key":"Fire Potion"}],"is_trial":false,"path_per_floor":["M","?","M","?","M","E","R","E","T","$","R","E","$","M","R","B",null,"M","?","M","M","M","E","$","M","T","NM","?","M","E","AVR","R_BF","B",null,"M","M","?","AVR","?","E","R","E","PTL","PTL","T","M","$","R","?","$","R","B",null,"R","$","E","B",null],"character_chosen":"KOISHI","items_purchased":["Omamori","Sling"],"campfire_rested":0,"item_purchase_floors":[10,10],"current_hp_per_floor":[55,55,62,62,60,19,19,21,21,21,21,21,21,28,28,22,52,54,54,30,37,62,62,62,62,62,52,52,62,62,62,62,62,62,62,62,38,38,23,34,34,51,51,51,51,62,62,62,62,62,62,62,62,62,62,72,70],"gold":207,"neow_bonus":"TEN_PERCENT_HP_BONUS","is_daily":false,"chose_seed":false,"campfire_upgraded":6,"win_rate":0.0,"timestamp":1607686403,"path_taken":["M","?","M","?","M","E","R","E","T","$","R","E","$","M","R","BOSS","M","?","?","M","M","E","$","M","T","NM","?","M","E","AVR","R_BF","BOSS","M","M","?","AVR","?","E","R","E","PTL","PTL","T","M","$","R","?","?","R","BOSS","R","$","E","BOSS"],"items_purchased_type":["Relic","Relic"],"build_version":"2020-11-30","purchased_purges":7,"victory":true,"max_hp_per_floor":[62,62,62,62,62,62,62,62,62,62,62,62,62,62,62,62,62,62,62,62,62,62,62,62,62,62,62,62,62,62,62,62,62,62,62,62,62,62,62,62,62,62,62,62,62,62,62,62,62,62,62,62,62,62,62,72,72],"card_choices":[{"not_picked":["Koishi:DNAsFlaw","Koishi:ReleaseOfTheId","Koishi:ReflexRadar"],"picked":"SKIP","floor":1.0},{"not_picked":["Koishi:SpiritedAway","Koishi:HeartfeltFancy"],"picked":"Koishi:UnconsciousUrges","floor":3.0},{"not_picked":["Koishi:HeartAttack","Koishi:Catatonia","Koishi:PhantomStrike"],"picked":"SKIP","floor":5.0},{"not_picked":["Koishi:SpiritedAway","Koishi:SprinkleStarAndHeart+1"],"picked":"Koishi:RuptureMind","floor":6.0},{"not_picked":["Koishi:Vanish+1","Koishi:FourthEye+1"],"picked":"Koishi:EmbersOfLove+1","floor":8.0},{"not_picked":["Koishi:IdleWhim+1","Koishi:MindNumbingTerror"],"picked":"Koishi:TremblingHands","floor":12.0},{"not_picked":["Koishi:EmbryosDream+1","Koishi:SubconsciousSweep"],"picked":"Koishi:PhilosophyOfTheDespised+1","floor":14.0},{"not_picked":["Koishi:MindStellarRelief+1","Koishi:ConfinedInnocent"],"picked":"Koishi:HeartStoppingHorror","floor":16.0},{"not_picked":["Koishi:EmbersOfLove+1","Koishi:UnconsciousUprising+1"],"picked":"Koishi:StingingMind","floor":18.0},{"not_picked":["Koishi:UnconsciousUprising+1","Koishi:DreadfulBlow","Koishi:Jaunt+1"],"picked":"SKIP","floor":20.0},{"not_picked":["Koishi:UnconsciousUprising+1","Koishi:Jaunt+1"],"picked":"Koishi:DreadfulBlow","floor":20.0},{"not_picked":["Koishi:CatchAndRose+1","Koishi:PhilosophyOfTheDespised+1","Koishi:UnansweredLove+1"],"picked":"SKIP","floor":21.0},{"not_picked":["Koishi:SpiritedAway","Koishi:StrangeCloudFist","Koishi:StingingMind"],"picked":"SKIP","floor":22.0},{"not_picked":["Koishi:StingingMind","Koishi:DanmakuParanoia+1"],"picked":"Koishi:TerrifyingSpectre","floor":23.0},{"not_picked":["Koishi:Untouchable","Koishi:CatchAndRose+1","Koishi:StingingMind"],"picked":"SKIP","floor":25.0},{"not_picked":["Koishi:GhostParty+1","Koishi:UnconsciousUprising+1","Koishi:MindNumbingTerror"],"picked":"SKIP","floor":27.0},{"not_picked":["Koishi:SubterraneanRose+1","Koishi:GeneticsOfTheUnconscious+1","Koishi:GhostParty+1"],"picked":"SKIP","floor":29.0},{"not_picked":["Koishi:CatchAndRose+1","Koishi:PhilosophyOfTheDespised+1","Koishi:DreadfulBlow"],"picked":"SKIP","floor":30.0},{"not_picked":["Koishi:SpiritedAway","Koishi:ReflexRadar+1","Koishi:Bloodlust+1"],"picked":"SKIP","floor":35.0},{"not_picked":["Koishi:TremblingHands","Koishi:StingingMind+1","Koishi:Prune"],"picked":"SKIP","floor":36.0},{"not_picked":["Koishi:SpiritedAway","Koishi:SubconsciousSweep+1"],"picked":"Koishi:RacingHeart+1","floor":37.0},{"not_picked":["Koishi:PhantomBarrier+1","Koishi:GeneticsOfTheUnconscious+1"],"picked":"Koishi:VengefulSpirit","floor":37.0},{"not_picked":["infinitespire:Oblivion","ReplayTheSpireMod:Chaos Vortex"],"picked":"infinitespire:Execution","floor":39.0},{"not_picked":["Koishi:EmbersOfLove+1","Koishi:UnansweredLove+1","Koishi:PredatoryInstincts+1"],"picked":"SKIP","floor":40.0},{"not_picked":["Koishi:Jaunt","Koishi:Whimsy+1","Koishi:Prune"],"picked":"SKIP","floor":42.0},{"not_picked":["Koishi:UnconsciousUrges","Koishi:JumpScare+1","Koishi:Bloodlust+1"],"picked":"SKIP","floor":46.0},{"not_picked":["Koishi:LastRemote","Koishi:SubconsciousSweep","Koishi:ConditionedTeleport+1"],"picked":"SKIP","floor":56}],"player_experience":1240851,"relics_obtained":[{"floor":6.0,"key":"Koishi:TeethAndClaws"},{"floor":8.0,"key":"Vajra"},{"floor":9.0,"key":"Garlic"},{"floor":12.0,"key":"infinitespire:PuzzleCube"},{"floor":23.0,"key":"RuthlessExorcism:ReiMu"},{"floor":26.0,"key":"Matryoshka"},{"floor":27.0,"key":"Bronze Scales"},{"floor":30.0,"key":"Iron Hammer"},{"floor":37.0,"key":"hubris:Reverence"},{"floor":40.0,"key":"infinitespire:Midas Blood"},{"floor":42.0,"key":"Akabeko"},{"floor":45.0,"key":"Toy Ornithopter"},{"floor":56,"key":"Pear"}],"event_choices":[{"damage_healed":0.0,"max_hp_gain":0.0,"max_hp_loss":0.0,"gold_gain":0.0,"event_name":"Lab","player_choice":"Got Potions","floor":19.0,"gold_loss":0.0,"damage_taken":0.0},{"damage_healed":0.0,"max_hp_gain":0.0,"max_hp_loss":0.0,"gold_gain":0.0,"event_name":"The Library","player_choice":"Read","floor":28.0,"gold_loss":0.0,"damage_taken":0.0,"cards_obtained":["Koishi:PredatoryInstincts"]}],"is_beta":false,"boss_relics":[{"not_picked":["Replay:Drink Me","ReplayTheSpireMod:SealedPack"],"picked":"ChewingGum"},{"not_picked":["aspiration:SecretTechniqueScroll","Fusion Hammer"],"picked":"hubris:Backtick"}],"items_purged_floors":[10,13,24,31,38,47,47],"is_endless":false,"potions_floor_spawned":[3,6,14,21,23,25,27,36],"ascension_level":14}}