{"host":"e87rn453naquue3h","time":1607726246,"event":{"mods":["AchievementEnabler","BaseMod","Minty Spire (QoL Compilation)","Relic Stats","StSLib"],"gold_per_floor":[110,129,129,145,115,115,115,115],"floor_reached":7,"playtime":248,"items_purged":[],"score":62,"play_id":"b54d03c2-91f6-4b08-8aae-81101be3d7a3","local_time":"20201211173726","is_ascension_mode":true,"campfire_choices":[{"floor":6,"key":"REST"}],"circlet_count":0,"master_deck":["AscendersBane","Strike_P","Strike_P","Strike_P","Strike_P","Defend_P","Defend_P","Defend_P","Defend_P","Eruption","Vigilance","DevaForm","TalkToTheHand","Consecrate"],"relics":["PureWater","Omamori"],"acts_visited":["Exordium"],"potions_floor_usage":[7],"damage_taken":[{"damage":6,"enemies":"Jaw Worm","floor":1,"turns":4},{"damage":0,"enemies":"Small Slimes","floor":2,"turns":3},{"damage":7,"enemies":"Cultist","floor":4,"turns":3},{"damage":40,"enemies":"3 Sentries","floor":7,"turns":6}],"seed_played":"-5798143921752813291","potions_obtained":[{"floor":1,"key":"DuplicationPotion"},{"floor":5,"key":"Ancient Potion"},{"floor":5,"key":"StancePotion"}],"is_trial":false,"path_per_floor":["M","M","?","M","?","R","E"],"character_chosen":"WATCHER","items_purchased":[],"campfire_rested":1,"item_purchase_floors":[],"current_hp_per_floor":[41,41,23,16,16,37,0,0],"gold":115,"neow_bonus":"THREE_RARE_CARDS","is_daily":false,"chose_seed":false,"campfire_upgraded":0,"win_rate":0.0,"timestamp":1607726246,"path_taken":["M","M","?","M","?","R","E"],"items_purchased_type":[],"build_version":"2020-11-30","purchased_purges":0,"victory":false,"max_hp_per_floor":[72,72,72,72,72,72,72,72],"relic_stats":{"counters":[4,16],"obtain_stats":[{"Omamori":3,"PureWater":0},{"Omamori":2,"PureWater":0},{"Omamori":7,"PureWater":0}]},"card_choices":[{"not_picked":["Alpha","Vault"],"picked":"DevaForm","floor":0},{"not_picked":["Protect","SashWhip"],"picked":"TalkToTheHand","floor":1},{"not_picked":["EmptyBody","WindmillStrike"],"picked":"Consecrate","floor":2},{"not_picked":["ForeignInfluence","BowlingBash","EmptyBody"],"picked":"SKIP","floor":4}],"player_experience":2245780,"relics_obtained":[],"event_choices":[{"damage_healed":0,"gold_gain":0,"player_choice":"Success","damage_taken":18,"relics_obtained":["Omamori"],"max_hp_gain":0,"max_hp_loss":0,"event_name":"Scrap Ooze","floor":3,"gold_loss":0},{"damage_healed":0,"gold_gain":0,"player_choice":"Bought 2 Potions","damage_taken":0,"max_hp_gain":0,"max_hp_loss":0,"event_name":"The Woman in Blue","floor":5,"gold_loss":0}],"is_beta":false,"boss_relics":[],"items_purged_floors":[],"is_endless":false,"potions_floor_spawned":[1],"killed_by":"3 Sentries","ascension_level":10}}