{"host":"0tiuc76yumknr6qf","time":1607729037,"event":{"mods":["BaseMod","Minty Spire (QoL Compilation)","StSLib"],"gold_per_floor":[116,130,140,157,56,56,87,137,137,147,61,61,72,92,92,171,171,188,205,215,215,55,90,90,122,122,138,138,51,51,68,68,142,142,155,116,116,116,2,2,2],"floor_reached":40,"playtime":2900,"items_purged":["Predator+1"],"score":902,"play_id":"ae7cfd32-be29-46f5-a4c0-e1e403848103","local_time":"20201211172357","is_ascension_mode":true,"campfire_choices":[{"data":"Crippling Poison","floor":6.0,"key":"SMITH"},{"data":"Predator","floor":12,"key":"SMITH"},{"data":"Bane","floor":15,"key":"SMITH"},{"floor":24,"key":"REST"},{"data":"After Image","floor":32,"key":"SMITH"}],"circlet_count":0,"master_deck":["AscendersBane","Defend_G","Defend_G","Defend_G","Defend_G","Survivor","Neutralize","Blade Dance","Deadly Poison","Bane+1","Crippling Poison+1","Acrobatics","Adrenaline","Accuracy","Footwork","Poisoned Stab","Noxious Fumes","After Image+1","Prepared","Dodge and Roll","Bite","Bite","Bite","Bite","Bite","Blur","Adrenaline","Deflect","PiercingWail","Dodge and Roll","Dagger Throw","Heel Hook+1","Wraith Form v2","Footwork","Noxious Fumes"],"relics":["Ring of the Snake","MealTicket","PreservedInsect","Mercury Hourglass","Runic Pyramid","TwistedFunnel","Peace Pipe","Shuriken","Bird Faced Urn","WristBlade"],"acts_visited":["Exordium","TheCity","TheBeyond"],"potions_floor_usage":[7,20,25,33,40],"damage_taken":[{"damage":3.0,"enemies":"Cultist","floor":1.0,"turns":4.0},{"damage":3.0,"enemies":"Small Slimes","floor":2.0,"turns":5.0},{"damage":4.0,"enemies":"Jaw Worm","floor":3.0,"turns":4.0},{"damage":3.0,"enemies":"Looter","floor":4.0,"turns":3.0},{"damage":8,"enemies":"Gremlin Nob","floor":7,"turns":3},{"damage":3,"enemies":"3 Louse","floor":10,"turns":2},{"damage":2,"enemies":"Large Slime","floor":13,"turns":4},{"damage":8,"enemies":"Looter","floor":14,"turns":2},{"damage":13,"enemies":"Slime Boss","floor":16,"turns":8},{"damage":25,"enemies":"2 Thieves","floor":18,"turns":4},{"damage":17,"enemies":"Spheric Guardian","floor":19,"turns":8},{"damage":13,"enemies":"Snake Plant","floor":20,"turns":5},{"damage":14,"enemies":"Gremlin Leader","floor":23,"turns":6},{"damage":13,"enemies":"Book of Stabbing","floor":25,"turns":6},{"damage":6,"enemies":"Chosen and Byrds","floor":27,"turns":5},{"damage":8,"enemies":"Shelled Parasite and Fungi","floor":31,"turns":4},{"damage":49,"enemies":"Automaton","floor":33,"turns":13},{"damage":6,"enemies":"3 Shapes","floor":35,"turns":4},{"damage":54,"enemies":"Giant Head","floor":40,"turns":9}],"seed_played":"-162858700567150724","potions_obtained":[{"floor":1.0,"key":"FearPotion"},{"floor":4.0,"key":"GamblersBrew"},{"floor":13,"key":"EssenceOfSteel"},{"floor":23,"key":"Fire Potion"},{"floor":25,"key":"ColorlessPotion"},{"floor":35,"key":"BlessingOfTheForge"}],"is_trial":false,"path_per_floor":["M","M","M","M","$","R","E","?","T","M","$","R","M","M","R","B",null,"M","M","M","?","$","E","R","E","T","M","?","$","?","M","R","B",null,"M","$","?","?","$","E"],"character_chosen":"THE_SILENT","items_purchased":["Crippling Poison","Acrobatics","Footwork","TwistedFunnel","Deflect","PiercingWail","Footwork","Noxious Fumes"],"campfire_rested":1,"item_purchase_floors":[5,5,11,22,29,29,36,39],"current_hp_per_floor":[56,53,49,46,61,61,53,53,53,50,65,65,63,55,55,42,60,35,18,5,5,20,18,31,26,26,30,30,45,45,44,44,5,36,40,46,46,44,44,0,0],"gold":2,"neow_bonus":"RANDOM_COMMON_RELIC","is_daily":false,"chose_seed":false,"campfire_upgraded":4,"win_rate":0.0,"timestamp":1607729037,"path_taken":["M","M","?","M","$","R","E","?","T","M","$","R","?","M","R","BOSS","M","M","M","?","$","E","R","E","T","M","?","$","?","M","R","BOSS","M","$","?","?","?","E"],"items_purchased_type":["Card","Card","Card","Relic","Card","Card","Card","Card"],"build_version":"2020-11-30","purchased_purges":1,"victory":false,"max_hp_per_floor":[66,66,66,66,66,66,66,66,66,66,66,66,66,66,66,66,66,66,66,66,46,46,46,46,46,46,46,46,46,46,46,46,46,46,46,46,46,44,44,44,44],"card_choices":[{"not_picked":["Expertise","Underhanded Strike"],"picked":"Blade Dance","floor":1.0},{"not_picked":["Acrobatics","Blade Dance"],"picked":"Predator","floor":2.0},{"not_picked":["PiercingWail","Blade Dance"],"picked":"Deadly Poison","floor":3.0},{"not_picked":["Outmaneuver","Dodge and Roll"],"picked":"Bane","floor":4.0},{"not_picked":["Prepared","Dodge and Roll"],"picked":"Adrenaline","floor":7},{"not_picked":["Calculated Gamble","Masterful Stab"],"picked":"Accuracy","floor":10},{"not_picked":["Setup","Glass Knife"],"picked":"Poisoned Stab","floor":13},{"not_picked":["Distraction","Outmaneuver"],"picked":"Noxious Fumes","floor":14},{"not_picked":["Bullet Time","Storm of Steel"],"picked":"After Image","floor":16},{"not_picked":["Dodge and Roll","Heel Hook"],"picked":"Prepared","floor":18},{"not_picked":["Heel Hook","Dagger Throw"],"picked":"Prepared","floor":19},{"not_picked":["Blade Dance","Flying Knee"],"picked":"Dodge and Roll","floor":20},{"not_picked":["Deflect","Caltrops"],"picked":"Blur","floor":23},{"not_picked":["Blade Dance","Terror"],"picked":"Adrenaline","floor":25},{"not_picked":["Endless Agony","Finisher","Acrobatics"],"picked":"SKIP","floor":27},{"not_picked":["Prepared","Acrobatics"],"picked":"Heel Hook+1","floor":31},{"not_picked":["Tools of the Trade","Bullet Time"],"picked":"Wraith Form v2","floor":33},{"not_picked":["Dagger Throw","Dagger Spray+1","All Out Attack"],"picked":"SKIP","floor":35}],"player_experience":1785271,"relics_obtained":[{"floor":7,"key":"PreservedInsect"},{"floor":9,"key":"Mercury Hourglass"},{"floor":23,"key":"Peace Pipe"},{"floor":25,"key":"Shuriken"},{"floor":26,"key":"Bird Faced Urn"}],"event_choices":[{"damage_healed":0,"gold_gain":50,"player_choice":"Pray","damage_taken":0,"max_hp_gain":0,"max_hp_loss":0,"event_name":"Golden Shrine","floor":8,"gold_loss":0},{"damage_healed":0,"gold_gain":0,"player_choice":"Became a vampire","damage_taken":0,"max_hp_gain":0,"max_hp_loss":20,"event_name":"Vampires","floor":21,"gold_loss":0,"cards_obtained":["Bite","Bite","Bite","Bite","Bite"]},{"damage_healed":0,"gold_gain":0,"player_choice":"Ignored","damage_taken":0,"max_hp_gain":0,"max_hp_loss":0,"event_name":"Cursed Tome","floor":28,"gold_loss":0},{"damage_healed":0,"gold_gain":0,"cards_transformed":["Defend_G","Prepared"],"player_choice":"Became Test Subject","damage_taken":0,"max_hp_gain":0,"max_hp_loss":0,"event_name":"Drug Dealer","floor":30,"gold_loss":0,"cards_obtained":["Dodge and Roll","Dagger Throw"]},{"damage_healed":0,"gold_gain":0,"player_choice":"Ignored","damage_taken":0,"max_hp_gain":0,"max_hp_loss":0,"event_name":"Tomb of Lord Red Mask","floor":37,"gold_loss":0},{"damage_healed":0,"gold_gain":0,"player_choice":"Max HP","damage_taken":0,"max_hp_gain":0,"max_hp_loss":2,"event_name":"Winding Halls","floor":38,"gold_loss":0}],"is_beta":false,"boss_relics":[{"not_picked":["Fusion Hammer","Calling Bell"],"picked":"Runic Pyramid"},{"not_picked":["Pandora\u0027s Box","Astrolabe"],"picked":"WristBlade"}],"items_purged_floors":[39],"is_endless":false,"potions_floor_spawned":[1,4,13,14,23,25,35],"killed_by":"Giant Head","ascension_level":20}}