{"host":"v5cv2be8l9w346zm","time":1607702613,"event":{"mods":["AchievementEnabler","BaseMod","BetterRewards","Colored Map","Colored Powertips","Minty Spire (QoL Compilation)","Relic Stats"],"gold_per_floor":[115,15,15,15,15,15,37,90,90,110,126,139,139,139,139,241,241,251,251,251,166,166,196,196,223,223,249,249,10,10,10,10,108,108,127,127,127,137,0,0,34,84,133,133,161,161,193,75,75,75,75,75,25,59,59],"floor_reached":56,"playtime":2422,"items_purged":["Strike_R","Strike_R","Strike_R+1","Strike_R+1"],"score":1928,"play_id":"4f021170-d223-4ece-b7bc-ed0d3f276b01","local_time":"20201211110333","is_ascension_mode":true,"campfire_choices":[{"data":"Bash","floor":6,"key":"SMITH"},{"data":"True Grit","floor":15,"key":"SMITH"},{"data":"Pommel Strike","floor":24,"key":"SMITH"},{"data":"RitualDagger","floor":32,"key":"SMITH"},{"data":"Limit Break","floor":40,"key":"SMITH"},{"floor":49,"key":"RECALL"},{"data":"Sword Boomerang","floor":52,"key":"SMITH"}],"circlet_count":0,"master_deck":["Defend_R+1","Defend_R+1","Defend_R+1","Bash+1","Pommel Strike+1","Panache","Shrug It Off","Rage","Clothesline+1","Sword Boomerang+1","True Grit+1","Reaper","Flex+1","Anger","Seeing Red","Corruption+1","Burning Pact","RitualDagger+1","Limit Break+1","Iron Wave+1","Madness","Madness","Feel No Pain","Flame Barrier+1","Spot Weakness+1","Feel No Pain","Shockwave+1","Ghostly Armor+1","Inflame+1"],"relics":["Burning Blood","Shuriken","Tiny Chest","FossilizedHelix","Odd Mushroom","Lantern","WingedGreaves","Smiling Mask","Sozu","Pantograph","Charon\u0027s Ashes","Anchor","Juzu Bracelet","Singing Bowl","Red Skull","Happy Flower","Ornamental Fan","Calling Bell","Bag of Preparation","Darkstone Periapt","Gambling Chip","Red Mask","Toxic Egg 2","Magic Flower","Strawberry","Lizard Tail","Peace Pipe","Frozen Egg 2","Mercury Hourglass"],"acts_visited":["Exordium","TheCity","TheBeyond","TheEnding"],"potions_floor_usage":[7,23,55,55],"damage_taken":[{"damage":0,"enemies":"Small Slimes","floor":1,"turns":3},{"damage":6,"enemies":"The Mushroom Lair","floor":7,"turns":5},{"damage":0,"enemies":"Jaw Worm","floor":10,"turns":3},{"damage":0,"enemies":"2 Louse","floor":11,"turns":2},{"damage":0,"enemies":"Gremlin Gang","floor":12,"turns":3},{"damage":42,"enemies":"Slime Boss","floor":16,"turns":14},{"damage":15,"enemies":"2 Thieves","floor":18,"turns":4},{"damage":24,"enemies":"Slavers","floor":23,"turns":6},{"damage":0,"enemies":"Gremlin Leader","floor":25,"turns":4},{"damage":25,"enemies":"Slavers","floor":27,"turns":5},{"damage":57,"enemies":"Automaton","floor":33,"turns":9},{"damage":0,"enemies":"Orb Walker","floor":35,"turns":3},{"damage":12,"enemies":"3 Darklings","floor":38,"turns":4},{"damage":0,"enemies":"Giant Head","floor":41,"turns":7},{"damage":0,"enemies":"Mind Bloom Boss Battle","floor":42,"turns":4},{"damage":15,"enemies":"Nemesis","floor":45,"turns":6},{"damage":0,"enemies":"Giant Head","floor":47,"turns":7},{"damage":70,"enemies":"Donu and Deca","floor":50,"turns":9},{"damage":46,"enemies":"Shield and Spear","floor":54,"turns":7},{"damage":27,"enemies":"The Heart","floor":55,"turns":8}],"seed_played":"5131997182365984859","potions_obtained":[{"floor":1,"key":"SteroidPotion"},{"floor":10,"key":"Strength Potion"},{"floor":11,"key":"ElixirPotion"},{"floor":16,"key":"SteroidPotion"}],"is_trial":false,"path_per_floor":["M","$","?","?","$","R","?","T","T","M","M","M","?","T","R","B",null,"M","T","?","?","?","E","R","E","T","E","T","$","?","?","R","B",null,"M","T","?","M","?","R","E","?","T","T","E","?","E","$","R","B",null,"R","$","E","B",null],"character_chosen":"IRONCLAD","items_purchased":["Shuriken","Tiny Chest","Pommel Strike","Shrug It Off","Ornamental Fan","Ghostly Armor+1"],"campfire_rested":0,"item_purchase_floors":[0,0,0,0,29,48],"current_hp_per_floor":[60,60,48,41,41,41,41,41,41,47,53,59,43,43,43,7,80,71,71,71,71,71,65,65,80,80,61,61,61,61,55,55,29,80,80,80,70,64,64,64,80,80,87,87,83,83,89,89,89,83,89,89,89,60,74],"gold":59,"neow_bonus":"","is_daily":false,"chose_seed":false,"campfire_upgraded":6,"win_rate":0.0,"timestamp":1607702613,"path_taken":["M","$","?","?","$","R","?","?","T","?","M","M","?","?","R","BOSS","M","?","?","?","?","E","R","E","T","E","?","?","?","?","R","BOSS","M","?","?","M","?","R","E","?","T","?","E","?","E","$","R","BOSS","R","$","E","BOSS"],"items_purchased_type":["Relic","Relic","Card","Card","Relic","Card"],"build_version":"2020-11-30","purchased_purges":4,"victory":true,"max_hp_per_floor":[80,80,80,80,80,80,80,80,80,80,80,80,80,80,80,80,80,80,80,80,80,80,80,80,80,80,80,80,80,80,80,80,80,80,80,80,80,80,80,80,80,80,87,87,89,89,89,89,89,89,89,89,89,89,89],"relic_stats":{"Darkstone Periapt":0,"Singing Bowl":2,"Happy Flower":[21],"counters":[47,282],"Magic Flower":[19],"Charon\u0027s Ashes":[427],"Juzu Bracelet":3,"Bag of Preparation":[20],"Smiling Mask":175,"Burning Blood":106,"Mercury Hourglass":[24],"Sozu":20,"Peace Pipe":0,"Lizard Tail":0,"Shuriken":[30],"Ornamental Fan":[84],"Pantograph":55,"Gambling Chip":[20],"Tiny Chest":5,"obtain_stats":[{"Darkstone Periapt":34,"Lantern":54,"Singing Bowl":26,"Magic Flower":42,"Snake Skull":4,"Juzu Bracelet":40,"Bag of Preparation":54,"Whetstone":8,"Ancient Tea Set":37,"Smiling Mask":14,"Old Coin":48,"Sozu":17,"Tough Bandages":6,"Centennial Puzzle":9,"Lizard Tail":44,"HornCleat":53,"DollysMirror":28,"Mummified Hand":28,"Pantograph":23,"Gambling Chip":34,"Strawberry":43,"Tiny Chest":0,"WingedGreaves":9,"Red Mask":39,"Toxic Egg 2":41,"Red Skull":27,"Ring of the Snake":0,"The Specimen":43,"Happy Flower":28,"Charon\u0027s Ashes":21,"Omamori":40,"Orichalcum":37,"Paper Crane":42,"Odd Mushroom":7,"Frozen Egg 2":47,"Mercury Hourglass":54,"Calling Bell":34,"Peace Pipe":45,"Cauldron":53,"Anchor":23,"Shuriken":0,"Ornamental Fan":29,"Bird Faced Urn":42,"Black Star":34,"Membership Card":4,"Bottled Lightning":48,"FossilizedHelix":3,"Meat on the Bone":12},{"Darkstone Periapt":38,"Lantern":26,"Singing Bowl":36,"Magic Flower":42,"Snake Skull":2,"Juzu Bracelet":18,"Bag of Preparation":26,"Whetstone":3,"Ancient Tea Set":16,"Smiling Mask":32,"Old Coin":24,"Sozu":5,"Tough Bandages":3,"Centennial Puzzle":3,"Lizard Tail":42,"HornCleat":25,"DollysMirror":10,"Mummified Hand":10,"Pantograph":9,"Gambling Chip":38,"Strawberry":42,"Tiny Chest":27,"WingedGreaves":29,"Red Mask":40,"Toxic Egg 2":41,"Red Skull":37,"Ring of the Snake":0,"The Specimen":20,"Happy Flower":37,"Charon\u0027s Ashes":34,"Omamori":18,"Orichalcum":16,"Paper Crane":20,"Odd Mushroom":29,"Frozen Egg 2":44,"Mercury Hourglass":46,"Calling Bell":38,"Peace Pipe":43,"Cauldron":25,"Anchor":35,"Shuriken":27,"Ornamental Fan":37,"Bird Faced Urn":20,"Black Star":14,"Membership Card":2,"Bottled Lightning":24,"FossilizedHelix":28,"Meat on the Bone":4},{"Darkstone Periapt":227,"Lantern":160,"Singing Bowl":213,"Magic Flower":245,"Snake Skull":11,"Juzu Bracelet":101,"Bag of Preparation":160,"Whetstone":17,"Ancient Tea Set":87,"Smiling Mask":185,"Old Coin":140,"Sozu":26,"Tough Bandages":17,"Centennial Puzzle":17,"Lizard Tail":245,"HornCleat":152,"DollysMirror":49,"Mummified Hand":49,"Pantograph":43,"Gambling Chip":227,"Strawberry":245,"Tiny Chest":169,"WingedGreaves":177,"Red Mask":234,"Toxic Egg 2":241,"Red Skull":218,"Ring of the Snake":0,"The Specimen":117,"Happy Flower":218,"Charon\u0027s Ashes":203,"Omamori":101,"Orichalcum":87,"Paper Crane":117,"Odd Mushroom":177,"Frozen Egg 2":258,"Mercury Hourglass":274,"Calling Bell":227,"Peace Pipe":251,"Cauldron":152,"Anchor":209,"Shuriken":169,"Ornamental Fan":218,"Bird Faced Urn":117,"Black Star":76,"Membership Card":11,"Bottled Lightning":140,"FossilizedHelix":172,"Meat on the Bone":20}]},"card_choices":[{"not_picked":["Heavy Blade","Shrug It Off","Shockwave"],"picked":"SKIP","floor":1},{"not_picked":["Flex","Warcry"],"picked":"Rage","floor":7},{"not_picked":["Rage","Headbutt"],"picked":"Clothesline","floor":10},{"not_picked":["Flex","Thunderclap"],"picked":"Sword Boomerang","floor":11},{"not_picked":["Rupture","Clothesline"],"picked":"True Grit","floor":12},{"not_picked":["Brutality","Exhume"],"picked":"Reaper","floor":16},{"not_picked":["Sever Soul+1","Twin Strike"],"picked":"Flex+1","floor":18},{"not_picked":["Headbutt+1","Rupture+1","Thunderclap"],"picked":"SKIP","floor":23},{"not_picked":["Rage","Thunderclap"],"picked":"Corruption","floor":25},{"not_picked":["Warcry","Wild Strike"],"picked":"Burning Pact","floor":27},{"not_picked":["Demon Form","Juggernaut"],"picked":"Limit Break","floor":33},{"not_picked":["Hemokinesis+1","Second Wind"],"picked":"Iron Wave+1","floor":35},{"not_picked":["Iron Wave","Fire Breathing+1"],"picked":"Feel No Pain","floor":38},{"not_picked":["Anger","Inflame"],"picked":"Flame Barrier+1","floor":41},{"not_picked":["Anger","Twin Strike"],"picked":"Spot Weakness+1","floor":42},{"not_picked":["Burning Pact+1","Pommel Strike+1","Heavy Blade"],"picked":"Singing Bowl","floor":45},{"not_picked":["True Grit+1","Power Through+1"],"picked":"Shockwave+1","floor":47},{"not_picked":["Pommel Strike+1","Thunderclap"],"picked":"Inflame+1","floor":54}],"player_experience":123216,"relics_obtained":[{"floor":7,"key":"Odd Mushroom"},{"floor":8,"key":"Lantern"},{"floor":9,"key":"WingedGreaves"},{"floor":14,"key":"Smiling Mask"},{"floor":19,"key":"Pantograph"},{"floor":23,"key":"Anchor"},{"floor":25,"key":"Juzu Bracelet"},{"floor":26,"key":"Singing Bowl"},{"floor":27,"key":"Red Skull"},{"floor":28,"key":"Happy Flower"},{"floor":34,"key":"Bag of Preparation"},{"floor":34,"key":"Darkstone Periapt"},{"floor":34,"key":"Gambling Chip"},{"floor":41,"key":"Toxic Egg 2"},{"floor":42,"key":"Magic Flower"},{"floor":43,"key":"Strawberry"},{"floor":44,"key":"Lizard Tail"},{"floor":45,"key":"Peace Pipe"},{"floor":47,"key":"Frozen Egg 2"},{"floor":54,"key":"Mercury Hourglass"}],"event_choices":[{"damage_healed":0,"gold_gain":0,"player_choice":"Success","damage_taken":12,"relics_obtained":["FossilizedHelix"],"max_hp_gain":0,"max_hp_loss":0,"event_name":"Scrap Ooze","floor":3,"gold_loss":0},{"cards_removed":["Defend_R"],"damage_healed":0,"gold_gain":0,"player_choice":"Card Removal","damage_taken":7,"max_hp_gain":0,"max_hp_loss":0,"event_name":"Golden Wing","floor":4,"gold_loss":0},{"damage_healed":0,"gold_gain":0,"player_choice":"Fought Mushrooms","damage_taken":0,"max_hp_gain":0,"max_hp_loss":0,"event_name":"Mushrooms","floor":7,"gold_loss":0},{"damage_healed":0,"gold_gain":0,"player_choice":"Entered Light","damage_taken":16,"max_hp_gain":0,"max_hp_loss":0,"event_name":"Shining Light","floor":13,"gold_loss":0,"cards_upgraded":["Clothesline","Defend_R"]},{"damage_healed":0,"gold_gain":0,"player_choice":"Simplicity","damage_taken":0,"max_hp_gain":0,"max_hp_loss":0,"event_name":"Back to Basics","floor":20,"gold_loss":0,"cards_upgraded":["Strike_R","Strike_R","Strike_R","Defend_R","Defend_R"]},{"damage_healed":0,"gold_gain":0,"player_choice":"Obtained Relic","damage_taken":0,"relics_obtained":["Charon\u0027s Ashes"],"max_hp_gain":0,"max_hp_loss":0,"event_name":"Addict","floor":21,"gold_loss":85},{"damage_healed":0,"gold_gain":0,"player_choice":"2 cards matched","damage_taken":0,"max_hp_gain":0,"max_hp_loss":0,"event_name":"Match and Keep!","floor":22,"gold_loss":0,"cards_obtained":["Anger","Seeing Red"]},{"damage_healed":0,"gold_gain":0,"player_choice":"Upgraded","damage_taken":0,"max_hp_gain":0,"max_hp_loss":0,"event_name":"Upgrade Shrine","floor":30,"gold_loss":0,"cards_upgraded":["Corruption"]},{"damage_healed":0,"gold_gain":0,"player_choice":"Joined the Cult","damage_taken":6,"max_hp_gain":0,"max_hp_loss":0,"event_name":"Nest","floor":31,"gold_loss":0,"cards_obtained":["RitualDagger"]},{"damage_healed":0,"gold_gain":0,"player_choice":"Embrace Madness","damage_taken":10,"max_hp_gain":0,"max_hp_loss":0,"event_name":"Winding Halls","floor":37,"gold_loss":0,"cards_obtained":["Madness","Madness"]},{"damage_healed":0,"gold_gain":0,"player_choice":"Paid","damage_taken":0,"relics_obtained":["Red Mask"],"max_hp_gain":0,"max_hp_loss":0,"event_name":"Tomb of Lord Red Mask","floor":39,"gold_loss":137},{"damage_healed":0,"gold_gain":0,"player_choice":"Fight","damage_taken":0,"max_hp_gain":0,"max_hp_loss":0,"event_name":"MindBloom","floor":42,"gold_loss":0},{"damage_healed":0,"gold_gain":0,"cards_transformed":["Strike_R"],"player_choice":"Transformed","damage_taken":0,"max_hp_gain":0,"max_hp_loss":0,"event_name":"Transmorgrifier","floor":46,"gold_loss":0,"cards_obtained":["Feel No Pain"]}],"is_beta":false,"boss_relics":[{"not_picked":["Velvet Choker","SlaversCollar"],"picked":"Sozu"},{"not_picked":["Runic Cube","Runic Dome"],"picked":"Calling Bell"}],"items_purged_floors":[0,2,48,53],"is_endless":false,"potions_floor_spawned":[1,10,11,16,23,25,38,41,42,47],"ascension_level":4}}