{"host":"cz3p2o9n3b1gdmkz","time":1607698153,"event":{"mods":["AchievementEnabler","BaseMod","CapriCore","GungeonMod","Hermit","Minty Spire (QoL Compilation)","Replay The Spire","Shop Mod","StSLib","SuperFastMode","The Cursed","The Dragon Tamer","The Gatherer","The Jungle","The Poker Player"],"gold_per_floor":[110,43,55,66,66,98,98,117,166,198,51,51,64,99,99,203,203,215,230,244,90,107,141,141,173,222,240,240,269,19,34,34,139,139,156,156,156,156,176,176,203,230,230,263,279,279,290,290,290,290,290,290,85,120,120],"floor_reached":56,"playtime":4169,"items_purged":["Gatherer:Strike_Gatherer","Gatherer:Defend_Gatherer"],"score":1868,"play_id":"df6d9c4d-79da-43e2-9a71-1d5c7af4d65f","local_time":"20201211234913","is_ascension_mode":true,"metric_token":989,"campfire_choices":[{"data":"Gatherer:Centralize","floor":7.0,"key":"SMITH"},{"data":"Gatherer:FlowerBeam","floor":12.0,"key":"SMITH"},{"data":"Gatherer:FlowerBeam+1","floor":15.0,"key":"SMITH"},{"data":"Gatherer:FlowerFalling+1","floor":24.0,"key":"SMITH"},{"data":"Gatherer:FlowerPower+1","floor":32.0,"key":"SMITH"},{"data":"Gatherer:Overflowing","floor":40,"key":"SMITH"},{"floor":49,"key":"RECALL"},{"data":"Gatherer:FlowerShield+1","floor":52,"key":"SMITH"}],"circlet_count":0,"master_deck":["Gatherer:Strike_Gatherer","Gatherer:Strike_Gatherer","Gatherer:Defend_Gatherer+1","Gatherer:Defend_Gatherer","Gatherer:Centralize+1","Gatherer:FlowerWhip+2","Gatherer:QuickSynthesis","Gatherer:FlowerBeam+3","Gatherer:FlowerPower+2","Gatherer:ScherryThrow","Gatherer:FlowerFalling+2","Gatherer:AlchemyTrial","Gatherer:Overflowing","Gatherer:Overflowing+1","Gatherer:QuickSynthesis+1","Gatherer:Nutrients+1","Gatherer:MindSearch+1","Gatherer:ScherryThrow+1","Gatherer:FragileHammer+1","Gatherer:ScherryThrow+1","Panache","Gatherer:TacticalStrike+1","Gatherer:Photoscythe+1","Dark Shackles","Mind Blast+1","Gatherer:FlowerFalling+1","Gatherer:TacticalStrike+1","Gatherer:FlowerShield+2","Gatherer:FlowerPower+2","Gatherer:ScentOfRosmari"],"relics":["Gatherer:MiracleBag","NeowsBlessing","Mango","DemoMod:SuperHotWatch","Toy Ornithopter","ReplayFunnel","Empty Cage","Whetstone","DemoMod:JetPack","Molten Egg 2","War Paint","Red Mask","Blood Vial","Boot","Anchor","Iron Hammer","Replay:Bottled Flurry"],"acts_visited":["Exordium","TheCity","TheBeyond","TheEnding"],"potions_floor_usage":[38,39,41,44,45,50,53,54,55,55,55,55,55,55,55,55],"damage_taken":[{"damage":0.0,"enemies":"Cultist","floor":1.0,"turns":1.0},{"damage":0.0,"enemies":"Small Slimes","floor":3.0,"turns":1.0},{"damage":0.0,"enemies":"Jaw Worm","floor":4.0,"turns":1.0},{"damage":12.0,"enemies":"Lagavulin","floor":6.0,"turns":7.0},{"damage":7.0,"enemies":"Looter","floor":8.0,"turns":3.0},{"damage":27.0,"enemies":"Gremlin Nob","floor":10.0,"turns":4.0},{"damage":7.0,"enemies":"Blue Slaver","floor":13.0,"turns":2.0},{"damage":20.0,"enemies":"Lagavulin","floor":14.0,"turns":8.0},{"damage":2.0,"enemies":"Hexaghost","floor":16.0,"turns":9.0},{"damage":6.0,"enemies":"Spheric Guardian","floor":18.0,"turns":4.0},{"damage":5.0,"enemies":"2 Thieves","floor":19.0,"turns":5.0},{"damage":0.0,"enemies":"Centurion and Healer","floor":20.0,"turns":7.0},{"damage":0.0,"enemies":"Snake Plant","floor":22.0,"turns":5.0},{"damage":0.0,"enemies":"Replay:Snechameleon","floor":23.0,"turns":9.0},{"damage":0.0,"enemies":"Book of Stabbing","floor":25.0,"turns":6.0},{"damage":0.0,"enemies":"3 Cultists","floor":27.0,"turns":4.0},{"damage":0.0,"enemies":"Masked Bandits","floor":29.0,"turns":3.0},{"damage":0.0,"enemies":"Shelled Parasite and Fungi","floor":31.0,"turns":3.0},{"damage":0.0,"enemies":"Pondfish","floor":33.0,"turns":9.0},{"damage":0.0,"enemies":"Orb Walker","floor":35.0,"turns":4.0},{"damage":0,"enemies":"3 Darklings","floor":38,"turns":1},{"damage":0,"enemies":"Jaw Worm Horde","floor":39,"turns":4},{"damage":0,"enemies":"Giant Head","floor":41,"turns":5},{"damage":0,"enemies":"Reptomancer","floor":44,"turns":5},{"damage":0,"enemies":"Writhing Mass","floor":45,"turns":3},{"damage":0,"enemies":"Transient","floor":47,"turns":5},{"damage":0,"enemies":"Time Eater","floor":50,"turns":7},{"damage":0,"enemies":"Shield and Spear","floor":54,"turns":4},{"damage":8,"enemies":"The Heart","floor":55,"turns":8}],"seed_played":"6395631860222462027","potions_obtained":[{"floor":4.0,"key":"Fire Potion"},{"floor":8.0,"key":"Toxic Potion"},{"floor":13.0,"key":"Venom Potion"},{"floor":14.0,"key":"Reflective Coating"},{"floor":16.0,"key":"LifebloodPotion"},{"floor":19.0,"key":"Fire Potion"},{"floor":23.0,"key":"DemoMod:BlankPotion"},{"floor":29.0,"key":"LifebloodPotion"},{"floor":31.0,"key":"Fire Potion"},{"floor":33.0,"key":"SkillPotion"},{"floor":41,"key":"AttackPotion"}],"is_trial":false,"path_per_floor":["M","$","M","M","?","E","R","M","T","E","$","R","M","E","R","B",null,"M","M","M","$","M","E","R","E","T","M","?","?","$","M","R","B",null,"M","?","?","M","M","R","E","T","T","E","M","?","M","?","R","B",null,"R","$","E","B",null],"character_chosen":"THE_GATHERER","items_purchased":["Gatherer:FlowerBeam","Toy Ornithopter","Whetstone","Panache","Elixir","ColorlessPotion","Gatherer:ScentOfRosmari"],"campfire_rested":0,"item_purchase_floors":[2,11,21,30,53,53,53],"current_hp_per_floor":[72,72,72,72,72,74,74,67,67,40,40,40,33,13,13,26,86,80,75,80,80,85,85,85,86,86,86,86,86,86,86,86,86,86,86,86,76,81,86,86,86,86,86,86,86,86,86,86,86,86,86,86,86,86,81],"gold":120,"neow_bonus":"THREE_ENEMY_KILL","is_daily":false,"chose_seed":false,"campfire_upgraded":7,"win_rate":0.0,"timestamp":1607698153,"path_taken":["M","?","?","M","?","E","R","?","T","E","$","R","M","E","R","BOSS","M","M","?","?","M","E","R","E","T","M","?","?","?","M","R","BOSS","M","?","?","M","M","R","E","?","T","E","?","?","M","?","R","BOSS","R","$","E","BOSS"],"items_purchased_type":["Card","Relic","Relic","Card","Potion","Potion","Card"],"build_version":"2020-11-30","purchased_purges":2,"victory":true,"max_hp_per_floor":[72,72,72,72,72,86,86,86,86,86,86,86,86,86,86,86,86,86,86,86,86,86,86,86,86,86,86,86,86,86,86,86,86,86,86,86,86,86,86,86,86,86,86,86,86,86,86,86,86,86,86,86,86,86,86],"card_choices":[{"not_picked":["Gatherer:Misfortune","Gatherer:Frenzy"],"picked":"Gatherer:QuickSynthesis","floor":1.0},{"not_picked":["Gatherer:Solidify","Gatherer:ScherryThrow","Gatherer:AcidicSpray"],"picked":"SKIP","floor":3.0},{"not_picked":["Gatherer:ScentOfRosmari","Gatherer:GatherMaterial","Gatherer:Frenzy"],"picked":"SKIP","floor":4.0},{"not_picked":["Gatherer:FruitForce","Gatherer:SmartManeuver"],"picked":"Gatherer:FlowerPower","floor":6.0},{"not_picked":["Gatherer:Duplicator","Gatherer:FlowerPower"],"picked":"Gatherer:ScherryThrow","floor":8.0},{"not_picked":["Gatherer:RecoveryHerb","Gatherer:TreeGrowth"],"picked":"Gatherer:FlowerFalling","floor":10.0},{"not_picked":["Gatherer:FragileHammer","Gatherer:BambuSword"],"picked":"Gatherer:AlchemyTrial","floor":13.0},{"not_picked":["Gatherer:AcidicSpray","Gatherer:Duplicator"],"picked":"Gatherer:Overflowing","floor":14.0},{"not_picked":["Gatherer:MindSearch","Gatherer:FlamingBottle"],"picked":"Gatherer:Overflowing","floor":16.0},{"not_picked":["Gatherer:SaveValuables+1","Gatherer:GatherMaterial","Gatherer:PotentialSlash"],"picked":"SKIP","floor":18.0},{"not_picked":["Gatherer:CarefulStrike","Gatherer:FragileHammer","Gatherer:Snatch"],"picked":"SKIP","floor":19.0},{"not_picked":["Gatherer:SaveValuables","Gatherer:FlowerPower"],"picked":"Gatherer:QuickSynthesis+1","floor":20.0},{"not_picked":["Gatherer:Frenzy","Gatherer:WoolGloves"],"picked":"Gatherer:Nutrients+1","floor":22.0},{"not_picked":["Gatherer:QuickSynthesis","Gatherer:ScrollOfWall","Gatherer:Liquidism"],"picked":"SKIP","floor":23.0},{"not_picked":["Gatherer:Transmute+1","Gatherer:FragileHammer+1"],"picked":"Gatherer:MindSearch","floor":25.0},{"not_picked":["Gatherer:EnergyBasket","Gatherer:DrugPower+1"],"picked":"Gatherer:ScherryThrow+1","floor":27.0},{"not_picked":["Gatherer:BambuSword+1","Gatherer:FragileHammer+1"],"picked":"Gatherer:ScherryThrow+1","floor":29.0},{"not_picked":["Gatherer:GatherMaterial","Gatherer:FlamingBottle+1"],"picked":"Gatherer:TacticalStrike+1","floor":31.0},{"not_picked":["Gatherer:BlackTea","Gatherer:Examine"],"picked":"Gatherer:Photoscythe+1","floor":33.0},{"not_picked":["Gatherer:EchoOfNature+1","Gatherer:Convert","Gatherer:FruitForce+1"],"picked":"SKIP","floor":35.0},{"not_picked":["Good Instincts","Midas Touch"],"picked":"Dark Shackles","floor":37.0},{"not_picked":["Transmutation","Survey Options"],"picked":"Mind Blast+1","floor":37.0},{"not_picked":["Gatherer:Convert+1","Gatherer:Frenzy+1","Gatherer:BambuSword+1"],"picked":"SKIP","floor":39},{"not_picked":["Gatherer:VenomBarrier","Gatherer:BigPouch+1"],"picked":"Gatherer:FlowerFalling+1","floor":41},{"not_picked":["Gatherer:Polymorphism+1","Gatherer:GatherMaterial+1"],"picked":"Gatherer:TacticalStrike+1","floor":44},{"not_picked":["Gatherer:RecoveryHerb","Gatherer:Frenzy+1","Gatherer:VenomBarrier"],"picked":"SKIP","floor":45},{"not_picked":["Gatherer:BigPouch","Gatherer:GatherMaterial"],"picked":"Gatherer:FlowerShield+1","floor":47},{"not_picked":["Gatherer:FinishingStrike+1","Gatherer:PotentialSlash+1","Gatherer:EnergyBasket"],"picked":"SKIP","floor":54}],"player_experience":810096,"relics_obtained":[{"floor":6.0,"key":"Mango"},{"floor":10.0,"key":"DemoMod:SuperHotWatch"},{"floor":14.0,"key":"ReplayFunnel"},{"floor":23.0,"key":"DemoMod:JetPack"},{"floor":25.0,"key":"Molten Egg 2"},{"floor":26.0,"key":"War Paint"},{"floor":29.0,"key":"Red Mask"},{"floor":41,"key":"Blood Vial"},{"floor":42,"key":"Boot"},{"floor":43,"key":"Anchor"},{"floor":44,"key":"Iron Hammer"},{"floor":54,"key":"Replay:Bottled Flurry"}],"event_choices":[{"cards_removed":["Gatherer:Strike_Gatherer"],"damage_healed":0.0,"max_hp_gain":0.0,"max_hp_loss":0.0,"gold_gain":0.0,"event_name":"Bonfire Elementals","player_choice":"Offered Basic","floor":5.0,"gold_loss":0.0,"damage_taken":0.0},{"damage_healed":0.0,"max_hp_gain":0.0,"max_hp_loss":0.0,"gold_gain":0.0,"event_name":"The Library","player_choice":"Read","floor":28.0,"gold_loss":0.0,"damage_taken":0.0,"cards_obtained":["Gatherer:FragileHammer"]},{"damage_healed":0.0,"max_hp_gain":0.0,"max_hp_loss":0.0,"gold_gain":0.0,"event_name":"Masked Bandits","player_choice":"Fought Bandits","floor":29.0,"gold_loss":0.0,"damage_taken":0.0},{"damage_healed":0.0,"max_hp_gain":0.0,"max_hp_loss":0.0,"gold_gain":0.0,"event_name":"SensoryStone","player_choice":"Memory 3","floor":37.0,"gold_loss":0.0,"damage_taken":10.0},{"cards_removed":["Gatherer:Defend_Gatherer"],"damage_healed":0,"gold_gain":0,"player_choice":"Removed Skill","damage_taken":0,"max_hp_gain":0,"max_hp_loss":0,"event_name":"Falling","floor":46,"gold_loss":0},{"damage_healed":0,"gold_gain":0,"player_choice":"Copied","damage_taken":0,"max_hp_gain":0,"max_hp_loss":0,"event_name":"Duplicator","floor":48,"gold_loss":0,"cards_obtained":["Gatherer:FlowerPower"]}],"is_beta":false,"boss_relics":[{"not_picked":["Sozu","Ectoplasm"],"picked":"Empty Cage"},{"not_picked":["DemoMod:WaxWing","Kintsugi"],"picked":"Gatherer:MiracleBag"}],"items_purged_floors":[30,53],"is_endless":false,"potions_floor_spawned":[4,8,13,14,16,19,23,29,31,33,38,41,47],"ascension_level":1}}