{"host":"6rmw1q50jy0xmvyl","time":1607688498,"event":{"mods":["BaseMod","Colored Map","Duelist Mod","Infinite Spire","Minty Spire (QoL Compilation)","Remove Card Discount Mod","StSLib","??????REMEMod"],"gold_per_floor":[141,13,13,33,33,61,61,11,36,46,62,58,58,28,28,124,124,49,60,60,60,73,73,105,105,105,131,131,148,73,107,107,213,213,233,233,247,91,93,93,118,137,137,137,137,137,158,171,171,181],"floor_reached":51,"playtime":7118,"items_purged":["theDuelist:CastleWalls","theDuelist:CastleWalls","theDuelist:Sparks","theDuelist:Sparks","theDuelist:Deskbot004","theDuelist:Deskbot005","Apotheosis+1","theDuelist:MetalDetector","theDuelist:AncientGearReactorDragon"],"score":1205,"play_id":"6b143857-de27-4a76-9dce-bad6529195d0","local_time":"20201211130818","is_ascension_mode":true,"campfire_choices":[{"floor":7,"key":"REST"},{"data":"theDuelist:MetalDetector","floor":13,"key":"SMITH"},{"data":"theDuelist:AncientGearGolem","floor":15,"key":"SMITH"},{"floor":23,"key":"REST"},{"floor":32,"key":"REST"},{"data":"Madness","floor":40,"key":"SMITH"},{"data":"Madness","floor":44,"key":"SMITH"},{"floor":49,"key":"REST"}],"circlet_count":0,"master_deck":["Madness+1","theDuelist:MetalDragon+1","theDuelist:AncientGearGolem+1","theDuelist:BlockGolem","theDuelist:RoboticKnight+1","theDuelist:MachineFactory+1","theDuelist:Deskbot005+1","AscendersBane","theDuelist:YellowGadget+1","Madness+1","theDuelist:GoldGadget+1","theDuelist:GreenGadget+1","theDuelist:MetalDetector+1","theDuelist:MachineKing+1","theDuelist:AirCrackingStorm+1","theDuelist:OutriggerExtension+1","theDuelist:GreenGadget+1","theDuelist:GenexAllyBirdman+1","theDuelist:DragonToken+1"],"relics":["theDuelist:MillenniumPuzzle","theDuelist:CardPoolRelic","theDuelist:CardPoolBasicRelic","theDuelist:BoosterPackPoolRelic","theDuelist:CardPoolAddRelic","theDuelist:CardPoolMinusRelic","theDuelist:CardPoolSaveRelic","theDuelist:CardPoolOptionsRelic","REME_ComplimentaryCards","Oddly Smooth Stone","theDuelist:MillenniumSymbol","theDuelist:ZoneToken","infinitespire:Lucky Rock","SlaversCollar","Bronze Scales","SacredBark","Eternal Feather","theDuelist:CursedHealer","infinitespire:Golems Mask","Vajra","Pen Nib","infinitespire:Midas Blood","Sozu","Lee\u0027s Waffle","theDuelist:MonsterEggRelic","Prayer Wheel"],"acts_visited":["Exordium","TheCity","TheBeyond"],"potions_floor_usage":[16,16,18,24,27,29,33],"damage_taken":[{"damage":3,"enemies":"Cultist","floor":1,"turns":4},{"damage":0,"enemies":"2 Louse","floor":4,"turns":3},{"damage":21,"enemies":"Lagavulin","floor":6,"turns":4},{"damage":5,"enemies":"Jaw Worm","floor":10,"turns":5},{"damage":6,"enemies":"Large Slime","floor":11,"turns":5},{"damage":9,"enemies":"Looter","floor":14,"turns":4},{"damage":6,"enemies":"Hexaghost","floor":16,"turns":12},{"damage":11,"enemies":"2 Thieves","floor":18,"turns":6},{"damage":0,"enemies":"Spheric Guardian","floor":19,"turns":8},{"damage":24,"enemies":"3 Cultists","floor":22,"turns":6},{"damage":44,"enemies":"Slavers","floor":24,"turns":6},{"damage":12,"enemies":"Book of Stabbing","floor":27,"turns":5},{"damage":7,"enemies":"Chosen and Byrds","floor":29,"turns":9},{"damage":18,"enemies":"Slavers","floor":31,"turns":6},{"damage":19,"enemies":"Automaton","floor":33,"turns":9},{"damage":17,"enemies":"3 Darklings","floor":35,"turns":6},{"damage":19,"enemies":"Orb Walker","floor":37,"turns":4},{"damage":0,"enemies":"Giant Head","floor":41,"turns":7},{"damage":13,"enemies":"Jaw Worm Horde","floor":42,"turns":3},{"damage":42,"enemies":"3 Darklings","floor":47,"turns":4},{"damage":22,"enemies":"Maw","floor":48,"turns":6},{"damage":33,"enemies":"infinitespire:MassOfShapes","floor":50,"turns":7}],"seed_played":"4976763151197922043","potions_obtained":[{"floor":1,"key":"ColorlessPotion"},{"floor":6,"key":"theDuelist:SummonFuryPotion"},{"floor":16,"key":"theDuelist:StunPotion"},{"floor":19,"key":"theDuelist:BombBottle"},{"floor":24,"key":"theDuelist:FlamingBottle"},{"floor":27,"key":"theDuelist:BigTributeBottle"},{"floor":31,"key":"theDuelist:DestructPotionPotB"}],"is_trial":false,"path_per_floor":["M","$","$","M","?","E","R","?","T","M","M","$","R","M","R","B",null,"M","M","?","AVR","M","R","E","?","T","E","?","M","?","E","R","B",null,"M","?","M","$","?","R","E","M","T","R","$","?","M","M","R","B",null],"character_chosen":"THE_DUELIST","items_purchased":["theDuelist:AirCrackingStorm","theDuelist:MetalDragon","Lee\u0027s Waffle"],"campfire_rested":4,"item_purchase_floors":[2,2,38],"current_hp_per_floor":[69,69,69,69,69,48,72,72,72,67,67,67,67,58,58,52,73,62,62,62,62,38,62,18,43,43,31,31,24,24,6,39,20,65,48,48,29,87,76,85,85,72,72,84,84,97,55,46,84,51],"gold":181,"neow_bonus":"RANDOM_COMMON_RELIC","is_daily":false,"chose_seed":false,"campfire_upgraded":4,"win_rate":0.0,"timestamp":1607688498,"path_taken":["M","?","$","M","?","E","R","?","T","?","M","$","R","M","R","BOSS","M","M","?","AVR","M","R","E","?","T","E","?","?","?","E","R","BOSS","M","?","M","$","?","R","E","M","T","R","?","?","M","M","R","BOSS"],"items_purchased_type":["Card","Card","Relic"],"build_version":"2020-11-30","purchased_purges":9,"victory":true,"max_hp_per_floor":[80,80,80,80,80,80,80,80,80,80,80,80,80,80,80,80,80,80,80,80,80,80,80,80,80,80,80,80,80,80,80,80,80,80,80,80,80,87,87,87,87,87,87,87,87,97,97,97,97,97],"card_choices":[{"not_picked":["theDuelist:BigFire","theDuelist:PowerGiant","theDuelist:BigEye","theDuelist:PotGreed","theDuelist:DarkCreator"],"picked":"SKIP","floor":1},{"not_picked":["theDuelist:Tuningware","theDuelist:IronDraw","theDuelist:AncientGearWorkshop","theDuelist:ArtifactIgnition"],"picked":"theDuelist:MetalDetector","floor":4},{"not_picked":["theDuelist:ParallelPortArmor","theDuelist:ArtifactIgnition","theDuelist:AncientGearWorkshop","theDuelist:IronDraw"],"picked":"theDuelist:MetalDetector","floor":6},{"not_picked":["theDuelist:FrontlineObserver","theDuelist:CoreBlaster","theDuelist:StimPack","theDuelist:CardsFromTheSky"],"picked":"theDuelist:AncientGearGolem","floor":10},{"not_picked":["theDuelist:Geargiauger","theDuelist:Deskbot003","theDuelist:CardsFromTheSky","theDuelist:JunkKuriboh"],"picked":"theDuelist:GreenGadget","floor":11},{"not_picked":["theDuelist:Hinotama","theDuelist:ScrapFactory","theDuelist:LostGuardian","theDuelist:BigFire"],"picked":"theDuelist:BlockGolem","floor":14},{"not_picked":["theDuelist:PlatinumGadget","theDuelist:IronhammerGiant","theDuelist:Deskbot009","theDuelist:Deskbot007"],"picked":"theDuelist:MachineKing","floor":16},{"not_picked":["theDuelist:JunkWarrior","theDuelist:Deskbot001","theDuelist:Deskbot003","theDuelist:Mixeroid+1"],"picked":"theDuelist:YellowGadget","floor":18},{"not_picked":["Chrysalis","Secret Weapon","Thinking Ahead+1"],"picked":"Apotheosis+1","floor":19},{"not_picked":["theDuelist:Quariongandrax","theDuelist:HeavyMechSupportArmor","theDuelist:Mixeroid","theDuelist:AirCrackingStorm"],"picked":"theDuelist:OutriggerExtension","floor":22},{"not_picked":["theDuelist:ShortCircuit+1","theDuelist:GravityAxe+1","theDuelist:SwordsConcealing+1","theDuelist:OutriggerExtension+1"],"picked":"theDuelist:MachineFactory+1","floor":24},{"not_picked":["theDuelist:JumboDrill","theDuelist:Flashbang+1"],"picked":"theDuelist:RoboticKnight","floor":27},{"not_picked":["theDuelist:BigFire","theDuelist:Hinotama","theDuelist:LightningVortex+1","theDuelist:JunkSpeeder","theDuelist:SeismicShockwave"],"picked":"SKIP","floor":29},{"not_picked":["theDuelist:TokenVacuum+1","theDuelist:CyberRaider","theDuelist:Deskbot005","theDuelist:Deskbot003"],"picked":"theDuelist:AncientGearReactorDragon","floor":31},{"not_picked":["theDuelist:SteamTrainKing","theDuelist:SevenCompleted","theDuelist:SatelliteCannon","theDuelist:IronhammerGiant"],"picked":"theDuelist:GoldGadget","floor":33},{"not_picked":["theDuelist:JunkKuriboh+1","theDuelist:ScrapBeast+1","theDuelist:StimPack+1","theDuelist:Deskbot003"],"picked":"theDuelist:GenexAllyBirdman+1","floor":35},{"not_picked":["theDuelist:SparkBlaster+1","theDuelist:GravityBlaster","theDuelist:DarkFactory+1","theDuelist:CyberneticFusion+1","theDuelist:SwordsConcealing+1"],"picked":"SKIP","floor":37},{"not_picked":["theDuelist:DragonicToken+1","theDuelist:Token","theDuelist:UnderdogToken","theDuelist:TrapToken"],"picked":"theDuelist:DragonToken+1","floor":41},{"not_picked":["theDuelist:ScrapBeast+1","theDuelist:Biofalcon","theDuelist:OrbitalBombardment","theDuelist:BarrelDragon+1","theDuelist:AncientGearReactorDragon+1"],"picked":"SKIP","floor":42},{"not_picked":["theDuelist:SparkBlaster+1","theDuelist:ParallelPortArmor","theDuelist:DoubleTool+1","theDuelist:AncientGearFist+1"],"picked":"theDuelist:DianKeto+1","floor":47},{"not_picked":["theDuelist:RoboticKnight+1","theDuelist:Deskbot003","theDuelist:Biofalcon+1","theDuelist:RedGadget","theDuelist:DigitalBug+1"],"picked":"SKIP","floor":47},{"not_picked":["theDuelist:Deskbot004","theDuelist:ScrapIronScarecrow+1","theDuelist:GenexAllyBirdman+1","theDuelist:CardsFromTheSky","theDuelist:PsychicShockwave"],"picked":"SKIP","floor":48},{"not_picked":["theDuelist:SparkBlaster+1","theDuelist:ParallelPortArmor+1","theDuelist:DoubleTool+1","theDuelist:CoreBlaster+1","theDuelist:AncientGearFist+1"],"picked":"SKIP","floor":48}],"player_experience":496423,"relics_obtained":[{"floor":6,"key":"theDuelist:ZoneToken"},{"floor":9,"key":"infinitespire:Lucky Rock"},{"floor":24,"key":"Eternal Feather"},{"floor":26,"key":"infinitespire:Golems Mask"},{"floor":27,"key":"Vajra"},{"floor":31,"key":"Pen Nib"},{"floor":41,"key":"theDuelist:MonsterEggRelic"},{"floor":43,"key":"Prayer Wheel"}],"event_choices":[{"damage_healed":0,"gold_gain":0,"player_choice":"Took item - Received: Millennium Symbol","duelist":true,"damage_taken":0,"max_hp_gain":0,"max_hp_loss":0,"event_name":"Millennium Items","floor":5,"gold_loss":0},{"cards_removed":["theDuelist:CurseArmaments"],"damage_healed":0,"gold_gain":0,"player_choice":"Card Removal","damage_taken":0,"max_hp_gain":0,"max_hp_loss":0,"event_name":"The Cleric","floor":8,"gold_loss":50},{"damage_healed":0,"gold_gain":0,"player_choice":"Leave","duelist":true,"damage_taken":0,"max_hp_gain":0,"max_hp_loss":0,"event_name":"Egyptian Village","floor":20,"gold_loss":0},{"damage_healed":0,"gold_gain":0,"player_choice":"Succumb - +25HP/Cursed Relic","duelist":true,"damage_taken":0,"max_hp_gain":0,"max_hp_loss":0,"event_name":"Tomb of the Nameless","floor":25,"gold_loss":0},{"damage_healed":0,"gold_gain":0,"player_choice":"Ignored","damage_taken":0,"max_hp_gain":0,"max_hp_loss":0,"event_name":"Ghosts","floor":28,"gold_loss":0},{"cards_removed":["theDuelist:Deskbot004"],"damage_healed":0,"gold_gain":0,"player_choice":"Gave Gold","damage_taken":0,"max_hp_gain":0,"max_hp_loss":0,"event_name":"Beggar","floor":30,"gold_loss":75},{"cards_removed":["theDuelist:Biofalcon"],"damage_healed":0,"gold_gain":0,"player_choice":"Removed Attack","damage_taken":0,"max_hp_gain":0,"max_hp_loss":0,"event_name":"Falling","floor":36,"gold_loss":0},{"damage_healed":0,"gold_gain":0,"player_choice":"Embrace Madness","damage_taken":11,"max_hp_gain":0,"max_hp_loss":0,"event_name":"Winding Halls","floor":39,"gold_loss":0,"cards_obtained":["Madness","Madness"]},{"cards_removed":["Metamorphosis"],"damage_healed":3,"gold_gain":0,"player_choice":"Offered Rare","damage_taken":0,"max_hp_gain":10,"max_hp_loss":0,"event_name":"Bonfire Elementals","floor":46,"gold_loss":0}],"is_beta":false,"boss_relics":[{"not_picked":["theDuelist:ElectricKey","Velvet Choker"],"picked":"SlaversCollar"},{"not_picked":["REME_DemonsWealth","Pandora\u0027s Box"],"picked":"Sozu"}],"items_purged_floors":[2,2,2,2,12,12,38,38,38],"is_endless":false,"potions_floor_spawned":[1,6,16,19,24,27,31,35,47],"ascension_level":11}}