{"host":"t7kiqd0mabx5u6gq","time":1607648012,"event":{"mods":["AchievementEnabler","Aspiration","BaseMod","Conspire","GifTheSpireLib","Halation","Hubris","Infinite Spire","Minty Spire (QoL Compilation)","Quarter Circle Forward PUNCH!","Quick Restart","Replay The Spire","StSLib","Stuff the Spire","vexMod"],"gold_per_floor":[109,284,284,284,297,324,324,343,367,367,401,488,531,555,567,579,579],"floor_reached":16,"playtime":395,"items_purged":[],"score":244,"play_id":"67bd41ea-5c2c-4472-8d49-e82ca250e9cb","local_time":"20201210165332","is_ascension_mode":true,"campfire_choices":[{"data":"Replay:Bag of Tricks","floor":7,"key":"SMITH"},{"data":"Caltrops","floor":10,"key":"SMITH"},{"data":"Survivor","floor":15,"key":"SMITH"}],"circlet_count":0,"master_deck":["Strike_G","Strike_G","Strike_G","Strike_G","Strike_G","Defend_G","Defend_G","Defend_G","Defend_G","Defend_G","Survivor+1","Neutralize","Outmaneuver","Doubt","Spreading Infection","Dodge and Roll","Replay:Bag of Tricks+1","Caltrops+1","Acrobatics","Underhanded Strike+1","Quick Slash+1"],"relics":["Ring of the Snake","NeowsBlessing","Ring of Panic","Ring of Misfortune","Molten Egg 2","qcfpunch:Red_Beret","MawBank","aspiration:HummingbirdHeart"],"acts_visited":["Exordium"],"potions_floor_usage":[11,13,13,16],"damage_taken":[{"damage":0,"enemies":"Small Slimes","floor":1,"turns":1},{"damage":0,"enemies":"Jaw Worm","floor":5,"turns":1},{"damage":0,"enemies":"Gremlin Nob","floor":6,"turns":1},{"damage":0,"enemies":"Cultist","floor":8,"turns":3},{"damage":0,"enemies":"3 Sentries","floor":11,"turns":10},{"damage":39,"enemies":"Gremlin Nob","floor":13,"turns":5},{"damage":0,"enemies":"3 Louse","floor":14,"turns":3},{"damage":31,"enemies":"Fading Forest","floor":16,"turns":7}],"seed_played":"8508315437629321477","potions_obtained":[{"floor":4,"key":"Swift Potion"},{"floor":4,"key":"CunningPotion"},{"floor":4,"key":"Ancient Potion"},{"floor":11,"key":"FearPotion"},{"floor":13,"key":"ColorlessPotion"}],"is_trial":false,"path_per_floor":["M","?","?","?","M","E","R","M","T","R","E","?","E","M","R","B"],"character_chosen":"THE_SILENT","items_purchased":[],"campfire_rested":0,"item_purchase_floors":[],"current_hp_per_floor":[63,63,63,63,63,63,63,63,63,63,63,52,13,13,13,0,0],"gold":579,"neow_bonus":"THREE_ENEMY_KILL","is_daily":false,"chose_seed":false,"campfire_upgraded":3,"win_rate":0.0,"timestamp":1607648012,"path_taken":["M","?","?","?","?","E","R","M","T","R","E","?","E","M","R","BOSS"],"items_purchased_type":[],"build_version":"2020-11-30","purchased_purges":0,"victory":false,"max_hp_per_floor":[70,70,70,70,70,70,70,70,70,70,70,70,70,70,70,70,70],"card_choices":[{"not_picked":["hubris:TrickCloak","StuffTheSpire:ClusterCrunch"],"picked":"Outmaneuver","floor":1},{"not_picked":["Quick Slash","Poisoned Stab"],"picked":"Dodge and Roll","floor":5},{"not_picked":["PiercingWail","StuffTheSpire:Repulse"],"picked":"Replay:Bag of Tricks","floor":6},{"not_picked":["StuffTheSpire:ClusterCrunch+1","ReplayTheSpireMod:Exploit Weakness"],"picked":"Caltrops","floor":8},{"not_picked":["Envenom","Flechettes+1"],"picked":"Acrobatics","floor":11},{"not_picked":["Catalyst","StuffTheSpire:FinalStruggle+1"],"picked":"Underhanded Strike+1","floor":13},{"not_picked":["StuffTheSpire:Incursion","PiercingWail"],"picked":"Quick Slash+1","floor":14}],"player_experience":559944,"relics_obtained":[{"floor":3,"key":"Ring of Panic"},{"floor":3,"key":"Ring of Misfortune"},{"floor":6,"key":"Molten Egg 2"},{"floor":9,"key":"qcfpunch:Red_Beret"},{"floor":11,"key":"MawBank"},{"floor":13,"key":"aspiration:HummingbirdHeart"}],"event_choices":[{"damage_healed":0,"gold_gain":175,"player_choice":"AGREE","damage_taken":0,"max_hp_gain":0,"max_hp_loss":0,"event_name":"Liars Game","floor":2,"gold_loss":0,"cards_obtained":["Doubt"]},{"damage_healed":0,"gold_gain":0,"player_choice":"Got Potions","damage_taken":0,"max_hp_gain":0,"max_hp_loss":0,"event_name":"Lab","floor":4,"gold_loss":0},{"damage_healed":0,"gold_gain":75,"player_choice":"Gather Gold","damage_taken":11,"max_hp_gain":0,"max_hp_loss":0,"event_name":"World of Goop","floor":12,"gold_loss":0}],"is_beta":false,"boss_relics":[],"items_purged_floors":[],"is_endless":false,"potions_floor_spawned":[5,11,13],"killed_by":"Fading Forest","ascension_level":9}}