{"host":"fdq5pmhluajjrf8d","time":1607730127,"event":{"mods":["BaseMod","Minty Spire (QoL Compilation)"],"gold_per_floor":[110,130,55,55,55,55,72,84,84,96,107,87,99,59,59,133,133,151,166,166,180,180,180],"floor_reached":22,"playtime":1096,"items_purged":[],"score":351,"play_id":"4d8781f5-a9fd-43b2-8789-8350f3ec42b7","local_time":"20201211184207","is_ascension_mode":true,"campfire_choices":[{"data":"Defragment","floor":6,"key":"SMITH"},{"floor":15,"key":"REST"}],"circlet_count":0,"master_deck":["AscendersBane","Strike_B","Strike_B","Strike_B","Strike_B","Defend_B","Defend_B","Defend_B","Zap","Dualcast","Cold Snap","Defragment+1","FTL","Streamline","Redo","Defragment","Buffer","Self Repair","Static Discharge"],"relics":["FrozenCore","Turnip","Mummified Hand","Kunai"],"acts_visited":["Exordium","TheCity"],"potions_floor_usage":[16,19],"damage_taken":[{"damage":0,"enemies":"Small Slimes","floor":1,"turns":3},{"damage":1,"enemies":"2 Louse","floor":2,"turns":3},{"damage":0,"enemies":"Cultist","floor":7,"turns":3},{"damage":5,"enemies":"Red Slaver","floor":8,"turns":3},{"damage":20,"enemies":"Exordium Wildlife","floor":10,"turns":3},{"damage":6,"enemies":"Looter","floor":11,"turns":2},{"damage":2,"enemies":"Exordium Thugs","floor":13,"turns":4},{"damage":14,"enemies":"The Guardian","floor":16,"turns":6},{"damage":13,"enemies":"Shell Parasite","floor":18,"turns":6},{"damage":33,"enemies":"3 Byrds","floor":19,"turns":10},{"damage":3,"enemies":"Centurion and Healer","floor":21,"turns":15},{"damage":33,"enemies":"3 Cultists","floor":22,"turns":4}],"seed_played":"-751654404654740862","potions_obtained":[{"floor":8,"key":"SpeedPotion"},{"floor":10,"key":"Dexterity Potion"},{"floor":12,"key":"EssenceOfDarkness"},{"floor":18,"key":"EssenceOfSteel"}],"is_trial":false,"path_per_floor":["M","M","?","$","?","R","M","M","T","M","M","?","M","$","R","B",null,"M","M","?","M","M"],"character_chosen":"DEFECT","items_purchased":["Defragment"],"campfire_rested":1,"item_purchase_floors":[14],"current_hp_per_floor":[64,63,63,63,52,52,52,47,47,27,21,21,19,19,38,24,54,41,15,15,19,0,0],"gold":180,"neow_bonus":"ONE_RARE_RELIC","is_daily":false,"chose_seed":false,"campfire_upgraded":1,"win_rate":0.0,"timestamp":1607730127,"path_taken":["M","M","?","$","?","R","M","M","T","M","M","?","?","?","R","BOSS","M","M","?","M","M"],"items_purchased_type":["Card"],"build_version":"2020-11-30","purchased_purges":0,"victory":false,"max_hp_per_floor":[64,64,64,64,64,64,64,64,64,64,64,64,64,64,64,64,64,64,64,64,64,64,64],"card_choices":[{"not_picked":["Streamline","Coolheaded"],"picked":"Cold Snap","floor":1},{"not_picked":["Sunder","Turbo"],"picked":"Defragment","floor":2},{"not_picked":["Reinforced Body","Coolheaded","Compile Driver"],"picked":"SKIP","floor":7},{"not_picked":["Steam","Darkness"],"picked":"FTL","floor":8},{"not_picked":["Double Energy","Cold Snap"],"picked":"Streamline","floor":10},{"not_picked":["Recycle","Stack","Lockon"],"picked":"SKIP","floor":11},{"not_picked":["Melter","Reprogram"],"picked":"Redo","floor":13},{"not_picked":["All For One","Seek"],"picked":"Buffer","floor":16},{"not_picked":["Go for the Eyes","Fusion"],"picked":"Self Repair","floor":18},{"not_picked":["Barrage","Leap","Lockon"],"picked":"SKIP","floor":19},{"not_picked":["Skim+1","Barrage"],"picked":"Static Discharge","floor":21}],"player_experience":1820284,"relics_obtained":[{"floor":9,"key":"Kunai"}],"event_choices":[{"cards_removed":["Defend_B"],"damage_healed":0,"gold_gain":0,"player_choice":"Card Removal","damage_taken":0,"max_hp_gain":0,"max_hp_loss":0,"event_name":"The Cleric","floor":3,"gold_loss":75},{"damage_healed":0,"gold_gain":0,"player_choice":"Success","damage_taken":11,"relics_obtained":["Mummified Hand"],"max_hp_gain":0,"max_hp_loss":0,"event_name":"Scrap Ooze","floor":5,"gold_loss":0},{"damage_healed":0,"gold_gain":0,"player_choice":"Bought 1 Potion","damage_taken":0,"max_hp_gain":0,"max_hp_loss":0,"event_name":"The Woman in Blue","floor":12,"gold_loss":0},{"damage_healed":0,"gold_gain":0,"player_choice":"Ignored","damage_taken":0,"max_hp_gain":0,"max_hp_loss":0,"event_name":"Cursed Tome","floor":20,"gold_loss":0}],"is_beta":false,"boss_relics":[{"not_picked":["Cursed Key","Coffee Dripper"],"picked":"FrozenCore"}],"items_purged_floors":[],"is_endless":false,"potions_floor_spawned":[8,10,13,18],"killed_by":"3 Cultists","ascension_level":19}}