{"host":"1bqbj1s4pyvm9utn","time":1607651356,"event":{"mods":["AchievementEnabler","Aspiration","Bard","BaseMod","Beaked The Cultist","Better Altar","Better Match","Better Note","Better Sensory Stone","Better Skull","Better Third Choice","BetterRewards","CCEM","Clawfect","Colored Map","Conspire","Downfall","GifTheSpireLib","Halation","Hermit","Highlight Path","Hubris","Humility","Infinite Spire","Jedi Mod","Jorbs\u0027s Wanderer Trilogy","Mad Scientist","Marisa????????","Mimic Mod","Minty Spire (QoL Compilation)","Permanent Neow","Replay The Spire","Shade Mod","Shop Mod","Spicy Shops","StSLib","Stuff the Spire","The Bug Knight","The Construct","The Cursed","The Disciple","The Gatherer","The Hierophant","The Jungle","The Mystic","The Necromancer","The Runesmith","The Servant 0.9.4","The Spell Scribe","The Witch","Unceasing Turn Reminder","everything is the same but u backflip on backflip","slay the spire mod where everything is the same but ironclad has a cowboy hat","vexMod"],"gold_per_floor":[116,116,116,130,148,176,195,195,195],"floor_reached":8,"playtime":660,"items_purged":[],"score":61,"play_id":"82eb6560-a1fd-48fa-9206-982196fff987","local_time":"20201210174916","is_ascension_mode":true,"campfire_choices":[],"circlet_count":0,"master_deck":["Strike_G","Strike_G","Strike_G","Strike_G","Strike_G","Defend_G","Defend_G","Defend_G","Defend_G","Defend_G","Survivor","Neutralize","Blur","Flying Knee","Noxious Fumes","Corpse Explosion","Backflip","Glass Knife","Flying Knee"],"relics":["Ring of the Snake","hubris:Towel","hubris:Zylophone"],"acts_visited":["Exordium"],"potions_floor_usage":[6],"damage_taken":[{"damage":14,"enemies":"Jaw Worm","floor":1,"turns":8},{"damage":1,"enemies":"2 Louse","floor":4,"turns":4},{"damage":1,"enemies":"Cultist","floor":5,"turns":4},{"damage":26,"enemies":"Lagavulin","floor":6,"turns":7},{"damage":20,"enemies":"Lots of Slimes","floor":7,"turns":3},{"damage":0,"enemies":"3 Sentries","floor":8,"turns":1}],"seed_played":"3552961050740554463","potions_obtained":[{"floor":1,"key":"SkillPotion"},{"floor":5,"key":"Ancient Potion"}],"is_trial":false,"path_per_floor":["M","?","?","M","M","E","M","E"],"character_chosen":"THE_SILENT","items_purchased":[],"campfire_rested":0,"item_purchase_floors":[],"current_hp_per_floor":[56,56,56,55,54,28,8,8,8],"gold":195,"neow_bonus":"THREE_CARDS","is_daily":false,"chose_seed":false,"campfire_upgraded":0,"win_rate":0.0,"timestamp":1607651356,"path_taken":["M","?","?","M","?","E","M","E"],"items_purchased_type":[],"build_version":"2020-11-30","purchased_purges":0,"victory":false,"max_hp_per_floor":[70,70,70,70,70,70,70,70,70],"card_choices":[{"not_picked":["Deadly Poison","Dagger Throw"],"picked":"Blur","floor":0},{"not_picked":["Backflip","Deflect"],"picked":"Flying Knee","floor":1},{"not_picked":["Blade Dance","StuffTheSpire:ClusterCrunch"],"picked":"Corpse Explosion","floor":4},{"not_picked":["PiercingWail","Deflect"],"picked":"Backflip","floor":5},{"not_picked":["Deadly Poison","Burst"],"picked":"Glass Knife","floor":6},{"not_picked":["Tactician","Eviscerate"],"picked":"Flying Knee","floor":7}],"player_experience":765983,"relics_obtained":[{"floor":6,"key":"hubris:Zylophone"}],"event_choices":[],"is_beta":false,"boss_relics":[],"items_purged_floors":[],"is_endless":false,"potions_floor_spawned":[1,5],"killed_by":"3 Sentries","ascension_level":1}}