{"host":"dpbezu80jg8zk7un","time":1607704765,"event":{"mods":["BaseMod","Colored Map","Colored Powertips","Custom Start","DeckTracker","Minty Spire (QoL Compilation)","Quick Restart","StSLib","SuperFastMode"],"gold_per_floor":[119,134,59,69,69,69,89,121,144,144,176,199,199,228,228,305,305,282,302,242,292,307,307,307,338,338,353,273,290,319,29,29,103,103,114,124,124,134,27,52,52,72,99,128,128,161,171,199,199,199,199,199,199,57,88,88],"floor_reached":57,"playtime":3663,"items_purged":["LessonLearned+1","Defend_P+1","Strike_P+1","WindmillStrike+1","CarveReality+1"],"score":3321,"play_id":"001df46f-9150-4909-9fb9-d4a6407e96f2","local_time":"20201212013925","is_ascension_mode":true,"campfire_choices":[{"data":"EmptyMind","floor":6.0,"key":"SMITH"},{"data":"WindmillStrike","floor":15.0,"key":"SMITH"},{"floor":24.0,"key":"REST"},{"floor":32,"key":"REST"},{"floor":41,"key":"RECALL"},{"floor":45,"key":"REST"},{"floor":49,"key":"REST"},{"floor":53,"key":"REST"}],"circlet_count":0,"master_deck":["AscendersBane","Eruption+1","Vigilance+1","EmptyMind+1","LessonLearned+1","Protect+1","Meditate+1","Halt+1","InnerPeace+1","Establishment+1","Adaptation+1","Tantrum+1","CrushJoints+1","Adaptation+1"],"relics":["PureWater","Happy Flower","Bag of Marbles","Omamori","The Courier","Odd Mushroom","Mercury Hourglass","Astrolabe","Oddly Smooth Stone","Shuriken","CaptainsWheel","Membership Card","Bag of Preparation","Black Star","Singing Bowl","Unceasing Top","Toxic Egg 2","Mummified Hand","Bottled Tornado","Letter Opener","Gremlin Horn","Pen Nib","Frozen Egg 2","Centennial Puzzle","Bronze Scales"],"acts_visited":["Exordium","TheCity","TheBeyond","TheEnding"],"potions_floor_usage":[54,56],"damage_taken":[{"damage":0.0,"enemies":"2 Louse","floor":1.0,"turns":4.0},{"damage":0.0,"enemies":"Small Slimes","floor":2.0,"turns":2.0},{"damage":4.0,"enemies":"Jaw Worm","floor":4.0,"turns":3.0},{"damage":2.0,"enemies":"Looter","floor":7.0,"turns":4.0},{"damage":4.0,"enemies":"Lagavulin","floor":8.0,"turns":7.0},{"damage":0.0,"enemies":"Gremlin Nob","floor":11.0,"turns":2.0},{"damage":1.0,"enemies":"The Mushroom Lair","floor":12.0,"turns":4.0},{"damage":4.0,"enemies":"Lagavulin","floor":14.0,"turns":5.0},{"damage":2.0,"enemies":"The Guardian","floor":16.0,"turns":11.0},{"damage":7.0,"enemies":"2 Thieves","floor":18.0,"turns":4.0},{"damage":0.0,"enemies":"Chosen","floor":19.0,"turns":3.0},{"damage":9.0,"enemies":"Shelled Parasite and Fungi","floor":22.0,"turns":5.0},{"damage":0.0,"enemies":"Slavers","floor":23.0,"turns":1.0},{"damage":5.0,"enemies":"Gremlin Leader","floor":25.0,"turns":6.0},{"damage":0.0,"enemies":"Snecko","floor":27.0,"turns":3.0},{"damage":11.0,"enemies":"Snake Plant","floor":29.0,"turns":2.0},{"damage":14,"enemies":"Slavers","floor":30,"turns":6},{"damage":12,"enemies":"Automaton","floor":33,"turns":8},{"damage":0,"enemies":"3 Shapes","floor":35,"turns":3},{"damage":0,"enemies":"3 Darklings","floor":36,"turns":2},{"damage":0,"enemies":"Maw","floor":38,"turns":2},{"damage":0,"enemies":"Giant Head","floor":40,"turns":2},{"damage":0,"enemies":"Jaw Worm Horde","floor":42,"turns":2},{"damage":0,"enemies":"Reptomancer","floor":44,"turns":4},{"damage":5,"enemies":"Nemesis","floor":46,"turns":3},{"damage":0,"enemies":"4 Shapes","floor":47,"turns":1},{"damage":0,"enemies":"Reptomancer","floor":48,"turns":2},{"damage":0,"enemies":"Awakened One","floor":50,"turns":4},{"damage":11,"enemies":"Donu and Deca","floor":51,"turns":3},{"damage":0,"enemies":"Shield and Spear","floor":55,"turns":3},{"damage":16,"enemies":"The Heart","floor":56,"turns":6}],"seed_played":"-6673387693962697145","potions_obtained":[{"floor":1.0,"key":"EntropicBrew"},{"floor":4.0,"key":"Weak Potion"},{"floor":8.0,"key":"Fire Potion"},{"floor":11.0,"key":"ColorlessPotion"},{"floor":14.0,"key":"SpeedPotion"},{"floor":22.0,"key":"SmokeBomb"},{"floor":29.0,"key":"ColorlessPotion"},{"floor":30,"key":"Ambrosia"},{"floor":35,"key":"LiquidMemories"},{"floor":46,"key":"Fruit Juice"}],"is_trial":false,"path_per_floor":["M","M","?","M","?","R","M","E","T","?","E","?","?","E","R","B",null,"M","M","$","?","M","E","R","E","T","M","$","M","E","$","R","B",null,"M","M","?","M","$","E","R","M","T","E","R","E","M","E","R","B","B",null,"R","$","E","B",null],"character_chosen":"WATCHER","items_purchased":["Membership Card","Bag of Preparation","InnerPeace","Tantrum","Adaptation+1","Dexterity Potion"],"campfire_rested":5,"item_purchase_floors":[31,31,31,39,54,54],"current_hp_per_floor":[61,61,61,57,31,31,29,25,25,18,18,17,17,13,13,11,54,47,47,47,47,38,38,58,53,53,53,53,42,28,28,48,36,60,60,60,60,62,62,64,64,64,64,66,74,71,73,75,80,80,69,77,80,85,87,71],"gold":88,"neow_bonus":"UPGRADE_CARD","is_daily":false,"chose_seed":false,"campfire_upgraded":2,"win_rate":0.0,"timestamp":1607704765,"path_taken":["M","M","?","M","?","R","M","E","T","?","E","?","?","E","R","BOSS","M","?","$","?","?","E","R","E","T","M","$","M","E","$","R","BOSS","M","?","?","?","$","E","R","M","T","E","R","E","M","E","R","BOSS","BOSS","R","$","E","BOSS"],"items_purchased_type":["Relic","Relic","Card","Card","Card","Potion"],"build_version":"2020-11-30","purchased_purges":5,"victory":true,"max_hp_per_floor":[68,68,68,68,68,68,68,68,68,68,68,68,68,68,68,68,68,68,68,68,68,68,68,68,68,68,68,68,68,68,68,68,68,68,68,68,68,70,70,72,72,72,72,74,74,76,78,80,80,80,80,80,80,85,87,87],"card_choices":[{"not_picked":["BattleHymn","JustLucky","CutThroughFate"],"picked":"SKIP","floor":1.0},{"not_picked":["Evaluate","ClearTheMind"],"picked":"EmptyMind","floor":2.0},{"not_picked":["ClearTheMind","EmptyBody","TalkToTheHand"],"picked":"SKIP","floor":4.0},{"not_picked":["LikeWater","Halt","Pray"],"picked":"SKIP","floor":7.0},{"not_picked":["FlyingSleeves","Perseverance","Evaluate"],"picked":"SKIP","floor":8.0},{"not_picked":["Devotion","ClearTheMind","ForeignInfluence"],"picked":"SKIP","floor":11.0},{"not_picked":["Halt","Worship"],"picked":"WindmillStrike","floor":12.0},{"not_picked":["Evaluate","Pray","Consecrate"],"picked":"SKIP","floor":14.0},{"not_picked":["EmptyFist","FollowUp","SashWhip"],"picked":"SKIP","floor":18.0},{"not_picked":["EmptyFist","Halt"],"picked":"Meditate","floor":19.0},{"not_picked":["FlurryOfBlows","FollowUp","WreathOfFlame"],"picked":"SKIP","floor":22.0},{"not_picked":["Sanctity","CutThroughFate","CarveReality"],"picked":"SKIP","floor":25.0},{"not_picked":["SashWhip","Evaluate","FollowUp"],"picked":"SKIP","floor":27.0},{"not_picked":["ClearTheMind+1","BattleHymn"],"picked":"Halt+1","floor":29.0},{"not_picked":["BattleHymn","ForeignInfluence"],"picked":"CarveReality","floor":30},{"not_picked":["Wish","MasterReality"],"picked":"Establishment","floor":33},{"not_picked":["DeceiveReality","EmptyBody"],"picked":"Adaptation","floor":35},{"not_picked":["EmptyBody","JustLucky","Collect"],"picked":"SKIP","floor":36},{"not_picked":["Prostrate","Halt+1","BowlingBash"],"picked":"Singing Bowl","floor":38},{"not_picked":["FlurryOfBlows","EmptyBody+1","DeusExMachina+1"],"picked":"Singing Bowl","floor":40},{"not_picked":["Evaluate+1","Pray+1"],"picked":"CrushJoints","floor":42},{"not_picked":["Perseverance+1","Meditate+1","ForeignInfluence+1"],"picked":"Singing Bowl","floor":44},{"not_picked":["Vengeance+1","FlyingSleeves","EmptyBody+1"],"picked":"Singing Bowl","floor":46},{"not_picked":["JustLucky","Evaluate+1","Crescendo+1"],"picked":"Singing Bowl","floor":47},{"not_picked":["Evaluate+1","Brilliance","Alpha+1"],"picked":"Singing Bowl","floor":48},{"not_picked":["Vengeance+1","BowlingBash","WaveOfTheHand+1"],"picked":"Singing Bowl","floor":55}],"player_experience":2738396,"relics_obtained":[{"floor":8.0,"key":"Bag of Marbles"},{"floor":9.0,"key":"Omamori"},{"floor":11.0,"key":"The Courier"},{"floor":12.0,"key":"Odd Mushroom"},{"floor":14.0,"key":"Mercury Hourglass"},{"floor":25.0,"key":"Oddly Smooth Stone"},{"floor":26.0,"key":"Shuriken"},{"floor":30,"key":"CaptainsWheel"},{"floor":40,"key":"Unceasing Top"},{"floor":40,"key":"Toxic Egg 2"},{"floor":44,"key":"Mummified Hand"},{"floor":44,"key":"Bottled Tornado"},{"floor":46,"key":"Letter Opener"},{"floor":46,"key":"Gremlin Horn"},{"floor":48,"key":"Pen Nib"},{"floor":48,"key":"Frozen Egg 2"},{"floor":55,"key":"Centennial Puzzle"},{"floor":55,"key":"Bronze Scales"}],"event_choices":[{"cards_removed":["Defend_P"],"damage_healed":0.0,"max_hp_gain":0.0,"max_hp_loss":0.0,"gold_gain":0.0,"event_name":"The Cleric","player_choice":"Card Removal","floor":3.0,"gold_loss":75.0,"damage_taken":0.0},{"damage_healed":0.0,"max_hp_gain":0.0,"max_hp_loss":0.0,"gold_gain":0.0,"event_name":"Scrap Ooze","player_choice":"Success","floor":5.0,"gold_loss":0.0,"damage_taken":26.0,"relics_obtained":["Happy Flower"]},{"cards_removed":["Strike_P"],"damage_healed":0.0,"max_hp_gain":0.0,"max_hp_loss":0.0,"gold_gain":0.0,"event_name":"Golden Wing","player_choice":"Card Removal","floor":10.0,"gold_loss":0.0,"damage_taken":7.0},{"damage_healed":0.0,"max_hp_gain":0.0,"max_hp_loss":0.0,"gold_gain":0.0,"event_name":"Mushrooms","player_choice":"Fought Mushrooms","floor":12.0,"gold_loss":0.0,"damage_taken":0.0},{"cards_removed":["Strike_P"],"damage_healed":0.0,"max_hp_gain":0.0,"max_hp_loss":0.0,"gold_gain":0.0,"event_name":"Purifier","player_choice":"Purged","floor":13.0,"gold_loss":0.0,"damage_taken":0.0},{"damage_healed":0.0,"max_hp_gain":0.0,"max_hp_loss":0.0,"gold_gain":100.0,"event_name":"The Joust","player_choice":"Bet on Murderer","floor":21.0,"gold_loss":50.0,"damage_taken":0.0},{"damage_healed":0,"gold_gain":0,"player_choice":"Gave Potion","damage_taken":0,"relics_obtained":["Singing Bowl"],"max_hp_gain":0,"max_hp_loss":0,"event_name":"WeMeetAgain","floor":37,"gold_loss":0}],"is_beta":false,"boss_relics":[{"not_picked":["Busted Crown","Pandora\u0027s Box"],"picked":"Astrolabe"},{"not_picked":["SlaversCollar","Tiny House"],"picked":"Black Star"}],"items_purged_floors":[20,28,31,39,54],"is_endless":false,"potions_floor_spawned":[1,4,8,11,14,22,23,29,30,35,36,46,47],"ascension_level":20}}