{"host":"0tiuc76yumknr6qf","time":1607726076,"event":{"mods":["BaseMod","Minty Spire (QoL Compilation)","StSLib"],"gold_per_floor":[115,190,205,221,234,234,244,255,280,280,307,55,55,69,69,142,142,156,176,176,176,191,191,208,234,282,282,301,315,327,340,340,419,419,436,436,456,456,456,456,489,506,506,520,280,280,45,63,63,63,63,63],"floor_reached":51,"playtime":3756,"items_purged":["Strike_R+1"],"score":1310,"play_id":"5ca29b08-4699-4742-b2d7-c9934d2fda7a","local_time":"20201211163436","is_ascension_mode":true,"campfire_choices":[{"data":"Apotheosis","floor":6.0,"key":"SMITH"},{"floor":15.0,"key":"REST"},{"floor":23.0,"key":"REST"},{"floor":32.0,"key":"REST"},{"floor":40.0,"key":"REST"},{"floor":46,"key":"RECALL"},{"floor":49,"key":"REST"}],"circlet_count":0,"master_deck":["AscendersBane","Strike_R+1","Strike_R+1","Strike_R+1","Defend_R+1","Defend_R+1","Defend_R+1","Bash","Apotheosis+1","Disarm+1","Twin Strike","Disarm","Rage","Impervious","Anger","Shockwave","Spot Weakness","Second Wind","Offering","CurseOfTheBell","Burning Pact","Intimidate","True Grit","Pommel Strike+1","Disarm","Shrug It Off","Reaper","Shockwave","Corruption","Pummel"],"relics":["Burning Blood","Happy Flower","Charon\u0027s Ashes","Bag of Preparation","PreservedInsect","Calling Bell","Blood Vial","White Beast Statue","Torii","Nilry\u0027s Codex","Strawberry","Ancient Tea Set","SlaversCollar","Pen Nib","Brimstone"],"acts_visited":["Exordium","TheCity","TheBeyond"],"potions_floor_usage":[44,48,51],"damage_taken":[{"damage":6.0,"enemies":"2 Louse","floor":1.0,"turns":4.0},{"damage":0.0,"enemies":"Small Slimes","floor":3.0,"turns":4.0},{"damage":5.0,"enemies":"Cultist","floor":4.0,"turns":4.0},{"damage":24.0,"enemies":"Lots of Slimes","floor":5.0,"turns":7.0},{"damage":10.0,"enemies":"Blue Slaver","floor":7.0,"turns":5.0},{"damage":5.0,"enemies":"2 Fungi Beasts","floor":8.0,"turns":4.0},{"damage":18.0,"enemies":"3 Sentries","floor":11.0,"turns":10.0},{"damage":5.0,"enemies":"Looter","floor":14.0,"turns":2.0},{"damage":18.0,"enemies":"The Guardian","floor":16.0,"turns":10.0},{"damage":6.0,"enemies":"Shell Parasite","floor":18.0,"turns":4.0},{"damage":27.0,"enemies":"Spheric Guardian","floor":19.0,"turns":4.0},{"damage":19.0,"enemies":"Shelled Parasite and Fungi","floor":22.0,"turns":7.0},{"damage":6.0,"enemies":"Snake Plant","floor":24.0,"turns":4.0},{"damage":15.0,"enemies":"Slavers","floor":25.0,"turns":4.0},{"damage":12.0,"enemies":"Cultist and Chosen","floor":28.0,"turns":6.0},{"damage":7.0,"enemies":"Sentry and Sphere","floor":29.0,"turns":4.0},{"damage":10.0,"enemies":"Snecko","floor":30.0,"turns":6.0},{"damage":22.0,"enemies":"Centurion and Healer","floor":31.0,"turns":6.0},{"damage":7.0,"enemies":"Champ","floor":33.0,"turns":19.0},{"damage":8.0,"enemies":"Orb Walker","floor":35.0,"turns":6.0},{"damage":31.0,"enemies":"3 Darklings","floor":37.0,"turns":7.0},{"damage":17.0,"enemies":"Nemesis","floor":41.0,"turns":7.0},{"damage":10.0,"enemies":"4 Shapes","floor":42.0,"turns":5.0},{"damage":40,"enemies":"Transient","floor":44,"turns":6},{"damage":33,"enemies":"Maw","floor":48,"turns":6},{"damage":43,"enemies":"Time Eater","floor":50,"turns":7},{"damage":83,"enemies":"Donu and Deca","floor":51,"turns":4}],"seed_played":"-9015438971481342931","potions_obtained":[{"floor":4.0,"key":"FearPotion"},{"floor":7.0,"key":"Dexterity Potion"},{"floor":14.0,"key":"GamblersBrew"},{"floor":18.0,"key":"Dexterity Potion"},{"floor":19.0,"key":"DistilledChaos"},{"floor":22.0,"key":"SkillPotion"},{"floor":29.0,"key":"PowerPotion"},{"floor":30.0,"key":"AttackPotion"},{"floor":44,"key":"Ancient Potion"},{"floor":48,"key":"Strength Potion"}],"is_trial":false,"path_per_floor":["M","?","M","M","M","R","M","M","T","?","E","$","?","M","R","B",null,"M","M","?","?","M","R","M","E","T","?","M","M","M","M","R","B",null,"M","?","M","?","?","R","E","M","T","M","$","R","$","M","R","B","B"],"character_chosen":"IRONCLAD","items_purchased":["Bag of Preparation","Spot Weakness","Corruption","Brimstone","Pummel"],"campfire_rested":5,"item_purchase_floors":[12,12,45,47,47],"current_hp_per_floor":[68,57,63,64,46,46,42,43,43,36,24,24,24,25,45,33,59,61,42,42,21,10,30,32,32,32,32,28,29,27,13,35,36,65,65,65,42,42,42,63,54,68,68,54,54,54,54,29,50,54,0,0],"gold":63,"neow_bonus":"RANDOM_COLORLESS_2","is_daily":false,"chose_seed":false,"campfire_upgraded":1,"win_rate":0.0,"timestamp":1607726076,"path_taken":["M","?","M","M","M","R","M","M","T","?","E","$","?","M","R","BOSS","M","M","?","?","M","R","M","E","T","?","M","?","M","?","R","BOSS","M","?","M","?","?","R","E","M","T","M","?","R","$","M","R","BOSS","BOSS"],"items_purchased_type":["Relic","Card","Card","Relic","Card"],"build_version":"2020-11-30","purchased_purges":1,"victory":false,"max_hp_per_floor":[68,68,68,68,68,68,68,68,68,68,68,68,68,68,68,68,68,68,68,68,68,68,68,68,75,75,75,75,75,75,75,75,75,75,75,71,71,71,71,71,71,71,71,71,71,71,71,71,71,71,71,71],"card_choices":[{"not_picked":["Master of Strategy","Secret Weapon"],"picked":"Apotheosis","floor":0.0},{"not_picked":["Flex","Perfected Strike"],"picked":"Disarm","floor":1.0},{"not_picked":["Ghostly Armor","Warcry"],"picked":"Twin Strike","floor":3.0},{"not_picked":["Shrug It Off","Clash"],"picked":"Disarm","floor":4.0},{"not_picked":["Body Slam","Headbutt"],"picked":"Rage","floor":5.0},{"not_picked":["Clothesline","Cleave"],"picked":"Impervious","floor":7.0},{"not_picked":["Wild Strike","Perfected Strike"],"picked":"Anger","floor":8.0},{"not_picked":["Twin Strike","Armaments"],"picked":"Shockwave","floor":11.0},{"not_picked":["Rupture","Intimidate"],"picked":"Second Wind","floor":14.0},{"not_picked":["Brutality","Double Tap"],"picked":"Offering","floor":16.0},{"not_picked":["Rupture","Perfected Strike"],"picked":"Burning Pact","floor":18.0},{"not_picked":["Twin Strike","Clothesline+1"],"picked":"Intimidate","floor":19.0},{"not_picked":["Reckless Charge","Flex"],"picked":"True Grit","floor":22.0},{"not_picked":["Body Slam","Thunderclap"],"picked":"Pommel Strike+1","floor":24.0},{"not_picked":["Dropkick","Perfected Strike","Headbutt"],"picked":"SKIP","floor":25.0},{"not_picked":["Heavy Blade","Rampage","Anger"],"picked":"SKIP","floor":28.0},{"not_picked":["Immolate","Anger"],"picked":"Disarm","floor":29.0},{"not_picked":["Sever Soul+1","Clothesline+1"],"picked":"Shrug It Off","floor":30.0},{"not_picked":["Pommel Strike","Clash","Body Slam"],"picked":"SKIP","floor":31.0},{"not_picked":["Berserk","Juggernaut"],"picked":"Reaper","floor":33.0},{"not_picked":["Perfected Strike","Dropkick","Warcry+1"],"picked":"SKIP","floor":35.0},{"not_picked":["Clash+1","Wild Strike","Warcry"],"picked":"SKIP","floor":37.0},{"not_picked":["Flex","Cleave","Headbutt"],"picked":"SKIP","floor":41.0},{"not_picked":["Flex","Anger"],"picked":"Shockwave","floor":42.0},{"not_picked":["Rage","Hemokinesis","True Grit"],"picked":"SKIP","floor":44},{"not_picked":["Clothesline","Flex","Headbutt"],"picked":"SKIP","floor":48}],"player_experience":1781515,"relics_obtained":[{"floor":9.0,"key":"Happy Flower"},{"floor":11.0,"key":"Charon\u0027s Ashes"},{"floor":17.0,"key":"Blood Vial"},{"floor":17.0,"key":"White Beast Statue"},{"floor":17.0,"key":"Torii"},{"floor":21.0,"key":"Nilry\u0027s Codex"},{"floor":25.0,"key":"Strawberry"},{"floor":26.0,"key":"Ancient Tea Set"},{"floor":41.0,"key":"Pen Nib"}],"event_choices":[{"damage_healed":0.0,"max_hp_gain":0.0,"max_hp_loss":0.0,"gold_gain":75.0,"event_name":"World of Goop","player_choice":"Gather Gold","floor":2.0,"gold_loss":0.0,"damage_taken":11.0},{"cards_removed":["Strike_R"],"damage_healed":0.0,"max_hp_gain":0.0,"max_hp_loss":0.0,"gold_gain":0.0,"event_name":"Golden Wing","player_choice":"Card Removal","floor":10.0,"gold_loss":0.0,"damage_taken":7.0},{"damage_healed":0.0,"max_hp_gain":0.0,"max_hp_loss":0.0,"gold_gain":0.0,"event_name":"Dead Adventurer","player_choice":"Searched \u00271\u0027 times","floor":13.0,"gold_loss":0.0,"damage_taken":0.0,"relics_obtained":["PreservedInsect"]},{"damage_healed":0.0,"max_hp_gain":0.0,"max_hp_loss":0.0,"gold_gain":0.0,"event_name":"Back to Basics","player_choice":"Simplicity","floor":20.0,"gold_loss":0.0,"damage_taken":0.0,"cards_upgraded":["Strike_R","Strike_R","Strike_R","Strike_R","Defend_R","Defend_R","Defend_R","Defend_R"]},{"damage_healed":0.0,"max_hp_gain":0.0,"max_hp_loss":0.0,"gold_gain":0.0,"event_name":"Cursed Tome","player_choice":"Obtained Book","floor":21.0,"gold_loss":0.0,"damage_taken":21.0},{"damage_healed":0.0,"max_hp_gain":0.0,"max_hp_loss":0.0,"gold_gain":0.0,"event_name":"Upgrade Shrine","player_choice":"Upgraded","floor":27.0,"gold_loss":0.0,"damage_taken":0.0,"cards_upgraded":["Disarm"]},{"damage_healed":0.0,"max_hp_gain":0.0,"max_hp_loss":4.0,"gold_gain":0.0,"event_name":"Winding Halls","player_choice":"Max HP","floor":36.0,"gold_loss":0.0,"damage_taken":0.0},{"cards_removed":["Defend_R"],"damage_healed":0.0,"max_hp_gain":0.0,"max_hp_loss":0.0,"gold_gain":0.0,"event_name":"Falling","player_choice":"Removed Skill","floor":38.0,"gold_loss":0.0,"damage_taken":0.0},{"damage_healed":0.0,"max_hp_gain":0.0,"max_hp_loss":0.0,"gold_gain":0.0,"event_name":"Mysterious Sphere","player_choice":"Ignored","floor":39.0,"gold_loss":0.0,"damage_taken":0.0}],"is_beta":false,"boss_relics":[{"not_picked":["Tiny House","Mark of Pain"],"picked":"Calling Bell"},{"not_picked":["Cursed Key","Empty Cage"],"picked":"SlaversCollar"}],"items_purged_floors":[45],"is_endless":false,"potions_floor_spawned":[4,7,8,14,18,19,22,24,25,28,29,30,31,33,35,37,41,42,44,48],"killed_by":"Donu and Deca","ascension_level":20}}