{"host":"6x4iiutqpimyd4s6","time":1607722088,"event":{"mods":["AchievementEnabler","BaseMod","BetterRewards","Colored Map","Data Control","Minty Spire (QoL Compilation)","Nulf Mod","Remove Card Discount Mod","Shop Mod","StSLib"],"gold_per_floor":[363,303,314,325,344,375,389,422,502,452,464,481,481,481,481,580,580,600,436,448,458,475,475,491,491,491,491,508,508,527,527,527,627,627,646,663,674,529,548,548,575,575,620,620,655,0,0,27,27,27,27,27,27,54,54],"floor_reached":56,"playtime":2229,"items_purged":["Strike_B","Strike_B","Defend_B","Defend_B","Strike_B","Strike_B","Defend_B"],"score":1476,"play_id":"dae1eb4e-e509-468c-a98a-e51f67b47dd0","local_time":"20201211162808","is_ascension_mode":false,"campfire_choices":[{"data":"Consume","floor":15,"key":"SMITH"},{"data":"Capacitor","floor":23,"key":"SMITH"},{"data":"Loop","floor":25,"key":"SMITH"},{"data":"Echo Form","floor":27,"key":"SMITH"},{"data":"Coolheaded","floor":29,"key":"SMITH"},{"data":"Hologram","floor":32,"key":"SMITH"},{"data":"Creative AI","floor":40,"key":"SMITH"},{"floor":42,"key":"RECALL"},{"data":"Electrodynamics","floor":44,"key":"SMITH"},{"data":"Hologram","floor":47,"key":"SMITH"},{"data":"Zap","floor":49,"key":"SMITH"},{"data":"Barrage","floor":52,"key":"SMITH"}],"circlet_count":0,"master_deck":["Zap+1","Dualcast+1","Glacier+1","Hologram+1","Hologram+1","Loop+1","Reinforced Body+1","Consume+1","Compile Driver","Barrage+1","Coolheaded+1","Echo Form+1","Capacitor+1","Amplify+1","Hologram+1","Redo+1","Creative AI+1","Barrage","Streamline+1","Electrodynamics+1","Hologram+1","Hologram+1"],"relics":["Cracked Core","Nulfmod:PlaceholderRelic","Nulfmod:PlaceholderRelic2","Smiling Mask","Nunchaku","Potion Belt","Black Star","MealTicket","Anchor","Bird Faced Urn","Lantern","Bag of Marbles","Juzu Bracelet","Pen Nib","Red Mask","StoneCalendar","War Paint","Bottled Lightning","Gremlin Horn"],"acts_visited":["Exordium","TheCity","TheBeyond","TheEnding"],"potions_floor_usage":[55,55],"damage_taken":[{"damage":0,"enemies":"Jaw Worm","floor":1,"turns":2},{"damage":0,"enemies":"Cultist","floor":3,"turns":4},{"damage":0,"enemies":"Small Slimes","floor":4,"turns":2},{"damage":0,"enemies":"Looter","floor":5,"turns":2},{"damage":0,"enemies":"Gremlin Nob","floor":6,"turns":4},{"damage":0,"enemies":"Blue Slaver","floor":7,"turns":5},{"damage":0,"enemies":"Lagavulin","floor":8,"turns":8},{"damage":0,"enemies":"3 Louse","floor":11,"turns":2},{"damage":0,"enemies":"Exordium Wildlife","floor":12,"turns":3},{"damage":0,"enemies":"Hexaghost","floor":16,"turns":8},{"damage":0,"enemies":"2 Thieves","floor":18,"turns":3},{"damage":0,"enemies":"Spheric Guardian","floor":20,"turns":3},{"damage":2,"enemies":"Cultist and Chosen","floor":21,"turns":5},{"damage":4,"enemies":"Shelled Parasite and Fungi","floor":22,"turns":5},{"damage":0,"enemies":"3 Cultists","floor":24,"turns":5},{"damage":0,"enemies":"Centurion and Healer","floor":28,"turns":4},{"damage":0,"enemies":"Snake Plant","floor":30,"turns":3},{"damage":0,"enemies":"Automaton","floor":33,"turns":5},{"damage":0,"enemies":"3 Darklings","floor":35,"turns":4},{"damage":13,"enemies":"Orb Walker","floor":36,"turns":4},{"damage":5,"enemies":"3 Darklings","floor":37,"turns":5},{"damage":0,"enemies":"4 Shapes","floor":39,"turns":5},{"damage":20,"enemies":"Reptomancer","floor":41,"turns":5},{"damage":0,"enemies":"Giant Head","floor":45,"turns":6},{"damage":0,"enemies":"Nemesis","floor":48,"turns":3},{"damage":4,"enemies":"Awakened One","floor":50,"turns":6},{"damage":34,"enemies":"Shield and Spear","floor":54,"turns":3},{"damage":57,"enemies":"The Heart","floor":55,"turns":7}],"seed_played":"-7894774575468521136","potions_obtained":[{"floor":1,"key":"PotionOfCapacity"},{"floor":7,"key":"SpeedPotion"},{"floor":8,"key":"Fire Potion"},{"floor":16,"key":"SpeedPotion"},{"floor":18,"key":"SkillPotion"},{"floor":22,"key":"FairyPotion"}],"is_trial":false,"path_per_floor":["M","$","M","M","M","E","M","E","T","?","M","M","?","T","R","B",null,"M","$","M","M","M","R","M","R","T","R","M","R","M","?","R","B",null,"M","M","M","$","M","R","E","R","T","R","E","?","R","E","R","B",null,"R","$","E","B",null],"character_chosen":"DEFECT","items_purchased":["Hologram","Amplify","Anchor"],"campfire_rested":0,"item_purchase_floors":[2,19,38],"current_hp_per_floor":[54,54,54,54,54,54,54,54,54,54,54,54,39,39,39,39,75,75,75,75,73,69,69,69,69,69,69,69,69,69,55,55,55,80,80,67,62,77,77,77,57,57,57,57,80,80,80,80,80,80,80,80,80,46,9],"gold":54,"neow_bonus":"TWO_FIFTY_GOLD","is_daily":false,"chose_seed":false,"campfire_upgraded":11,"win_rate":0.0,"timestamp":1607722088,"path_taken":["M","$","M","M","M","E","M","E","T","?","M","M","?","?","R","BOSS","M","$","M","M","M","R","M","R","T","R","M","R","?","?","R","BOSS","M","M","M","$","M","R","E","R","T","R","E","?","R","E","R","BOSS","R","$","E","BOSS"],"items_purchased_type":["Card","Card","Relic"],"build_version":"2020-11-30","purchased_purges":7,"victory":true,"max_hp_per_floor":[75,75,75,75,75,75,75,75,75,75,75,75,75,75,75,75,75,75,75,75,75,75,75,75,75,75,75,75,75,75,80,80,80,80,80,80,80,80,80,80,80,80,80,80,80,80,80,80,80,80,80,80,80,80,80],"card_choices":[{"not_picked":["Ball Lightning","Sweeping Beam"],"picked":"Glacier","floor":1},{"not_picked":["Recycle","Sweeping Beam"],"picked":"Hologram","floor":3},{"not_picked":["Chill","Redo","Scrape"],"picked":"SKIP","floor":4},{"not_picked":["Gash","Hologram"],"picked":"Loop","floor":5},{"not_picked":["Double Energy","Skim"],"picked":"Reinforced Body","floor":6},{"not_picked":["Redo","Cold Snap"],"picked":"Consume","floor":7},{"not_picked":["Meteor Strike","White Noise"],"picked":"Compile Driver","floor":8},{"not_picked":["Redo","Melter"],"picked":"Barrage","floor":11},{"not_picked":["BootSequence","Sweeping Beam"],"picked":"Coolheaded","floor":12},{"not_picked":["Multi-Cast","All For One"],"picked":"Echo Form","floor":16},{"not_picked":["Stack","Storm"],"picked":"Capacitor","floor":18},{"not_picked":["Gash","Go for the Eyes"],"picked":"Hologram+1","floor":20},{"not_picked":["Hologram","Gash","Undo"],"picked":"SKIP","floor":21},{"not_picked":["Coolheaded","Gash"],"picked":"Redo+1","floor":22},{"not_picked":["Hyperbeam","Glacier+1","Conserve Battery"],"picked":"SKIP","floor":24},{"not_picked":["Chill+1","Gash","Recycle"],"picked":"SKIP","floor":28},{"not_picked":["Sweeping Beam","Rebound","Turbo+1"],"picked":"SKIP","floor":30},{"not_picked":["Machine Learning","Thunder Strike"],"picked":"Creative AI","floor":33},{"not_picked":["Conserve Battery","Leap"],"picked":"Barrage","floor":35},{"not_picked":["Sweeping Beam","Leap+1"],"picked":"Streamline+1","floor":36},{"not_picked":["Melter+1","Sweeping Beam","Undo"],"picked":"SKIP","floor":37},{"not_picked":["Fusion","Conserve Battery+1"],"picked":"Electrodynamics","floor":39},{"not_picked":["Go for the Eyes+1","Steam"],"picked":"Hologram+1","floor":41},{"not_picked":["Coolheaded","Hello World+1"],"picked":"Hologram+1","floor":45},{"not_picked":["Leap+1","White Noise","Chaos"],"picked":"SKIP","floor":48},{"not_picked":["Rebound","Fission","Cold Snap+1"],"picked":"SKIP","floor":54}],"player_experience":287065,"relics_obtained":[{"floor":6,"key":"Smiling Mask"},{"floor":8,"key":"Nunchaku"},{"floor":14,"key":"Potion Belt"},{"floor":26,"key":"MealTicket"},{"floor":41,"key":"Bird Faced Urn"},{"floor":41,"key":"Lantern"},{"floor":43,"key":"Bag of Marbles"},{"floor":45,"key":"Juzu Bracelet"},{"floor":45,"key":"Pen Nib"},{"floor":48,"key":"StoneCalendar"},{"floor":48,"key":"War Paint"},{"floor":54,"key":"Bottled Lightning"},{"floor":54,"key":"Gremlin Horn"}],"event_choices":[{"cards_removed":["Defend_B"],"damage_healed":0,"gold_gain":0,"player_choice":"Card Removal","damage_taken":0,"max_hp_gain":0,"max_hp_loss":0,"event_name":"The Cleric","floor":10,"gold_loss":50},{"damage_healed":0,"gold_gain":0,"player_choice":"Entered Light","damage_taken":15,"max_hp_gain":0,"max_hp_loss":0,"event_name":"Shining Light","floor":13,"gold_loss":0,"cards_upgraded":["Dualcast","Reinforced Body"]},{"damage_healed":0,"gold_gain":0,"player_choice":"Shed Blood","damage_taken":19,"max_hp_gain":5,"max_hp_loss":0,"event_name":"Forgotten Altar","floor":31,"gold_loss":0},{"damage_healed":0,"gold_gain":0,"player_choice":"Paid","damage_taken":0,"relics_obtained":["Red Mask"],"max_hp_gain":0,"max_hp_loss":0,"event_name":"Tomb of Lord Red Mask","floor":46,"gold_loss":655}],"is_beta":false,"boss_relics":[{"not_picked":["Inserter","Nuclear Battery"],"picked":"Black Star"},{"not_picked":["Runic Pyramid","Coffee Dripper","Busted Crown"]}],"items_purged_floors":[2,2,2,2,2,2,19],"is_endless":false,"potions_floor_spawned":[1,7,8,11,16,18,22,28,30,33,35,39,48,54],"ascension_level":0}}