{"host":"wwm0n4cn14lqtm8g","time":1607658445,"event":{"mods":["AchievementEnabler","BaseMod","Colored Map","DeckTracker","Minty Spire (QoL Compilation)","Rare Cards Sparkle","Relic Stats","StSLib","Waifu the Spire","everything is the same but u backflip on backflip"],"gold_per_floor":[114,114,114,128,228,228,272,272,272,54,67,67,67,111,111,111,111],"floor_reached":16,"playtime":324,"items_purged":["Defend_G"],"score":312,"play_id":"ba4842ee-f21b-4d2e-8ed7-eacc725878b5","local_time":"20201211124725","is_ascension_mode":true,"campfire_choices":[{"floor":6.0,"key":"RECALL"},{"data":"Neutralize","floor":8.0,"key":"SMITH"},{"data":"Footwork","floor":12.0,"key":"SMITH"},{"data":"Catalyst","floor":15,"key":"SMITH"}],"circlet_count":0,"master_deck":["AscendersBane","Strike_G","Strike_G","Strike_G","Defend_G","Defend_G","Defend_G","Defend_G","Survivor","Neutralize+1","Backstab","Catalyst+1","After Image","Footwork+1","Deadly Poison+1","Bane","Burst+1","Malaise+1"],"relics":["Ring of the Snake","NeowsBlessing","Golden Idol","Blood Vial","Toxic Egg 2","Bottled Tornado"],"acts_visited":["Exordium"],"potions_floor_usage":[14,16],"damage_taken":[{"damage":0.0,"enemies":"2 Louse","floor":1.0,"turns":1.0},{"damage":0.0,"enemies":"Cultist","floor":4.0,"turns":1.0},{"damage":0.0,"enemies":"3 Sentries","floor":7.0,"turns":1.0},{"damage":0.0,"enemies":"Small Slimes","floor":11.0,"turns":3.0},{"damage":0,"enemies":"Lagavulin","floor":14,"turns":3},{"damage":39,"enemies":"Slime Boss","floor":16,"turns":8}],"seed_played":"6334038199099679375","potions_obtained":[{"floor":1.0,"key":"Swift Potion"},{"floor":11.0,"key":"GamblersBrew"}],"is_trial":false,"path_per_floor":["M","?","?","M","?","R","E","R","T","$","M","R","?","E","R","B"],"character_chosen":"THE_SILENT","items_purchased":["Footwork","Deadly Poison+1"],"campfire_rested":0,"item_purchase_floors":[10,10],"current_hp_per_floor":[59,36,29,29,29,29,29,29,29,29,31,31,31,33,33,0,0],"gold":111,"neow_bonus":"THREE_ENEMY_KILL","is_daily":false,"chose_seed":false,"campfire_upgraded":3,"win_rate":0.0,"timestamp":1607658445,"path_taken":["M","?","?","M","?","R","E","R","T","$","?","R","?","E","R","BOSS"],"items_purchased_type":["Card","Undefined"],"build_version":"2020-11-30","purchased_purges":1,"victory":false,"max_hp_per_floor":[66,66,66,66,66,66,66,66,66,66,66,66,66,66,66,66,66],"relic_stats":{"Blood Vial":6,"counters":[6,17],"Golden Idol":24,"obtain_stats":[{"Blood Vial":7,"NeowsBlessing":0,"Golden Idol":2,"Toxic Egg 2":9,"Bottled Tornado":14,"Ring of the Snake":0},{"Blood Vial":3,"NeowsBlessing":0,"Golden Idol":1,"Toxic Egg 2":3,"Bottled Tornado":5,"Ring of the Snake":0},{"Blood Vial":3,"NeowsBlessing":0,"Golden Idol":1,"Toxic Egg 2":3,"Bottled Tornado":9,"Ring of the Snake":0}],"Ring of the Snake":[12]},"card_choices":[{"not_picked":["Cloak And Dagger","Slice"],"picked":"Backstab","floor":1.0},{"not_picked":["Cloak And Dagger","Acrobatics"],"picked":"Catalyst","floor":4.0},{"not_picked":["Noxious Fumes","Skewer"],"picked":"After Image","floor":7.0},{"not_picked":["Dodge and Roll+1","Caltrops"],"picked":"Bane","floor":11.0},{"not_picked":["Dash","Quick Slash"],"picked":"Malaise+1","floor":14}],"player_experience":1202406,"relics_obtained":[{"floor":7.0,"key":"Blood Vial"},{"floor":9.0,"key":"Toxic Egg 2"},{"floor":14,"key":"Bottled Tornado"}],"event_choices":[{"damage_healed":0.0,"max_hp_gain":0.0,"max_hp_loss":0.0,"gold_gain":0.0,"event_name":"Golden Idol","player_choice":"Take Damage","floor":2.0,"gold_loss":0.0,"damage_taken":23.0,"relics_obtained":["Golden Idol"]},{"cards_removed":["Strike_G"],"damage_healed":0.0,"max_hp_gain":0.0,"max_hp_loss":0.0,"gold_gain":0.0,"event_name":"Golden Wing","player_choice":"Card Removal","floor":3.0,"gold_loss":0.0,"damage_taken":7.0},{"damage_healed":0.0,"max_hp_gain":0.0,"max_hp_loss":0.0,"gold_gain":100.0,"event_name":"Wheel of Change","player_choice":"Gold","floor":5.0,"gold_loss":0.0,"damage_taken":0.0},{"damage_healed":0.0,"max_hp_gain":0.0,"max_hp_loss":0.0,"gold_gain":0.0,"cards_transformed":["Strike_G"],"event_name":"Living Wall","player_choice":"Change","floor":13.0,"gold_loss":0.0,"damage_taken":0.0,"cards_obtained":["Burst"]}],"is_beta":false,"boss_relics":[],"items_purged_floors":[10],"is_endless":false,"potions_floor_spawned":[1,11],"killed_by":"Slime Boss","ascension_level":20}}