{"host":"f14d6hm2349s9jse","time":1607653863,"event":{"mods":["2.2 Compatiblity","BaseMod","Minty Spire (QoL Compilation)","StSLib","WarShipGirlsR/战舰少女R mod"],"gold_per_floor":[111,286,303,317,317,317,348,348,372,337,337,366,366,380,380,380,380],"floor_reached":16,"playtime":851,"items_purged":[],"score":108,"play_id":"acf29dc5-7271-4ddc-91e6-7f67a15109a6","local_time":"20201210213103","is_ascension_mode":false,"campfire_choices":[{"data":"rmod:stealaluminum","floor":6,"key":"SMITH"},{"data":"rmod:aggressivemary","floor":11,"key":"SMITH"},{"floor":13,"key":"REST"},{"floor":15,"key":"RECALL"}],"circlet_count":0,"master_deck":["rmod:strick","rmod:strick","rmod:strick","rmod:strick","rmod:defend","rmod:defend","rmod:defend","rmod:defend","rmod:basicallowance","rmod:maingunfire","Doubt","rmod:aggressivemary+1","rmod:stealaluminum+1","rmod:supportaircraftcarrier+1","rmod:fletcherpendant","rmod:rockthrower+1"],"relics":["rmod:firstchargereward","NeowsBlessing","PreservedInsect","Lantern","Molten Egg 2"],"acts_visited":["Exordium"],"potions_floor_usage":[7,12],"damage_taken":[{"damage":0,"enemies":"2 Louse","floor":1,"turns":1},{"damage":0,"enemies":"Jaw Worm","floor":3,"turns":1},{"damage":0,"enemies":"Cultist","floor":4,"turns":1},{"damage":48,"enemies":"Gremlin Nob","floor":7,"turns":6},{"damage":3,"enemies":"3 Sentries","floor":12,"turns":6},{"damage":0,"enemies":"Looter","floor":14,"turns":1},{"damage":12,"enemies":"Hexaghost","floor":16,"turns":2}],"seed_played":"1555431057113726710","potions_obtained":[{"floor":3,"key":"FairyPotion"},{"floor":4,"key":"AttackPotion"},{"floor":7,"key":"AttackPotion"},{"floor":14,"key":"DistilledChaos"}],"is_trial":false,"path_per_floor":["M","?","M","M","$","R","E","?","T","?","R","E","R","M","R","B"],"character_chosen":"PRAEFECT","items_purchased":[],"campfire_rested":1,"item_purchase_floors":[],"current_hp_per_floor":[75,75,75,75,75,75,27,27,27,45,45,42,64,64,64,52,52],"gold":380,"neow_bonus":"THREE_ENEMY_KILL","is_daily":false,"chose_seed":false,"campfire_upgraded":2,"win_rate":0.0,"timestamp":1607653863,"path_taken":["M","?","M","M","$","R","E","?","T","?","R","E","R","M","R","BOSS"],"items_purchased_type":[],"build_version":"2020-11-30","purchased_purges":0,"victory":false,"max_hp_per_floor":[75,75,75,75,75,75,75,75,75,75,75,75,75,75,75,75,75],"card_choices":[{"not_picked":["rmod:fuelsupply","rmod:steelsupply","rmod:garrisonisland"],"picked":"SKIP","floor":1},{"not_picked":["rmod:ammunitionsupply","rmod:fuelsupply"],"picked":"rmod:aggressivemary","floor":3},{"not_picked":["rmod:fuelsupply","rmod:ring"],"picked":"rmod:stealaluminum","floor":4},{"not_picked":["rmod:ammunitionsupply","rmod:tearstotiara"],"picked":"rmod:supportaircraftcarrier","floor":7},{"not_picked":["rmod:fletcherpendant+1","rmod:ammunitionsupply","rmod:steelsupply"],"picked":"SKIP","floor":12},{"not_picked":["rmod:expedition","rmod:slowdown"],"picked":"rmod:rockthrower+1","floor":14}],"player_experience":2463875,"relics_obtained":[{"floor":7,"key":"PreservedInsect"},{"floor":9,"key":"Lantern"},{"floor":12,"key":"Molten Egg 2"}],"event_choices":[{"damage_healed":0,"gold_gain":175,"player_choice":"AGREE","damage_taken":0,"max_hp_gain":0,"max_hp_loss":0,"event_name":"Liars Game","floor":2,"gold_loss":0,"cards_obtained":["Doubt"]},{"damage_healed":0,"gold_gain":0,"player_choice":"Grow","damage_taken":0,"max_hp_gain":0,"max_hp_loss":0,"event_name":"Living Wall","floor":8,"gold_loss":0,"cards_upgraded":["rmod:supportaircraftcarrier"]},{"damage_healed":18,"gold_gain":0,"player_choice":"Healed","damage_taken":0,"max_hp_gain":0,"max_hp_loss":0,"event_name":"The Cleric","floor":10,"gold_loss":35}],"is_beta":false,"boss_relics":[],"items_purged_floors":[],"is_endless":false,"potions_floor_spawned":[3,4,7,14],"killed_by":"Hexaghost","ascension_level":0}}