{"host":"zi8o4akxlgxypwgb","time":1607706344,"event":{"mods":["BaseMod","Minty Spire (QoL Compilation)","Replay The Spire","StSLib","SuperFastMode"],"gold_per_floor":[116,126,136,152,152,152,163,367,391,401,430,445,478,493,493,595,595,615,347,359,284,284,314,413,445,445,385,385,385],"floor_reached":28,"playtime":5720,"items_purged":["Defend_G"],"score":324,"play_id":"71a28b1f-4a7f-487b-b185-95ac35f28c52","local_time":"20201212010544","is_ascension_mode":true,"campfire_choices":[{"data":"Regret","floor":15.0,"key":"PURGE"}],"circlet_count":0,"master_deck":["Strike_G+1","Strike_G","Strike_G","Defend_G","Survivor","Neutralize+1","Outmaneuver","Backflip","Blade Dance","Dash","Blade Dance+1","Blur","Acrobatics","Toxin Wave","Bane","Underhanded Strike","Doppelganger","Hidden Blade","Storm of Steel","Crippling Poison","Eviscerate","Crippling Poison","Caltrops","Tactician","Dagger Spray","Chrysalis","Specialist","Finisher","Terror","Dodge and Roll","Cloak And Dagger+1","Dagger Throw+1"],"relics":["Ring of the Snake","NeowsBlessing","Replay:Mystery Machine","Replay:Baseball","Whetstone","Peace Pipe","SlaversCollar","BargainBundle","Blue Candle","Tiny Chest","The Courier"],"acts_visited":["Exordium","TheCity"],"potions_floor_usage":[16,18,23,28],"damage_taken":[{"damage":0.0,"enemies":"Cultist","floor":1.0,"turns":1.0},{"damage":0.0,"enemies":"2 Louse","floor":2.0,"turns":1.0},{"damage":0.0,"enemies":"Jaw Worm","floor":3.0,"turns":1.0},{"damage":0.0,"enemies":"2 Fungi Beasts","floor":4.0,"turns":5.0},{"damage":1.0,"enemies":"Exordium Thugs","floor":7.0,"turns":5.0},{"damage":0.0,"enemies":"Blue Slaver","floor":10.0,"turns":3.0},{"damage":3.0,"enemies":"3 Sentries","floor":11.0,"turns":7.0},{"damage":0.0,"enemies":"Lots of Slimes","floor":12.0,"turns":2.0},{"damage":2.0,"enemies":"Lagavulin","floor":13.0,"turns":5.0},{"damage":4.0,"enemies":"Exordium Wildlife","floor":14.0,"turns":3.0},{"damage":9,"enemies":"Slime Boss","floor":16,"turns":8},{"damage":19,"enemies":"2 Thieves","floor":18,"turns":3},{"damage":2,"enemies":"3 Byrds","floor":20,"turns":3},{"damage":28,"enemies":"Book of Stabbing","floor":23,"turns":6},{"damage":36,"enemies":"Replay:Snechameleon","floor":25,"turns":7},{"damage":2,"enemies":"Centurion and Healer","floor":28,"turns":2}],"seed_played":"-8976988565829691218","potions_obtained":[{"floor":1.0,"key":"DistilledChaos"},{"floor":3.0,"key":"Strength Potion"},{"floor":7.0,"key":"Strength Potion"},{"floor":11.0,"key":"GamblersBrew"},{"floor":12.0,"key":"SkillPotion"},{"floor":14.0,"key":"Fruit Juice"},{"floor":16,"key":"SteroidPotion"},{"floor":25,"key":"DistilledChaos"}],"is_trial":false,"path_per_floor":["M","M","M","M","?","?","M","?","T","M","E","M","E","M","R","B",null,"M","$","M","?","?","E","?","E","T","?","M"],"character_chosen":"THE_SILENT","items_purchased":["BargainBundle","Regen Potion","Cursed Concoction","Eviscerate","Crippling Poison","Caltrops","Tactician","Dagger Spray","Chrysalis","Specialist"],"campfire_rested":0,"item_purchase_floors":[19,19,19,19,19,19,19,19,19,19],"current_hp_per_floor":[70,70,70,70,70,70,69,41,41,41,38,38,36,37,37,28,75,56,56,54,54,54,41,41,5,5,5,3,3],"gold":385,"neow_bonus":"THREE_ENEMY_KILL","is_daily":false,"chose_seed":false,"campfire_upgraded":0,"win_rate":0.0,"timestamp":1607706344,"path_taken":["M","M","?","M","?","?","M","?","T","?","E","?","E","M","R","BOSS","M","$","M","?","?","E","?","E","T","?","?"],"items_purchased_type":["Relic","Potion","Potion","Card","Card","Card","Card","Card","Card","Card"],"build_version":"2020-11-30","purchased_purges":1,"victory":false,"max_hp_per_floor":[70,70,70,70,70,70,70,70,70,70,70,70,70,75,75,75,75,75,75,75,75,75,75,75,75,75,75,75,75],"card_choices":[{"not_picked":["ReplayTheSpireMod:Tripwire","Deadly Poison"],"picked":"Outmaneuver","floor":1.0},{"not_picked":["ReplayTheSpireMod:Speed Training","Hidden Blade"],"picked":"Backflip","floor":2.0},{"not_picked":["Backflip","Endless Agony"],"picked":"Blade Dance","floor":3.0},{"not_picked":["ReplayTheSpireMod:Scrap Shanks","Bane"],"picked":"Dash","floor":4.0},{"not_picked":["Concentrate","Bane"],"picked":"Blur","floor":7.0},{"not_picked":["Grand Finale","Quick Slash"],"picked":"Acrobatics","floor":8.0},{"not_picked":["ReplayTheSpireMod:Exploit Weakness","Endless Agony"],"picked":"Toxin Wave","floor":10.0},{"not_picked":["Dagger Spray","All Out Attack"],"picked":"Bane","floor":11.0},{"not_picked":["Eviscerate","ReplayTheSpireMod:Tripwire"],"picked":"Underhanded Strike","floor":12.0},{"not_picked":["ReplayTheSpireMod:Exploit Weakness","Atom Bomb"],"picked":"Doppelganger","floor":13.0},{"not_picked":["Outmaneuver","Backflip"],"picked":"Hidden Blade","floor":14.0},{"not_picked":["ReplayTheSpireMod:From All Sides","Die Die Die"],"picked":"Storm of Steel","floor":16},{"not_picked":["Well Laid Plans","Dodge and Roll"],"picked":"Crippling Poison","floor":18},{"not_picked":["Eviscerate","Prepared"],"picked":"Finisher","floor":20},{"not_picked":["Setup","Finisher+1"],"picked":"Cloak And Dagger+1","floor":23},{"not_picked":["Escape Plan","Deflect+1"],"picked":"Dagger Throw+1","floor":25}],"player_experience":276110,"relics_obtained":[{"floor":9.0,"key":"Replay:Baseball"},{"floor":11.0,"key":"Whetstone"},{"floor":13.0,"key":"Peace Pipe"},{"floor":23,"key":"Blue Candle"},{"floor":25,"key":"Tiny Chest"},{"floor":26,"key":"The Courier"}],"event_choices":[{"damage_healed":0.0,"max_hp_gain":0.0,"max_hp_loss":0.0,"gold_gain":0.0,"event_name":"Big Fish","player_choice":"Box","floor":5.0,"gold_loss":0.0,"damage_taken":0.0,"relics_obtained":["Replay:Mystery Machine"],"cards_obtained":["Regret"]},{"cards_removed":["Defend_G"],"damage_healed":0,"gold_gain":0,"player_choice":"Gave Gold","damage_taken":0,"max_hp_gain":0,"max_hp_loss":0,"event_name":"Beggar","floor":21,"gold_loss":75},{"damage_healed":0,"gold_gain":0,"cards_transformed":["Defend_G","Strike_G"],"player_choice":"Became Test Subject","damage_taken":0,"max_hp_gain":0,"max_hp_loss":0,"event_name":"Drug Dealer","floor":22,"gold_loss":0,"cards_obtained":["Terror","Dodge and Roll"]},{"damage_healed":0,"gold_gain":99,"player_choice":"Stole From Cult","damage_taken":0,"max_hp_gain":0,"max_hp_loss":0,"event_name":"Nest","floor":24,"gold_loss":0},{"cards_removed":["Defend_G"],"damage_healed":0,"gold_gain":0,"player_choice":"Single Remove","damage_taken":0,"max_hp_gain":0,"max_hp_loss":0,"event_name":"Designer","floor":27,"gold_loss":60}],"is_beta":false,"boss_relics":[{"not_picked":["Tiny House","Kintsugi"],"picked":"SlaversCollar"}],"items_purged_floors":[19],"is_endless":false,"potions_floor_spawned":[1,3,7,11,12,14,16,20,25],"killed_by":"Centurion and Healer","ascension_level":4}}