{"host":"mszes4kzl3qk0fcx","time":1607645593,"event":{"mods":["BaseMod","StSLib","The Animator","Minty Spire (QoL Compilation)","The Administrix"],"gold_per_floor":[130,145,157,157,157,157,188,188,214,277,277,309,309,339,339,436,436,472,513,613,640,666,666,708,708,708,757,56,96,125,137,137,137,137],"floor_reached":33,"playtime":6948,"items_purged":[],"score":285,"play_id":"9b90799f-3134-4756-b7cd-95d5c2d92296","local_time":"20201210191313","is_ascension_mode":true,"campfire_choices":[{"data":"animator:Priestess","floor":6,"key":"SMITH"},{"data":"animator:HighElfArcher","floor":11,"key":"SMITH"},{"floor":13,"key":"REST"},{"floor":15,"key":"REST"},{"floor":23,"key":"REST"},{"floor":25,"key":"REST"},{"floor":32,"key":"REST"}],"circlet_count":0,"master_deck":["animator:Strike_GoblinSlayer","animator:Defend_GoblinSlayer","animator:Strike","animator:Strike","animator:Strike+1","animator:Defend+1","animator:Defend","animator:Defend+1","animator:LizardPriest","animator:DwarfShaman","animator:Priestess+1","animator:Spearman","animator:HighElfArcher+1","animator:Witch","animator:OrikoMikuni","animator:Kyubey","animator:GuildGirl","animator:Kaijin","animator:Shuna","animator:SayakaMiki","animator:SuzuneAmano","animator:MamiTomoe+1","animator:IrohaTamaki+1","animator:Millim+1","animator:YachiyoNanami","animator:Benimaru+1","animator:Priestess","animator:CowGirl"],"relics":["animator:LivingPicture","animator:TheMissingPiece","animator:PurgingStone","Art of War","Turnip","Ancient Tea Set","animator:HolyGrailRelic","Paper Frog","Molten Egg 2","animator:WornHelmet","animator:CerealBox","Meat on the Bone"],"acts_visited":["Exordium","TheCity"],"potions_floor_usage":[10,10,12,16,22,24,24,30],"damage_taken":[{"damage":1,"enemies":"Jaw Worm","floor":1,"turns":5},{"damage":0,"enemies":"Small Slimes","floor":2,"turns":5},{"damage":1,"enemies":"2 Louse","floor":3,"turns":3},{"damage":0,"enemies":"Large Slime","floor":7,"turns":6},{"damage":8,"enemies":"3 Sentries","floor":10,"turns":7},{"damage":42,"enemies":"Gremlin Nob","floor":12,"turns":6},{"damage":0,"enemies":"Exordium Wildlife","floor":14,"turns":4},{"damage":48,"enemies":"Slime Boss","floor":16,"turns":22},{"damage":0,"enemies":"Shell Parasite","floor":18,"turns":10},{"damage":12,"enemies":"3 Byrds","floor":19,"turns":5},{"damage":60,"enemies":"3 Cultists","floor":21,"turns":8},{"damage":8,"enemies":"Snecko","floor":22,"turns":8},{"damage":46,"enemies":"Slavers","floor":24,"turns":9},{"damage":0,"enemies":"Centurion and Healer","floor":27,"turns":10},{"damage":23,"enemies":"Cultist and Chosen","floor":29,"turns":8},{"damage":18,"enemies":"3 Cultists","floor":30,"turns":6},{"damage":2,"enemies":"Snake Plant","floor":31,"turns":6},{"damage":88,"enemies":"Collector","floor":33,"turns":6}],"seed_played":"8639482084417770842","potions_obtained":[{"floor":1,"key":"LiquidMemories"},{"floor":7,"key":"Fire Potion"},{"floor":12,"key":"SpeedPotion"},{"floor":21,"key":"Fire Potion"},{"floor":22,"key":"Regen Potion"},{"floor":27,"key":"Weak Potion"},{"floor":30,"key":"Ancient Potion"}],"is_trial":false,"path_per_floor":["M","M","M","?","?","R","M","?","T","?","R","E","R","M","R","B",null,"M","M","?","M","M","R","E","R","T","M","$","M","M","M","R","B"],"character_chosen":"THE_ANIMATOR","items_purchased":["animator:IrohaTamaki+1","animator:WornHelmet","animator:CerealBox","Meat on the Bone","animator:Millim+1","animator:YachiyoNanami"],"campfire_rested":5,"item_purchase_floors":[28,28,28,28,28,28],"current_hp_per_floor":[71,72,71,71,56,56,56,56,56,49,49,7,29,29,51,4,83,85,75,75,16,8,32,2,26,26,26,26,25,19,33,57,0,0],"gold":137,"neow_bonus":"TEN_PERCENT_HP_BONUS","is_daily":false,"chose_seed":false,"campfire_upgraded":2,"win_rate":0,"timestamp":1607645593,"path_taken":["M","M","M","?","?","R","M","?","T","?","R","E","R","M","R","BOSS","M","M","?","M","M","R","E","R","T","M","$","M","M","?","R","BOSS"],"build_version":"2020-11-30","purchased_purges":0,"victory":false,"max_hp_per_floor":[72,73,73,73,73,73,73,73,73,74,74,74,74,74,74,75,83,85,87,87,85,82,82,80,80,80,80,80,82,79,83,83,80,80],"card_choices":[{"not_picked":["animator:LizardPriest","animator:Yuuichirou"],"picked":"animator:Priestess","floor":1},{"not_picked":["animator:OrikoMikuni","animator:ChaikaBohdan"],"picked":"animator:Spearman","floor":2},{"not_picked":["animator:Gillette","animator:Alexander","animator:ZankiKiguchi"],"picked":"SKIP","floor":3},{"not_picked":["animator:DwarfShaman","animator:Priestess"],"picked":"animator:HighElfArcher","floor":7},{"not_picked":["animator:Spearman","animator:LeleiLaLalena"],"picked":"animator:Witch","floor":10},{"not_picked":["animator:Mikaela","animator:Shion","animator:Emonzaemon"],"picked":"SKIP","floor":12},{"not_picked":["animator:LizardPriest","animator:SayakaMiki"],"picked":"animator:OrikoMikuni","floor":14},{"not_picked":["animator:HomuraAkemi","animator:Saber"],"picked":"animator:Kyubey","floor":16},{"not_picked":["animator:HighElfArcher","animator:LizardPriest"],"picked":"animator:GuildGirl","floor":18},{"not_picked":["animator:OrikoMikuni","animator:YachiyoNanami"],"picked":"animator:Kaijin","floor":19},{"not_picked":["animator:Witch+1","animator:LizardPriest"],"picked":"animator:Shuna","floor":21},{"not_picked":["animator:MumenRider+1","animator:Konayuki+1"],"picked":"animator:SayakaMiki","floor":22},{"not_picked":["animator:YuiTsuruno","animator:IrohaTamaki"],"picked":"animator:SuzuneAmano","floor":24},{"not_picked":["animator:Priestess","animator:LizardPriest+1"],"picked":"animator:MamiTomoe+1","floor":27},{"not_picked":["animator:Millim+1","animator:DwarfShaman+1"],"picked":"animator:Benimaru+1","floor":29},{"not_picked":["animator:Yuuichirou+1","animator:Spearman+1"],"picked":"animator:Priestess","floor":30},{"not_picked":["animator:DwarfShaman+1","animator:Spearman+1"],"picked":"animator:CowGirl","floor":31}],"player_experience":465425,"relics_obtained":[{"floor":9,"key":"Art of War"},{"floor":12,"key":"Ancient Tea Set"},{"floor":24,"key":"Paper Frog"},{"floor":26,"key":"Molten Egg 2"}],"event_choices":[{"damage_healed":0,"gold_gain":0,"player_choice":"Leave","damage_taken":0,"max_hp_gain":0,"max_hp_loss":0,"event_name":"The Cleric","floor":4,"gold_loss":0},{"damage_healed":0,"gold_gain":0,"player_choice":"Entered Light","damage_taken":15,"max_hp_gain":0,"max_hp_loss":0,"event_name":"Shining Light","floor":5,"gold_loss":0,"cards_upgraded":["animator:Strike","animator:Defend"]},{"damage_healed":0,"gold_gain":0,"player_choice":"Ignored","damage_taken":0,"max_hp_gain":0,"max_hp_loss":0,"event_name":"Liars Game","floor":8,"gold_loss":0},{"damage_healed":0,"gold_gain":0,"player_choice":"Searched \u00272\u0027 times","damage_taken":0,"relics_obtained":["Turnip"],"max_hp_gain":0,"max_hp_loss":0,"event_name":"Dead Adventurer","floor":10,"gold_loss":0},{"damage_healed":0,"gold_gain":100,"player_choice":"Pray","damage_taken":0,"max_hp_gain":0,"max_hp_loss":0,"event_name":"Golden Shrine","floor":20,"gold_loss":0}],"is_beta":false,"boss_relics":[{"not_picked":["Sozu","SacredBark"],"picked":"animator:HolyGrailRelic"}],"items_purged_floors":[],"is_endless":false,"potions_floor_spawned":[1,7,12,21,22,27,30],"killed_by":"Collector","ascension_level":1}}