{"host":"tknto047uabgu3zm","time":1607729470,"event":{"mods":["AchievementEnabler","BaseMod","Bestiary","Block Reminder","Colored Map","Colored Powertips","Highlight Path","Minty Spire (QoL Compilation)","MonsterHotkey","Permanent Neow","Random Character Button","Rare Cards Sparkle","Relic Sorter","Relic Stats","StSLib"],"gold_per_floor":[11,21,21,21,21,56,75,75,75,155,155,178,178,191,191,284,284,267,267,267,267],"floor_reached":20,"playtime":907,"items_purged":[],"score":301,"play_id":"93a964cc-c557-4c56-aa52-c111a17a31e7","local_time":"20201211153110","is_ascension_mode":true,"campfire_choices":[{"floor":11.0,"key":"REST"},{"floor":13.0,"key":"REST"},{"floor":15,"key":"REST"}],"circlet_count":0,"master_deck":["AscendersBane","Strike_B","Strike_B","Defend_B","Defend_B","Zap","Dualcast","Thunder Strike","Machine Learning","Cold Snap","Barrage","Loop","Coolheaded","Glacier","White Noise","Biased Cognition","Consume"],"relics":["Cracked Core","Golden Idol","Singing Bowl","Blood Vial","Anchor","Inserter"],"acts_visited":["Exordium","TheCity"],"potions_floor_usage":[14,16],"damage_taken":[{"damage":7.0,"enemies":"Small Slimes","floor":1.0,"turns":3.0},{"damage":7.0,"enemies":"Jaw Worm","floor":2.0,"turns":3.0},{"damage":28.0,"enemies":"3 Sentries","floor":6.0,"turns":8.0},{"damage":0.0,"enemies":"Cultist","floor":7.0,"turns":4.0},{"damage":17.0,"enemies":"Gremlin Nob","floor":10.0,"turns":4.0},{"damage":2.0,"enemies":"Exordium Thugs","floor":12.0,"turns":5.0},{"damage":12,"enemies":"Lots of Slimes","floor":14,"turns":4},{"damage":51,"enemies":"Hexaghost","floor":16,"turns":15},{"damage":19,"enemies":"2 Thieves","floor":18,"turns":4},{"damage":39,"enemies":"3 Byrds","floor":20,"turns":3}],"seed_played":"2618547115573018980","potions_obtained":[{"floor":7.0,"key":"Ancient Potion"},{"floor":10.0,"key":"PowerPotion"},{"floor":14,"key":"BlessingOfTheForge"}],"is_trial":false,"path_per_floor":["M","M","?","$","?","E","M","$","T","?","R","M","R","M","R","B",null,"M","?","M"],"character_chosen":"DEFECT","items_purchased":[],"campfire_rested":3,"item_purchase_floors":[],"current_hp_per_floor":[57,50,50,50,50,22,22,22,22,7,26,28,47,37,56,7,51,34,34,0,0],"gold":267,"neow_bonus":"TRANSFORM_TWO_CARDS","is_daily":false,"chose_seed":false,"campfire_upgraded":0,"win_rate":0.0,"timestamp":1607729470,"path_taken":["M","M","?","$","?","E","M","$","T","?","R","?","R","M","R","BOSS","M","?","?"],"items_purchased_type":[],"build_version":"2020-11-30","purchased_purges":0,"victory":false,"max_hp_per_floor":[71,71,64,64,64,64,64,64,64,64,64,66,66,66,66,66,66,66,66,66,66],"relic_stats":{"Blood Vial":12,"Inserter":[3],"Singing Bowl":2,"counters":[10,53],"Golden Idol":66,"obtain_stats":[{"Blood Vial":9,"Anchor":10,"Inserter":17,"Singing Bowl":6,"Golden Idol":3,"Cracked Core":0},{"Blood Vial":4,"Anchor":5,"Inserter":8,"Singing Bowl":3,"Golden Idol":2,"Cracked Core":0},{"Blood Vial":18,"Anchor":22,"Inserter":46,"Singing Bowl":14,"Golden Idol":6,"Cracked Core":0}]},"card_choices":[{"not_picked":["Beam Cell","Auto Shields"],"picked":"Cold Snap","floor":1.0},{"not_picked":["Force Field","Beam Cell"],"picked":"Barrage","floor":2.0},{"not_picked":["Force Field","Melter"],"picked":"Loop","floor":6.0},{"not_picked":["Skim","Beam Cell"],"picked":"Coolheaded","floor":7.0},{"not_picked":["Barrage","Ball Lightning"],"picked":"Glacier","floor":10.0},{"not_picked":["Turbo","Coolheaded","Rebound"],"picked":"Singing Bowl","floor":12.0},{"not_picked":["Beam Cell","Rainbow"],"picked":"White Noise","floor":14},{"not_picked":["Machine Learning","Buffer"],"picked":"Biased Cognition","floor":16},{"not_picked":["Steam","Rebound"],"picked":"Consume","floor":18}],"player_experience":425193,"relics_obtained":[{"floor":6.0,"key":"Singing Bowl"},{"floor":9.0,"key":"Blood Vial"},{"floor":10.0,"key":"Anchor"}],"event_choices":[{"damage_healed":0.0,"max_hp_gain":0.0,"max_hp_loss":7.0,"gold_gain":0.0,"event_name":"Golden Idol","player_choice":"Lose Max HP","floor":3.0,"gold_loss":0.0,"damage_taken":0.0,"relics_obtained":["Golden Idol"]},{"cards_removed":["Strike_B"],"damage_healed":0.0,"max_hp_gain":0.0,"max_hp_loss":0.0,"gold_gain":0.0,"event_name":"Living Wall","player_choice":"Forget","floor":5.0,"gold_loss":0.0,"damage_taken":0.0},{"damage_healed":0.0,"max_hp_gain":0.0,"max_hp_loss":0.0,"gold_gain":0.0,"event_name":"Dead Adventurer","player_choice":"Searched \u00271\u0027 times","floor":10.0,"gold_loss":0.0,"damage_taken":0.0},{"cards_removed":["Defend_B"],"damage_healed":0,"gold_gain":0,"player_choice":"Offered Basic","damage_taken":0,"max_hp_gain":0,"max_hp_loss":0,"event_name":"Bonfire Elementals","floor":19,"gold_loss":0}],"is_beta":false,"boss_relics":[{"not_picked":["Astrolabe","SlaversCollar"],"picked":"Inserter"}],"items_purged_floors":[],"is_endless":false,"potions_floor_spawned":[7,10,12,14],"killed_by":"3 Byrds","ascension_level":15}}