{"host":"pvrgpaf3ayyxxis3","time":1607689677,"event":{"mods":["2.2 Compatiblity","AchievementEnabler","Act Like it!","Ascension Unlocker","Aspiration","BaseMod","Better Note","Better Vampires","Better-Laid Plans","BetterRewards","Colored Map","Colored Powertips","Conspire","Downfall","Friendly Minions","GifTheSpireLib","Halation","Hallownest","Hermit","Hubris","Infinite Spire","Marisa????????","Mimic Mod","Minty Spire (QoL Compilation)","Permanent Neow","Random Character Button","Random Character Mod","Rare Cards Sparkle","Replay The Spire","Robot Space Explorer","SOS???????","Shop Mod","StSLib","The Bug Knight","The Construct","The Cursed","The IronCluck","The Jungle","The Runesmith","The Servant 0.9.4","Uncapped","everything is the same but u backflip on backflip","vexMod","???Mod??????Boss"],"gold_per_floor":[115,128,128,182,198,230,246,246,270,270,289,353,366,399,399,504,504,523,523,511,511,530,530,530,543,543,543,555,555,555],"floor_reached":29,"playtime":3978,"items_purged":[],"score":237,"play_id":"136f2e0f-3017-4277-83d0-9524cb22c1df","local_time":"20201211122757","is_ascension_mode":false,"campfire_choices":[{"floor":8,"key":"REST"},{"floor":15,"key":"REST"},{"floor":23,"key":"REST"},{"data":"hermit:FinalCanter","floor":27,"key":"SMITH"}],"circlet_count":0,"master_deck":["hermit:Strike_Hermit+1","hermit:Strike_Hermit+1","hermit:Strike_Hermit+1","hermit:Strike_Hermit+1","hermit:Defend_Hermit","hermit:Defend_Hermit","hermit:Defend_Hermit","hermit:Defend_Hermit","hermit:Snapshot+1","hermit:Covet","Runesmith:Defend_RS","Slimebound:Defend_Slimebound","hermit:SprayPray+1","hermit:Ricochet+1","hermit:FlashPowder","hermit:Adapt","hermit:TakeAim","hermit:Dive","hermit:Malice","hermit:FinalCanter+1","hermit:CalledShot","hermit:HighNoon+1","TheCursedMod:Dregs","Shame","Normality","hermit:Vantage","hermit:Desperado+1","hermit:Feint+1","hermit:Snipe+1","hermit:Headshot"],"relics":["hermit:Momento","infinitespire:Golems Mask","halation:EternalFortune","hubris:SlimyHat","Frozen Egg 2","infinitespire:BottledMercury","Replay:Ancient Bell","halation:Pancakes","Kunai","hermit:CharredGlove","Anchor","hubris:Icosahedron","hermit:RyeStalk"],"acts_visited":["Exordium","TheCity"],"potions_floor_usage":[],"damage_taken":[{"damage":2,"enemies":"Small Slimes","floor":1,"turns":4},{"damage":12,"enemies":"Jaw Worm","floor":2,"turns":4},{"damage":0,"enemies":"Cultist","floor":5,"turns":2},{"damage":26,"enemies":"Lagavulin","floor":6,"turns":6},{"damage":0,"enemies":"Large Slime","floor":7,"turns":6},{"damage":10,"enemies":"Looter","floor":11,"turns":2},{"damage":18,"enemies":"3 Sentries","floor":12,"turns":9},{"damage":10,"enemies":"Exordium Wildlife","floor":13,"turns":6},{"damage":4,"enemies":"Gremlin Nob","floor":14,"turns":3},{"damage":43,"enemies":"The Guardian","floor":16,"turns":10},{"damage":14,"enemies":"conspire:FuzzyDice","floor":18,"turns":6},{"damage":7,"enemies":"2 Thieves","floor":20,"turns":4},{"damage":22,"enemies":"conspire:HollyBat","floor":22,"turns":7},{"damage":9,"enemies":"Snecko","floor":25,"turns":5},{"damage":19,"enemies":"Snake Plant","floor":28,"turns":4},{"damage":35,"enemies":"Slavers","floor":29,"turns":3}],"seed_played":"-9032737730840640118","potions_obtained":[{"floor":1,"key":"EssenceOfSteel"},{"floor":5,"key":"Elixir"},{"floor":6,"key":"LifebloodPotion"},{"floor":14,"key":"BlessingOfTheForge"},{"floor":22,"key":"Regen Potion"}],"is_trial":false,"path_per_floor":["M","M","?","?","M","E","M","R","T","?","M","?","M","E","R","B",null,"M","?","M","?","M","R","?","M","T","R","M","E"],"character_chosen":"HERMIT","items_purchased":[],"campfire_rested":3,"item_purchase_floors":[],"current_hp_per_floor":[73,61,64,64,67,41,41,65,65,65,55,37,27,23,47,4,81,67,67,60,60,38,62,62,53,53,53,34,0,0],"gold":555,"neow_bonus":"ONE_RARE_RELIC","is_daily":false,"chose_seed":false,"campfire_upgraded":1,"win_rate":0.0,"timestamp":1607689677,"path_taken":["M","M","?","?","?","E","M","R","T","?","M","?","M","E","R","BOSS","M","?","M","?","?","R","?","M","T","R","M","E"],"items_purchased_type":[],"build_version":"2020-11-30","purchased_purges":0,"victory":false,"max_hp_per_floor":[75,75,78,78,81,81,81,81,81,81,81,81,81,81,81,81,81,81,81,81,81,81,81,81,81,81,81,81,81,81],"card_choices":[{"not_picked":["hermit:HoleUp","hermit:WideOpen"],"picked":"hermit:SprayPray","floor":1},{"not_picked":["hermit:Misfire","hermit:Manifest"],"picked":"hermit:Ricochet","floor":2},{"not_picked":["hermit:TrackingShot","hermit:Snipe"],"picked":"hermit:FlashPowder","floor":5},{"not_picked":["hermit:NoHoldsBarred","hermit:Desperado"],"picked":"hermit:Adapt","floor":6},{"not_picked":["hermit:LowProfile","hermit:TrackingShot"],"picked":"hermit:TakeAim","floor":7},{"not_picked":["hermit:LowProfile","hermit:HighCaliber"],"picked":"hermit:Dive","floor":11},{"not_picked":["hermit:Maintenance","hermit:CalledShot"],"picked":"hermit:Malice","floor":12},{"not_picked":["hermit:Brawl+1","hermit:Desperado"],"picked":"hermit:FinalCanter","floor":13},{"not_picked":["hermit:FullyLoaded","hermit:Desperado"],"picked":"hermit:CalledShot","floor":14},{"not_picked":["hermit:Gambit","hermit:OverwhelmingPower+1"],"picked":"hermit:HighNoon+1","floor":16},{"not_picked":["hubris:Despair","hubris:Lust"],"picked":"TheCursedMod:Dregs","floor":17},{"not_picked":["sneckomod:Bewildered","Normality"],"picked":"Shame","floor":17},{"not_picked":["infinitespire:Pacifist","ReplayTheSpireMod:Doomed"],"picked":"Normality","floor":17},{"not_picked":["hermit:GhostlyPresence","hermit:GoldenBullet+1"],"picked":"hermit:Vantage","floor":18},{"not_picked":["hermit:Horror","hermit:HeroicBravado"],"picked":"hermit:Desperado+1","floor":20},{"not_picked":["hermit:Desperado","hermit:SprayPray"],"picked":"hermit:Feint+1","floor":22},{"not_picked":["hermit:Dive","hermit:CursedWeapon"],"picked":"hermit:Snipe+1","floor":25},{"not_picked":["hermit:Virtue+1","hermit:Glare"],"picked":"hermit:Headshot","floor":28}],"player_experience":15091,"relics_obtained":[{"floor":5,"key":"halation:EternalFortune"},{"floor":6,"key":"hubris:SlimyHat"},{"floor":9,"key":"Orichalcum"},{"floor":12,"key":"Frozen Egg 2"},{"floor":14,"key":"infinitespire:BottledMercury"},{"floor":26,"key":"hermit:RyeStalk"}],"event_choices":[{"damage_healed":0,"gold_gain":54,"player_choice":"Gained Gold","damage_taken":0,"max_hp_gain":0,"max_hp_loss":0,"event_name":"Golden Wing","floor":4,"gold_loss":0},{"damage_healed":0,"gold_gain":0,"player_choice":"Searched \u00272\u0027 times","damage_taken":0,"max_hp_gain":0,"max_hp_loss":0,"event_name":"Dead Adventurer","floor":12,"gold_loss":0},{"damage_healed":0,"gold_gain":0,"player_choice":"Gave Potion","damage_taken":0,"relics_obtained":["Anchor"],"max_hp_gain":0,"max_hp_loss":0,"event_name":"WeMeetAgain","floor":19,"gold_loss":0},{"cards_removed":["hermit:CalledShot"],"damage_healed":0,"gold_gain":0,"player_choice":"Give","damage_taken":0,"max_hp_gain":0,"max_hp_loss":0,"event_name":"betterNote:BetterNote","floor":21,"gold_loss":0,"cards_obtained":["None"]}],"is_beta":false,"boss_relics":[{"not_picked":["Black Star","vexMod:EndlessSickness"],"picked":"Replay:Ancient Bell"},{"not_picked":["PreservedInsect","MealTicket"],"picked":"halation:Pancakes"},{"not_picked":["hubris:BottledRain","hubris:DeckOfHolding"],"picked":"Kunai"},{"not_picked":["hubris:GlazedTorus","vexMod:CardConverter"],"picked":"hermit:CharredGlove"}],"items_purged_floors":[],"is_endless":false,"potions_floor_spawned":[1,5,6,12,14,22,28],"killed_by":"Slavers","ascension_level":0}}