{"host":"lfgp7c6orz52hf2j","time":1607648457,"event":{"mods":["2.2 Compatiblity","AchievementEnabler","Aspiration","BaseMod","Better Altar","Better Skull","Better Third Choice","BetterRewards","Colored Map","Conspire","Disable Question Mark Monsters","Displayed Cursed Tome","GifTheSpireLib","Halation","Hubris","Hyrulean Relics","Infinite Spire","Minty Spire (QoL Compilation)","Replay The Spire","Shade Mod","Shop Mod","Spikes Relics","StSLib","Stuff the Spire","The Blue Laboratory","The Factory","The Wild Card","Trackpad","Waifu the Spire","vexMod"],"gold_per_floor":[114,212,173,173,188,218,218,218,218,218,233,248,248,293,293,393,393,453,453,453,453,483,483,483,543,568,568,382,382,427,442,442,542,542,602,316,316,376,421,421,696,696,771,557,557,557,517,577,577,577],"floor_reached":51,"playtime":4565,"items_purged":[],"score":639,"play_id":"f7db5727-6bc9-4519-8da0-c4924971c466","local_time":"20201210230057","daily_mods":["Allstar","Purple Cards","Night Terrors"],"is_ascension_mode":false,"campfire_choices":[{"data":"vexMod:StairwayStrike","floor":8.0,"key":"SMITH"},{"data":"Shade:Carnophage","floor":15.0,"key":"SMITH"},{"floor":23,"key":"REST"},{"data":"ReplayTheSpireMod:Brewmster","floor":27,"key":"SMITH"},{"data":"Specialist","floor":29,"key":"SMITH"},{"data":"Shade:Consume","floor":32,"key":"SMITH"},{"floor":40,"key":"REST"},{"floor":42,"key":"REST"}],"circlet_count":0,"master_deck":["Shade:Strike_Shade","Shade:Strike_Shade+1","Shade:Strike_Shade","Shade:Defend_Shade","Shade:Defend_Shade","Shade:Defend_Shade","Shade:Defend_Shade","Shade:AnimateDead","Shade:CarefulCut","Violence","ReplayTheSpireMod:Brewmster+1","Magnetism","StuffTheSpire:PlasmaPulse+1","vexMod:StairwayStrike+1","Shade:Frenzy","Shade:Bonestorm","Shade:Carnophage+1","Shade:Premonition+1","Shade:FleshToFlesh","Shade:FleshToFlesh","Shade:FingerOfDeath","Shade:LichForm+1","Shade:Frenzy+1","Shade:FingerOfDeath","Shade:Consume+1","Specialist+1","Shade:SoulToxin+1","Shade:SensePrey+1","Shade:LoseControl+1","Shade:Brains+1","Shade:OpenGraves+1","Shade:Carnophage","Shade:OpenGraves","ReplayUltimateDefense","Shade:Premonition+1"],"relics":["Shade:YorickSkull","betterThird:SlimedRelic","vexMod:FocusSash","hubris:64BitClover","Blue Candle","trackpad:WindUpAutoDealer","ReplayTheSpireMod:Ring of Challenge","Ring of Panic","aspiration:StickyExplosives_weak","infinitespire:Joker Card","hubris:Towel","halation:PinkSoulGem","Vajra","MealTicket","MerchantsRug","trackpad:RapidFire","Replay:Mystery Machine","Fusion Hammer","Chameleon Ring","vexMod:Spyglass","Rawhide","aspiration:VileToxins","ReplayFunnel"],"acts_visited":["TheBeyond"],"potions_floor_usage":[25,30,33,33,33,35,38,38,39,39,39,48,48,50,50,50,50,50,50,50,50,50],"damage_taken":[{"damage":7.0,"enemies":"Cultist","floor":1.0,"turns":4.0},{"damage":0.0,"enemies":"Small Slimes","floor":5.0,"turns":3.0},{"damage":3.0,"enemies":"3 Sentries","floor":6.0,"turns":8.0},{"damage":0.0,"enemies":"2 Louse","floor":11.0,"turns":3.0},{"damage":0.0,"enemies":"Blue Slaver","floor":12.0,"turns":4.0},{"damage":4.0,"enemies":"Large Slime","floor":14.0,"turns":8.0},{"damage":4.0,"enemies":"Fading Forest","floor":16.0,"turns":11.0},{"damage":9.0,"enemies":"Shell Parasite","floor":18.0,"turns":7.0},{"damage":29.0,"enemies":"3 Byrds","floor":22.0,"turns":4.0},{"damage":0,"enemies":"conspire:HollyBat","floor":25,"turns":6},{"damage":5,"enemies":"Replay:Snechameleon","floor":30,"turns":5},{"damage":1,"enemies":"Sentry and Sphere","floor":31,"turns":2},{"damage":5,"enemies":"Champ","floor":33,"turns":9},{"damage":2,"enemies":"3 Shapes","floor":35,"turns":3},{"damage":12,"enemies":"Orb Walker","floor":38,"turns":5},{"damage":0,"enemies":"4 Shapes","floor":39,"turns":4},{"damage":0,"enemies":"R_Hoarder","floor":48,"turns":6},{"damage":0,"enemies":"Replay:Hell Engine","floor":50,"turns":9}],"seed_played":"8996604888150855735","potions_obtained":[{"floor":1.0,"key":"blueLaboratory:FrostheartPotion"},{"floor":5.0,"key":"blueLaboratory:BubblePotion"},{"floor":18.0,"key":"Elixir"},{"floor":30,"key":"blueLaboratory:PhilterOfMotion"},{"floor":48,"key":"ColorlessPotion"},{"floor":49,"key":"EntropicBrew"},{"floor":49,"key":"Toxic Potion"}],"is_trial":false,"path_per_floor":["M","?","?","?","M","E","?","R","T","?","M","M","?","M","R","B",null,"M","?","?","?","M","R","?","M","T","R","$","R","E","M","R","B",null,"M","$","?","M","M","R","?","R","T","$","T","?","?","E","R_BF","B",null],"character_chosen":"SHADE","items_purchased":["MerchantsRug","Shade:Consume","Specialist","aspiration:SeaSaltIceCream","Shade:OpenGraves","vexMod:Spyglass","ReplayUltimateDefense"],"campfire_rested":3,"item_purchase_floors":[28,28,28,36,36,44,44],"current_hp_per_floor":[58,58,47,47,47,44,44,44,44,44,44,44,44,40,40,48,67,58,58,58,58,29,62,62,62,62,62,62,62,57,56,56,53,64,62,64,64,52,52,59,59,54,54,54,54,54,54,54,54,54],"gold":577,"neow_bonus":"","is_daily":true,"chose_seed":false,"campfire_upgraded":5,"win_rate":0.0,"timestamp":1607648457,"path_taken":["M","?","?","?","M","E","?","R","T","?","M","?","?","M","R","BOSS","M","?","?","?","M","R","?","M","T","R","$","R","E","M","R","BOSS","M","$","?","?","M","R","?","R","T","$","?","?","?","E","R_BF","BOSS"],"items_purchased_type":["Relic","Card","Card","Relic","Card","Relic","Card"],"build_version":"2020-11-30","purchased_purges":0,"victory":true,"max_hp_per_floor":[65,65,65,65,65,65,65,65,65,65,65,65,65,65,65,67,67,67,67,67,67,67,62,62,62,62,62,62,62,62,62,62,64,64,64,64,64,64,64,59,59,54,54,54,54,54,54,54,54,54],"card_choices":[{"not_picked":["Shade:GreyBargain","Shade:Trample"],"picked":"Shade:Frenzy","floor":1.0},{"not_picked":["Shade:CoffinDance","Shade:BoneShards"],"picked":"Shade:Bonestorm","floor":2.0},{"not_picked":["Shade:Bonestorm","Shade:RavenousHorde"],"picked":"Shade:Carnophage","floor":2.0},{"not_picked":["Shade:Awaken","Shade:Brains"],"picked":"Shade:Premonition","floor":2.0},{"not_picked":["Shade:LyeBath","Shade:BoneShards"],"picked":"Shade:FleshToFlesh","floor":5.0},{"not_picked":["Shade:Brains","Shade:Premonition","Shade:ExtraLimbs"],"picked":"SKIP","floor":6.0},{"not_picked":["Shade:FreshBones","Shade:Brains"],"picked":"Shade:FleshToFlesh","floor":11.0},{"not_picked":["Shade:ClawBack","Shade:WallOfFlesh","Shade:CoffinDance"],"picked":"SKIP","floor":12.0},{"not_picked":["Shade:Excise","Shade:GreyBargain"],"picked":"Shade:FingerOfDeath","floor":14.0},{"not_picked":["Shade:OneIsEnough","Shade:SelfBurial"],"picked":"Shade:LichForm","floor":16.0},{"not_picked":["hubris:Envy","CommonCold"],"picked":"Hallucinations","floor":17.0},{"not_picked":["hubris:Sloth","hubris:Compulsion"],"picked":"CommonCold","floor":17.0},{"not_picked":["CommonCold","Hallucinations"],"picked":"Clumsy","floor":17.0},{"not_picked":["Shade:PotionOfRestlessness+1","Shade:AncientSpear"],"picked":"Shade:Frenzy+1","floor":18.0},{"not_picked":["Shade:SkeletonArmy+1","Shade:WallOfFlesh"],"picked":"Shade:FingerOfDeath","floor":22.0},{"not_picked":["Shade:CommandSoldier","Shade:SkeletonHug","Shade:FuneraryArmor"],"picked":"SKIP","floor":25},{"not_picked":["Shade:ExtraLimbs","Shade:Brains"],"picked":"Shade:SoulToxin+1","floor":30},{"not_picked":["Shade:CloudOfShrapnel","Shade:Frenzy"],"picked":"Shade:SensePrey+1","floor":31},{"not_picked":["Shade:LichForm","Shade:DarkOfNight"],"picked":"Shade:LoseControl","floor":33},{"not_picked":["Shade:GraveStillness","Shade:LyeBath+1"],"picked":"Shade:Brains+1","floor":35},{"not_picked":["Shade:ClawBack","Shade:FuneraryJewels"],"picked":"Shade:Carnophage","floor":38},{"not_picked":["Shade:Carnophage+1","Shade:Brains+1"],"picked":"Shade:OpenGraves","floor":39},{"not_picked":["Shade:FeralStrike","Shade:FingerOfDeath+1"],"picked":"Shade:Premonition+1","floor":48}],"player_experience":1519254,"relics_obtained":[{"floor":6.0,"key":"vexMod:FocusSash"},{"floor":7.0,"key":"hubris:64BitClover"},{"floor":9.0,"key":"Blue Candle"},{"floor":13.0,"key":"ReplayTheSpireMod:Ring of Challenge"},{"floor":13.0,"key":"Ring of Panic"},{"floor":25,"key":"Vajra"},{"floor":26,"key":"MealTicket"},{"floor":30,"key":"trackpad:RapidFire"},{"floor":30,"key":"Replay:Mystery Machine"},{"floor":43,"key":"Chameleon Ring"},{"floor":45,"key":"Rawhide"},{"floor":48,"key":"aspiration:VileToxins"},{"floor":48,"key":"ReplayFunnel"}],"event_choices":[{"damage_healed":0.0,"max_hp_gain":0.0,"max_hp_loss":0.0,"gold_gain":0.0,"event_name":"betterThird:BetterGoop","player_choice":"Slimed","floor":3.0,"gold_loss":39.0,"damage_taken":11.0},{"damage_healed":0.0,"max_hp_gain":0.0,"max_hp_loss":0.0,"gold_gain":0.0,"event_name":"Dead Adventurer","player_choice":"Searched \u00272\u0027 times","floor":10.0,"gold_loss":0.0,"damage_taken":0.0,"relics_obtained":["trackpad:WindUpAutoDealer"]},{"damage_healed":0,"gold_gain":0,"player_choice":"Ignored","damage_taken":0,"max_hp_gain":0,"max_hp_loss":0,"event_name":"Ghosts","floor":24,"gold_loss":0},{"cards_removed":["Clumsy","CommonCold","Hallucinations","Voices","ReplayTheSpireMod:Splinters"],"damage_healed":0,"gold_gain":0,"player_choice":"Removed Curses","damage_taken":0,"max_hp_gain":0,"max_hp_loss":0,"event_name":"Fountain of Cleansing","floor":37,"gold_loss":0},{"damage_healed":0,"gold_gain":275,"player_choice":"Desecrate","damage_taken":0,"max_hp_gain":0,"max_hp_loss":0,"event_name":"Golden Shrine","floor":41,"gold_loss":0,"cards_obtained":["Regret"]},{"cards_removed":["Regret"],"damage_healed":0,"gold_gain":0,"player_choice":"Purged","damage_taken":0,"max_hp_gain":0,"max_hp_loss":0,"event_name":"Purifier","floor":46,"gold_loss":0},{"damage_healed":0,"gold_gain":0,"player_choice":"Upgraded Two","damage_taken":0,"max_hp_gain":0,"max_hp_loss":0,"event_name":"Designer","floor":47,"gold_loss":40,"cards_upgraded":["Shade:Strike_Shade","Shade:OpenGraves"]}],"is_beta":false,"boss_relics":[{"not_picked":["halation:CatFaceCupcake","hubris:RunicObelisk"],"picked":"Replay:Ancient Bell"},{"not_picked":["Blood Vial","StuffTheSpire:TintedRock"],"picked":"War Paint"},{"not_picked":["infinitespire:FocusingShard","hubris:MobiusCoin"],"picked":"aspiration:StickyExplosives_weak"},{"not_picked":["conspire:InfiniteJournal","Replay:Kaleidoscope"],"picked":"infinitespire:Joker Card"},{"not_picked":["conspire:SpecialSausage","Snecko Eye"],"picked":"Fusion Hammer"}],"items_purged_floors":[],"is_endless":false,"potions_floor_spawned":[1,5,18,22,30,48],"ascension_level":0}}