{"host":"qwttrqaysb380yri","time":1607720447,"event":{"mods":["BaseMod","Custom Start","Minty Spire (QoL Compilation)","Puzzle Mod","Relic Stats","StSLib","The Cursed","The Hierophant"],"gold_per_floor":[110,127,146,126,137,162,172,172,196,201,227,227,253,253,253,328,328,370,425,425,209,306,306,380,410,410],"floor_reached":25,"playtime":948,"items_purged":["Writhe"],"score":569,"play_id":"3963375a-4a4a-4dc0-9aaf-aba617370288","local_time":"20201211220047","is_ascension_mode":true,"campfire_choices":[{"floor":8,"key":"REST"},{"data":"hierophant:FlamingChariot","floor":12,"key":"SMITH"},{"floor":15,"key":"REST"},{"floor":23,"key":"REST"}],"circlet_count":0,"master_deck":["AscendersBane","hierophant:Punish","hierophant:ChurchCoffers","Panacea+1","hierophant:FlamingChariot+1","hierophant:ThreeLashes","hierophant:FlamingChariot","hierophant:DeathKnell+1","hierophant:Shelter","hierophant:Doubloon+1","hierophant:Invocation","hierophant:Mercenaries","hierophant:Blessing","hierophant:Charity","hierophant:OrnateJavelin","hierophant:Determination","hierophant:Refuge","hierophant:BulkyChest","hierophant:Embezzle","hierophant:Doubloon","hierophant:Doubloon","hierophant:TollTheBells","hierophant:HolyVerse","hierophant:Shelter+1"],"relics":["hierophant:PropheticMaskRelic","FossilizedHelix","Smiling Mask","Strawberry","Juzu Bracelet","Pandora\u0027s Box","War Paint"],"acts_visited":["Exordium","TheCity"],"potions_floor_usage":[6,7,10,15,19,19,24,25],"damage_taken":[{"damage":9,"enemies":"Jaw Worm","floor":1,"turns":6},{"damage":6,"enemies":"Cultist","floor":2,"turns":3},{"damage":7,"enemies":"Small Slimes","floor":3,"turns":2},{"damage":12,"enemies":"Looter","floor":5,"turns":3},{"damage":10,"enemies":"Lagavulin","floor":6,"turns":4},{"damage":0,"enemies":"Exordium Wildlife","floor":7,"turns":2},{"damage":18,"enemies":"Gremlin Nob","floor":10,"turns":4},{"damage":0,"enemies":"Red Slaver","floor":11,"turns":2},{"damage":0,"enemies":"Lagavulin","floor":13,"turns":4},{"damage":0,"enemies":"Slime Boss","floor":16,"turns":4},{"damage":6,"enemies":"Chosen","floor":18,"turns":4},{"damage":39,"enemies":"3 Byrds","floor":19,"turns":7},{"damage":0,"enemies":"Snecko","floor":22,"turns":3},{"damage":35,"enemies":"Shelled Parasite and Fungi","floor":24,"turns":4},{"damage":28,"enemies":"Book of Stabbing","floor":25,"turns":3}],"seed_played":"3705266386894174060","potions_obtained":[{"floor":3,"key":"Ancient Potion"},{"floor":4,"key":"Fire Potion"},{"floor":5,"key":"BlessingOfTheForge"},{"floor":7,"key":"Swift Potion"},{"floor":13,"key":"EntropicBrew"},{"floor":22,"key":"DuplicationPotion"},{"floor":24,"key":"LiquidBronze"}],"is_trial":false,"path_per_floor":["M","M","M","?","M","E","M","R","T","E","M","R","E","?","R","B",null,"M","M","?","$","M","R","M","E"],"character_chosen":"HIEROPHANT","items_purchased":["hierophant:TollTheBells","Fire Potion","ColorlessPotion"],"campfire_rested":3,"item_purchase_floors":[21,21,21],"current_hp_per_floor":[59,53,46,46,34,24,24,46,46,35,35,35,35,10,34,34,70,64,27,27,27,34,58,34,6,6],"gold":410,"neow_bonus":"RANDOM_COLORLESS","is_daily":false,"chose_seed":false,"campfire_upgraded":1,"win_rate":0.0,"timestamp":1607720447,"path_taken":["M","M","M","?","?","E","M","R","T","E","M","R","E","?","R","BOSS","M","M","?","$","M","R","M","E"],"items_purchased_type":["Card","Potion","Potion"],"build_version":"2020-11-30","purchased_purges":1,"victory":false,"max_hp_per_floor":[75,75,75,75,75,75,75,75,75,82,82,82,82,82,82,82,82,82,82,82,82,82,82,82,82,82],"relic_stats":{"counters":[15,55],"Pandora\u0027s Box":["hierophant:Mercenaries","hierophant:Blessing","hierophant:Charity","hierophant:OrnateJavelin","hierophant:Determination","hierophant:Refuge","hierophant:BulkyChest","hierophant:Embezzle"],"Juzu Bracelet":1,"War Paint":["hierophant:Doubloon","hierophant:DeathKnell"],"Smiling Mask":25,"obtain_stats":[{"hierophant:PropheticMaskRelic":0,"Strawberry":10,"Pandora\u0027s Box":17,"Juzu Bracelet":13,"War Paint":20,"Smiling Mask":9,"FossilizedHelix":6},{"hierophant:PropheticMaskRelic":0,"Strawberry":7,"Pandora\u0027s Box":10,"Juzu Bracelet":9,"War Paint":12,"Smiling Mask":6,"FossilizedHelix":5},{"hierophant:PropheticMaskRelic":0,"Strawberry":24,"Pandora\u0027s Box":34,"Juzu Bracelet":30,"War Paint":45,"Smiling Mask":20,"FossilizedHelix":18}]},"card_choices":[{"not_picked":["Deep Breath","Good Instincts"],"picked":"Panacea","floor":0},{"not_picked":["hierophant:Purify","hierophant:Chorus"],"picked":"hierophant:FlamingChariot","floor":1},{"not_picked":["hierophant:Racketeering","hierophant:Blessing"],"picked":"hierophant:ThreeLashes","floor":2},{"not_picked":["hierophant:MorningPrayer","hierophant:Sermon"],"picked":"hierophant:FlamingChariot","floor":3},{"not_picked":["hierophant:Smite","hierophant:SecretStash","hierophant:DisplayOfPower"],"picked":"SKIP","floor":5},{"not_picked":["hierophant:RepressedViolence","hierophant:Smite"],"picked":"hierophant:DeathKnell","floor":6},{"not_picked":["hierophant:Prophecy","hierophant:PassingBell"],"picked":"hierophant:Shelter","floor":7},{"not_picked":["hierophant:FlamingChariot","hierophant:Sermon"],"picked":"hierophant:Doubloon","floor":10},{"not_picked":["hierophant:Shelter","hierophant:ArchangelShield","hierophant:Glossolalia"],"picked":"SKIP","floor":11},{"not_picked":["hierophant:AuricBeam","hierophant:RustyCrate","hierophant:Invocation"],"picked":"SKIP","floor":13},{"not_picked":["hierophant:DeathKnell","hierophant:LocustPlague"],"picked":"hierophant:Invocation","floor":16},{"not_picked":["hierophant:AuricBeam","hierophant:Rebuild","hierophant:SecretStash+1"],"picked":"SKIP","floor":18},{"not_picked":["hierophant:Repentance","hierophant:RustyCrate","hierophant:HammerAndAnvil"],"picked":"SKIP","floor":19},{"not_picked":["hierophant:Chorus","hierophant:Blessing"],"picked":"hierophant:HolyVerse","floor":22},{"not_picked":["hierophant:DisplayOfPower","hierophant:Dazzle"],"picked":"hierophant:Shelter+1","floor":24}],"player_experience":1809745,"relics_obtained":[{"floor":6,"key":"FossilizedHelix"},{"floor":9,"key":"Smiling Mask"},{"floor":10,"key":"Strawberry"},{"floor":13,"key":"Juzu Bracelet"}],"event_choices":[{"damage_healed":0,"gold_gain":0,"player_choice":"Bought 1 Potion","damage_taken":0,"max_hp_gain":0,"max_hp_loss":0,"event_name":"The Woman in Blue","floor":4,"gold_loss":0},{"damage_healed":0,"gold_gain":0,"player_choice":"Entered Light","damage_taken":25,"max_hp_gain":0,"max_hp_loss":0,"event_name":"Shining Light","floor":14,"gold_loss":0,"cards_upgraded":["Panacea","hierophant:Strike_Hierophant"]},{"damage_healed":0,"gold_gain":0,"player_choice":"Opened","damage_taken":0,"relics_obtained":["War Paint"],"max_hp_gain":0,"max_hp_loss":0,"event_name":"The Mausoleum","floor":20,"gold_loss":0,"cards_obtained":["Writhe"]}],"is_beta":false,"boss_relics":[{"not_picked":["Coffee Dripper","Ectoplasm"],"picked":"Pandora\u0027s Box"}],"items_purged_floors":[21],"is_endless":false,"potions_floor_spawned":[3,5,7,13,22,24],"killed_by":"Book of Stabbing","ascension_level":15}}