{"host":"ibfpjm2kz059o009","time":1607653626,"event":{"mods":["AchievementEnabler","BaseMod","Block Reminder","Colored Powertips","DeckTracker","Googly Eyes","Key Reminder","Minty Spire (QoL Compilation)","Shop Mod","Unceasing Turn Reminder"],"gold_per_floor":[117,117,117,135,49,49,79,79,105,139,151,151,170,170,170,275,275,292,292,207,207,36,36,63,63,109,119,119,145,156,167,167,270,270,281,295,305,305,322,322,347,347,420,437,19,19,44,62,62,62,62],"floor_reached":50,"playtime":2173,"items_purged":[],"score":763,"play_id":"6989347c-554f-4a03-aca9-062ae81b78ec","local_time":"20201210212706","is_ascension_mode":true,"campfire_choices":[{"floor":6.0,"key":"RECALL"},{"data":"Static Discharge","floor":8.0,"key":"SMITH"},{"data":"Chaos","floor":15.0,"key":"SMITH"},{"data":"Electrodynamics","floor":23.0,"key":"SMITH"},{"floor":25.0,"key":"REST"},{"floor":32.0,"key":"REST"},{"floor":40.0,"key":"REST"},{"floor":42.0,"key":"REST"},{"data":"Ball Lightning","floor":49.0,"key":"SMITH"}],"circlet_count":0,"master_deck":["Strike_B","Strike_B","Strike_B","Strike_B","Defend_B","Defend_B","Defend_B","Defend_B","Zap+1","Dualcast","Ball Lightning+1","Go for the Eyes","Static Discharge+1","Gash","Chaos+1","Go for the Eyes","Stack","Electrodynamics+1","Beam Cell+1","Ball Lightning","Self Repair","Go for the Eyes","Doom and Gloom","RitualDagger","Multi-Cast","Force Field","Tempest","Conserve Battery","Seek+1","Sweeping Beam+1","Gash","Loop+1","Force Field","Core Surge","Self Repair+1","Beam Cell","Double Energy+1","Gash+1","RitualDagger","Gash","Leap","Conserve Battery","Redo+1","Parasite","Sweeping Beam+1"],"relics":["Cracked Core","NeowsBlessing","CultistMask","Eternal Feather","StoneCalendar","SacredBark","Calipers","PreservedInsect","Vajra","Dream Catcher","Toy Ornithopter","Happy Flower","Runic Pyramid","Symbiotic Virus","Bottled Lightning","DollysMirror","Blood Vial","CaptainsWheel"],"acts_visited":["Exordium","TheCity","TheBeyond"],"potions_floor_usage":[50],"damage_taken":[{"damage":0.0,"enemies":"Small Slimes","floor":1.0,"turns":1.0},{"damage":0.0,"enemies":"2 Louse","floor":4.0,"turns":1.0},{"damage":0.0,"enemies":"3 Sentries","floor":7.0,"turns":1.0},{"damage":33.0,"enemies":"Gremlin Nob","floor":10.0,"turns":4.0},{"damage":0.0,"enemies":"Cultist","floor":11.0,"turns":3.0},{"damage":10.0,"enemies":"3 Louse","floor":13.0,"turns":2.0},{"damage":25.0,"enemies":"The Guardian","floor":16.0,"turns":7.0},{"damage":18.0,"enemies":"Chosen","floor":18.0,"turns":5.0},{"damage":40.0,"enemies":"Slavers","floor":24.0,"turns":3.0},{"damage":19.0,"enemies":"2 Thieves","floor":27.0,"turns":3.0},{"damage":38.0,"enemies":"Book of Stabbing","floor":29.0,"turns":4.0},{"damage":3.0,"enemies":"Chosen and Byrds","floor":30.0,"turns":4.0},{"damage":25.0,"enemies":"Snecko","floor":31.0,"turns":3.0},{"damage":79.0,"enemies":"Automaton","floor":33.0,"turns":7.0},{"damage":0.0,"enemies":"3 Shapes","floor":35.0,"turns":2.0},{"damage":20.0,"enemies":"Orb Walker","floor":36.0,"turns":3.0},{"damage":47.0,"enemies":"Writhing Mass","floor":37.0,"turns":5.0},{"damage":53.0,"enemies":"4 Shapes","floor":39.0,"turns":5.0},{"damage":49.0,"enemies":"Reptomancer","floor":41.0,"turns":6.0},{"damage":23.0,"enemies":"3 Darklings","floor":44.0,"turns":3.0},{"damage":41.0,"enemies":"Nemesis","floor":47.0,"turns":5.0},{"damage":11.0,"enemies":"Writhing Mass","floor":48.0,"turns":6.0},{"damage":86,"enemies":"Awakened One","floor":50,"turns":6}],"seed_played":"-1194359604435085690","potions_obtained":[{"floor":1.0,"key":"SteroidPotion"},{"floor":4.0,"key":"BlessingOfTheForge"},{"floor":27.0,"key":"FairyPotion"},{"floor":29.0,"key":"GamblersBrew"},{"floor":31.0,"key":"Regen Potion"},{"floor":41.0,"key":"Swift Potion"},{"floor":44.0,"key":"FearPotion"},{"floor":47.0,"key":"Energy Potion"},{"floor":48.0,"key":"SpeedPotion"}],"is_trial":false,"path_per_floor":["M","?","?","M","$","R","E","R","T","E","M","?","M","?","R","B",null,"M","T","?","?","$","R","E","R","T","M","?","E","M","M","R","B",null,"M","M","M","?","M","R","E","R","T","M","$","?","E","M","R","B"],"character_chosen":"DEFECT","items_purchased":["Static Discharge","Gash","Vajra","Ball Lightning","DollysMirror","Blood Vial","Gash","Leap","Conserve Battery"],"campfire_rested":4,"item_purchase_floors":[5,5,22,22,45,45,45,45,45],"current_hp_per_floor":[75,75,75,75,75,75,75,75,75,42,42,42,32,32,41,16,75,57,57,57,57,57,69,29,63,63,56,50,19,28,3,40,18,75,75,62,22,22,23,63,31,74,74,51,51,51,34,52,75,0,0],"gold":62,"neow_bonus":"THREE_ENEMY_KILL","is_daily":false,"chose_seed":false,"campfire_upgraded":4,"win_rate":0.0,"timestamp":1607653626,"path_taken":["M","?","?","?","$","R","E","R","T","E","M","?","?","?","R","BOSS","M","?","?","?","$","R","E","R","T","M","?","E","?","M","R","BOSS","M","M","M","?","M","R","E","R","T","?","$","?","E","?","R","BOSS"],"items_purchased_type":["Card","Card","Relic","Card","Relic","Relic","Card","Card","Card"],"build_version":"2020-11-30","purchased_purges":0,"victory":false,"max_hp_per_floor":[75,75,75,75,75,75,75,75,75,75,75,75,75,75,75,75,75,75,75,75,75,75,75,75,75,75,75,75,75,75,75,75,75,75,75,75,75,75,75,75,75,75,75,75,75,75,75,75,75,75,75],"card_choices":[{"not_picked":["Skim","Beam Cell"],"picked":"Ball Lightning","floor":1.0},{"not_picked":["Recycle","Leap"],"picked":"Go for the Eyes","floor":4.0},{"not_picked":["Streamline","Leap"],"picked":"Chaos","floor":7.0},{"not_picked":["Chaos","Heatsinks"],"picked":"Go for the Eyes","floor":10.0},{"not_picked":["Gash","Reinforced Body"],"picked":"Stack","floor":11.0},{"not_picked":["Stack","Gash"],"picked":"Cold Snap","floor":13.0},{"not_picked":["Echo Form","Fission"],"picked":"Electrodynamics","floor":16.0},{"not_picked":["Steam","Cold Snap"],"picked":"Beam Cell+1","floor":18.0},{"not_picked":["Consume","Storm"],"picked":"Self Repair","floor":24.0},{"not_picked":["Rebound","Stack+1"],"picked":"Go for the Eyes","floor":25.0},{"not_picked":["Turbo","Conserve Battery"],"picked":"Doom and Gloom","floor":27.0},{"not_picked":["Storm","Turbo"],"picked":"Multi-Cast","floor":29.0},{"not_picked":["Stack","Barrage"],"picked":"Force Field","floor":30.0},{"not_picked":["Go for the Eyes","Capacitor"],"picked":"Tempest","floor":31.0},{"not_picked":["Doom and Gloom","Genetic Algorithm+1"],"picked":"Conserve Battery","floor":32.0},{"not_picked":["Buffer","Machine Learning"],"picked":"Seek","floor":33.0},{"not_picked":["Steam Power+1","Cold Snap+1"],"picked":"Sweeping Beam+1","floor":35.0},{"not_picked":["Conserve Battery","Rebound"],"picked":"Gash","floor":36.0},{"not_picked":["Stack+1","Reinforced Body+1"],"picked":"Loop+1","floor":37.0},{"not_picked":["Glacier","Cold Snap+1"],"picked":"Core Surge","floor":39.0},{"not_picked":["Steam+1","Consume+1"],"picked":"Self Repair+1","floor":40.0},{"not_picked":["Hologram+1","Go for the Eyes+1"],"picked":"Beam Cell","floor":41.0},{"not_picked":["Leap","Aggregate+1"],"picked":"Double Energy+1","floor":42.0},{"not_picked":["Cold Snap+1","Hologram+1"],"picked":"Gash+1","floor":44.0},{"not_picked":["Skim","Streamline"],"picked":"Redo+1","floor":47.0},{"not_picked":["Stack+1","Rebound+1"],"picked":"Sweeping Beam+1","floor":48.0}],"player_experience":571811,"relics_obtained":[{"floor":7.0,"key":"Eternal Feather"},{"floor":10.0,"key":"StoneCalendar"},{"floor":19.0,"key":"Calipers"},{"floor":24.0,"key":"Dream Catcher"},{"floor":26.0,"key":"Toy Ornithopter"},{"floor":29.0,"key":"Happy Flower"},{"floor":41.0,"key":"Symbiotic Virus"},{"floor":43.0,"key":"Bottled Lightning"},{"floor":47.0,"key":"CaptainsWheel"}],"event_choices":[{"damage_healed":0.0,"max_hp_gain":0.0,"max_hp_loss":0.0,"gold_gain":0.0,"event_name":"The Cleric","player_choice":"Leave","floor":2.0,"gold_loss":0.0,"damage_taken":0.0},{"damage_healed":0.0,"max_hp_gain":0.0,"max_hp_loss":0.0,"gold_gain":0.0,"event_name":"FaceTrader","player_choice":"Trade","floor":3.0,"gold_loss":0.0,"damage_taken":0.0,"relics_obtained":["CultistMask"]},{"damage_healed":0.0,"max_hp_gain":0.0,"max_hp_loss":0.0,"gold_gain":0.0,"event_name":"WeMeetAgain","player_choice":"Ignored","floor":12.0,"gold_loss":0.0,"damage_taken":0.0},{"damage_healed":0.0,"max_hp_gain":0.0,"max_hp_loss":0.0,"gold_gain":0.0,"event_name":"Upgrade Shrine","player_choice":"Upgraded","floor":14.0,"gold_loss":0.0,"damage_taken":0.0,"cards_upgraded":["Zap"]},{"damage_healed":0.0,"max_hp_gain":0.0,"max_hp_loss":0.0,"gold_gain":0.0,"event_name":"Addict","player_choice":"Obtained Relic","floor":20.0,"gold_loss":85.0,"damage_taken":0.0,"relics_obtained":["PreservedInsect"]},{"damage_healed":0.0,"max_hp_gain":0.0,"max_hp_loss":0.0,"gold_gain":0.0,"event_name":"Ghosts","player_choice":"Ignored","floor":21.0,"gold_loss":0.0,"damage_taken":0.0},{"damage_healed":0.0,"max_hp_gain":0.0,"max_hp_loss":0.0,"gold_gain":0.0,"event_name":"Nest","player_choice":"Joined the Cult","floor":28.0,"gold_loss":0.0,"damage_taken":6.0,"cards_obtained":["RitualDagger"]},{"damage_healed":0.0,"max_hp_gain":0.0,"max_hp_loss":0.0,"gold_gain":0.0,"cards_transformed":["Cold Snap"],"event_name":"Transmorgrifier","player_choice":"Transformed","floor":38.0,"gold_loss":0.0,"damage_taken":0.0,"cards_obtained":["Force Field"]},{"damage_healed":0.0,"max_hp_gain":0.0,"max_hp_loss":0.0,"gold_gain":0.0,"event_name":"Upgrade Shrine","player_choice":"Upgraded","floor":46.0,"gold_loss":0.0,"damage_taken":0.0,"cards_upgraded":["Seek"]}],"is_beta":false,"boss_relics":[{"not_picked":["Snecko Eye","Runic Dome"],"picked":"SacredBark"},{"not_picked":["Nuclear Battery","Velvet Choker"],"picked":"Runic Pyramid"}],"items_purged_floors":[],"is_endless":false,"potions_floor_spawned":[1,4,27,29,31,41,44,47,48],"killed_by":"Awakened One","ascension_level":4}}