{"host":"f0gpob8hq9vgebej","time":1607652964,"event":{"mods":["AchievementEnabler","BaseMod","Googly Eyes","Minty Spire (QoL Compilation)","Quick Restart"],"gold_per_floor":[56,110,125,141,154,166,166,166,181,208,258,258,46,62,75,75,146,146,165,175,189,189,189],"floor_reached":21,"playtime":4374,"items_purged":[],"score":420,"play_id":"9ef76aef-4e32-4274-8e5c-1182b4626aaf","local_time":"20201211111604","is_ascension_mode":true,"campfire_choices":[{"data":"Dash","floor":6.0,"key":"SMITH"},{"floor":11.0,"key":"REST"},{"data":"After Image","floor":15.0,"key":"SMITH"}],"circlet_count":0,"master_deck":["AscendersBane","Strike_G","Strike_G","Strike_G","Strike_G","Strike_G","Defend_G","Defend_G","Defend_G","Defend_G","Defend_G","Survivor","Neutralize","Finisher","Dash+1","Acrobatics","Masterful Stab","Dagger Spray","Adrenaline","Tactician","After Image+1","Backflip","Envenom","Tactician+1","Noxious Fumes","Deadly Poison"],"relics":["Ring of the Snake","NeowsBlessing","Dream Catcher","SacredBark"],"acts_visited":["Exordium","TheCity"],"potions_floor_usage":[19,20],"damage_taken":[{"damage":0.0,"enemies":"Small Slimes","floor":1.0,"turns":1.0},{"damage":0.0,"enemies":"2 Louse","floor":2.0,"turns":1.0},{"damage":0.0,"enemies":"Cultist","floor":3.0,"turns":1.0},{"damage":6.0,"enemies":"Large Slime","floor":4.0,"turns":9.0},{"damage":29.0,"enemies":"Exordium Thugs","floor":5.0,"turns":7.0},{"damage":8.0,"enemies":"Exordium Wildlife","floor":8.0,"turns":6.0},{"damage":1.0,"enemies":"2 Fungi Beasts","floor":13.0,"turns":3.0},{"damage":0.0,"enemies":"3 Louse","floor":14.0,"turns":4.0},{"damage":0.0,"enemies":"The Guardian","floor":16.0,"turns":11.0},{"damage":33,"enemies":"Shell Parasite","floor":18,"turns":14},{"damage":13,"enemies":"Spheric Guardian","floor":19,"turns":5},{"damage":3,"enemies":"Centurion and Healer","floor":20,"turns":6},{"damage":0,"enemies":"Snake Plant","floor":21,"turns":3}],"seed_played":"-4060481563726955944","potions_obtained":[{"floor":1.0,"key":"Explosive Potion"},{"floor":3.0,"key":"Strength Potion"},{"floor":18,"key":"GhostInAJar"}],"is_trial":false,"path_per_floor":["M","M","M","M","M","R","?","M","T","?","R","$","M","M","R","B",null,"M","M","M","M"],"character_chosen":"THE_SILENT","items_purchased":["Tactician","After Image"],"campfire_rested":1,"item_purchase_floors":[12,12],"current_hp_per_floor":[7,59,59,59,53,24,24,24,16,16,10,29,29,28,28,28,28,57,24,11,8,8,8],"gold":189,"neow_bonus":"THREE_ENEMY_KILL","is_daily":false,"chose_seed":false,"campfire_upgraded":2,"win_rate":0.0,"timestamp":1607652964,"path_taken":[],"items_purchased_type":["Card","Card"],"build_version":"2020-11-30","purchased_purges":0,"victory":false,"max_hp_per_floor":[],"card_choices":[],"player_experience":277681,"relics_obtained":[],"event_choices":[],"is_beta":false,"boss_relics":[],"items_purged_floors":[],"is_endless":false,"potions_floor_spawned":[],"killed_by":"Snake Plant","ascension_level":17}}