{"host":"0kaxg9rjckhp4v2r","time":1607647286,"event":{"mods":["AchievementEnabler","BaseMod","Bestiary","Better Altar","Better Match","Better Note","Better Sensory Stone","Better Silent Start","Better Skull","Better Third Choice","Better-Laid Plans","Colored Powertips","Disable Question Mark Monsters","Emptier Cage","Minty Spire (QoL Compilation)","Quick Restart","SacredBarkPlus","StSLib","The Dragon Tamer","Unceasing Turn Reminder","yUi"],"gold_per_floor":[20,20,20,31,48,78,78,78,101,135,150,164,78,91,91,195,195,211,23,23,33,33,67,67,77,77,88,114,114,124,136,136,136,136,150,150,169,220,237,237,266,0,0,17,28,38,66,66,66],"floor_reached":48,"playtime":2423,"items_purged":[],"score":631,"play_id":"b7deffce-826a-4e4d-948d-b39fccd09a4d","local_time":"20201210194126","is_ascension_mode":true,"campfire_choices":[{"data":"Neutralize","floor":8.0,"key":"SMITH"},{"data":"Cloak And Dagger","floor":15.0,"key":"SMITH"},{"data":"Apotheosis","floor":24.0,"key":"SMITH"},{"data":"Burst","floor":29.0,"key":"SMITH"},{"floor":32.0,"key":"REST"},{"floor":40.0,"key":"REST"}],"circlet_count":0,"master_deck":["Strike_G","Strike_G","Strike_G","Defend_G","Defend_G+1","Defend_G","Defend_G+1","Survivor+1","Neutralize+1","Panache+1","Cloak And Dagger+1","Accuracy","All Out Attack","Backstab","Burst+1","Footwork","Deflect","Backflip","Footwork","Storm of Steel","Calculated Gamble+1","Apotheosis+1","Blade Dance","Blur+1","Reflex+1","PiercingWail+1","Leg Sweep","Expertise","Acrobatics","Caltrops+1","Corpse Explosion"],"relics":["Ring of the Snake","Shuriken","Strawberry","Pen Nib","Nunchaku","SacredBark","Anchor","War Paint","Orichalcum","Fusion Hammer","TungstenRod","Bottled Lightning","Red Mask","Pantograph","White Beast Statue"],"acts_visited":["Exordium","TheCity","TheBeyond"],"potions_floor_usage":[41,47],"damage_taken":[{"damage":0.0,"enemies":"2 Louse","floor":1.0,"turns":3.0},{"damage":2.0,"enemies":"Jaw Worm","floor":4.0,"turns":4.0},{"damage":0.0,"enemies":"Small Slimes","floor":5.0,"turns":5.0},{"damage":16.0,"enemies":"Lagavulin","floor":6.0,"turns":5.0},{"damage":12.0,"enemies":"3 Sentries","floor":10.0,"turns":5.0},{"damage":8.0,"enemies":"Looter","floor":11.0,"turns":2.0},{"damage":10.0,"enemies":"Lots of Slimes","floor":12.0,"turns":4.0},{"damage":0.0,"enemies":"Exordium Thugs","floor":14.0,"turns":6.0},{"damage":2.0,"enemies":"Slime Boss","floor":16.0,"turns":7.0},{"damage":10.0,"enemies":"Shell Parasite","floor":18.0,"turns":6.0},{"damage":15.0,"enemies":"3 Byrds","floor":21.0,"turns":6.0},{"damage":29.0,"enemies":"Book of Stabbing","floor":23.0,"turns":6.0},{"damage":1.0,"enemies":"Snake Plant","floor":25.0,"turns":4.0},{"damage":0.0,"enemies":"3 Cultists","floor":27.0,"turns":4.0},{"damage":0.0,"enemies":"Chosen and Byrds","floor":30.0,"turns":3.0},{"damage":15.0,"enemies":"Snake Plant","floor":31.0,"turns":4.0},{"damage":13.0,"enemies":"Collector","floor":33.0,"turns":9.0},{"damage":0.0,"enemies":"3 Darklings","floor":35.0,"turns":3.0},{"damage":3.0,"enemies":"Orb Walker","floor":37.0,"turns":5.0},{"damage":28.0,"enemies":"2 Orb Walkers","floor":38.0,"turns":4.0},{"damage":17.0,"enemies":"4 Shapes","floor":39.0,"turns":8.0},{"damage":26,"enemies":"Giant Head","floor":41,"turns":9},{"damage":1,"enemies":"Maw","floor":44,"turns":5},{"damage":0,"enemies":"Jaw Worm Horde","floor":45,"turns":4},{"damage":0,"enemies":"4 Shapes","floor":46,"turns":5},{"damage":23,"enemies":"Reptomancer","floor":47,"turns":10},{"damage":23,"enemies":"Maw","floor":48,"turns":2}],"seed_played":"-942744524935252228","potions_obtained":[{"floor":1.0,"key":"Fire Potion"},{"floor":5.0,"key":"SkillPotion"},{"floor":12.0,"key":"LiquidBronze"},{"floor":14.0,"key":"DuplicationPotion"},{"floor":16.0,"key":"SpeedPotion"},{"floor":21.0,"key":"AttackPotion"},{"floor":35.0,"key":"PowerPotion"},{"floor":41,"key":"SneckoOil"}],"is_trial":false,"path_per_floor":["M","?","?","M","M","E","T","R","T","E","M","M","$","M","R","B",null,"M","$","?","M","?","E","R","M","T","M","T","R","M","M","R","B",null,"M","?","M","?","M","R","E","?","T","M","M","M","E","M"],"character_chosen":"THE_SILENT","items_purchased":["Backflip","Footwork","Apotheosis"],"campfire_rested":2,"item_purchase_floors":[13,13,19],"current_hp_per_floor":[70,56,61,59,59,43,50,50,50,38,30,20,20,20,20,18,82,72,72,72,57,57,28,28,27,27,27,27,27,27,12,36,23,82,82,82,79,51,34,58,32,32,32,31,31,31,8,0,0],"gold":66,"neow_bonus":"RANDOM_COLORLESS_2","is_daily":false,"chose_seed":false,"campfire_upgraded":4,"win_rate":0.0,"timestamp":1607647286,"path_taken":["M","?","?","M","M","E","?","R","T","E","M","M","$","M","R","BOSS","M","$","?","M","?","E","R","M","T","?","?","R","M","M","R","BOSS","M","?","?","?","M","R","E","?","T","M","M","?","E","M"],"items_purchased_type":["Card","Card","Card"],"build_version":"2020-11-30","purchased_purges":0,"victory":false,"max_hp_per_floor":[70,70,75,75,75,75,82,82,82,82,82,82,82,82,82,82,82,82,82,82,82,82,82,82,82,82,82,82,82,82,82,82,82,82,82,82,82,82,82,82,82,82,82,82,82,82,82,82,82],"card_choices":[{"not_picked":["Mayhem","Transmutation"],"picked":"Panache","floor":0.0},{"not_picked":["Dodge and Roll","Backflip"],"picked":"Cloak And Dagger","floor":1.0},{"not_picked":["Outmaneuver","Quick Slash"],"picked":"Accuracy","floor":4.0},{"not_picked":["Endless Agony","Dodge and Roll"],"picked":"All Out Attack","floor":5.0},{"not_picked":["Deadly Poison","Bane"],"picked":"Backstab","floor":6.0},{"not_picked":["Sucker Punch","Poisoned Stab"],"picked":"Burst","floor":10.0},{"not_picked":["PiercingWail","Distraction"],"picked":"Footwork","floor":11.0},{"not_picked":["Bane","Die Die Die"],"picked":"Deflect","floor":12.0},{"not_picked":["Acrobatics","Backflip","PiercingWail"],"picked":"SKIP","floor":14.0},{"not_picked":["Burst","Tools of the Trade"],"picked":"Storm of Steel","floor":16.0},{"not_picked":["Poisoned Stab","Underhanded Strike"],"picked":"Calculated Gamble","floor":18.0},{"not_picked":["Underhanded Strike","All Out Attack"],"picked":"Blade Dance","floor":21.0},{"not_picked":["Quick Slash+1","Masterful Stab"],"picked":"Blur+1","floor":23.0},{"not_picked":["Poisoned Stab","Cloak And Dagger","Slice"],"picked":"SKIP","floor":25.0},{"not_picked":["PiercingWail","Underhanded Strike","Outmaneuver+1"],"picked":"SKIP","floor":27.0},{"not_picked":["Venomology","Slice"],"picked":"Reflex+1","floor":30.0},{"not_picked":["Slice","Skewer+1","Underhanded Strike"],"picked":"SKIP","floor":31.0},{"not_picked":["Backstab","Footwork+1"],"picked":"PiercingWail+1","floor":35.0},{"not_picked":["Underhanded Strike","Deflect","Slice+1"],"picked":"SKIP","floor":37.0},{"not_picked":["Dagger Throw+1","Blade Dance+1"],"picked":"Leg Sweep","floor":38.0},{"not_picked":["Slice","Bane+1","Quick Slash"],"picked":"SKIP","floor":39.0},{"not_picked":["Flying Knee+1","Reflex","Sucker Punch+1"],"picked":"SKIP","floor":41},{"not_picked":["Flying Knee","Distraction"],"picked":"Expertise","floor":44},{"not_picked":["Backflip","Skewer"],"picked":"Acrobatics","floor":45},{"not_picked":["Outmaneuver+1","Slice+1"],"picked":"Caltrops+1","floor":46},{"not_picked":["Prepared+1","Backflip"],"picked":"Corpse Explosion","floor":47}],"player_experience":269353,"relics_obtained":[{"floor":6.0,"key":"Shuriken"},{"floor":7.0,"key":"Strawberry"},{"floor":9.0,"key":"Pen Nib"},{"floor":10.0,"key":"Nunchaku"},{"floor":23.0,"key":"Anchor"},{"floor":26.0,"key":"War Paint"},{"floor":28.0,"key":"Orichalcum"},{"floor":38.0,"key":"TungstenRod"},{"floor":41,"key":"Bottled Lightning"},{"floor":43,"key":"Pantograph"},{"floor":47,"key":"White Beast Statue"}],"event_choices":[{"damage_healed":70.0,"max_hp_gain":0.0,"max_hp_loss":70.0,"gold_gain":0.0,"event_name":"betterThird:BetterShining","player_choice":"Upgrade","floor":2.0,"gold_loss":0.0,"damage_taken":14.0,"cards_upgraded":["Panache","Defend_G"]},{"damage_healed":0.0,"max_hp_gain":5.0,"max_hp_loss":0.0,"gold_gain":0.0,"event_name":"Big Fish","player_choice":"Donut","floor":3.0,"gold_loss":0.0,"damage_taken":0.0},{"cards_removed":["Strike_G"],"damage_healed":0.0,"max_hp_gain":0.0,"max_hp_loss":0.0,"gold_gain":0.0,"event_name":"Bonfire Elementals","player_choice":"Offered Basic","floor":22.0,"gold_loss":0.0,"damage_taken":0.0},{"damage_healed":0.0,"max_hp_gain":0.0,"max_hp_loss":0.0,"gold_gain":0.0,"event_name":"Upgrade Shrine","player_choice":"Upgraded","floor":36.0,"gold_loss":0.0,"damage_taken":0.0,"cards_upgraded":["Calculated Gamble"]},{"damage_healed":0.0,"max_hp_gain":0.0,"max_hp_loss":0.0,"gold_gain":0.0,"event_name":"Mysterious Sphere","player_choice":"Fight","floor":38.0,"gold_loss":0.0,"damage_taken":0.0},{"damage_healed":0,"gold_gain":0,"player_choice":"Paid","damage_taken":0,"relics_obtained":["Red Mask"],"max_hp_gain":0,"max_hp_loss":0,"event_name":"Tomb of Lord Red Mask","floor":42,"gold_loss":266}],"is_beta":false,"boss_relics":[{"not_picked":["Snecko Eye","Runic Dome"],"picked":"SacredBark"},{"not_picked":["Velvet Choker","Cursed Key"],"picked":"Fusion Hammer"}],"items_purged_floors":[],"is_endless":false,"potions_floor_spawned":[1,5,12,14,16,21,23,35,41],"killed_by":"Maw","ascension_level":4}}