{"host":"4kqw88srlhl37mck","time":1607665318,"event":{"mods":["BaseMod","Better Altar","Better Match","Better Note","Better Sensory Stone","Better Skull","Better Third Choice","Marisa（霧雨　魔理沙）","Minty Spire (QoL Compilation)","Quick Restart","Rare Cards Sparkle","Remilia（蕾米莉亚）","StSLib","The Animator","The Forsaken","The Servant 0.9.4","Yuri Mod"],"gold_per_floor":[114,130,140,88,88,123,123,155,180,180,193,145,145,145,145,249,249,259,275,292,242,47,47,47,47,47,47,74,88,98,98,98,98,98],"floor_reached":33,"playtime":1301,"items_purged":[],"score":298,"play_id":"77c07fce-54d4-4c8c-83f2-30cf0b7c545e","local_time":"20201210214158","is_ascension_mode":false,"campfire_choices":[{"floor":7,"key":"REST"},{"floor":13,"key":"RECALL"},{"floor":15,"key":"REST"},{"floor":23,"key":"REST"},{"floor":25,"key":"REST"},{"data":"MastersStateliness","floor":27,"key":"SMITH"},{"floor":32,"key":"REST"}],"circlet_count":0,"master_deck":["Strike_RM","Strike_RM","Strike_RM","Defend_RM","Defend_RM","Defend_RM","Defend_RM","RedMoon","ScarletShoot","VampireKiss","Stigmanizer","StarOfDavid","MastersStateliness+1","StarOfDavid","StarOfDavid"],"relics":["ScarletHat","Pen Nib","Akabeko","APieceOfRedMist","PreservedInsect","Letter Opener","Ornamental Fan","Gungnir"],"acts_visited":["Exordium","TheCity"],"potions_floor_usage":[],"damage_taken":[{"damage":0,"enemies":"Small Slimes","floor":1,"turns":4},{"damage":0,"enemies":"2 Louse","floor":2,"turns":3},{"damage":2,"enemies":"Cultist","floor":3,"turns":6},{"damage":56,"enemies":"Gremlin Nob","floor":6,"turns":8},{"damage":4,"enemies":"3 Sentries","floor":8,"turns":9},{"damage":0,"enemies":"Red Slaver","floor":11,"turns":1},{"damage":53,"enemies":"The Guardian","floor":16,"turns":7},{"damage":21,"enemies":"3 Byrds","floor":18,"turns":8},{"damage":40,"enemies":"Spheric Guardian","floor":19,"turns":4},{"damage":11,"enemies":"Shelled Parasite and Fungi","floor":20,"turns":5},{"damage":30,"enemies":"Book of Stabbing","floor":28,"turns":4},{"damage":18,"enemies":"Chosen and Byrds","floor":29,"turns":5},{"damage":17,"enemies":"Sentry and Sphere","floor":30,"turns":6},{"damage":62,"enemies":"Collector","floor":33,"turns":5}],"seed_played":"-2227782956181212141","potions_obtained":[{"floor":1,"key":"EntropicBrew"},{"floor":2,"key":"Explosive Potion"},{"floor":3,"key":"SteroidPotion"},{"floor":19,"key":"AttackPotion"}],"is_trial":false,"path_per_floor":["M","M","M","$","?","E","R","E","T","?","M","$","R","?","R","B",null,"M","M","M","?","$","R","?","R","T","R","E","M","M","T","R","B"],"character_chosen":"REMILIA","items_purchased":["Stigmanizer","MastersStateliness","PreservedInsect","StarOfDavid"],"campfire_rested":5,"item_purchase_floors":[4,12,22,22],"current_hp_per_floor":[82,82,80,80,85,29,55,55,55,55,55,55,55,55,81,34,87,67,29,23,23,23,49,49,75,75,75,50,34,18,18,44,0,0],"gold":98,"neow_bonus":"TEN_PERCENT_HP_BONUS","is_daily":false,"chose_seed":false,"campfire_upgraded":1,"win_rate":0.0,"timestamp":1607665318,"path_taken":["M","M","M","$","?","E","R","E","T","?","?","?","R","?","R","BOSS","M","?","M","?","$","R","?","R","T","R","E","M","M","?","R","BOSS"],"items_purchased_type":["Card","Card","Relic","Card"],"build_version":"2020-11-30","purchased_purges":0,"victory":false,"max_hp_per_floor":[82,82,82,82,87,87,87,87,87,87,87,87,87,87,87,87,87,87,87,87,87,87,87,87,87,87,87,87,87,87,87,87,87,87],"card_choices":[{"not_picked":["Septette","DiffusionOfMisfortune","ScarletDream"],"picked":"SKIP","floor":1},{"not_picked":["SuperhumanBloodyKnife","BadLadyScramble","ScarletImprint"],"picked":"SKIP","floor":2},{"not_picked":["DiffusionOfMisfortune","ScarletImprint"],"picked":"VampireKiss","floor":3},{"not_picked":["DiffusionOfMisfortune","VampireFantasy"],"picked":"StarOfDavid","floor":6},{"not_picked":["NightDance","BloodyMagicSquare","BlasphemousPunishment"],"picked":"SKIP","floor":8},{"not_picked":["BlasphemousPunishment","NightDance","UnderTheZenith"],"picked":"SKIP","floor":11},{"not_picked":["EndlessAdversity","VampirishNight"],"picked":"StarOfDavid","floor":18},{"not_picked":["ScarletDevilSign","UnstableMagic","EndlessAdversity"],"picked":"SKIP","floor":19},{"not_picked":["MastersStateliness","DiffusionOfMisfortune","ScarletSymphony"],"picked":"SKIP","floor":20},{"not_picked":["DevilSight","VampireKiss+1","BloodyMagicSquare"],"picked":"SKIP","floor":28},{"not_picked":["EndlessAdversity","ScarletDevil","HunterOfTheNight"],"picked":"SKIP","floor":29},{"not_picked":["UnderTheZenith+1","BloodAndWine","ScarletSymphony"],"picked":"SKIP","floor":30}],"player_experience":190455,"relics_obtained":[{"floor":6,"key":"Pen Nib"},{"floor":8,"key":"Akabeko"},{"floor":26,"key":"Letter Opener"},{"floor":28,"key":"Ornamental Fan"},{"floor":31,"key":"Gungnir"}],"event_choices":[{"damage_healed":0,"gold_gain":0,"player_choice":"Donut","damage_taken":0,"max_hp_gain":5,"max_hp_loss":0,"event_name":"Big Fish","floor":5,"gold_loss":0},{"cards_removed":["Strike_RM"],"damage_healed":0,"gold_gain":0,"player_choice":"Purged","damage_taken":0,"max_hp_gain":0,"max_hp_loss":0,"event_name":"Purifier","floor":10,"gold_loss":0},{"damage_healed":0,"gold_gain":1,"player_choice":"1","damage_taken":0,"max_hp_gain":0,"max_hp_loss":0,"event_name":"betterStone:BetterStone","floor":14,"gold_loss":0},{"damage_healed":0,"gold_gain":0,"player_choice":"Bet on Owner","damage_taken":0,"max_hp_gain":0,"max_hp_loss":0,"event_name":"The Joust","floor":21,"gold_loss":50},{"damage_healed":0,"gold_gain":0,"player_choice":"Ignored","damage_taken":0,"max_hp_gain":0,"max_hp_loss":0,"event_name":"Purifier","floor":24,"gold_loss":0}],"is_beta":false,"boss_relics":[{"not_picked":["Philosopher\u0027s Stone","Runic Dome"],"picked":"APieceOfRedMist"}],"items_purged_floors":[],"is_endless":false,"potions_floor_spawned":[1,2,3,18,19,20,29],"killed_by":"Collector","ascension_level":0}}