{"host":"f55lpzc7830gmx23","time":1607712739,"event":{"mods":["BaseMod","Better Note","Downfall","Hermit","Minty Spire (QoL Compilation)","StSLib","The Blackbeard","The Cursed","The Necromancer"],"gold_per_floor":[212,182,192,208,208,233,247,94,118,118,150,115,125,144,144,249,249,259,259,74,90,90,123,51,84,166,192,204,234,234,253,253,348,398,418,432,442,95,120,153,153,171,217,217,217,217,217],"floor_reached":46,"playtime":2546,"items_purged":[],"score":697,"play_id":"72037822-113c-415a-9a82-8651bfcd502c","local_time":"20201211195219","is_ascension_mode":true,"campfire_choices":[{"data":"Armaments","floor":10.0,"key":"SMITH"},{"data":"Perfected Strike","floor":15.0,"key":"SMITH"},{"floor":32.0,"key":"REST"},{"data":"Barricade","floor":41.0,"key":"SMITH"},{"data":"Berserk","floor":45,"key":"SMITH"}],"circlet_count":0,"master_deck":["Strike_R","Strike_R+1","Strike_R","Strike_R+1","Strike_R","Defend_R+1","Defend_R","Defend_R","Defend_R+1","Bash","Armaments+1","Perfected Strike+1","Double Tap+1","Dropkick","Pommel Strike","Metallicize","Pommel Strike","Twin Strike","Berserk+1","CurseOfTheBell","Thunderclap+1","Combust","Bloodletting+1","Perfected Strike","Combust","Feel No Pain","Combust","Infernal Blade","Barricade+1","Shrug It Off+1","Rupture+1","Seeing Red+1","Entrench+1","Bandage Up"],"relics":["Burning Blood","Lantern","PreservedInsect","Nunchaku","MealTicket","Calling Bell","Pen Nib","Meat on the Bone","Thread and Needle","Omamori","Strawberry","Regal Pillow","Bottled Lightning","Ancient Tea Set","Smiling Mask","Tiny House","War Paint","Whetstone","Red Skull","Torii","Bag of Marbles"],"acts_visited":["Exordium","TheCity","TheBeyond"],"potions_floor_usage":[42,46,46,46,46,46,46],"damage_taken":[{"damage":14.0,"enemies":"Jaw Worm","floor":1.0,"turns":3.0},{"damage":16.0,"enemies":"Cultist","floor":3.0,"turns":4.0},{"damage":0.0,"enemies":"2 Louse","floor":4.0,"turns":2.0},{"damage":28.0,"enemies":"Gremlin Nob","floor":6.0,"turns":5.0},{"damage":11.0,"enemies":"Looter","floor":7.0,"turns":2.0},{"damage":15.0,"enemies":"3 Sentries","floor":11.0,"turns":3.0},{"damage":19.0,"enemies":"Exordium Thugs","floor":13.0,"turns":3.0},{"damage":14.0,"enemies":"Red Slaver","floor":14.0,"turns":2.0},{"damage":15.0,"enemies":"Slime Boss","floor":16.0,"turns":9.0},{"damage":3.0,"enemies":"Spheric Guardian","floor":18.0,"turns":3.0},{"damage":33.0,"enemies":"3 Byrds","floor":21.0,"turns":4.0},{"damage":0.0,"enemies":"Gremlin Leader","floor":23.0,"turns":2.0},{"damage":26.0,"enemies":"Book of Stabbing","floor":25.0,"turns":3.0},{"damage":39.0,"enemies":"Gremlin Leader","floor":27.0,"turns":3.0},{"damage":4.0,"enemies":"Sentry and Sphere","floor":28.0,"turns":3.0},{"damage":38.0,"enemies":"Slavers","floor":29.0,"turns":3.0},{"damage":10.0,"enemies":"Snake Plant","floor":31.0,"turns":2.0},{"damage":86.0,"enemies":"Collector","floor":33.0,"turns":6.0},{"damage":22.0,"enemies":"3 Shapes","floor":35.0,"turns":6.0},{"damage":3.0,"enemies":"Orb Walker","floor":36.0,"turns":1.0},{"damage":73.0,"enemies":"Transient","floor":37.0,"turns":5.0},{"damage":10.0,"enemies":"Reptomancer","floor":40.0,"turns":3.0},{"damage":21,"enemies":"Writhing Mass","floor":42,"turns":5},{"damage":65,"enemies":"Nemesis","floor":46,"turns":4}],"seed_played":"-7864175112061354065","potions_obtained":[{"floor":2.0,"key":"Swift Potion"},{"floor":2.0,"key":"Dexterity Potion"},{"floor":3.0,"key":"Regen Potion"},{"floor":4.0,"key":"PowerPotion"},{"floor":6.0,"key":"Fruit Juice"},{"floor":16.0,"key":"Strength Potion"},{"floor":21.0,"key":"FairyPotion"},{"floor":25.0,"key":"SteroidPotion"},{"floor":33.0,"key":"AttackPotion"},{"floor":34.0,"key":"Guardian:BlockOnCardUsePotion"},{"floor":40.0,"key":"EntropicBrew"},{"floor":42,"key":"Explosive Potion"}],"is_trial":false,"path_per_floor":["M","?","M","M","?","E","M","$","T","R","E","?","M","M","R","B",null,"M","?","$","M","$","E","$","E","T","E","M","E","?","M","R","B",null,"M","M","M","$","T","E","R","M","T","?","R","E"],"character_chosen":"IRONCLAD","items_purchased":["PreservedInsect","Omamori","Combust","Combust","War Paint","Whetstone","AttackPotion"],"campfire_rested":1,"item_purchase_floors":[8,20,20,24,38,38,38],"current_hp_per_floor":[72,72,62,68,68,65,60,60,60,60,51,72,59,51,51,42,85,85,85,85,58,73,86,92,72,72,51,53,33,33,41,83,42,97,81,84,29,44,44,52,52,49,49,49,49,0,0],"gold":217,"neow_bonus":"HUNDRED_GOLD","is_daily":false,"chose_seed":false,"campfire_upgraded":4,"win_rate":0.0,"timestamp":1607712739,"path_taken":["M","?","?","M","?","E","M","$","T","R","E","?","M","M","R","BOSS","M","?","$","?","$","E","$","E","T","E","M","E","?","M","R","BOSS","M","M","M","$","?","E","R","M","T","?","R","E"],"items_purchased_type":["Relic","Relic","Card","Card","Relic","Relic","Potion"],"build_version":"2020-11-30","purchased_purges":0,"victory":false,"max_hp_per_floor":[80,80,80,80,80,85,85,85,85,85,85,85,85,85,85,85,85,85,85,85,85,85,92,92,92,92,92,92,92,92,92,92,92,97,97,97,97,97,97,97,97,97,97,97,97,97,97],"card_choices":[{"not_picked":["Cleave","Warcry"],"picked":"Armaments","floor":1.0},{"not_picked":["Evolve","Heavy Blade"],"picked":"Perfected Strike","floor":3.0},{"not_picked":["Clash","Heavy Blade"],"picked":"Double Tap","floor":4.0},{"not_picked":["Infernal Blade","Anger"],"picked":"Dropkick","floor":6.0},{"not_picked":["Clash","Anger"],"picked":"Pommel Strike","floor":7.0},{"not_picked":["Cleave","Flex"],"picked":"Metallicize","floor":11.0},{"not_picked":["Heavy Blade","Cleave"],"picked":"Pommel Strike","floor":13.0},{"not_picked":["Sentinel","Bludgeon"],"picked":"Twin Strike","floor":14.0},{"not_picked":["Limit Break","Brutality"],"picked":"Berserk","floor":16.0},{"not_picked":["Clash","Seeing Red"],"picked":"Thunderclap+1","floor":18.0},{"not_picked":["Pommel Strike","Anger"],"picked":"Bloodletting+1","floor":21.0},{"not_picked":["Dropkick","Thunderclap"],"picked":"Perfected Strike","floor":23.0},{"not_picked":["Evolve","Fiend Fire"],"picked":"Feel No Pain","floor":25.0},{"not_picked":["Thunderclap+1","Clash"],"picked":"Combust","floor":27.0},{"not_picked":["Heavy Blade","Clothesline","Warcry"],"picked":"SKIP","floor":28.0},{"not_picked":["Hemokinesis","Shockwave","Second Wind+1"],"picked":"SKIP","floor":29.0},{"not_picked":["Pummel","Sword Boomerang"],"picked":"Infernal Blade","floor":31.0},{"not_picked":["Impervious","Feed"],"picked":"Barricade","floor":33.0},{"not_picked":["Spot Weakness","Disarm+1"],"picked":"Shrug It Off+1","floor":35.0},{"not_picked":["Metallicize+1","Searing Blow+1"],"picked":"Rupture+1","floor":36.0},{"not_picked":["Spot Weakness","Sentinel"],"picked":"Seeing Red+1","floor":37.0},{"not_picked":["Flex","Iron Wave"],"picked":"Entrench+1","floor":40.0},{"not_picked":["Cleave","Dark Embrace","Warcry"],"picked":"SKIP","floor":42},{"not_picked":["expansioncontent:DonusPower","Impatience"],"picked":"Bandage Up","floor":44}],"player_experience":388617,"relics_obtained":[{"floor":6.0,"key":"Lantern"},{"floor":9.0,"key":"Nunchaku"},{"floor":11.0,"key":"MealTicket"},{"floor":17.0,"key":"Pen Nib"},{"floor":17.0,"key":"Meat on the Bone"},{"floor":17.0,"key":"Thread and Needle"},{"floor":23.0,"key":"Strawberry"},{"floor":25.0,"key":"Regal Pillow"},{"floor":26.0,"key":"Bottled Lightning"},{"floor":27.0,"key":"Ancient Tea Set"},{"floor":29.0,"key":"Smiling Mask"},{"floor":39.0,"key":"Red Skull"},{"floor":40.0,"key":"Torii"},{"floor":43,"key":"Bag of Marbles"}],"event_choices":[{"damage_healed":0.0,"max_hp_gain":0.0,"max_hp_loss":0.0,"gold_gain":0.0,"event_name":"The Woman in Blue","player_choice":"Bought 2 Potions","floor":2.0,"gold_loss":0.0,"damage_taken":0.0},{"damage_healed":0.0,"max_hp_gain":0.0,"max_hp_loss":0.0,"gold_gain":0.0,"event_name":"Golden Wing","player_choice":"Ignored","floor":5.0,"gold_loss":0.0,"damage_taken":0.0},{"damage_healed":21.0,"max_hp_gain":0.0,"max_hp_loss":0.0,"gold_gain":0.0,"event_name":"The Cleric","player_choice":"Healed","floor":12.0,"gold_loss":35.0,"damage_taken":0.0},{"cards_removed":["Bash"],"damage_healed":0.0,"max_hp_gain":0.0,"max_hp_loss":0.0,"gold_gain":0.0,"event_name":"betterNote:BetterNote","player_choice":"Give","floor":19.0,"gold_loss":0.0,"damage_taken":0.0,"cards_obtained":["blackbeard:BlackbeardDefend"]},{"damage_healed":0.0,"max_hp_gain":0.0,"max_hp_loss":0.0,"gold_gain":0.0,"event_name":"Lab","player_choice":"Got Potions","floor":30.0,"gold_loss":0.0,"damage_taken":0.0},{"damage_healed":0,"gold_gain":0,"player_choice":"Memory 1","damage_taken":0,"max_hp_gain":0,"max_hp_loss":0,"event_name":"SensoryStone","floor":44,"gold_loss":0}],"is_beta":false,"boss_relics":[{"not_picked":["Busted Crown","SlaversCollar"],"picked":"Calling Bell"},{"not_picked":["Runic Cube","Coffee Dripper"],"picked":"Tiny House"}],"items_purged_floors":[],"is_endless":false,"potions_floor_spawned":[3,4,6,16,21,25,29,33,40,42],"killed_by":"Nemesis","ascension_level":2}}