{"host":"4e7ld00gewa6mlu4","time":1607705111,"event":{"mods":["2.2 Compatiblity","Act Like it!","BaseMod","Conspire","Hubris","Infinite Spire","Jedi Mod","Minty Spire (QoL Compilation)","Practice Mode","Quick Restart","Random Character Button","Random Character Mod","Replay The Spire","Shop Mod","StSLib"],"gold_per_floor":[111,111,129,148,161,161,194,194,194,223,298,308,48,118,118,223,223,240,240,259,276,288,321,336,336,359,359,387,191,191,265,265,361,361,376,376,391,391,238,266,282,313,336,366,416,432,442,442,442,442,442,442,88,115,115],"floor_reached":56,"playtime":4676,"items_purged":["Pain","Strike_R","Defend_R"],"score":1637,"play_id":"35cb9033-1aeb-4a02-a05f-a651eb97b5ef","local_time":"20201211114511","is_ascension_mode":true,"campfire_choices":[{"data":"Shockwave","floor":6.0,"key":"SMITH"},{"data":"Pommel Strike","floor":8.0,"key":"SMITH"},{"data":"True Grit","floor":15.0,"key":"SMITH"},{"data":"jedi:harder","floor":27.0,"key":"SMITH"},{"data":"Inflame","floor":30,"key":"SMITH"},{"data":"Carnage","floor":32,"key":"SMITH"},{"floor":49,"key":"RECALL"},{"data":"Dark Embrace","floor":52,"key":"SMITH"}],"circlet_count":0,"master_deck":["Strike_R+1","Strike_R+1","Strike_R","Defend_R","Bash+1","Pommel Strike+1","Shockwave+1","Shrug It Off","True Grit+1","Carnage+1","Pot Of Greed","Pot Of Greed","Iron Wave+1","Shrug It Off","Offering","Power Through+1","jedi:harder+1","Burning Pact","ReplayTheSpireMod:Strike From Hell","Flame Barrier","Pot Of Greed","Inflame+1","Limit Break","infinitespire:Fortify","Dark Embrace+1","Feel No Pain+1"],"relics":["Burning Blood","WarpedTongs","infinitespire:EmpoweringShard","Blue Doll","Grinning Jar","Sozu","Potion Belt","Omamori","Bag of Marbles","conspire:BottledYoYo","jedi:hotpepper","Whetstone","Smiling Mask","Paper Frog","MealTicket","Blue Candle","Peace Pipe","ClockworkSouvenir","Nunchaku","Centennial Puzzle"],"acts_visited":["Exordium","TheCity","TheBeyond","TheEnding"],"potions_floor_usage":[55,55,55],"damage_taken":[{"damage":19.0,"enemies":"Jaw Worm","floor":1.0,"turns":5.0},{"damage":3.0,"enemies":"Cultist","floor":3.0,"turns":3.0},{"damage":15.0,"enemies":"2 Louse","floor":4.0,"turns":3.0},{"damage":5.0,"enemies":"2 Fungi Beasts","floor":5.0,"turns":3.0},{"damage":18.0,"enemies":"Gremlin Nob","floor":7.0,"turns":4.0},{"damage":15.0,"enemies":"Lagavulin","floor":10.0,"turns":5.0},{"damage":9.0,"enemies":"Looter","floor":12.0,"turns":3.0},{"damage":19.0,"enemies":"Hexaghost","floor":16.0,"turns":12.0},{"damage":6.0,"enemies":"Chosen","floor":18.0,"turns":3.0},{"damage":0.0,"enemies":"Spheric Guardian","floor":20.0,"turns":3.0},{"damage":6.0,"enemies":"conspire:HollyBat","floor":21.0,"turns":6.0},{"damage":6.0,"enemies":"Snecko","floor":22.0,"turns":4.0},{"damage":10.0,"enemies":"Replay:Snechameleon","floor":23.0,"turns":4.0},{"damage":18.0,"enemies":"Cultist and Chosen","floor":24.0,"turns":6.0},{"damage":13,"enemies":"Slavers","floor":28,"turns":8},{"damage":47,"enemies":"Automaton","floor":33,"turns":15},{"damage":0,"enemies":"Orb Walker","floor":35,"turns":3},{"damage":9,"enemies":"3 Darklings","floor":37,"turns":5},{"damage":6,"enemies":"Giant Head","floor":40,"turns":5},{"damage":6,"enemies":"4 Shapes","floor":41,"turns":6},{"damage":0,"enemies":"R_Hoarder","floor":42,"turns":5},{"damage":6,"enemies":"Reptomancer","floor":44,"turns":5},{"damage":6,"enemies":"Mind Bloom Boss Battle","floor":45,"turns":5},{"damage":11,"enemies":"Transient","floor":46,"turns":5},{"damage":0,"enemies":"Maw","floor":47,"turns":6},{"damage":0,"enemies":"infinitespire:MassOfShapes","floor":50,"turns":9},{"damage":0,"enemies":"Shield and Spear","floor":54,"turns":7},{"damage":17,"enemies":"The Heart","floor":55,"turns":7}],"seed_played":"1545393547398867398","potions_obtained":[{"floor":1.0,"key":"Adrenaline Potion"},{"floor":10.0,"key":"jedi:tentaclejuice"},{"floor":12.0,"key":"SkillPotion"},{"floor":16.0,"key":"jedi:tentaclejuice"}],"is_trial":false,"path_per_floor":["M","?","M","M","M","R","E","R","T","E","?","M","$","?","R","B",null,"M","?","M","M","M","E","M","?","T","R","E","$","R","T","R","B",null,"M","?","M","?","$","E","M","E","T","E","?","M","M","?","R","B",null,"R","$","E","B",null],"character_chosen":"IRONCLAD","items_purchased":["Grinning Jar","Iron Wave+1","Shrug It Off","Flame Barrier","Inflame","Whetstone","ClockworkSouvenir","Nunchaku"],"campfire_rested":0,"item_purchase_floors":[13,13,13,29,29,39,53,53],"current_hp_per_floor":[67,67,70,61,62,62,50,50,50,41,30,27,27,27,27,14,80,80,80,80,80,80,76,64,64,64,64,57,57,57,57,57,16,60,60,45,42,42,42,42,42,48,48,48,48,43,49,49,49,55,60,60,60,60,49],"gold":115,"neow_bonus":"UPGRADE_CARD","is_daily":false,"chose_seed":false,"campfire_upgraded":7,"win_rate":0.0,"timestamp":1607705111,"path_taken":["M","?","M","M","?","R","E","R","T","E","?","M","$","?","R","BOSS","M","?","M","M","M","E","M","?","T","R","E","$","R","?","R","BOSS","M","?","M","?","?","E","?","E","T","E","?","M","M","?","R","BOSS","R","$","E","BOSS"],"items_purchased_type":["Relic","Card","Card","Card","Card","Relic","Relic","Relic"],"build_version":"2020-11-30","purchased_purges":3,"victory":true,"max_hp_per_floor":[80,80,80,80,80,80,80,80,80,80,80,80,80,80,80,80,80,80,80,80,80,80,80,80,80,80,80,80,80,80,80,80,80,60,60,60,60,60,60,60,60,60,60,60,60,60,60,60,60,60,60,60,60,60,60],"card_choices":[{"not_picked":["Replay:Undeath\u0027s Touch","Warcry"],"picked":"Pommel Strike","floor":1.0},{"not_picked":["Pommel Strike","Disarm","Life Link"],"picked":"SKIP","floor":3.0},{"not_picked":["Body Slam","Second Wind"],"picked":"Shockwave","floor":4.0},{"not_picked":["Seeing Red","Rupture"],"picked":"Shrug It Off","floor":5.0},{"not_picked":["ReplayTheSpireMod:Strike From Hell","jedi:fear","Shockwave"],"picked":"SKIP","floor":7.0},{"not_picked":["Flex","Replay:Many Hands"],"picked":"True Grit","floor":10.0},{"not_picked":["Warcry","ReplayTheSpireMod:Strike From Hell"],"picked":"Carnage","floor":12.0},{"not_picked":["jedi:strikingstrike","Exhume"],"picked":"Offering","floor":16.0},{"not_picked":["Rupture+1","Perfected Strike"],"picked":"Power Through+1","floor":18.0},{"not_picked":["hubris:ReadiedAction","Abandon+1","Sword Boomerang"],"picked":"SKIP","floor":20.0},{"not_picked":["Shrug It Off","Demonic Infusion","Thunderclap+1"],"picked":"SKIP","floor":21.0},{"not_picked":["Carnage","Bloodletting","ReplayTheSpireMod:Strike From Hell"],"picked":"SKIP","floor":22.0},{"not_picked":["jedi:controlledanger+1","Shrug It Off"],"picked":"jedi:harder","floor":23.0},{"not_picked":["Sword Boomerang","Searing Blow","Shrug It Off"],"picked":"SKIP","floor":24.0},{"not_picked":["Perfected Strike","Warcry+1","ReplayTheSpireMod:Strike From Hell"],"picked":"SKIP","floor":28},{"not_picked":["Juggernaut","Demon Form"],"picked":"Limit Break","floor":33},{"not_picked":["Intimidate+1","infinitespire:OneForAll","Inflame+1"],"picked":"SKIP","floor":35},{"not_picked":["infinitespire:DeathsTouch","hubris:Rewind"],"picked":"infinitespire:Fortify","floor":36},{"not_picked":["Shrug It Off","jedi:fear+1","conspire:ExplosiveBarrier"],"picked":"SKIP","floor":37},{"not_picked":["Dual Wield+1","Anger","Run Through"],"picked":"SKIP","floor":40},{"not_picked":["Clash","Flex+1"],"picked":"Dark Embrace","floor":41},{"not_picked":["Armaments+1","Pummel+1","Reckless Charge"],"picked":"SKIP","floor":42},{"not_picked":["ReplayTheSpireMod:Strike From Hell+1","Anger+1","Burning Pact+1"],"picked":"SKIP","floor":44},{"not_picked":["Replay:Undeath\u0027s Touch+1","Flame Barrier"],"picked":"Feel No Pain+1","floor":46},{"not_picked":["Rupture+1","Bludgeon","ReplayReversal+1"],"picked":"SKIP","floor":47},{"not_picked":["Sword Boomerang+1","Clothesline","Shockwave"],"picked":"SKIP","floor":54}],"player_experience":565989,"relics_obtained":[{"floor":7.0,"key":"infinitespire:EmpoweringShard"},{"floor":10.0,"key":"Blue Doll"},{"floor":23.0,"key":"Potion Belt"},{"floor":26.0,"key":"Omamori"},{"floor":28,"key":"Bag of Marbles"},{"floor":31,"key":"conspire:BottledYoYo"},{"floor":40,"key":"Smiling Mask"},{"floor":42,"key":"Paper Frog"},{"floor":43,"key":"MealTicket"},{"floor":44,"key":"Blue Candle"},{"floor":45,"key":"Peace Pipe"},{"floor":54,"key":"Centennial Puzzle"}],"event_choices":[{"damage_healed":0.0,"max_hp_gain":0.0,"max_hp_loss":0.0,"gold_gain":0.0,"event_name":"Accursed Blacksmith","player_choice":"Rummage","floor":2.0,"gold_loss":0.0,"damage_taken":0.0,"relics_obtained":["WarpedTongs"],"cards_obtained":["Pain"]},{"damage_healed":0.0,"max_hp_gain":0.0,"max_hp_loss":0.0,"gold_gain":75.0,"event_name":"World of Goop","player_choice":"Gather Gold","floor":11.0,"gold_loss":0.0,"damage_taken":11.0},{"damage_healed":0.0,"max_hp_gain":0.0,"max_hp_loss":0.0,"gold_gain":70.0,"event_name":"Golden Wing","player_choice":"Gained Gold","floor":14.0,"gold_loss":0.0,"damage_taken":0.0},{"damage_healed":0.0,"max_hp_gain":0.0,"max_hp_loss":0.0,"gold_gain":0.0,"cards_transformed":["Strike_R","Defend_R"],"event_name":"Drug Dealer","player_choice":"Became Test Subject","floor":25.0,"gold_loss":0.0,"damage_taken":0.0,"cards_obtained":["Burning Pact","ReplayTheSpireMod:Strike From Hell"]},{"cards_removed":["Defend_R"],"damage_healed":0,"gold_gain":0,"player_choice":"Removed Skill","damage_taken":0,"max_hp_gain":0,"max_hp_loss":0,"event_name":"Falling","floor":38,"gold_loss":0},{"damage_healed":0,"gold_gain":0,"player_choice":"Fight","damage_taken":0,"max_hp_gain":0,"max_hp_loss":0,"event_name":"MindBloom","floor":45,"gold_loss":0},{"damage_healed":0,"gold_gain":0,"player_choice":"Ignored","damage_taken":0,"max_hp_gain":0,"max_hp_loss":0,"event_name":"SecretPortal","floor":48,"gold_loss":0}],"is_beta":false,"boss_relics":[{"not_picked":["Astrolabe","hubris:BlackHole"],"picked":"Sozu"},{"not_picked":["Philosopher\u0027s Stone","hubris:HollowSoul"],"picked":"jedi:hotpepper"}],"items_purged_floors":[13,29,53],"is_endless":false,"potions_floor_spawned":[1,10,12,16,21,22,28,33,35,45,47],"ascension_level":4}}