{"host":"usrgk25etjl0nf5i","time":1607657594,"event":{"mods":["2.2 Compatiblity","BaseMod","Downfall","Hermit","Hubris","Minty Spire (QoL Compilation)","StSLib","SuperFastMode","The Disciple","The Hierophant"],"gold_per_floor":[111,111,126,144,144,144,174,174,174,193,205,230,249,249,249,348,348,364,364,379,379,395,423,438,438,462,491,506,43,43,77,77,181,181,192,192,208,222,222,251,268,268,268],"floor_reached":42,"playtime":2550,"items_purged":[],"score":782,"play_id":"1a15051c-3392-4a9d-8907-0505e8e51593","local_time":"20201210193314","is_ascension_mode":true,"campfire_choices":[{"data":"Zap","floor":6,"key":"SMITH"},{"floor":8,"key":"REST"},{"floor":15,"key":"REST"},{"floor":25,"key":"REST"},{"floor":32,"key":"REST"}],"circlet_count":0,"master_deck":["Zap+1","Dualcast+1","Conserve Battery","Pain","hubris:Ukulele","Heatsinks","Ball Lightning","Core Surge","BootSequence","Auto Shields","Amplify","Ball Lightning","Ghostly","Ghostly","Ghostly","Ghostly+1","Ghostly","Defragment+1","Loop","Ball Lightning","Lockon","Core Surge","Shame","Core Surge","Electrodynamics","Redo","Darkness","Tempest","Reboot","Heatsinks","Self Repair","Skim","Scrape","Conserve Battery","Capacitor","Defragment","Conserve Battery+1","Hologram"],"relics":["Cracked Core","WarpedTongs","Darkstone Periapt","hubris:BallOfYels","hubris:BundleOfHerbs","Nuclear Battery","War Paint","hubris:ToyBattleship","Red Mask","Incense Burner","hubris:Zylophone","hubris:SlimyHat","Pandora\u0027s Box","hubris:Towel","hubris:MedicalManual"],"acts_visited":["Exordium","TheCity","TheBeyond"],"potions_floor_usage":[11,12,12,18,20,22,24,27,28,37,38],"damage_taken":[{"damage":5,"enemies":"2 Louse","floor":1,"turns":2},{"damage":23,"enemies":"Cultist","floor":3,"turns":5},{"damage":3,"enemies":"Small Slimes","floor":4,"turns":2},{"damage":15,"enemies":"Lagavulin","floor":7,"turns":8},{"damage":4,"enemies":"Looter","floor":10,"turns":2},{"damage":1,"enemies":"Exordium Thugs","floor":11,"turns":2},{"damage":9,"enemies":"3 Sentries","floor":12,"turns":5},{"damage":3,"enemies":"Large Slime","floor":13,"turns":3},{"damage":26,"enemies":"The Guardian","floor":16,"turns":12},{"damage":3,"enemies":"2 Thieves","floor":18,"turns":4},{"damage":19,"enemies":"3 Byrds","floor":20,"turns":5},{"damage":5,"enemies":"Snecko","floor":22,"turns":5},{"damage":4,"enemies":"Gremlin Leader","floor":23,"turns":7},{"damage":4,"enemies":"Chosen and Byrds","floor":24,"turns":5},{"damage":8,"enemies":"Masked Bandits","floor":27,"turns":4},{"damage":7,"enemies":"Sentry and Sphere","floor":28,"turns":6},{"damage":2,"enemies":"Slavers","floor":31,"turns":6},{"damage":6,"enemies":"hubris:MusketHawk","floor":33,"turns":8},{"damage":5,"enemies":"Orb Walker","floor":35,"turns":3},{"damage":8,"enemies":"3 Darklings","floor":37,"turns":4},{"damage":8,"enemies":"Maw","floor":38,"turns":7},{"damage":13,"enemies":"Nemesis","floor":40,"turns":7},{"damage":26,"enemies":"4 Shapes","floor":41,"turns":6},{"damage":20,"enemies":"Reptomancer","floor":42,"turns":5}],"seed_played":"2588929268945749690","potions_obtained":[{"floor":4,"key":"FocusPotion"},{"floor":7,"key":"BlessingOfTheForge"},{"floor":10,"key":"Slimebound:ThreeZeroPotion"},{"floor":11,"key":"LiquidMemories"},{"floor":13,"key":"LiquidBronze"},{"floor":16,"key":"AttackPotion"},{"floor":18,"key":"Ancient Potion"},{"floor":20,"key":"LiquidMemories"},{"floor":23,"key":"FocusPotion"},{"floor":27,"key":"Fire Potion"},{"floor":35,"key":"Explosive Potion"},{"floor":37,"key":"DuplicationPotion"}],"is_trial":false,"path_per_floor":["M","?","M","M","?","R","E","R","T","M","M","E","M","?","R","B",null,"M","?","M","?","M","E","M","R","T","?","M","$","?","E","R","B",null,"M","?","M","M","?","E","M","E"],"character_chosen":"DEFECT","items_purchased":["Incense Burner","Core Surge"],"campfire_rested":4,"item_purchase_floors":[29,29],"current_hp_per_floor":[77,77,54,51,51,51,36,62,62,58,57,48,45,45,71,51,80,77,44,25,25,20,16,12,25,25,17,10,10,16,14,29,23,43,45,45,37,39,39,33,17,0,0],"gold":268,"neow_bonus":"TWENTY_PERCENT_HP_BONUS","is_daily":false,"chose_seed":false,"campfire_upgraded":1,"win_rate":0.0,"timestamp":1607657594,"path_taken":["M","?","M","?","?","R","E","R","T","?","M","E","M","?","R","BOSS","M","?","M","?","M","E","M","R","T","?","M","$","?","E","R","BOSS","M","?","M","M","?","E","M","E"],"items_purchased_type":["Relic","Card"],"build_version":"2020-11-30","purchased_purges":0,"victory":false,"max_hp_per_floor":[89,89,89,89,89,89,89,89,89,89,89,89,89,89,89,89,89,89,44,44,44,44,44,44,44,44,44,44,44,50,50,50,50,50,50,50,50,50,50,50,50,50,50],"card_choices":[{"not_picked":["Cold Snap","Turbo"],"picked":"Conserve Battery","floor":1},{"not_picked":["Beam Cell","Cold Snap"],"picked":"hubris:Ukulele","floor":3},{"not_picked":["Redo","Rebound"],"picked":"Heatsinks","floor":4},{"not_picked":["Go for the Eyes","Fusion"],"picked":"Ball Lightning","floor":7},{"not_picked":["Lockon","Heatsinks"],"picked":"Core Surge","floor":10},{"not_picked":["hubris:Ukulele","Lockon"],"picked":"BootSequence","floor":11},{"not_picked":["Barrage","Doom and Gloom","Turbo"],"picked":"SKIP","floor":12},{"not_picked":["Streamline","Loop"],"picked":"Auto Shields","floor":13},{"not_picked":["Reboot","Machine Learning"],"picked":"Amplify","floor":16},{"not_picked":["Redo+1","Leap"],"picked":"Ball Lightning","floor":18},{"not_picked":["Undo","Go for the Eyes"],"picked":"Defragment+1","floor":20},{"not_picked":["Steam","Melter+1"],"picked":"Loop","floor":22},{"not_picked":["Coolheaded","Redo"],"picked":"Ball Lightning","floor":23},{"not_picked":["Coolheaded","Turbo","Hologram"],"picked":"SKIP","floor":24},{"not_picked":["Barrage","Hello World"],"picked":"Lockon","floor":27},{"not_picked":["Compile Driver","Stack","Steam"],"picked":"SKIP","floor":28},{"not_picked":["Gash+1","Beam Cell+1"],"picked":"Core Surge","floor":31},{"not_picked":["Amplify","Core Surge"],"picked":"Electrodynamics","floor":33},{"not_picked":["Rip and Tear","Compile Driver+1"],"picked":"Conserve Battery","floor":35},{"not_picked":["Rip and Tear","Steam"],"picked":"Capacitor","floor":37},{"not_picked":["Leap","Glacier+1","FTL+1"],"picked":"SKIP","floor":38},{"not_picked":["Beam Cell","Fusion+1"],"picked":"Conserve Battery+1","floor":40},{"not_picked":["Cold Snap","Chill"],"picked":"Hologram","floor":41}],"player_experience":621064,"relics_obtained":[{"floor":7,"key":"Darkstone Periapt"},{"floor":12,"key":"hubris:BallOfYels"},{"floor":23,"key":"War Paint"},{"floor":26,"key":"hubris:ToyBattleship"},{"floor":27,"key":"Red Mask"},{"floor":31,"key":"hubris:SlimyHat"},{"floor":40,"key":"hubris:MedicalManual"}],"event_choices":[{"damage_healed":0,"gold_gain":0,"player_choice":"Rummage","damage_taken":0,"relics_obtained":["WarpedTongs"],"max_hp_gain":0,"max_hp_loss":0,"event_name":"Accursed Blacksmith","floor":2,"gold_loss":0,"cards_obtained":["Pain"]},{"cards_removed":["hubris:Sloth"],"damage_healed":0,"gold_gain":0,"player_choice":"Purged","damage_taken":0,"max_hp_gain":0,"max_hp_loss":0,"event_name":"Purifier","floor":5,"gold_loss":0},{"damage_healed":0,"gold_gain":0,"player_choice":"Gave Potion","damage_taken":0,"relics_obtained":["hubris:BundleOfHerbs"],"max_hp_gain":0,"max_hp_loss":0,"event_name":"WeMeetAgain","floor":14,"gold_loss":0},{"damage_healed":0,"gold_gain":0,"player_choice":"Became a Ghost","damage_taken":0,"max_hp_gain":0,"max_hp_loss":45,"event_name":"Ghosts","floor":19,"gold_loss":0,"cards_obtained":["Ghostly","Ghostly","Ghostly","Ghostly","Ghostly"]},{"damage_healed":0,"gold_gain":0,"player_choice":"Fought Bandits","damage_taken":0,"max_hp_gain":0,"max_hp_loss":0,"event_name":"Masked Bandits","floor":27,"gold_loss":0},{"damage_healed":0,"gold_gain":0,"player_choice":"Stole Relic","damage_taken":0,"relics_obtained":["hubris:Zylophone"],"max_hp_gain":0,"max_hp_loss":0,"event_name":"Addict","floor":30,"gold_loss":0,"cards_obtained":["Shame"]}],"is_beta":false,"boss_relics":[{"not_picked":["Snecko Eye","Velvet Choker"],"picked":"Nuclear Battery"},{"not_picked":["hubris:ScarierMask","Coffee Dripper"],"picked":"Pandora\u0027s Box"}],"items_purged_floors":[],"is_endless":false,"potions_floor_spawned":[4,7,10,11,13,16,18,20,23,27,35,37],"killed_by":"Reptomancer","ascension_level":9}}