{"host":"q387i5o1hp66091u","time":1607668847,"event":{"mods":["2.2 Compatiblity","BaseMod","Minty Spire (QoL Compilation)","Rare Cards Sparkle"],"gold_per_floor":[117,117,127,142,317,351,351,380,380,390,400,414,431,431,431,534,534,534],"floor_reached":17,"playtime":875,"items_purged":[],"score":168,"play_id":"15de1769-e94a-4dff-bc05-31a3f927fc0b","local_time":"20201211154047","is_ascension_mode":false,"campfire_choices":[{"floor":7.0,"key":"REST"},{"data":"Terror","floor":15.0,"key":"SMITH"}],"circlet_count":0,"master_deck":["Strike_G","Strike_G+1","Strike_G","Strike_G","Strike_G","Defend_G","Defend_G","Defend_G+1","Defend_G","Defend_G","Survivor","Neutralize","Dagger Spray","Terror+1","Leg Sweep","Predator","Adrenaline+1","PiercingWail+1","Dash","Dodge and Roll+1","Setup+1","Glass Knife"],"relics":["Ring of the Snake","Regal Pillow","Toxic Egg 2","Nunchaku","Spirit Poop"],"acts_visited":["TheCity"],"potions_floor_usage":[],"damage_taken":[{"damage":0.0,"enemies":"Small Slimes","floor":1.0,"turns":4.0},{"damage":4.0,"enemies":"Cultist","floor":3.0,"turns":3.0},{"damage":0.0,"enemies":"2 Louse","floor":4.0,"turns":3.0},{"damage":32.0,"enemies":"Lagavulin","floor":6.0,"turns":17.0},{"damage":14.0,"enemies":"3 Sentries","floor":8.0,"turns":12.0},{"damage":8.0,"enemies":"Exordium Wildlife","floor":10.0,"turns":3.0},{"damage":0.0,"enemies":"Red Slaver","floor":11.0,"turns":4.0},{"damage":0.0,"enemies":"3 Louse","floor":12.0,"turns":2.0},{"damage":2.0,"enemies":"Large Slime","floor":13.0,"turns":7.0},{"damage":19.0,"enemies":"Slime Boss","floor":16.0,"turns":15.0}],"seed_played":"-2978554866487795051","potions_obtained":[{"floor":4.0,"key":"LiquidMemories"},{"floor":6.0,"key":"Poison Potion"},{"floor":8.0,"key":"DuplicationPotion"},{"floor":10.0,"key":"Poison Potion"}],"is_trial":false,"path_per_floor":["M","?","M","M","?","E","R","E","T","M","M","M","M","?","R","B",null],"character_chosen":"THE_SILENT","items_purchased":[],"campfire_rested":1,"item_purchase_floors":[],"current_hp_per_floor":[77,62,58,58,58,26,64,50,50,42,42,42,40,40,40,21,77,77],"gold":534,"neow_bonus":"TEN_PERCENT_HP_BONUS","is_daily":false,"chose_seed":false,"campfire_upgraded":1,"win_rate":0.0,"timestamp":1607668847,"path_taken":["M","?","M","M","?","E","R","E","T","M","M","M","M","?","R","BOSS"],"items_purchased_type":[],"build_version":"2020-11-30","purchased_purges":0,"victory":false,"max_hp_per_floor":[77,77,77,77,77,77,77,77,77,77,77,77,77,77,77,77,77,77],"card_choices":[{"not_picked":["All Out Attack","Predator"],"picked":"Dagger Spray","floor":1.0},{"not_picked":["Dodge and Roll","Dagger Spray"],"picked":"Terror","floor":3.0},{"not_picked":["Crippling Poison","Blade Dance"],"picked":"Leg Sweep","floor":4.0},{"not_picked":["Slice","Accuracy"],"picked":"Predator","floor":6.0},{"not_picked":["Crippling Poison+1","Terror+1"],"picked":"Adrenaline+1","floor":8.0},{"not_picked":["Accuracy","Eviscerate"],"picked":"PiercingWail+1","floor":10.0},{"not_picked":["Deadly Poison+1","Dodge and Roll+1"],"picked":"Dash","floor":11.0},{"not_picked":["Well Laid Plans","Setup+1"],"picked":"Dodge and Roll+1","floor":12.0},{"not_picked":["All Out Attack","Quick Slash"],"picked":"Setup+1","floor":13.0},{"not_picked":["Tools of the Trade","Night Terror+1"],"picked":"Glass Knife","floor":16.0}],"player_experience":552058,"relics_obtained":[{"floor":6.0,"key":"Regal Pillow"},{"floor":8.0,"key":"Toxic Egg 2"},{"floor":9.0,"key":"Nunchaku"}],"event_choices":[{"damage_healed":0.0,"max_hp_gain":0.0,"max_hp_loss":0.0,"gold_gain":0.0,"event_name":"Shining Light","player_choice":"Entered Light","floor":2.0,"gold_loss":0.0,"damage_taken":15.0,"cards_upgraded":["Defend_G","Strike_G"]},{"damage_healed":0.0,"max_hp_gain":0.0,"max_hp_loss":0.0,"gold_gain":175.0,"event_name":"Liars Game","player_choice":"AGREE","floor":5.0,"gold_loss":0.0,"damage_taken":0.0,"cards_obtained":["Doubt"]},{"cards_removed":["Doubt"],"damage_healed":0.0,"max_hp_gain":0.0,"max_hp_loss":0.0,"gold_gain":0.0,"event_name":"Bonfire Elementals","player_choice":"Offered Curse","floor":14.0,"gold_loss":0.0,"damage_taken":0.0,"relics_obtained":["Spirit Poop"]}],"is_beta":false,"boss_relics":[{"not_picked":["Coffee Dripper","Ectoplasm","Snecko Eye"]}],"items_purged_floors":[],"is_endless":false,"potions_floor_spawned":[4,6,8,10,12,16],"ascension_level":0}}