{"host":"Ilker","time":1607717563,"event":{"mods":["BaseMod","Bestiary","Block Reminder","Colored Map","DeckTracker","Highlight Path","Minty Spire (QoL Compilation)","Quick Restart","Relic Sorter","Relic Stats"],"gold_per_floor":[109,120,139,158,177,177,212,212,212,245,257,257,271,299,299,378,378,398,263,263,278,278,278,309,309,309,309,309],"floor_reached":27,"playtime":1346,"items_purged":["Defend_R"],"score":556,"play_id":"0e55f41a-208c-4058-9a70-7474b3e27e34","local_time":"20201211231243","is_ascension_mode":true,"campfire_choices":[{"data":"Perfected Strike","floor":6.0,"key":"SMITH"},{"data":"Whirlwind","floor":8.0,"key":"SMITH"},{"floor":12.0,"key":"REST"},{"data":"True Grit","floor":15.0,"key":"SMITH"},{"data":"Dark Embrace","floor":23,"key":"SMITH"},{"floor":25,"key":"REST"}],"circlet_count":0,"master_deck":["AscendersBane","Strike_R+1","Strike_R+1","Strike_R+1","Strike_R+1","Strike_R+1","Defend_R+1","Bash","Spot Weakness","Shockwave","True Grit+1","Perfected Strike+1","Wild Strike","Whirlwind+1","Brutality","Shrug It Off","Feel No Pain","Dark Embrace+1","Berserk+1","Pummel+1","Bloodletting+1","Uppercut","Feel No Pain","Headbutt","Writhe","Rupture"],"relics":["Burning Blood","Smiling Mask","Blood Vial","Akabeko","Matryoshka","Astrolabe","PreservedInsect","Letter Opener","Omamori","Kunai"],"acts_visited":["Exordium","TheCity"],"potions_floor_usage":[24,27],"damage_taken":[{"damage":3.0,"enemies":"2 Louse","floor":1.0,"turns":4.0},{"damage":9.0,"enemies":"Small Slimes","floor":2.0,"turns":4.0},{"damage":4.0,"enemies":"Cultist","floor":3.0,"turns":4.0},{"damage":19.0,"enemies":"Large Slime","floor":4.0,"turns":6.0},{"damage":5.0,"enemies":"2 Fungi Beasts","floor":5.0,"turns":4.0},{"damage":29.0,"enemies":"Gremlin Nob","floor":7.0,"turns":4.0},{"damage":20.0,"enemies":"Lagavulin","floor":10.0,"turns":6.0},{"damage":0.0,"enemies":"Exordium Wildlife","floor":11.0,"turns":2.0},{"damage":4.0,"enemies":"Looter","floor":13.0,"turns":2.0},{"damage":0.0,"enemies":"3 Sentries","floor":14.0,"turns":1.0},{"damage":63.0,"enemies":"The Guardian","floor":16.0,"turns":13.0},{"damage":9.0,"enemies":"3 Byrds","floor":18.0,"turns":4.0},{"damage":21,"enemies":"Spheric Guardian","floor":21,"turns":4},{"damage":37,"enemies":"Slavers","floor":24,"turns":4},{"damage":68,"enemies":"Book of Stabbing","floor":27,"turns":4}],"seed_played":"1337090631004508882","potions_obtained":[{"floor":1.0,"key":"Ancient Potion"},{"floor":2.0,"key":"SteroidPotion"},{"floor":3.0,"key":"PowerPotion"},{"floor":13.0,"key":"BloodPotion"},{"floor":14.0,"key":"SteroidPotion"},{"floor":18.0,"key":"FearPotion"}],"is_trial":false,"path_per_floor":["M","M","M","M","M","R","E","R","T","E","M","R","M","E","R","B",null,"M","$","?","M","?","R","E","R","T","E"],"character_chosen":"IRONCLAD","items_purchased":["Feel No Pain"],"campfire_rested":2,"item_purchase_floors":[19],"current_hp_per_floor":[78,75,77,64,65,65,42,42,42,30,38,62,66,74,74,19,66,65,65,65,52,52,52,23,47,47,0,0],"gold":309,"neow_bonus":"TEN_PERCENT_HP_BONUS","is_daily":false,"chose_seed":false,"campfire_upgraded":4,"win_rate":0.0,"timestamp":1607717563,"path_taken":["M","M","M","M","M","R","E","R","T","E","M","R","M","E","R","BOSS","M","$","?","M","?","R","E","R","T","E"],"items_purchased_type":["Card"],"build_version":"2020-12-07","purchased_purges":1,"victory":false,"max_hp_per_floor":[82,82,82,82,82,82,82,82,82,82,82,82,82,82,82,82,82,82,82,82,82,82,82,82,82,82,82,82],"relic_stats":{"Blood Vial":18,"counters":[15,66],"Astrolabe":["Berserk","Pummel","Bloodletting"],"PreservedInsect":83,"Letter Opener":[0],"Kunai":[0],"Smiling Mask":25,"obtain_stats":[{"Blood Vial":9,"Matryoshka":14,"Astrolabe":17,"PreservedInsect":22,"Omamori":26,"Letter Opener":24,"Kunai":26,"Smiling Mask":7,"Burning Blood":0,"Akabeko":10},{"Blood Vial":6,"Matryoshka":10,"Astrolabe":11,"PreservedInsect":13,"Omamori":14,"Letter Opener":14,"Kunai":14,"Smiling Mask":6,"Burning Blood":0,"Akabeko":7},{"Blood Vial":26,"Matryoshka":37,"Astrolabe":50,"PreservedInsect":58,"Omamori":62,"Letter Opener":62,"Kunai":62,"Smiling Mask":26,"Burning Blood":0,"Akabeko":32}],"Burning Blood":84},"card_choices":[{"not_picked":["Infernal Blade","Shrug It Off"],"picked":"Spot Weakness","floor":1.0},{"not_picked":["Perfected Strike","Headbutt"],"picked":"Shockwave","floor":2.0},{"not_picked":["Havoc","Second Wind"],"picked":"True Grit","floor":3.0},{"not_picked":["Evolve","Searing Blow"],"picked":"Perfected Strike","floor":4.0},{"not_picked":["Ghostly Armor","Burning Pact"],"picked":"Wild Strike","floor":5.0},{"not_picked":["Pommel Strike","Armaments"],"picked":"Whirlwind","floor":7.0},{"not_picked":["Havoc","Anger"],"picked":"Brutality","floor":10.0},{"not_picked":["Sever Soul","Cleave"],"picked":"Shrug It Off","floor":11.0},{"not_picked":["Inflame","Seeing Red"],"picked":"Feel No Pain","floor":13.0},{"not_picked":["Intimidate","Wild Strike"],"picked":"Dark Embrace","floor":14.0},{"not_picked":["Exhume","Offering"],"picked":"Bludgeon","floor":16.0},{"not_picked":["True Grit","Evolve"],"picked":"Uppercut","floor":18.0},{"not_picked":["Uppercut+1","Shrug It Off"],"picked":"Headbutt","floor":21},{"not_picked":["Bloodletting","Feed"],"picked":"Rupture","floor":24}],"player_experience":1625739,"relics_obtained":[{"floor":7.0,"key":"Smiling Mask"},{"floor":9.0,"key":"Blood Vial"},{"floor":10.0,"key":"Akabeko"},{"floor":14.0,"key":"Matryoshka"},{"floor":24,"key":"Letter Opener"},{"floor":26,"key":"Omamori"},{"floor":26,"key":"Kunai"}],"event_choices":[{"damage_healed":0.0,"max_hp_gain":0.0,"max_hp_loss":0.0,"gold_gain":0.0,"event_name":"Back to Basics","player_choice":"Simplicity","floor":20.0,"gold_loss":0.0,"damage_taken":0.0,"cards_upgraded":["Strike_R","Strike_R","Strike_R","Strike_R","Strike_R","Defend_R"]},{"damage_healed":0,"gold_gain":0,"player_choice":"Opened","damage_taken":0,"relics_obtained":["PreservedInsect"],"max_hp_gain":0,"max_hp_loss":0,"event_name":"The Mausoleum","floor":22,"gold_loss":0,"cards_obtained":["Writhe"]}],"is_beta":true,"boss_relics":[{"not_picked":["Empty Cage","Black Blood"],"picked":"Astrolabe"}],"items_purged_floors":[19],"is_endless":false,"potions_floor_spawned":[1,2,3,13,14,18,21],"killed_by":"Book of Stabbing","ascension_level":20}}