{"host":"p7j7o00jacnw7qzt","time":1607712614,"event":{"mods":["BaseMod","Colored Map","Colored Powertips","DeckTracker","Highlight Path","Minty Spire (QoL Compilation)","Relic Stats"],"gold_per_floor":[112,132,132,150,150,178,190,190,190,202,220,220,94,108,108,182,182,198,123,138,0,19,45,45,45,45],"floor_reached":25,"playtime":1652,"items_purged":["Strike_R"],"score":500,"play_id":"b36278f5-f4c8-4808-8904-39f80c214a5a","local_time":"20201211135014","is_ascension_mode":true,"campfire_choices":[{"data":"Dark Embrace","floor":12.0,"key":"SMITH"},{"data":"Second Wind","floor":15.0,"key":"SMITH"},{"data":"Entrench","floor":24.0,"key":"SMITH"}],"circlet_count":0,"master_deck":["AscendersBane","Strike_R","Strike_R","Defend_R","Defend_R","Defend_R","Defend_R","Bash","Feel No Pain","Body Slam+1","Sever Soul","Dark Embrace+1","Barricade","True Grit","Feel No Pain","Burning Pact","Shrug It Off","Second Wind+1","Feed","Entrench+1","Second Wind+1","Power Through"],"relics":["Burning Blood","NeowsBlessing","Lizard Tail","Bottled Tornado","Meat on the Bone","Coffee Dripper","Ornamental Fan"],"acts_visited":["Exordium","TheCity"],"potions_floor_usage":[25],"damage_taken":[{"damage":0.0,"enemies":"Small Slimes","floor":1.0,"turns":1.0},{"damage":0.0,"enemies":"Cultist","floor":2.0,"turns":1.0},{"damage":0.0,"enemies":"Jaw Worm","floor":4.0,"turns":1.0},{"damage":31.0,"enemies":"Lagavulin","floor":6.0,"turns":7.0},{"damage":44.0,"enemies":"Gremlin Gang","floor":7.0,"turns":5.0},{"damage":56.0,"enemies":"Exordium Thugs","floor":10.0,"turns":7.0},{"damage":7.0,"enemies":"Looter","floor":11.0,"turns":5.0},{"damage":21.0,"enemies":"Blue Slaver","floor":14.0,"turns":4.0},{"damage":37.0,"enemies":"The Guardian","floor":16.0,"turns":10.0},{"damage":4.0,"enemies":"Chosen","floor":18.0,"turns":8.0},{"damage":37.0,"enemies":"3 Byrds","floor":20.0,"turns":6.0},{"damage":0.0,"enemies":"Sentry and Sphere","floor":22.0,"turns":9.0},{"damage":32.0,"enemies":"Gremlin Leader","floor":23.0,"turns":8.0},{"damage":39,"enemies":"Slavers","floor":25,"turns":4}],"seed_played":"-6165042291437028325","potions_obtained":[{"floor":1.0,"key":"Block Potion"},{"floor":2.0,"key":"FairyPotion"},{"floor":6.0,"key":"ElixirPotion"},{"floor":16.0,"key":"SteroidPotion"},{"floor":22.0,"key":"SkillPotion"}],"is_trial":false,"path_per_floor":["M","M","?","M","?","E","M","?","T","M","M","R","$","M","R","B",null,"M","?","M","?","M","E","R","E"],"character_chosen":"IRONCLAD","items_purchased":["Shrug It Off"],"campfire_rested":0,"item_purchase_floors":[13],"current_hp_per_floor":[74,75,75,75,75,50,12,12,12,55,54,54,54,51,51,32,64,69,69,53,53,62,51,51,12,12],"gold":45,"neow_bonus":"THREE_ENEMY_KILL","is_daily":false,"chose_seed":false,"campfire_upgraded":3,"win_rate":0.0,"timestamp":1607712614,"path_taken":["M","M","?","?","?","E","?","?","T","M","?","R","?","M","R","BOSS","M","?","M","?","M","E","R","E"],"items_purchased_type":["Card"],"build_version":"2020-11-30","purchased_purges":1,"victory":false,"max_hp_per_floor":[75,75,75,75,75,75,75,75,75,75,75,75,75,75,75,75,75,78,78,81,81,84,87,87,87,87],"relic_stats":{"Lizard Tail":37,"counters":[14,76],"Ornamental Fan":[4],"obtain_stats":[{"Lizard Tail":3,"NeowsBlessing":0,"Ornamental Fan":23,"Coffee Dripper":17,"Bottled Tornado":6,"Burning Blood":0,"Meat on the Bone":9},{"Lizard Tail":2,"NeowsBlessing":0,"Ornamental Fan":13,"Coffee Dripper":9,"Bottled Tornado":4,"Burning Blood":0,"Meat on the Bone":5},{"Lizard Tail":2,"NeowsBlessing":0,"Ornamental Fan":72,"Coffee Dripper":41,"Bottled Tornado":10,"Burning Blood":0,"Meat on the Bone":15}],"Burning Blood":67,"Meat on the Bone":60},"card_choices":[{"not_picked":["Clash","Dropkick"],"picked":"Feel No Pain","floor":1.0},{"not_picked":["Spot Weakness","Infernal Blade"],"picked":"Body Slam","floor":2.0},{"not_picked":["Pummel","Uppercut"],"picked":"Sever Soul","floor":4.0},{"not_picked":["Armaments","Immolate"],"picked":"Barricade","floor":6.0},{"not_picked":["Perfected Strike","Flame Barrier"],"picked":"True Grit","floor":7.0},{"not_picked":["Iron Wave","Metallicize"],"picked":"Feel No Pain","floor":10.0},{"not_picked":["Seeing Red","Warcry"],"picked":"Burning Pact","floor":11.0},{"not_picked":["Dark Embrace","Pummel"],"picked":"Second Wind","floor":14.0},{"not_picked":["Double Tap","Berserk"],"picked":"Feed","floor":16.0},{"not_picked":["Clothesline","Havoc+1","Pommel Strike"],"picked":"SKIP","floor":18.0},{"not_picked":["Searing Blow","Body Slam"],"picked":"Entrench","floor":20.0},{"not_picked":["Fire Breathing","Clash"],"picked":"Second Wind+1","floor":22.0},{"not_picked":["Brutality","Clothesline"],"picked":"Power Through","floor":23.0}],"player_experience":775000,"relics_obtained":[{"floor":6.0,"key":"Bottled Tornado"},{"floor":9.0,"key":"Meat on the Bone"},{"floor":23.0,"key":"Ornamental Fan"}],"event_choices":[{"damage_healed":0.0,"max_hp_gain":0.0,"max_hp_loss":0.0,"gold_gain":0.0,"event_name":"WeMeetAgain","player_choice":"Gave Potion","floor":3.0,"gold_loss":0.0,"damage_taken":0.0,"relics_obtained":["Lizard Tail"]},{"damage_healed":0.0,"max_hp_gain":0.0,"max_hp_loss":0.0,"gold_gain":0.0,"cards_transformed":["Strike_R"],"event_name":"Transmorgrifier","player_choice":"Transformed","floor":5.0,"gold_loss":0.0,"damage_taken":0.0,"cards_obtained":["Dark Embrace"]},{"damage_healed":0.0,"max_hp_gain":0.0,"max_hp_loss":0.0,"gold_gain":0.0,"event_name":"Accursed Blacksmith","player_choice":"Forge","floor":8.0,"gold_loss":0.0,"damage_taken":0.0,"cards_upgraded":["Body Slam"]},{"cards_removed":["Strike_R"],"damage_healed":0.0,"max_hp_gain":0.0,"max_hp_loss":0.0,"gold_gain":0.0,"event_name":"Beggar","player_choice":"Gave Gold","floor":19.0,"gold_loss":75.0,"damage_taken":0.0},{"damage_healed":0.0,"max_hp_gain":0.0,"max_hp_loss":0.0,"gold_gain":0.0,"event_name":"Masked Bandits","player_choice":"Paid Fearfully","floor":21.0,"gold_loss":138.0,"damage_taken":0.0}],"is_beta":false,"boss_relics":[{"not_picked":["Snecko Eye","Ectoplasm"],"picked":"Coffee Dripper"}],"items_purged_floors":[13],"is_endless":false,"potions_floor_spawned":[1,2,6,16,22],"killed_by":"Slavers","ascension_level":20}}