{"host":"9vk21r6l9dtkpvh9","time":1607696500,"event":{"mods":["2.2 Compatiblity","AchievementEnabler","Act Like it!","Astrologer","Bartender","BaseMod","Better Altar","Better Match","Better Note","Better Sensory Stone","Better Skull","Better Third Choice","CapriCore","CatGirl Mod","Colored Map","Colored Powertips","Conspire","DeckTracker","Downfall","Energized Spire","Fiend Mod","Gensokyo","GifTheSpireLib","Hermit","Hubris","Infinite Spire","Jorbs\u0027s Wanderer Trilogy","Koishi","Luminous","Mad Scientist","Marisa????????","Mimic Mod","Minty Spire (QoL Compilation)","Potionbrewer","Rare Cards Sparkle","Relic Stats","Replay The Spire","SOS???????","Shade Mod","Somnambulant","Spicy Shops","StSLib","SuperFastMode","Td1madao Mod","The Animator","The Construct","The Forsaken","The Gatherer","The Hierophant","The Immortal","The Jungle","The Mystic","The Necromancer","The Runesmith","The Senshi","The Servant 0.9.4","The Trickster","The Valiant","The Wild Card","TheBandit","TheSwordswoman","TheWitcher","vexMod","???Mod??????Boss"],"gold_per_floor":[115,125,125,125,141,175,185,185,224,224,259,259,17,17,17,120,120,120,120],"floor_reached":18,"playtime":1204,"items_purged":[],"score":168,"play_id":"1cf6f574-3a82-45d9-bcea-a98d02a28cd7","local_time":"20201211092140","is_ascension_mode":false,"campfire_choices":[{"data":"somnambulantmod: QuickNap","floor":8,"key":"SMITH"},{"data":"somnambulantmod: Overshare","floor":10,"key":"SMITH"},{"data":"somnambulantmod: Sleepyhead","floor":12,"key":"SMITH"}],"circlet_count":0,"master_deck":["somnambulantmod: SomnambulantStrike","somnambulantmod: SomnambulantStrike","somnambulantmod: SomnambulantStrike","somnambulantmod: SomnambulantStrike","somnambulantmod: SomnambulantStrike","somnambulantmod: Defend_Somnambulant","somnambulantmod: Defend_Somnambulant","somnambulantmod: Defend_Somnambulant","somnambulantmod: Defend_Somnambulant","somnambulantmod: Defend_Somnambulant","somnambulantmod: QuickNap+1","somnambulantmod: PrimingPunch","somnambulantmod: HeavyLids","somnambulantmod: SickeningSwathe","Decay","somnambulantmod: Reject","somnambulantmod: SnuggleUp+1","somnambulantmod: LightSleeper","somnambulantmod: Overshare+1","somnambulantmod: Sleepyhead+1","Replay:SS_hec_2","somnambulantmod: Refracture","Voices","Writhe","Overencumbered"],"relics":["Burning Blood","infinitespire:Cubic Diamond","Snack Pack","Cleaning_Rag","somnambulantmod: MemoryHouse","hubris:GlazedTorus","Replay:Ancient Bell","MealTicket","hubris:MobiusCoin","vexMod:HeadHunter"],"acts_visited":["Exordium","TheCity"],"potions_floor_usage":[6,18],"damage_taken":[{"damage":1,"enemies":"Jaw Worm","floor":1,"turns":3},{"damage":0,"enemies":"2 Louse","floor":2,"turns":5},{"damage":2,"enemies":"Cultist","floor":5,"turns":4},{"damage":34,"enemies":"Gremlin Nob","floor":6,"turns":4},{"damage":9,"enemies":"Looter","floor":7,"turns":5},{"damage":7,"enemies":"Red Slaver","floor":9,"turns":7},{"damage":18,"enemies":"Lagavulin","floor":11,"turns":8},{"damage":30,"enemies":"The Guardian","floor":16,"turns":8},{"damage":10,"enemies":"conspire:FuzzyDice","floor":18,"turns":3}],"seed_played":"3696922108927067214","potions_obtained":[{"floor":5,"key":"Slimebound:ThreeZeroPotion"},{"floor":11,"key":"sneckomod:MuddlingPotion"},{"floor":16,"key":"ColorlessPotion"}],"is_trial":false,"path_per_floor":["M","M","?","?","M","E","M","R","MIM","R","E","R","$","?","R_BF","B",null,"M"],"character_chosen":"THE_SOMNAMBULANT","items_purchased":["Replay:SS_hec_2","hubris:GlazedTorus"],"campfire_rested":0,"item_purchase_floors":[13,13],"current_hp_per_floor":[76,76,76,76,77,49,48,48,47,47,41,41,41,41,64,40,77,67,67],"gold":120,"neow_bonus":"TEN_PERCENT_HP_BONUS","is_daily":false,"chose_seed":false,"campfire_upgraded":3,"win_rate":0.0,"timestamp":1607696500,"path_taken":["M","M","?","?","M","E","?","R","MIM","R","E","R","?","?","R_BF","BOSS","M"],"items_purchased_type":["Card","Relic"],"build_version":"2020-11-30","purchased_purges":0,"victory":false,"max_hp_per_floor":[77,77,77,77,77,77,77,77,77,77,77,77,77,77,77,77,77,77,77],"relic_stats":{"counters":[9,47],"MealTicket":0,"obtain_stats":[{"hubris:MobiusCoin":17,"somnambulantmod: MemoryHouse":11,"vexMod:HeadHunter":17,"somnambulantmod: DreamJournal":0,"MealTicket":17,"infinitespire:Cubic Diamond":3,"Snack Pack":6,"Replay:Ancient Bell":17,"Burning Blood":3,"Cleaning_Rag":9,"hubris:GlazedTorus":13},{"hubris:MobiusCoin":8,"somnambulantmod: MemoryHouse":7,"vexMod:HeadHunter":8,"somnambulantmod: DreamJournal":0,"MealTicket":8,"infinitespire:Cubic Diamond":2,"Snack Pack":4,"Replay:Ancient Bell":8,"Burning Blood":2,"Cleaning_Rag":6,"hubris:GlazedTorus":7},{"hubris:MobiusCoin":44,"somnambulantmod: MemoryHouse":36,"vexMod:HeadHunter":44,"somnambulantmod: DreamJournal":0,"MealTicket":44,"infinitespire:Cubic Diamond":8,"Snack Pack":16,"Replay:Ancient Bell":44,"Burning Blood":8,"Cleaning_Rag":28,"hubris:GlazedTorus":36}],"Burning Blood":33},"card_choices":[{"not_picked":["somnambulantmod: HeadSmack","somnambulantmod: Cower"],"picked":"somnambulantmod: HeavyLids","floor":1},{"not_picked":["somnambulantmod: MindWave","somnambulantmod: Remember"],"picked":"somnambulantmod: SickeningSwathe","floor":2},{"not_picked":["somnambulantmod: BadIdea","somnambulantmod: Wake"],"picked":"somnambulantmod: Reject","floor":5},{"not_picked":["somnambulantmod: PillowFort","somnambulantmod: RecurringDream"],"picked":"somnambulantmod: SnuggleUp","floor":6},{"not_picked":["somnambulantmod: ViralIdea","somnambulantmod: DeeperSleep"],"picked":"somnambulantmod: LightSleeper","floor":7},{"not_picked":["somnambulantmod: RecurringDream","somnambulantmod: Reject"],"picked":"somnambulantmod: Overshare","floor":9},{"not_picked":["somnambulantmod: Bruise","somnambulantmod: HeavyLids"],"picked":"somnambulantmod: Sleepyhead","floor":11},{"not_picked":["somnambulantmod: RuthlessStudy","somnambulantmod: NewDawn"],"picked":"somnambulantmod: Refracture","floor":16},{"not_picked":["Replay:Hysterical Blindness","Gensokyo:AllTheWorldsEvil"],"picked":"Voices","floor":17},{"not_picked":["ReplayTheSpireMod:Doomed","hubris:Compulsion"],"picked":"Writhe","floor":17},{"not_picked":["hubris:Envy","Decay"],"picked":"Overencumbered","floor":17}],"player_experience":560902,"relics_obtained":[{"floor":6,"key":"Snack Pack"},{"floor":9,"key":"Cleaning_Rag"},{"floor":11,"key":"somnambulantmod: MemoryHouse"}],"event_choices":[{"damage_healed":0,"gold_gain":0,"player_choice":"Cursed","damage_taken":0,"max_hp_gain":0,"max_hp_loss":0,"event_name":"Wheel of Change","floor":4,"gold_loss":0,"cards_obtained":["Decay"]},{"damage_healed":0,"gold_gain":0,"player_choice":"Leave","damage_taken":0,"max_hp_gain":0,"max_hp_loss":0,"event_name":"conspire:Investor","floor":14,"gold_loss":0}],"is_beta":false,"boss_relics":[{"not_picked":["infinitespire:Cupcake","hubris:GrandSneckoEye"],"picked":"Replay:Ancient Bell"},{"not_picked":["Ancient Tea Set","ReplayTheSpireMod:Lightbulb"],"picked":"MealTicket"},{"not_picked":["Replay:Bottled Snecko","Darkstone Periapt"],"picked":"hubris:MobiusCoin"},{"not_picked":["infinitespire:Lychee Nut","StoneCalendar"],"picked":"vexMod:HeadHunter"}],"items_purged_floors":[],"is_endless":false,"potions_floor_spawned":[5,11,16],"killed_by":"conspire:FuzzyDice","ascension_level":0}}