{"host":"utqe55yv0jihe4d6","time":1607659203,"event":{"mods":["2.2 Compatiblity","AchievementEnabler","BaseMod","Block Reminder","Colored Map","Colored Powertips","Minty Spire (QoL Compilation)","Quick Restart","Rare Cards Sparkle","Relic Stats","SuperFastMode"],"gold_per_floor":[111,36,36,47,66,66,86,115,115,115,40,56,82,93,93,168,168,182,182,182,82,95,95,95,105,131,6,32,44,73,92,92,164,164,176,187,187,202,247,247,275,275,275,286,312,312,339,364,364,364,364,364,364,90,117,117],"floor_reached":57,"playtime":2282,"items_purged":["Strike_R","Writhe","Regret"],"score":2805,"play_id":"861715e4-86f7-4323-ad3f-789f98f224cc","local_time":"20201210230003","is_ascension_mode":true,"campfire_choices":[{"data":"Bash","floor":6.0,"key":"SMITH"},{"data":"Demon Form","floor":15.0,"key":"SMITH"},{"data":"Heavy Blade","floor":24.0,"key":"SMITH"},{"data":"Disarm","floor":32.0,"key":"SMITH"},{"data":"True Grit","floor":40.0,"key":"SMITH"},{"data":"Shockwave","floor":42.0,"key":"SMITH"},{"floor":49,"key":"RECALL"},{"data":"Disarm","floor":53,"key":"SMITH"}],"circlet_count":0,"master_deck":["AscendersBane","Strike_R","Strike_R","Strike_R","Defend_R","Defend_R","Defend_R","Defend_R","Bash+1","Headbutt","Sword Boomerang","True Grit+1","Demon Form+1","Pummel","Immolate","Shrug It Off","Reaper","Heavy Blade+1","Disarm+1","Disarm+1","Feel No Pain+1","Shockwave+1","Corruption","Second Wind","Dual Wield+1","Juggernaut","Metallicize+1"],"relics":["Burning Blood","Strawberry","MealTicket","Self Forming Clay","Darkstone Periapt","Cursed Key","StrikeDummy","Matryoshka","Omamori","Snecko Eye","Lizard Tail","Bronze Scales","Letter Opener","Meat on the Bone","Anchor","Shuriken","Turnip","Bottled Tornado","Red Skull"],"acts_visited":["Exordium","TheCity","TheBeyond","TheEnding"],"potions_floor_usage":[55,56],"damage_taken":[{"damage":1.0,"enemies":"Cultist","floor":1.0,"turns":3.0},{"damage":12.0,"enemies":"Jaw Worm","floor":4.0,"turns":3.0},{"damage":4.0,"enemies":"2 Louse","floor":5.0,"turns":3.0},{"damage":16.0,"enemies":"Looter","floor":7.0,"turns":4.0},{"damage":63.0,"enemies":"Lagavulin","floor":8.0,"turns":8.0},{"damage":3.0,"enemies":"Exordium Wildlife","floor":12.0,"turns":4.0},{"damage":8.0,"enemies":"Gremlin Nob","floor":13.0,"turns":3.0},{"damage":21.0,"enemies":"Exordium Thugs","floor":14.0,"turns":7.0},{"damage":12.0,"enemies":"Hexaghost","floor":16.0,"turns":6.0},{"damage":14.0,"enemies":"2 Thieves","floor":18.0,"turns":2.0},{"damage":17.0,"enemies":"Spheric Guardian","floor":22.0,"turns":5.0},{"damage":11.0,"enemies":"Chosen and Byrds","floor":25.0,"turns":4.0},{"damage":62.0,"enemies":"Slavers","floor":28.0,"turns":7.0},{"damage":11.0,"enemies":"3 Cultists","floor":29.0,"turns":4.0},{"damage":21.0,"enemies":"Book of Stabbing","floor":30.0,"turns":6.0},{"damage":10.0,"enemies":"Cultist and Chosen","floor":31.0,"turns":5.0},{"damage":30.0,"enemies":"Champ","floor":33.0,"turns":12.0},{"damage":60.0,"enemies":"3 Shapes","floor":35.0,"turns":9.0},{"damage":14.0,"enemies":"3 Darklings","floor":36.0,"turns":6.0},{"damage":41.0,"enemies":"Sphere and 2 Shapes","floor":38.0,"turns":6.0},{"damage":53.0,"enemies":"2 Orb Walkers","floor":39.0,"turns":6.0},{"damage":15.0,"enemies":"Giant Head","floor":41.0,"turns":6.0},{"damage":10,"enemies":"4 Shapes","floor":44,"turns":9},{"damage":52,"enemies":"Nemesis","floor":45,"turns":11},{"damage":36,"enemies":"Giant Head","floor":47,"turns":6},{"damage":19,"enemies":"Mind Bloom Boss Battle","floor":48,"turns":8},{"damage":76,"enemies":"Time Eater","floor":50,"turns":11},{"damage":59,"enemies":"Awakened One","floor":51,"turns":7},{"damage":35,"enemies":"Shield and Spear","floor":55,"turns":6},{"damage":73,"enemies":"The Heart","floor":56,"turns":8}],"seed_played":"-2641027050999794290","potions_obtained":[{"floor":4.0,"key":"PowerPotion"},{"floor":5.0,"key":"BloodPotion"},{"floor":7.0,"key":"ColorlessPotion"},{"floor":12.0,"key":"SteroidPotion"},{"floor":28.0,"key":"EntropicBrew"},{"floor":29.0,"key":"LiquidBronze"},{"floor":33.0,"key":"Energy Potion"},{"floor":36.0,"key":"Block Potion"},{"floor":39.0,"key":"DistilledChaos"},{"floor":41.0,"key":"Swift Potion"}],"is_trial":false,"path_per_floor":["M","?","$","M","M","R","M","E","T","T","$","M","E","M","R","B",null,"M","?","?","$","M","$","R","M","T","$","E","M","E","M","R","B",null,"M","M","?","M","?","R","E","R","T","M","E","?","E","?","R","B","B",null,"R","$","E","B",null],"character_chosen":"IRONCLAD","items_purchased":["Bottled Tornado"],"campfire_rested":0,"item_purchase_floors":[54],"current_hp_per_floor":[80,80,80,74,76,76,82,32,32,32,47,50,48,33,33,27,74,66,66,72,87,76,91,91,95,101,101,59,62,47,57,57,33,84,70,101,101,71,44,44,74,74,74,95,72,72,71,101,101,101,101,101,101,101,84,40],"gold":117,"neow_bonus":"TEN_PERCENT_HP_BONUS","is_daily":false,"chose_seed":false,"campfire_upgraded":7,"win_rate":0.0,"timestamp":1607659203,"path_taken":["M","?","?","M","M","R","M","E","T","?","$","M","E","M","R","BOSS","M","?","?","$","M","?","R","M","T","$","E","?","E","M","R","BOSS","M","M","?","?","?","R","E","R","T","M","E","?","E","?","R","BOSS","BOSS","R","$","E","BOSS"],"items_purchased_type":["Relic"],"build_version":"2020-11-30","purchased_purges":3,"victory":true,"max_hp_per_floor":[82,82,82,82,82,82,82,89,89,89,89,89,89,89,89,89,89,89,89,95,95,95,95,95,95,101,101,101,101,101,101,101,101,101,101,101,101,101,101,101,101,101,101,101,101,101,101,101,101,101,101,101,101,101,101,101],"relic_stats":{"Darkstone Periapt":12,"counters":[30,185],"Self Forming Clay":[309],"Letter Opener":[86],"Cursed Key":2,"Burning Blood":151,"Lizard Tail":0,"Shuriken":[8],"Bronze Scales":[281],"Snecko Eye":[143,173,143,169],"MealTicket":45,"Turnip":[5],"obtain_stats":[{"Darkstone Periapt":13,"Self Forming Clay":10,"Omamori":30,"Letter Opener":43,"Bottled Tornado":54,"Cursed Key":17,"Burning Blood":0,"Lizard Tail":39,"Anchor":45,"Matryoshka":28,"Shuriken":47,"Strawberry":8,"Bronze Scales":41,"Snecko Eye":34,"MealTicket":9,"Turnip":48,"StrikeDummy":20,"Red Skull":55,"Meat on the Bone":43},{"Darkstone Periapt":7,"Self Forming Clay":5,"Omamori":15,"Letter Opener":22,"Bottled Tornado":28,"Cursed Key":9,"Burning Blood":0,"Lizard Tail":21,"Anchor":24,"Matryoshka":13,"Shuriken":25,"Strawberry":5,"Bronze Scales":22,"Snecko Eye":17,"MealTicket":5,"Turnip":26,"StrikeDummy":10,"Red Skull":29,"Meat on the Bone":22},{"Darkstone Periapt":28,"Self Forming Clay":21,"Omamori":69,"Letter Opener":119,"Bottled Tornado":171,"Cursed Key":41,"Burning Blood":0,"Lizard Tail":113,"Anchor":139,"Matryoshka":59,"Shuriken":145,"Strawberry":21,"Bronze Scales":119,"Snecko Eye":86,"MealTicket":21,"Turnip":153,"StrikeDummy":43,"Red Skull":177,"Meat on the Bone":119}],"Meat on the Bone":12},"card_choices":[{"not_picked":["Wild Strike","Body Slam"],"picked":"Headbutt","floor":1.0},{"not_picked":["Intimidate","Headbutt"],"picked":"Sword Boomerang","floor":4.0},{"not_picked":["Sword Boomerang","Searing Blow","Armaments"],"picked":"SKIP","floor":5.0},{"not_picked":["Sever Soul","Ghostly Armor"],"picked":"True Grit","floor":7.0},{"not_picked":["Havoc","Wild Strike"],"picked":"Demon Form","floor":8.0},{"not_picked":["Infernal Blade","Headbutt"],"picked":"Pummel","floor":12.0},{"not_picked":["Blood for Blood","Twin Strike"],"picked":"Immolate","floor":13.0},{"not_picked":["Body Slam","Anger"],"picked":"Shrug It Off","floor":14.0},{"not_picked":["Offering","Impervious"],"picked":"Reaper","floor":16.0},{"not_picked":["Carnage","Twin Strike","Headbutt"],"picked":"SKIP","floor":18.0},{"not_picked":["Cleave","Wild Strike","True Grit"],"picked":"SKIP","floor":22.0},{"not_picked":["Pommel Strike","Shockwave"],"picked":"Disarm","floor":25.0},{"not_picked":["Spot Weakness","Uppercut"],"picked":"Disarm","floor":28.0},{"not_picked":["Shockwave","Second Wind"],"picked":"Feel No Pain","floor":29.0},{"not_picked":["Fire Breathing","Warcry"],"picked":"Shockwave","floor":30.0},{"not_picked":["Metallicize","Headbutt","Iron Wave"],"picked":"SKIP","floor":31.0},{"not_picked":["Bludgeon","Exhume"],"picked":"Corruption","floor":33.0},{"not_picked":["Ghostly Armor","Headbutt","Flex"],"picked":"SKIP","floor":35.0},{"not_picked":["True Grit","Hemokinesis+1"],"picked":"Second Wind","floor":36.0},{"not_picked":["Body Slam","Carnage","Warcry"],"picked":"SKIP","floor":38.0},{"not_picked":["Reckless Charge","Iron Wave+1"],"picked":"Dual Wield+1","floor":41.0},{"not_picked":["Anger+1","Hemokinesis","Infernal Blade+1"],"picked":"SKIP","floor":44},{"not_picked":["Wild Strike+1","Hemokinesis"],"picked":"Juggernaut","floor":45},{"not_picked":["Pommel Strike","Second Wind","Iron Wave+1"],"picked":"SKIP","floor":47},{"not_picked":["Ghostly Armor","Pommel Strike"],"picked":"Metallicize+1","floor":55}],"player_experience":2732572,"relics_obtained":[{"floor":8.0,"key":"Strawberry"},{"floor":9.0,"key":"MealTicket"},{"floor":10.0,"key":"Self Forming Clay"},{"floor":13.0,"key":"Darkstone Periapt"},{"floor":28.0,"key":"Matryoshka"},{"floor":30.0,"key":"Omamori"},{"floor":39.0,"key":"Lizard Tail"},{"floor":41.0,"key":"Bronze Scales"},{"floor":43.0,"key":"Letter Opener"},{"floor":43.0,"key":"Meat on the Bone"},{"floor":45,"key":"Anchor"},{"floor":47,"key":"Shuriken"},{"floor":48,"key":"Turnip"},{"floor":55,"key":"Red Skull"}],"event_choices":[{"cards_removed":["Strike_R"],"damage_healed":0.0,"max_hp_gain":0.0,"max_hp_loss":0.0,"gold_gain":0.0,"event_name":"The Cleric","player_choice":"Card Removal","floor":2.0,"gold_loss":75.0,"damage_taken":0.0},{"damage_healed":0.0,"max_hp_gain":0.0,"max_hp_loss":0.0,"gold_gain":0.0,"event_name":"The Library","player_choice":"Read","floor":19.0,"gold_loss":0.0,"damage_taken":0.0,"cards_obtained":["Heavy Blade"]},{"damage_healed":0.0,"max_hp_gain":0.0,"max_hp_loss":0.0,"gold_gain":0.0,"event_name":"The Mausoleum","player_choice":"Opened","floor":20.0,"gold_loss":0.0,"damage_taken":0.0,"relics_obtained":["StrikeDummy"],"cards_obtained":["Writhe"]},{"damage_healed":0.0,"max_hp_gain":0.0,"max_hp_loss":0.0,"gold_gain":0.0,"event_name":"Upgrade Shrine","player_choice":"Upgraded","floor":37.0,"gold_loss":0.0,"damage_taken":0.0,"cards_upgraded":["Feel No Pain"]},{"damage_healed":0.0,"max_hp_gain":0.0,"max_hp_loss":0.0,"gold_gain":0.0,"event_name":"Mysterious Sphere","player_choice":"Fight","floor":39.0,"gold_loss":0.0,"damage_taken":0.0},{"damage_healed":0,"gold_gain":0,"player_choice":"Ignored","damage_taken":0,"max_hp_gain":0,"max_hp_loss":0,"event_name":"Tomb of Lord Red Mask","floor":46,"gold_loss":0},{"damage_healed":0,"gold_gain":0,"player_choice":"Fight","damage_taken":0,"max_hp_gain":0,"max_hp_loss":0,"event_name":"MindBloom","floor":48,"gold_loss":0}],"is_beta":false,"boss_relics":[{"not_picked":["Velvet Choker","Runic Cube"],"picked":"Cursed Key"},{"not_picked":["Mark of Pain","Runic Pyramid"],"picked":"Snecko Eye"}],"items_purged_floors":[11,21,27],"is_endless":false,"potions_floor_spawned":[4,5,7,12,28,29,33,36,39,41],"ascension_level":20}}