{"host":"zkqorkqsr6o67e8b","time":1607652030,"event":{"mods":["BaseMod","Better Vampires","Minty Spire (QoL Compilation)","Quick Restart","StSLib","The Alterego","Waifu the Spire","【功能Mod】精心准备","【遗物卡牌】REMEMod","老伊莉雅"],"gold_per_floor":[119,119,119,194,205,205,217,252,252,263,288,306,316,241,241,346,346,356,372,372,272,288,288,321,321,321,356,71,85,85,485,485,580,580,595,151,151,151,1,1,30,49,49,94,149,149,149,163,163,163,163,163,11,11],"floor_reached":53,"playtime":3064,"items_purged":["PrismaMod:IllyaCommonDefend","PrismaMod:IllyaCommonDefend","PrismaMod:IllyaCommonAttack","PrismaMod:IllyaCommonAttack"],"score":838,"play_id":"67939901-102e-45ce-a8a3-253167e1416e","local_time":"20201211100030","is_ascension_mode":false,"campfire_choices":[{"data":"PrismaMod:IllyaUberChannel","floor":6,"key":"SMITH"},{"data":"PrismaMod:IllyaUncommonDefend","floor":15,"key":"SMITH"},{"data":"PrismaMod:IllyaUncommonDefend","floor":23,"key":"SMITH"},{"data":"PrismaMod:IllyaUberPoisonChannel","floor":25,"key":"SMITH"},{"floor":32,"key":"RECALL"},{"data":"PrismaMod:IllyaCarnivalPrismaAstolfo","floor":40,"key":"SMITH"},{"data":"PrismaMod:IllyaUberPoisonChannel","floor":47,"key":"SMITH"},{"data":"PrismaMod:IllyaGrail","floor":49,"key":"SMITH"},{"data":"PrismaMod:IllyaRubysPotion","floor":52,"key":"SMITH"}],"circlet_count":0,"master_deck":["PrismaMod:IllyaCommonDefend","PrismaMod:IllyaCommonAttack+1","PrismaMod:IllyaCommonDefend","PrismaMod:IllyaCommonAttack","PrismaMod:IllyaCommonAttack+1","PrismaMod:IllyaCommonDefend","PrismaMod:IllyaUncommonAttack","PrismaMod:IllyaUncommonDefend+1","PrismaMod:IllyaInstallRuler","PrismaMod:IllyaUberChannel+1","PrismaMod:IllyaUncommonDefend+1","PrismaMod:IllyaRubysPotion+1","PrismaMod:IllyaUberPoisonChannel+1","PrismaMod:IllyaCarnivalPrismaAstolfo+1","PrismaMod:IllyaGrail+1","PrismaMod:IllyaPoisonBlock+1","PrismaMod:IllyaSaphire+1","PrismaMod:IllyaUberPoisonChannel+1","PrismaMod:IllyaPoisonBlock+1"],"relics":["PrismaMod:PrismaRuby","REME_ComplimentaryCards","NeowsBlessing","Bird Faced Urn","Gremlin Horn","Black Star","REME_HourglassOfDeath","Thread and Needle","HornCleat","Lantern","Bronze Scales","Gambling Chip","Old Coin","Sundial","Runic Dome","Singing Bowl","Du-Vu Doll","Oddly Smooth Stone","Meat on the Bone","Shuriken","Blood Vial","Juzu Bracelet","Chemical X"],"acts_visited":["Exordium","TheCity","TheBeyond","TheEnding"],"potions_floor_usage":[16,18,50,50],"damage_taken":[{"damage":0,"enemies":"Jaw Worm","floor":1,"turns":1},{"damage":0,"enemies":"Small Slimes","floor":5,"turns":1},{"damage":0,"enemies":"Cultist","floor":7,"turns":1},{"damage":6,"enemies":"Lagavulin","floor":8,"turns":7},{"damage":0,"enemies":"Exordium Wildlife","floor":10,"turns":4},{"damage":16,"enemies":"3 Sentries","floor":11,"turns":8},{"damage":7,"enemies":"Large Slime","floor":12,"turns":6},{"damage":2,"enemies":"2 Fungi Beasts","floor":13,"turns":5},{"damage":0,"enemies":"Slime Boss","floor":16,"turns":7},{"damage":22,"enemies":"2 Thieves","floor":18,"turns":5},{"damage":5,"enemies":"Shell Parasite","floor":19,"turns":10},{"damage":15,"enemies":"Chosen and Byrds","floor":22,"turns":5},{"damage":0,"enemies":"Book of Stabbing","floor":24,"turns":8},{"damage":10,"enemies":"Gremlin Leader","floor":27,"turns":6},{"damage":5,"enemies":"Shelled Parasite and Fungi","floor":29,"turns":5},{"damage":0,"enemies":"Colosseum Slavers","floor":31,"turns":3},{"damage":1,"enemies":"Colosseum Nobs","floor":31,"turns":5},{"damage":33,"enemies":"Collector","floor":33,"turns":9},{"damage":0,"enemies":"3 Shapes","floor":35,"turns":4},{"damage":0,"enemies":"Giant Head","floor":41,"turns":9},{"damage":0,"enemies":"Orb Walker","floor":42,"turns":4},{"damage":0,"enemies":"4 Shapes","floor":44,"turns":4},{"damage":28,"enemies":"Nemesis","floor":45,"turns":7},{"damage":0,"enemies":"Jaw Worm Horde","floor":48,"turns":4},{"damage":20,"enemies":"Donu and Deca","floor":50,"turns":7}],"seed_played":"-3953037224737475241","potions_obtained":[{"floor":1,"key":"BlessingOfTheForge"},{"floor":12,"key":"AttackPotion"},{"floor":13,"key":"Fire Potion"},{"floor":24,"key":"Regen Potion"},{"floor":29,"key":"SkillPotion"}],"is_trial":false,"path_per_floor":["M","?","?","?","M","R","M","E","T","M","E","M","M","$","R","B",null,"M","M","T","$","M","R","E","R","T","E","$","M","?","?","R","B",null,"M","$","?","T","$","R","E","M","T","M","E","$","R","M","R","B",null,"R","$"],"character_chosen":"ILLYA","items_purchased":["Gambling Chip","Singing Bowl","PrismaMod:IllyaGrail","Chemical X"],"campfire_rested":0,"item_purchase_floors":[28,36,36,53],"current_hp_per_floor":[75,75,60,49,49,49,49,43,43,43,29,27,32,32,32,39,75,58,60,60,60,52,52,59,59,59,56,56,58,58,66,66,40,75,75,75,71,71,71,71,73,73,73,73,50,50,50,62,62,69,76,76,76,76],"gold":11,"neow_bonus":"THREE_ENEMY_KILL","is_daily":false,"chose_seed":false,"campfire_upgraded":8,"win_rate":0.0,"timestamp":1607652030,"path_taken":["M","?","?","?","M","R","M","E","T","?","E","M","M","$","R","BOSS","M","M","?","$","M","R","E","R","T","E","$","M","?","?","R","BOSS","M","$","?","?","?","R","E","M","T","M","E","$","R","M","R","BOSS","R","$"],"items_purchased_type":["Relic","Relic","Card","Relic"],"build_version":"2020-11-30","purchased_purges":4,"victory":false,"max_hp_per_floor":[75,75,75,75,75,75,75,75,75,75,75,75,75,75,75,75,75,75,75,75,75,75,75,75,75,75,75,75,75,75,75,75,75,75,75,75,71,71,71,71,73,73,73,73,73,73,73,76,76,76,76,76,76,76],"card_choices":[{"not_picked":["PrismaMod:IllyaReinForce","PrismaMod:IllyaAOECommonAttack"],"picked":"PrismaMod:IllyaUberChannel","floor":1},{"not_picked":["PrismaMod:IllyaCommonEvoke","PrismaMod:IllyaCheapChannelDefend","PrismaMod:IllyaCheapChannelAttack"],"picked":"SKIP","floor":5},{"not_picked":["PrismaMod:IllyaBoysLove","PrismaMod:IllyaPoisonTippedWeapons"],"picked":"PrismaMod:IllyaUncommonDefend","floor":7},{"not_picked":["PrismaMod:IllyaGrailKun","PrismaMod:IllyaStunPoison","PrismaMod:IllyaHassanGift"],"picked":"SKIP","floor":8},{"not_picked":["PrismaMod:IllyaPoisoningPhantasm","PrismaMod:IllyaUncommonEvoke","PrismaMod:IllyaBride"],"picked":"SKIP","floor":10},{"not_picked":["PrismaMod:IllyaBride","PrismaMod:IllyaMinorZwei"],"picked":"PrismaMod:IllyaRubysPotion","floor":11},{"not_picked":["PrismaMod:IllyaPoisonTippedWeapons","PrismaMod:IllyaGun","PrismaMod:IllyaMinorReinForce"],"picked":"SKIP","floor":12},{"not_picked":["PrismaMod:IllyaPoisonBlock","PrismaMod:IllyaCarnivalDefend","PrismaMod:IllyaBlindPoisonToss"],"picked":"SKIP","floor":13},{"not_picked":["PrismaMod:IllyaUberChannel","PrismaMod:IllyaFeed","PrismaMod:IllyaBlindPoisonToss+1"],"picked":"SKIP","floor":18},{"not_picked":["PrismaMod:IllyaAOECommonAttack","PrismaMod:IllyaCarnivalAttack","PrismaMod:IllyaUpgradeOrbs"],"picked":"SKIP","floor":19},{"not_picked":["PrismaMod:IllyaRussianRoulette","PrismaMod:IllyaUberChannel","PrismaMod:IllyaDevil+1"],"picked":"SKIP","floor":22},{"not_picked":["PrismaMod:IllyaMaid","PrismaMod:IllyaCommonEvoke"],"picked":"PrismaMod:IllyaUberPoisonChannel","floor":24},{"not_picked":["PrismaMod:IllyaMinorRapidFire+1","PrismaMod:IllyaCheapChannelAttack","PrismaMod:IllyaGun"],"picked":"SKIP","floor":27},{"not_picked":["PrismaMod:IllyaCommonEvoke","PrismaMod:IllyaAOECommonAttack","PrismaMod:IllyaPartialInstallAssassin"],"picked":"SKIP","floor":29},{"not_picked":["PrismaMod:IllyaInstallBerserker","PrismaMod:IllyaCarnivalAttack"],"picked":"PrismaMod:IllyaCarnivalPrismaAstolfo","floor":33},{"not_picked":["PrismaMod:IllyaCheapChannelDefend","PrismaMod:IllyaBerserCAR","PrismaMod:IllyaAOECommonAttack+1"],"picked":"SKIP","floor":35},{"not_picked":["PrismaMod:IllyaPoisonTippedWeapons+1","PrismaMod:IllyaAlice+1","PrismaMod:IllyaTestament+1"],"picked":"Singing Bowl","floor":41},{"not_picked":["PrismaMod:IllyaPoisonTippedWeapons","PrismaMod:IllyaRussianRoulette+1"],"picked":"PrismaMod:IllyaPoisonBlock+1","floor":42},{"not_picked":["PrismaMod:IllyaAOECommonAttack","PrismaMod:IllyaFeed"],"picked":"PrismaMod:IllyaSaphire+1","floor":44},{"not_picked":["PrismaMod:IllyaDualEvoke","PrismaMod:IllyaStunPoison+1"],"picked":"PrismaMod:IllyaUberPoisonChannel","floor":45},{"not_picked":["PrismaMod:IllyaGun","PrismaMod:IllyaBoysLove"],"picked":"PrismaMod:IllyaPoisonBlock+1","floor":48}],"player_experience":374603,"relics_obtained":[{"floor":8,"key":"Bird Faced Urn"},{"floor":11,"key":"Gremlin Horn"},{"floor":20,"key":"REME_HourglassOfDeath"},{"floor":24,"key":"Thread and Needle"},{"floor":26,"key":"HornCleat"},{"floor":27,"key":"Lantern"},{"floor":27,"key":"Bronze Scales"},{"floor":31,"key":"Old Coin"},{"floor":31,"key":"Sundial"},{"floor":38,"key":"Du-Vu Doll"},{"floor":41,"key":"Oddly Smooth Stone"},{"floor":41,"key":"Meat on the Bone"},{"floor":43,"key":"Shuriken"},{"floor":45,"key":"Blood Vial"},{"floor":45,"key":"Juzu Bracelet"}],"event_choices":[{"damage_healed":0,"gold_gain":0,"player_choice":"Ignored","damage_taken":0,"max_hp_gain":0,"max_hp_loss":0,"event_name":"Liars Game","floor":2,"gold_loss":0},{"damage_healed":0,"gold_gain":0,"player_choice":"Entered Light","damage_taken":15,"max_hp_gain":0,"max_hp_loss":0,"event_name":"Shining Light","floor":3,"gold_loss":0,"cards_upgraded":["PrismaMod:IllyaCommonAttack","PrismaMod:IllyaCommonAttack"]},{"damage_healed":0,"gold_gain":75,"player_choice":"Gather Gold","damage_taken":11,"max_hp_gain":0,"max_hp_loss":0,"event_name":"World of Goop","floor":4,"gold_loss":0},{"damage_healed":0,"gold_gain":0,"player_choice":"Ignored","damage_taken":0,"max_hp_gain":0,"max_hp_loss":0,"event_name":"Ghosts","floor":30,"gold_loss":0},{"damage_healed":0,"gold_gain":0,"player_choice":"Fight","damage_taken":0,"max_hp_gain":0,"max_hp_loss":0,"event_name":"Colosseum","floor":31,"gold_loss":0},{"damage_healed":0,"gold_gain":0,"player_choice":"Fought Nobs","damage_taken":0,"max_hp_gain":0,"max_hp_loss":0,"event_name":"Colosseum","floor":31,"gold_loss":0},{"damage_healed":0,"gold_gain":0,"player_choice":"Max HP","damage_taken":0,"max_hp_gain":0,"max_hp_loss":4,"event_name":"Winding Halls","floor":37,"gold_loss":0}],"is_beta":false,"boss_relics":[{"not_picked":["Ectoplasm","Coffee Dripper"],"picked":"Black Star"},{"not_picked":["REME_DuelDisc","Fusion Hammer"],"picked":"Runic Dome"}],"items_purged_floors":[14,21,36,39],"is_endless":false,"potions_floor_spawned":[1,12,13,24,29,31,31,33,41,45,48],"ascension_level":0}}