{"host":"g3js2eermvvpeiqn","time":1607710684,"event":{"mods":["BaseMod","DeckTracker","Downfall","Minty Spire (QoL Compilation)","Quick Restart","StSLib"],"gold_per_floor":[109,89,66,81,8,8,24,24,51,51,63,14,45,45,45,140,140,151,151,151,169,169,169],"floor_reached":22,"playtime":457,"items_purged":[],"score":200,"play_id":"fd4c2634-3743-47b5-a6b5-4307bce90fa2","local_time":"20201211121804","is_ascension_mode":true,"campfire_choices":[{"data":"Zap","floor":6,"key":"SMITH"},{"data":"Dualcast","floor":10,"key":"SMITH"},{"floor":15,"key":"REST"}],"circlet_count":0,"master_deck":["Strike_B","Strike_B+1","Strike_B","Defend_B","Defend_B","Defend_B","Defend_B","Zap+1","Dualcast+1","Redo","Ball Lightning","Leap","Glacier","Streamline+1","Doom and Gloom","Beam Cell","Beam Cell","Rainbow","Skim+1"],"relics":["Cracked Core","NeowsBlessing","Ancient Tea Set","Akabeko","Philosopher\u0027s Stone","sneckomod:BabySnecko"],"acts_visited":["TheCity"],"potions_floor_usage":[],"damage_taken":[{"damage":0,"enemies":"Jaw Worm","floor":1,"turns":1},{"damage":0,"enemies":"Cultist","floor":4,"turns":1},{"damage":0,"enemies":"Small Slimes","floor":7,"turns":1},{"damage":0,"enemies":"Blue Slaver","floor":11,"turns":2},{"damage":16,"enemies":"Lagavulin","floor":13,"turns":5},{"damage":32,"enemies":"Hexaghost","floor":16,"turns":8},{"damage":53,"enemies":"3 Byrds","floor":18,"turns":4},{"damage":14,"enemies":"Chosen","floor":21,"turns":3},{"damage":16,"enemies":"Snecko","floor":22,"turns":3}],"seed_played":"420994482701615196","potions_obtained":[{"floor":2,"key":"DuplicationPotion"},{"floor":7,"key":"Weak Potion"},{"floor":13,"key":"DistilledChaos"}],"is_trial":false,"path_per_floor":["M","?","$","M","$","R","M","?","T","R","M","$","E","?","R","B",null,"M","?","?","M","M"],"character_chosen":"DEFECT","items_purchased":["Ball Lightning","Glacier","Beam Cell"],"campfire_rested":1,"item_purchase_floors":[3,5,12],"current_hp_per_floor":[75,75,75,75,75,75,75,68,68,68,68,68,52,37,59,27,75,22,22,22,8,0,0],"gold":169,"neow_bonus":"THREE_ENEMY_KILL","is_daily":false,"chose_seed":false,"campfire_upgraded":2,"win_rate":0.0,"timestamp":1607710684,"path_taken":["M","?","?","?","$","R","M","?","T","R","M","$","E","?","R","BOSS","M","?","?","M","?"],"items_purchased_type":["Card","Card","Card"],"build_version":"2020-11-30","purchased_purges":0,"victory":false,"max_hp_per_floor":[75,75,75,75,75,75,75,75,75,75,75,75,75,75,75,75,75,75,75,75,75,75,75],"card_choices":[{"not_picked":["Go for the Eyes","Reprogram"],"picked":"Redo","floor":1},{"not_picked":["Genetic Algorithm","Gash"],"picked":"Leap","floor":4},{"not_picked":["Leap","Auto Shields"],"picked":"Streamline","floor":7},{"not_picked":["Rebound","Scrape"],"picked":"Doom and Gloom","floor":11},{"not_picked":["Stack","Hello World"],"picked":"Beam Cell","floor":13},{"not_picked":["Amplify","Reboot"],"picked":"Rainbow","floor":16},{"not_picked":["Go for the Eyes","Rebound","Compile Driver"],"picked":"SKIP","floor":18},{"not_picked":["Redo","Rebound+1"],"picked":"Skim+1","floor":21}],"player_experience":1432133,"relics_obtained":[{"floor":9,"key":"Ancient Tea Set"},{"floor":13,"key":"Akabeko"}],"event_choices":[{"damage_healed":0,"gold_gain":0,"player_choice":"Bought 1 Potion","damage_taken":0,"max_hp_gain":0,"max_hp_loss":0,"event_name":"The Woman in Blue","floor":2,"gold_loss":0},{"cards_removed":["Strike_B"],"damage_healed":0,"gold_gain":0,"player_choice":"Card Removal","damage_taken":7,"max_hp_gain":0,"max_hp_loss":0,"event_name":"Golden Wing","floor":8,"gold_loss":0},{"damage_healed":0,"gold_gain":0,"player_choice":"Entered Light","damage_taken":15,"max_hp_gain":0,"max_hp_loss":0,"event_name":"Shining Light","floor":14,"gold_loss":0,"cards_upgraded":["Strike_B","Streamline"]},{"cards_removed":["sneckomod:Bewildered"],"damage_healed":0,"gold_gain":0,"player_choice":"Purged","damage_taken":0,"max_hp_gain":0,"max_hp_loss":0,"event_name":"Purifier","floor":20,"gold_loss":0}],"is_beta":false,"boss_relics":[{"not_picked":["Astrolabe","SlaversCollar"],"picked":"Philosopher\u0027s Stone"}],"items_purged_floors":[],"is_endless":false,"potions_floor_spawned":[7,13,18],"killed_by":"Snecko","ascension_level":2}}