{"host":"vkn5295jy2rrqx8j","time":1607701033,"event":{"mods":["BaseMod","Colored Map","GifTheSpireLib","Hermit","Minty Spire (QoL Compilation)","StSLib","The Cursed"],"gold_per_floor":[359,31,106,106,123,123,123,123,123,123,148,163,163,198,198,198,198],"floor_reached":16,"playtime":514,"items_purged":[],"score":196,"play_id":"64c0f6c0-92a9-40ff-84b7-c67746a72d24","local_time":"20201212003713","is_ascension_mode":true,"campfire_choices":[{"data":"1","floor":6,"key":"LIFT"},{"data":"2","floor":8,"key":"LIFT"},{"data":"3","floor":13,"key":"LIFT"},{"floor":15,"key":"REST"}],"circlet_count":0,"master_deck":["AscendersBane","Strike_G","Strike_G","Strike_G","Strike_G","Strike_G","Defend_G","Defend_G","Defend_G","Defend_G+1","Defend_G","Survivor","Neutralize+1","Sucker Punch","Backflip+1","Injury","Dagger Spray","Blade Dance","Poisoned Stab"],"relics":["Ring of the Snake","Girya","War Paint","Dream Catcher","Golden Idol","Omamori"],"acts_visited":["Exordium"],"potions_floor_usage":[],"damage_taken":[{"damage":2,"enemies":"Jaw Worm","floor":1,"turns":6},{"damage":0,"enemies":"2 Louse","floor":5,"turns":4},{"damage":0,"enemies":"Cultist","floor":11,"turns":3},{"damage":1,"enemies":"2 Fungi Beasts","floor":12,"turns":3},{"damage":9,"enemies":"3 Sentries","floor":14,"turns":6},{"damage":39,"enemies":"Slime Boss","floor":16,"turns":9}],"seed_played":"3561516549454170148","potions_obtained":[{"floor":11,"key":"Poison Potion"}],"is_trial":false,"path_per_floor":["M","$","?","?","M","R","?","R","T","?","M","M","R","E","R","B"],"character_chosen":"THE_SILENT","items_purchased":["Girya"],"campfire_rested":1,"item_purchase_floors":[2],"current_hp_per_floor":[42,42,31,31,31,31,26,26,26,26,26,25,25,16,35,0,0],"gold":198,"neow_bonus":"TWO_FIFTY_GOLD","is_daily":false,"chose_seed":false,"campfire_upgraded":0,"win_rate":0.0,"timestamp":1607701033,"path_taken":["M","$","?","?","?","R","?","R","T","?","?","M","R","E","R","BOSS"],"items_purchased_type":["Relic"],"build_version":"2020-11-30","purchased_purges":0,"victory":false,"max_hp_per_floor":[66,66,66,66,66,66,66,66,66,66,66,66,66,66,66,66,66],"card_choices":[{"not_picked":["Flechettes","Prepared"],"picked":"Sucker Punch","floor":1},{"not_picked":["Slice","Dagger Throw"],"picked":"Backflip","floor":5},{"not_picked":["Deflect","Prepared","Concentrate"],"picked":"SKIP","floor":11},{"not_picked":["Bane","Poisoned Stab"],"picked":"Dagger Spray","floor":12},{"not_picked":["Deadly Poison","PiercingWail"],"picked":"Blade Dance","floor":14},{"not_picked":["Noxious Fumes","Deflect"],"picked":"Poisoned Stab","floor":15}],"player_experience":794922,"relics_obtained":[{"floor":9,"key":"Dream Catcher"},{"floor":14,"key":"Omamori"}],"event_choices":[{"damage_healed":0,"gold_gain":75,"player_choice":"Gather Gold","damage_taken":11,"max_hp_gain":0,"max_hp_loss":0,"event_name":"World of Goop","floor":3,"gold_loss":0},{"damage_healed":0,"gold_gain":0,"player_choice":"Upgraded","damage_taken":0,"max_hp_gain":0,"max_hp_loss":0,"event_name":"Upgrade Shrine","floor":4,"gold_loss":0,"cards_upgraded":["Neutralize"]},{"damage_healed":0,"gold_gain":0,"player_choice":"Success","damage_taken":5,"relics_obtained":["War Paint"],"max_hp_gain":0,"max_hp_loss":0,"event_name":"Scrap Ooze","floor":7,"gold_loss":0},{"damage_healed":0,"gold_gain":0,"player_choice":"Take Wound","damage_taken":0,"relics_obtained":["Golden Idol"],"max_hp_gain":0,"max_hp_loss":0,"event_name":"Golden Idol","floor":10,"gold_loss":0,"cards_obtained":["Injury"]}],"is_beta":false,"boss_relics":[],"items_purged_floors":[],"is_endless":false,"potions_floor_spawned":[11],"killed_by":"Slime Boss","ascension_level":20}}