{"host":"by8i6f8xc0ywpsd5","time":1607725738,"event":{"mods":["BaseMod","Colored Map","Minty Spire (QoL Compilation)","Relic Stats"],"gold_per_floor":[113,125,125,125,125,158,158,191,191,191,222,233,253,253,253,349,349,372,392,417,417,20,20,73,73,124,148,148,48,48,97,97,195,195,223,242,242,261,292,332,67,103,103,139,139,164,39,69,69,69,69,69,22,67,67,67],"floor_reached":55,"playtime":11925,"items_purged":["Strike_R","Strike_R","Strike_R"],"score":1566,"play_id":"ee817f76-41ff-4109-8469-89a5f51d2e0b","local_time":"20201212002858","is_ascension_mode":true,"campfire_choices":[{"data":"Carnage","floor":7.0,"key":"SMITH"},{"data":"Havoc","floor":10.0,"key":"SMITH"},{"data":"Dark Embrace","floor":15.0,"key":"SMITH"},{"data":"Armaments","floor":23.0,"key":"SMITH"},{"data":"Havoc","floor":25.0,"key":"SMITH"},{"data":"Sword Boomerang","floor":30.0,"key":"SMITH"},{"data":"Feel No Pain","floor":32.0,"key":"SMITH"},{"floor":49,"key":"RECALL"},{"data":"Limit Break","floor":52,"key":"SMITH"}],"circlet_count":0,"master_deck":["AscendersBane","Defend_R","Defend_R","Defend_R","Defend_R","Bash","Sword Boomerang+1","Carnage+1","Feel No Pain+1","Havoc+1","Shrug It Off+1","Pummel","Headbutt","Offering","Burning Pact","Armaments+1","Havoc+1","Havoc+1","Reaper","Sentinel+1","Inflame+1","Limit Break+1","Sword Boomerang+1","Shrug It Off","Shrug It Off","Shrug It Off","Dual Wield"],"relics":["Burning Blood","NeowsBlessing","Oddly Smooth Stone","Paper Frog","Question Card","Red Skull","Golden Idol","Runic Pyramid","CeramicFish","Art of War","Mark of Pain","Lizard Tail","Calipers","Sundial","War Paint","HornCleat","TungstenRod","Pantograph"],"acts_visited":["Exordium","TheCity","TheBeyond","TheEnding"],"potions_floor_usage":[33,40,40,54,54,54,54,55],"damage_taken":[{"damage":0.0,"enemies":"2 Louse","floor":1.0,"turns":1.0},{"damage":0.0,"enemies":"Small Slimes","floor":2.0,"turns":1.0},{"damage":0.0,"enemies":"3 Sentries","floor":6.0,"turns":2.0},{"damage":38.0,"enemies":"Lagavulin","floor":8.0,"turns":6.0},{"damage":11.0,"enemies":"Gremlin Nob","floor":11.0,"turns":3.0},{"damage":0.0,"enemies":"Jaw Worm","floor":12.0,"turns":5.0},{"damage":12.0,"enemies":"Red Slaver","floor":13.0,"turns":4.0},{"damage":29.0,"enemies":"The Guardian","floor":16.0,"turns":11.0},{"damage":22.0,"enemies":"3 Byrds","floor":18.0,"turns":6.0},{"damage":21.0,"enemies":"Shell Parasite","floor":19.0,"turns":2.0},{"damage":8.0,"enemies":"Sentry and Sphere","floor":20.0,"turns":3.0},{"damage":19.0,"enemies":"Slavers","floor":24.0,"turns":5.0},{"damage":6.0,"enemies":"Centurion and Healer","floor":27.0,"turns":5.0},{"damage":15.0,"enemies":"Gremlin Leader","floor":31.0,"turns":3.0},{"damage":65,"enemies":"Automaton","floor":33,"turns":12},{"damage":40,"enemies":"Orb Walker","floor":35,"turns":5},{"damage":14,"enemies":"3 Shapes","floor":36,"turns":6},{"damage":29,"enemies":"Transient","floor":38,"turns":6},{"damage":15,"enemies":"Mind Bloom Boss Battle","floor":39,"turns":5},{"damage":88,"enemies":"Reptomancer","floor":40,"turns":6},{"damage":39,"enemies":"Nemesis","floor":42,"turns":5},{"damage":42,"enemies":"Giant Head","floor":44,"turns":6},{"damage":33,"enemies":"Sphere and 2 Shapes","floor":46,"turns":9},{"damage":45,"enemies":"Jaw Worm Horde","floor":48,"turns":7},{"damage":53,"enemies":"Time Eater","floor":50,"turns":9},{"damage":60,"enemies":"Shield and Spear","floor":54,"turns":7},{"damage":81,"enemies":"The Heart","floor":55,"turns":6}],"seed_played":"8797944458086139078","potions_obtained":[{"floor":2.0,"key":"Regen Potion"},{"floor":8.0,"key":"Strength Potion"},{"floor":19.0,"key":"Energy Potion"},{"floor":24.0,"key":"DistilledChaos"},{"floor":31.0,"key":"SpeedPotion"},{"floor":36,"key":"EssenceOfSteel"},{"floor":44,"key":"EntropicBrew"},{"floor":46,"key":"Explosive Potion"},{"floor":54,"key":"Dexterity Potion"}],"is_trial":false,"path_per_floor":["M","M","?","?","?","E","R","E","T","R","E","M","M","?","R","B",null,"M","M","M","?","$","R","E","R","T","M","$","$","R","E","R","B",null,"M","M","?","M","?","E","$","E","T","E","?","M","$","M","R","B",null,"R","$","E","B"],"character_chosen":"IRONCLAD","items_purchased":["Fire Potion","Impatience","Reaper","Sundial","Shrug It Off"],"campfire_rested":0,"item_purchase_floors":[22,22,22,41,53],"current_hp_per_floor":[74,75,75,75,75,75,75,43,43,43,38,44,38,38,38,30,59,43,28,26,26,26,26,27,27,27,46,46,46,46,49,49,8,53,33,53,53,53,63,59,59,42,42,13,68,68,68,68,68,68,68,68,68,33,0,0],"gold":67,"neow_bonus":"THREE_ENEMY_KILL","is_daily":false,"chose_seed":false,"campfire_upgraded":8,"win_rate":0.0,"timestamp":1607725738,"path_taken":["M","M","?","?","?","E","R","E","T","R","E","M","?","?","R","BOSS","M","M","M","?","$","R","E","R","T","M","?","$","R","E","R","BOSS","M","M","?","M","?","E","?","E","T","E","?","?","$","M","R","BOSS","R","$","E","BOSS"],"items_purchased_type":["Potion","Card","Card","Relic","Card"],"build_version":"2020-11-30","purchased_purges":3,"victory":false,"max_hp_per_floor":[75,75,75,75,75,75,75,75,75,75,75,75,75,68,68,68,68,68,68,68,68,68,68,68,68,68,68,68,68,68,68,68,68,68,68,68,68,68,68,68,68,68,68,68,68,68,68,68,68,68,68,68,68,68,68,68],"relic_stats":{"Lizard Tail":34,"counters":[27,146],"Golden Idol":146,"Sundial":[10],"CeramicFish":72,"Pantograph":25,"Art of War":[16],"War Paint":["Shrug It Off","Impatience"],"Question Card":21,"obtain_stats":[{"Calipers":40,"NeowsBlessing":0,"Golden Idol":14,"CeramicFish":24,"Oddly Smooth Stone":6,"War Paint":42,"Question Card":9,"Burning Blood":0,"Lizard Tail":39,"HornCleat":43,"Sundial":41,"Pantograph":54,"Mark of Pain":34,"Art of War":31,"Red Skull":11,"TungstenRod":44,"Paper Frog":8,"Runic Pyramid":17},{"Calipers":20,"NeowsBlessing":0,"Golden Idol":7,"CeramicFish":12,"Oddly Smooth Stone":3,"War Paint":21,"Question Card":4,"Burning Blood":0,"Lizard Tail":19,"HornCleat":21,"Sundial":20,"Pantograph":26,"Mark of Pain":15,"Art of War":14,"Red Skull":5,"TungstenRod":22,"Paper Frog":4,"Runic Pyramid":8},{"Calipers":97,"NeowsBlessing":0,"Golden Idol":22,"CeramicFish":49,"Oddly Smooth Stone":4,"War Paint":102,"Question Card":10,"Burning Blood":0,"Lizard Tail":91,"HornCleat":102,"Sundial":97,"Pantograph":140,"Mark of Pain":69,"Art of War":57,"Red Skull":13,"TungstenRod":108,"Paper Frog":10,"Runic Pyramid":33}],"Burning Blood":133,"TungstenRod":43},"card_choices":[{"not_picked":["Warcry","Body Slam"],"picked":"Sword Boomerang","floor":1.0},{"not_picked":["Combust","Shrug It Off"],"picked":"Carnage","floor":2.0},{"not_picked":["Rupture","Dropkick"],"picked":"Havoc","floor":6.0},{"not_picked":["Pommel Strike","Juggernaut","Dropkick"],"picked":"SKIP","floor":8.0},{"not_picked":["Thunderclap","Iron Wave","Clothesline"],"picked":"Shrug It Off","floor":11.0},{"not_picked":["Carnage","Thunderclap","Pommel Strike"],"picked":"Pummel","floor":12.0},{"not_picked":["Iron Wave","Wild Strike","Bloodletting"],"picked":"Headbutt","floor":13.0},{"not_picked":["Limit Break","Impervious","Immolate"],"picked":"Offering","floor":16.0},{"not_picked":["Heavy Blade","Body Slam","Wild Strike"],"picked":"Burning Pact","floor":18.0},{"not_picked":["Iron Wave","Cleave","Twin Strike"],"picked":"Armaments","floor":19.0},{"not_picked":["Seeing Red","True Grit","Combust"],"picked":"Havoc","floor":20.0},{"not_picked":["Sword Boomerang+1","Armaments","Clothesline"],"picked":"Sentinel+1","floor":24.0},{"not_picked":["Twin Strike+1","Metallicize","Armaments","Fire Breathing"],"picked":"SKIP","floor":27.0},{"not_picked":["Clash","Intimidate","Immolate"],"picked":"Inflame+1","floor":31.0},{"not_picked":["Juggernaut","Impervious","Offering"],"picked":"Limit Break","floor":33},{"not_picked":["Cleave+1","Iron Wave","Second Wind+1"],"picked":"Sword Boomerang+1","floor":35},{"not_picked":["Perfected Strike","Spot Weakness+1","Clash","Sever Soul"],"picked":"SKIP","floor":36},{"not_picked":["Perfected Strike","Iron Wave","Hemokinesis+1","Brutality"],"picked":"SKIP","floor":38},{"not_picked":["Evolve","Uppercut+1","Burning Pact+1","Iron Wave+1"],"picked":"SKIP","floor":40},{"not_picked":["Intimidate","Searing Blow","Dark Embrace","Juggernaut"],"picked":"SKIP","floor":42},{"not_picked":["Heavy Blade","Sword Boomerang","Flex","Cleave"],"picked":"SKIP","floor":44},{"not_picked":["Pummel","Sword Boomerang","Heavy Blade+1"],"picked":"Shrug It Off","floor":46},{"not_picked":["Body Slam","Sever Soul","Perfected Strike"],"picked":"Shrug It Off","floor":48},{"not_picked":["Carnage+1","Warcry+1","Uppercut"],"picked":"Dual Wield","floor":54}],"player_experience":1628353,"relics_obtained":[{"floor":6.0,"key":"Oddly Smooth Stone"},{"floor":8.0,"key":"Paper Frog"},{"floor":9.0,"key":"Question Card"},{"floor":11.0,"key":"Red Skull"},{"floor":24.0,"key":"CeramicFish"},{"floor":31.0,"key":"Art of War"},{"floor":39,"key":"Lizard Tail"},{"floor":40,"key":"Calipers"},{"floor":42,"key":"War Paint"},{"floor":43,"key":"HornCleat"},{"floor":44,"key":"TungstenRod"},{"floor":54,"key":"Pantograph"}],"event_choices":[{"damage_healed":0.0,"max_hp_gain":0.0,"max_hp_loss":0.0,"gold_gain":0.0,"cards_transformed":["Strike_R"],"event_name":"Living Wall","player_choice":"Change","floor":3.0,"gold_loss":0.0,"damage_taken":0.0,"cards_obtained":["Dark Embrace"]},{"damage_healed":0.0,"max_hp_gain":0.0,"max_hp_loss":0.0,"gold_gain":0.0,"event_name":"Liars Game","player_choice":"Ignored","floor":4.0,"gold_loss":0.0,"damage_taken":0.0},{"damage_healed":0.0,"max_hp_gain":0.0,"max_hp_loss":0.0,"gold_gain":0.0,"cards_transformed":["Strike_R"],"event_name":"Transmorgrifier","player_choice":"Transformed","floor":5.0,"gold_loss":0.0,"damage_taken":0.0,"cards_obtained":["Feel No Pain"]},{"damage_healed":0.0,"max_hp_gain":0.0,"max_hp_loss":7.0,"gold_gain":0.0,"event_name":"Golden Idol","player_choice":"Lose Max HP","floor":14.0,"gold_loss":0.0,"damage_taken":0.0,"relics_obtained":["Golden Idol"]},{"damage_healed":0.0,"max_hp_gain":0.0,"max_hp_loss":0.0,"gold_gain":0.0,"event_name":"Duplicator","player_choice":"Copied","floor":21.0,"gold_loss":0.0,"damage_taken":0.0,"cards_obtained":["Havoc"]},{"cards_removed":["Dark Embrace"],"damage_healed":0,"gold_gain":0,"player_choice":"Removed Power","damage_taken":0,"max_hp_gain":0,"max_hp_loss":0,"event_name":"Falling","floor":37,"gold_loss":0},{"damage_healed":0,"gold_gain":0,"player_choice":"Fight","damage_taken":0,"max_hp_gain":0,"max_hp_loss":0,"event_name":"MindBloom","floor":39,"gold_loss":0},{"cards_removed":["Impatience"],"damage_healed":55,"gold_gain":0,"player_choice":"Offered Uncommon","damage_taken":0,"max_hp_gain":0,"max_hp_loss":0,"event_name":"Bonfire Elementals","floor":45,"gold_loss":0}],"is_beta":false,"boss_relics":[{"not_picked":["Empty Cage","Runic Dome"],"picked":"Runic Pyramid"},{"not_picked":["Coffee Dripper","Black Star"],"picked":"Mark of Pain"}],"items_purged_floors":[22,29,47],"is_endless":false,"potions_floor_spawned":[2,8,12,19,24,31,36,44,46,48,54],"killed_by":"The Heart","ascension_level":18}}