{"host":"pqs17sqrgflf4eqa","time":1607656503,"event":{"mods":["AchievementEnabler","BaseMod","Bestiary","Better Altar","Colored Map","Colored Powertips","Emptier Cage","Googly Eyes","Highlight Path","Minty Spire (QoL Compilation)","Quick Restart","StSLib","SuperFastMode","Transform Curses","slay the spire mod where everything is the same but ironclad has a cowboy hat"],"gold_per_floor":[111,286,286,361,7,39,59,99,170,170,170],"floor_reached":10,"playtime":180,"items_purged":["Doubt"],"score":89,"play_id":"7b74086e-e84b-4840-9837-097fc71e00b5","local_time":"20201210221503","is_ascension_mode":true,"campfire_choices":[],"circlet_count":0,"master_deck":["Strike_G","Strike_G","Strike_G","Strike_G","Strike_G","Defend_G","Defend_G","Defend_G","Defend_G","Defend_G","Survivor","Neutralize","Dagger Spray+1","Bouncing Flask","Cloak And Dagger","Poisoned Stab","Leg Sweep","Deflect"],"relics":["Ring of the Snake","Smiling Mask","Lantern","Regal Pillow","CeramicFish","Toxic Egg 2"],"acts_visited":["Exordium"],"potions_floor_usage":[6],"damage_taken":[{"damage":5,"enemies":"Cultist","floor":1,"turns":4},{"damage":27,"enemies":"Lagavulin","floor":6,"turns":4},{"damage":0,"enemies":"Small Slimes","floor":7,"turns":3},{"damage":20,"enemies":"Gremlin Nob","floor":8,"turns":5},{"damage":11,"enemies":"Lagavulin","floor":10,"turns":2}],"seed_played":"-7639909318715849658","potions_obtained":[{"floor":1,"key":"LiquidMemories"}],"is_trial":false,"path_per_floor":["M","?","?","?","$","E","M","E","T","E"],"character_chosen":"THE_SILENT","items_purchased":["Bouncing Flask","Lantern","Cloak And Dagger","Poisoned Stab"],"campfire_rested":0,"item_purchase_floors":[5,5,5,5],"current_hp_per_floor":[65,65,65,54,54,27,27,7,7,0,0],"gold":170,"neow_bonus":"RANDOM_COMMON_RELIC","is_daily":false,"chose_seed":false,"campfire_upgraded":0,"win_rate":0.0,"timestamp":1607656503,"path_taken":["M","?","?","?","$","E","M","E","T","E"],"items_purchased_type":["Card","Relic","Card","Card"],"build_version":"2020-11-30","purchased_purges":1,"victory":false,"max_hp_per_floor":[70,70,70,70,70,70,70,70,70,70,70],"card_choices":[{"not_picked":["Blur","Backflip"],"picked":"Dagger Spray","floor":1},{"not_picked":["Backflip","Tactician"],"picked":"Leg Sweep","floor":6},{"not_picked":["Flechettes","Setup","Tactician"],"picked":"SKIP","floor":7},{"not_picked":["Concentrate","Sucker Punch"],"picked":"Deflect","floor":8}],"player_experience":132573,"relics_obtained":[{"floor":6,"key":"Regal Pillow"},{"floor":8,"key":"CeramicFish"},{"floor":9,"key":"Toxic Egg 2"}],"event_choices":[{"damage_healed":0,"gold_gain":175,"player_choice":"AGREE","damage_taken":0,"max_hp_gain":0,"max_hp_loss":0,"event_name":"Liars Game","floor":2,"gold_loss":0,"cards_obtained":["Doubt"]},{"damage_healed":0,"gold_gain":0,"player_choice":"Grow","damage_taken":0,"max_hp_gain":0,"max_hp_loss":0,"event_name":"Living Wall","floor":3,"gold_loss":0,"cards_upgraded":["Dagger Spray"]},{"damage_healed":0,"gold_gain":75,"player_choice":"Gather Gold","damage_taken":11,"max_hp_gain":0,"max_hp_loss":0,"event_name":"World of Goop","floor":4,"gold_loss":0}],"is_beta":false,"boss_relics":[],"items_purged_floors":[5],"is_endless":false,"potions_floor_spawned":[1],"killed_by":"Lagavulin","ascension_level":4}}