{"host":"1hv1kueuvc4r3rdp","time":1607649793,"event":{"mods":["AchievementEnabler","BaseMod","DeckTracker","Highlight Path","Minty Spire (QoL Compilation)","Permanent Neow","StSLib"],"gold_per_floor":[118,133,149,162,174,174,184,184,184,218,232,232,232,261,261,337,337,350,369,91,91,91,91],"floor_reached":22,"playtime":989,"items_purged":["Strike_P"],"score":450,"play_id":"1d8fd2a6-d1f8-4948-8713-c281fb54e4b3","local_time":"20201210192313","is_ascension_mode":true,"campfire_choices":[{"data":"Eruption","floor":6,"key":"SMITH"},{"data":"TalkToTheHand","floor":8,"key":"SMITH"},{"floor":12,"key":"REST"},{"data":"BattleHymn","floor":15,"key":"SMITH"}],"circlet_count":0,"master_deck":["AscendersBane","Strike_P","Defend_P","Defend_P","Eruption+1","Vigilance","WheelKick","BowlingBash","BattleHymn+1","TalkToTheHand+1","Adaptation+1","DevaForm+1","Wallop+1","Study+1","ThirdEye","Protect","FearNoEvil","Consecrate"],"relics":["SlaversCollar","Question Card","Lantern","Frozen Egg 2","Empty Cage","Orrery"],"acts_visited":["Exordium","TheCity"],"potions_floor_usage":[11,22],"damage_taken":[{"damage":0,"enemies":"2 Louse","floor":1,"turns":2},{"damage":0,"enemies":"Small Slimes","floor":2,"turns":3},{"damage":2,"enemies":"Jaw Worm","floor":3,"turns":3},{"damage":4,"enemies":"Looter","floor":4,"turns":4},{"damage":0,"enemies":"2 Fungi Beasts","floor":5,"turns":4},{"damage":8,"enemies":"Blue Slaver","floor":7,"turns":6},{"damage":0,"enemies":"Lagavulin","floor":10,"turns":4},{"damage":21,"enemies":"Exordium Thugs","floor":11,"turns":3},{"damage":10,"enemies":"3 Sentries","floor":14,"turns":4},{"damage":0,"enemies":"Slime Boss","floor":16,"turns":5},{"damage":23,"enemies":"Chosen","floor":18,"turns":5},{"damage":35,"enemies":"2 Thieves","floor":19,"turns":3},{"damage":13,"enemies":"Centurion and Healer","floor":22,"turns":2}],"seed_played":"6953123505265327595","potions_obtained":[{"floor":1,"key":"Explosive Potion"},{"floor":2,"key":"SmokeBomb"},{"floor":5,"key":"Fire Potion"},{"floor":18,"key":"Dexterity Potion"}],"is_trial":false,"path_per_floor":["M","M","M","M","M","R","M","R","T","E","M","R","?","E","R","B",null,"M","M","$","?","M"],"character_chosen":"WATCHER","items_purchased":["Orrery","Protect"],"campfire_rested":1,"item_purchase_floors":[20,20],"current_hp_per_floor":[65,65,63,59,59,59,51,51,51,51,30,51,51,41,41,41,64,41,6,6,6,0,0],"gold":91,"neow_bonus":"BOSS_RELIC","is_daily":false,"chose_seed":false,"campfire_upgraded":3,"win_rate":0.0,"timestamp":1607649793,"path_taken":["M","M","M","M","M","R","M","R","T","E","M","R","?","E","R","BOSS","M","M","$","?","M"],"items_purchased_type":["Relic","Card"],"build_version":"2020-11-30","purchased_purges":1,"victory":false,"max_hp_per_floor":[72,72,72,72,72,72,72,72,72,72,72,72,72,72,72,72,72,72,72,72,72,72,72],"card_choices":[{"not_picked":["Consecrate","EmptyFist"],"picked":"WheelKick","floor":1},{"not_picked":["Consecrate","FearNoEvil"],"picked":"BowlingBash","floor":2},{"not_picked":["Consecrate","EmptyBody"],"picked":"BattleHymn","floor":3},{"not_picked":["BattleHymn","BowlingBash"],"picked":"TalkToTheHand","floor":4},{"not_picked":["Swivel","WindmillStrike","EmptyBody"],"picked":"SKIP","floor":5},{"not_picked":["LikeWater","BowlingBash","WreathOfFlame"],"picked":"SKIP","floor":7},{"not_picked":["Halt","Consecrate","Vengeance","WreathOfFlame"],"picked":"SKIP","floor":10},{"not_picked":["BowlingBash","Meditate","WindmillStrike","FearNoEvil"],"picked":"SKIP","floor":11},{"not_picked":["LessonLearned","Pray","FlyingSleeves"],"picked":"Adaptation+1","floor":14},{"not_picked":["Wish","Judgement","Brilliance"],"picked":"DevaForm+1","floor":16},{"not_picked":["FlurryOfBlows","Nirvana+1","Fasting2+1","Meditate"],"picked":"SKIP","floor":18},{"not_picked":["CrushJoints","PathToVictory","SashWhip"],"picked":"Wallop+1","floor":19},{"not_picked":["FlyingSleeves","Consecrate","Adaptation+1"],"picked":"Study+1","floor":20},{"not_picked":["BowlingBash","FollowUp+1","FlurryOfBlows"],"picked":"ThirdEye","floor":20}],"player_experience":952164,"relics_obtained":[{"floor":9,"key":"Question Card"},{"floor":10,"key":"Lantern"},{"floor":14,"key":"Frozen Egg 2"}],"event_choices":[{"damage_healed":0,"gold_gain":0,"player_choice":"Ignored","damage_taken":0,"max_hp_gain":0,"max_hp_loss":0,"event_name":"Liars Game","floor":13,"gold_loss":0},{"damage_healed":0,"gold_gain":0,"cards_transformed":["Defend_P","Strike_P"],"player_choice":"Became Test Subject","damage_taken":0,"max_hp_gain":0,"max_hp_loss":0,"event_name":"Drug Dealer","floor":21,"gold_loss":0,"cards_obtained":["FearNoEvil","Consecrate"]}],"is_beta":false,"boss_relics":[{"not_picked":["Ectoplasm","Runic Pyramid"],"picked":"Empty Cage"}],"items_purged_floors":[20],"is_endless":false,"potions_floor_spawned":[1,2,5,7,18],"killed_by":"Centurion and Healer","ascension_level":13}}