{"host":"c6u7e77myxvw4d0m","time":1607649720,"event":{"mods":["AchievementEnabler","BaseMod","Colored Map","Colored Powertips","Minty Spire (QoL Compilation)","Rare Cards Sparkle","Relic Stats","everything is the same but u backflip on backflip"],"gold_per_floor":[114,114,114,189,41,41,74,89,89,119,119,119,131,151,151,256,256,270,159,83,83,100,100,175,204,504,504,504],"floor_reached":27,"playtime":1375,"items_purged":["Strike_R"],"score":341,"play_id":"199a0ee5-3b00-47e5-b855-9dcfe85d06a3","local_time":"20201211032200","is_ascension_mode":true,"campfire_choices":[{"data":"Searing Blow","floor":6,"key":"SMITH"},{"data":"Searing Blow+1","floor":12,"key":"SMITH"},{"data":"Armaments","floor":15,"key":"SMITH"},{"data":"Searing Blow+2","floor":23,"key":"SMITH"}],"circlet_count":0,"master_deck":["Strike_R","Strike_R","Strike_R","Defend_R","Defend_R","Defend_R","Defend_R","Bash","Searing Blow+3","Pommel Strike","Pommel Strike","Headbutt","Armaments+1","Demon Form","Flex+1","Spot Weakness","Whirlwind","Spot Weakness+1","Armaments"],"relics":["Burning Blood","NeowsBlessing","PreservedInsect","Happy Flower","Toy Ornithopter","InkBottle","Self Forming Clay","Coffee Dripper","Mummified Hand","Old Coin"],"acts_visited":["Exordium","TheCity"],"potions_floor_usage":[16,25],"damage_taken":[{"damage":0,"enemies":"Jaw Worm","floor":1,"turns":1},{"damage":0,"enemies":"Lagavulin","floor":7,"turns":1},{"damage":0,"enemies":"2 Louse","floor":8,"turns":1},{"damage":15,"enemies":"3 Sentries","floor":10,"turns":7},{"damage":0,"enemies":"Small Slimes","floor":13,"turns":2},{"damage":11,"enemies":"3 Louse","floor":14,"turns":3},{"damage":19,"enemies":"Slime Boss","floor":16,"turns":10},{"damage":28,"enemies":"2 Thieves","floor":18,"turns":3},{"damage":1,"enemies":"3 Byrds","floor":22,"turns":3},{"damage":24,"enemies":"Book of Stabbing","floor":25,"turns":4},{"damage":27,"enemies":"Snake Plant","floor":27,"turns":3}],"seed_played":"-4120011328237916943","potions_obtained":[{"floor":1,"key":"SteroidPotion"},{"floor":10,"key":"Strength Potion"}],"is_trial":false,"path_per_floor":["M","?","?","?","$","R","E","M","T","E","?","R","M","M","R","B",null,"M","$","$","?","M","R","?","E","T","M"],"character_chosen":"IRONCLAD","items_purchased":["Happy Flower","Spot Weakness","Whirlwind"],"campfire_rested":0,"item_purchase_floors":[5,19,20],"current_hp_per_floor":[78,78,75,64,64,64,70,76,76,67,67,67,73,68,68,60,75,53,53,53,38,43,43,35,22,22,0,0],"gold":504,"neow_bonus":"THREE_ENEMY_KILL","is_daily":false,"chose_seed":false,"campfire_upgraded":4,"win_rate":0.0,"timestamp":1607649720,"path_taken":["M","?","?","?","$","R","E","M","T","E","?","R","M","M","R","BOSS","M","?","$","?","M","R","?","E","T","M"],"items_purchased_type":["Relic","Card","Card"],"build_version":"2020-11-30","purchased_purges":1,"victory":false,"max_hp_per_floor":[80,80,80,80,80,80,80,80,80,80,80,80,80,80,80,80,80,80,80,80,85,85,85,85,85,85,85,85],"relic_stats":{"Happy Flower":[12],"counters":[11,38],"Self Forming Clay":[51],"Mummified Hand":[1],"PreservedInsect":72,"obtain_stats":[{"NeowsBlessing":0,"Happy Flower":5,"Self Forming Clay":10,"Mummified Hand":25,"PreservedInsect":3,"Coffee Dripper":17,"Burning Blood":0,"Toy Ornithopter":7,"InkBottle":9,"Old Coin":26},{"NeowsBlessing":0,"Happy Flower":1,"Self Forming Clay":4,"Mummified Hand":10,"PreservedInsect":1,"Coffee Dripper":7,"Burning Blood":0,"Toy Ornithopter":2,"InkBottle":3,"Old Coin":10},{"NeowsBlessing":0,"Happy Flower":1,"Self Forming Clay":10,"Mummified Hand":35,"PreservedInsect":1,"Coffee Dripper":25,"Burning Blood":0,"Toy Ornithopter":2,"InkBottle":3,"Old Coin":35}],"Burning Blood":60,"Toy Ornithopter":10,"InkBottle":[8]},"card_choices":[{"not_picked":["Dual Wield","Sword Boomerang"],"picked":"Searing Blow","floor":1},{"not_picked":["Perfected Strike","Heavy Blade"],"picked":"Pommel Strike","floor":7},{"not_picked":["Carnage","Body Slam"],"picked":"Pommel Strike","floor":8},{"not_picked":["Heavy Blade","Anger"],"picked":"Headbutt","floor":10},{"not_picked":["Wild Strike","Perfected Strike"],"picked":"Armaments","floor":13},{"not_picked":["Rampage","Barricade","Sword Boomerang"],"picked":"SKIP","floor":14},{"not_picked":["Double Tap","Fiend Fire"],"picked":"Demon Form","floor":16},{"not_picked":["Pommel Strike","Armaments"],"picked":"Flex+1","floor":18},{"not_picked":["Metallicize+1","Rage"],"picked":"Spot Weakness+1","floor":22},{"not_picked":["Entrench+1","Warcry"],"picked":"Armaments","floor":25}],"player_experience":254204,"relics_obtained":[{"floor":7,"key":"Toy Ornithopter"},{"floor":9,"key":"InkBottle"},{"floor":10,"key":"Self Forming Clay"},{"floor":25,"key":"Mummified Hand"},{"floor":26,"key":"Old Coin"}],"event_choices":[{"damage_healed":0,"gold_gain":0,"player_choice":"Leave","damage_taken":0,"max_hp_gain":0,"max_hp_loss":0,"event_name":"The Cleric","floor":2,"gold_loss":0},{"damage_healed":0,"gold_gain":0,"player_choice":"Success","damage_taken":3,"relics_obtained":["PreservedInsect"],"max_hp_gain":0,"max_hp_loss":0,"event_name":"Scrap Ooze","floor":3,"gold_loss":0},{"damage_healed":0,"gold_gain":75,"player_choice":"Gather Gold","damage_taken":11,"max_hp_gain":0,"max_hp_loss":0,"event_name":"World of Goop","floor":4,"gold_loss":0},{"cards_removed":["Strike_R"],"damage_healed":0,"gold_gain":0,"player_choice":"Offered Basic","damage_taken":0,"max_hp_gain":0,"max_hp_loss":0,"event_name":"Bonfire Elementals","floor":11,"gold_loss":0},{"damage_healed":0,"gold_gain":0,"player_choice":"Shed Blood","damage_taken":20,"max_hp_gain":5,"max_hp_loss":0,"event_name":"Forgotten Altar","floor":21,"gold_loss":0},{"damage_healed":0,"gold_gain":75,"player_choice":"Touch","damage_taken":8,"max_hp_gain":0,"max_hp_loss":0,"event_name":"FaceTrader","floor":24,"gold_loss":0}],"is_beta":false,"boss_relics":[{"not_picked":["Runic Dome","Sozu"],"picked":"Coffee Dripper"}],"items_purged_floors":[19],"is_endless":false,"potions_floor_spawned":[1,10],"killed_by":"Snake Plant","ascension_level":6}}