{"host":"pvrgpaf3ayyxxis3","time":1607685645,"event":{"mods":["2.2 Compatiblity","AchievementEnabler","Act Like it!","Ascension Unlocker","Aspiration","BaseMod","Better Note","Better Vampires","Better-Laid Plans","BetterRewards","Colored Map","Colored Powertips","Conspire","Downfall","Friendly Minions","GifTheSpireLib","Halation","Hallownest","Hermit","Hubris","Infinite Spire","Marisa????????","Mimic Mod","Minty Spire (QoL Compilation)","Permanent Neow","Random Character Button","Random Character Mod","Rare Cards Sparkle","Replay The Spire","Robot Space Explorer","SOS???????","Shop Mod","StSLib","The Bug Knight","The Construct","The Cursed","The IronCluck","The Jungle","The Runesmith","The Servant 0.9.4","Uncapped","everything is the same but u backflip on backflip","vexMod","???Mod??????Boss"],"gold_per_floor":[115,126,139,139,139,139,154,154,183,183,183,45,55,72,72,134,134,134,134],"floor_reached":18,"playtime":1077,"items_purged":[],"score":112,"play_id":"702a5d59-0fb4-4e7c-8dc8-2745bbe3be7c","local_time":"20201211112045","is_ascension_mode":false,"campfire_choices":[{"data":"RobotSpaceExplorer:PowerGlove","floor":8,"key":"SMITH"},{"data":"RobotSpaceExplorer:ChargingLaser","floor":17,"key":"SMITH"}],"circlet_count":0,"master_deck":["RobotSpaceExplorer:Strike","RobotSpaceExplorer:Strike","RobotSpaceExplorer:Strike","RobotSpaceExplorer:Strike","RobotSpaceExplorer:Defend","RobotSpaceExplorer:Defend","RobotSpaceExplorer:Defend","RobotSpaceExplorer:Defend","RobotSpaceExplorer:Scan","RobotSpaceExplorer:MiniLasers","Swift Strike","RobotSpaceExplorer:SurgingStrike","RobotSpaceExplorer:PowerGlove+1","RobotSpaceExplorer:SurgingShield","RobotSpaceExplorer:ShockKick","RobotSpaceExplorer:MetalStrike","RobotSpaceExplorer:ChargingLaser+1","RobotSpaceExplorer:MiniBoosters","RobotSpaceExplorer:StarLightning","Delirium"],"relics":["RobotSpaceExplorer:RoboCore","halation:PurpleSoulGem","hubris:SphereOfDissonance","Hallownest:DreamNailRelic","infinitespire:FocusingShard","Ring of Searing"],"acts_visited":["Hallownest:Greenpath"],"potions_floor_usage":[],"damage_taken":[{"damage":12,"enemies":"Hallownest:2_Tiktiks_and_1_Crawlid","floor":1,"turns":3},{"damage":5,"enemies":"Hallownest:2_Baldur","floor":2,"turns":3},{"damage":1,"enemies":"Hallownest:2_MossCreeps","floor":3,"turns":4},{"damage":3,"enemies":"Hallownest:MossCreep_and_Mosskin","floor":7,"turns":5},{"damage":13,"enemies":"Hallownest:eliteMossKnight","floor":9,"turns":4},{"damage":11,"enemies":"Hallownest:2_Tiktiks_1_Baldur_1_Crawlid","floor":13,"turns":4},{"damage":0,"enemies":"Hallownest:monsterMossCharger","floor":14,"turns":2},{"damage":37,"enemies":"Hallownest:BossHornet","floor":18,"turns":4}],"seed_played":"-7501518854770718469","potions_obtained":[{"floor":1,"key":"Adrenaline Potion"},{"floor":3,"key":"Venom Potion"}],"is_trial":false,"path_per_floor":["M","M","M","?","PTL","PTL","M","R","E","?","T","$","M","M","?","?","R_BF","B"],"character_chosen":"RobotSpaceExplorer","items_purchased":["RobotSpaceExplorer:ChargingLaser"],"campfire_rested":0,"item_purchase_floors":[12],"current_hp_per_floor":[63,58,57,57,57,57,54,54,41,41,41,41,30,30,30,30,30,0,0],"gold":134,"neow_bonus":"RANDOM_COLORLESS","is_daily":false,"chose_seed":false,"campfire_upgraded":2,"win_rate":0.0,"timestamp":1607685645,"path_taken":["M","M","?","?","PTL","PTL","M","R","E","?","T","$","?","M","?","?","R_BF","BOSS"],"items_purchased_type":["Card"],"build_version":"2020-11-30","purchased_purges":0,"victory":false,"max_hp_per_floor":[75,75,75,75,75,75,75,75,75,75,75,75,75,75,75,75,75,75,75],"card_choices":[{"not_picked":["Replay:SS_fish_3","Panacea"],"picked":"Swift Strike","floor":0},{"not_picked":["RobotSpaceExplorer:FrostMissile","RobotSpaceExplorer:SelfCleaning"],"picked":"RobotSpaceExplorer:SurgingStrike","floor":1},{"not_picked":["RobotSpaceExplorer:Counterblock","RobotSpaceExplorer:ShockKick"],"picked":"RobotSpaceExplorer:PowerGlove","floor":2},{"not_picked":["RobotSpaceExplorer:SelfCleaning","RobotSpaceExplorer:ScrapShield"],"picked":"RobotSpaceExplorer:SurgingShield","floor":3},{"not_picked":["RobotSpaceExplorer:SlimeMissile","RobotSpaceExplorer:SelfCleaning"],"picked":"RobotSpaceExplorer:ShockKick","floor":7},{"not_picked":["RobotSpaceExplorer:SurgingShield","RobotSpaceExplorer:SlimeMissile"],"picked":"RobotSpaceExplorer:MetalStrike","floor":9},{"not_picked":["RobotSpaceExplorer:StarDust","RobotSpaceExplorer:Pulsar"],"picked":"RobotSpaceExplorer:MiniBoosters","floor":13},{"not_picked":["RobotSpaceExplorer:SlimeMissile","RobotSpaceExplorer:Counterblock"],"picked":"RobotSpaceExplorer:StarLightning","floor":14}],"player_experience":14014,"relics_obtained":[{"floor":9,"key":"hubris:SphereOfDissonance"},{"floor":11,"key":"infinitespire:FocusingShard"},{"floor":15,"key":"Ring of Searing"}],"event_choices":[],"is_beta":false,"boss_relics":[],"items_purged_floors":[],"is_endless":false,"potions_floor_spawned":[1,3,13],"killed_by":"Hallownest:BossHornet","ascension_level":0}}