{"host":"htqwg582tjjtn9p7","time":1607709823,"event":{"mods":["2.2 Compatiblity","AchievementEnabler","Act Like it!","Aspiration","BaseMod","Better Third Choice","Colored Map","Conspire","Curses Come First","Displayed Cursed Tome","Energized Spire","Force Act Four","GifTheSpireLib","Hermit","Highlight Path","JesterMod","Mad Scientist","Minty Spire (QoL Compilation)","Pale of the Ancients","Permanent Neow","Random Character Button","Relic Stats","Replay The Spire","Robot Space Explorer","Somnambulant","Spicy Shops","Spikes Relics","StSLib","Stuff the Spire","The Blue Laboratory","The Disciple","The Dragon Tamer","The Forsaken","The Gatherer","The Judge","The Jungle","The Runesmith","The Servant 0.9.4"],"gold_per_floor":[115,115,130,145,145,145,172,172,172,207,207,222,241,259,259,331,331,317,317,331,331,331],"floor_reached":21,"playtime":1037,"items_purged":[],"score":334,"play_id":"1489546e-027d-4114-a5bb-2d0b307465bc","local_time":"20201211190343","is_ascension_mode":true,"campfire_choices":[{"data":"Disarm","floor":6,"key":"SMITH"},{"floor":8,"key":"REST"},{"floor":11,"key":"REST"},{"floor":15,"key":"REST"}],"circlet_count":0,"master_deck":["AscendersBane","Strike_R","Strike_R","Strike_R","Defend_R","Defend_R","Defend_R","Bash","Disarm+1","ReplayTheSpireMod:Limb From Limb","BarbarianYell+1","True Grit","Anger","Corruption","Shrug It Off","conspire:Purge","Burning Pact","Shrug It Off"],"relics":["aspiration:RunicSpoon","StuffTheSpire:Experiment12","MiniBlackHole","PreservedInsect","SlaversCollar","Shovel"],"acts_visited":["Exordium","TheCity"],"potions_floor_usage":[7,7,10,16],"damage_taken":[{"damage":10,"enemies":"Small Slimes","floor":1,"turns":7},{"damage":0,"enemies":"conspire:RoseBush","floor":3,"turns":9},{"damage":11,"enemies":"Jaw Worm","floor":4,"turns":5},{"damage":22,"enemies":"Gremlin Nob","floor":7,"turns":4},{"damage":35,"enemies":"3 Sentries","floor":10,"turns":12},{"damage":11,"enemies":"Red Slaver","floor":12,"turns":5},{"damage":7,"enemies":"Exordium Thugs","floor":13,"turns":5},{"damage":0,"enemies":"Exordium Wildlife","floor":14,"turns":5},{"damage":26,"enemies":"The Guardian","floor":16,"turns":8},{"damage":24,"enemies":"2 Thieves","floor":18,"turns":4},{"damage":31,"enemies":"Spheric Guardian","floor":20,"turns":5},{"damage":18,"enemies":"Cultist and Chosen","floor":21,"turns":4}],"seed_played":"-7984834996274147930","potions_obtained":[{"floor":2,"key":"Doom Potion"},{"floor":2,"key":"ElixirPotion"},{"floor":3,"key":"Strength Potion"},{"floor":4,"key":"blueLaboratory:IronCompound"},{"floor":7,"key":"Regen Potion"},{"floor":12,"key":"PowerPotion"},{"floor":14,"key":"blueLaboratory:AbyssPotion"},{"floor":20,"key":"Languid Potion"}],"is_trial":false,"path_per_floor":["M","?","M","M","?","R","E","R","T","E","R","M","M","M","R","B",null,"M","?","M","M"],"character_chosen":"IRONCLAD","items_purchased":[],"campfire_rested":3,"item_purchase_floors":[],"current_hp_per_floor":[58,58,58,47,47,47,25,47,47,27,49,38,31,31,53,27,63,39,39,8,0,0],"gold":331,"neow_bonus":"BOSS_RELIC","is_daily":false,"chose_seed":false,"campfire_upgraded":1,"win_rate":0.0,"timestamp":1607709823,"path_taken":["M","?","M","?","?","R","E","R","T","E","R","M","M","M","R","BOSS","M","?","?","M"],"items_purchased_type":[],"build_version":"2020-11-30","purchased_purges":0,"victory":false,"max_hp_per_floor":[75,75,75,75,75,75,75,75,75,75,75,75,75,75,75,75,75,75,75,75,75,75],"relic_stats":{"Shovel":0,"counters":[12,73],"aspiration:RunicSpoon":[75],"PreservedInsect":0,"obtain_stats":[{"StuffTheSpire:Experiment12":7,"SlaversCollar":17,"Shovel":19,"aspiration:RunicSpoon":0,"MiniBlackHole":9,"PreservedInsect":10,"Burning Blood":0},{"StuffTheSpire:Experiment12":4,"SlaversCollar":9,"Shovel":10,"aspiration:RunicSpoon":0,"MiniBlackHole":4,"PreservedInsect":5,"Burning Blood":0},{"StuffTheSpire:Experiment12":25,"SlaversCollar":60,"Shovel":64,"aspiration:RunicSpoon":0,"MiniBlackHole":25,"PreservedInsect":37,"Burning Blood":0}]},"card_choices":[{"not_picked":["Clash","Replay:Undeath\u0027s Touch"],"picked":"Disarm","floor":1},{"not_picked":["Entrench","Iron Wave"],"picked":"ReplayTheSpireMod:Limb From Limb","floor":3},{"not_picked":["Intimidate","Clash","ReplayTheSpireMod:Strike From Hell"],"picked":"SKIP","floor":4},{"not_picked":["Replay:Undeath\u0027s Touch","Sword Boomerang"],"picked":"True Grit","floor":7},{"not_picked":["Flex","Second Wind"],"picked":"Anger","floor":10},{"not_picked":["Thunderclap","StuffTheSpire:BloodClot"],"picked":"Corruption","floor":12},{"not_picked":["Havoc","Pommel Strike"],"picked":"Shrug It Off","floor":13},{"not_picked":["ReplayTheSpireMod:Strike From Hell","Sword Boomerang","Thunderclap"],"picked":"SKIP","floor":14},{"not_picked":["Immolate","Replay:Many Hands"],"picked":"conspire:Purge","floor":16},{"not_picked":["Flex+1","Bloodletting"],"picked":"Burning Pact","floor":18},{"not_picked":["Thunderclap+1","Pommel Strike+1"],"picked":"Shrug It Off","floor":20}],"player_experience":1651720,"relics_obtained":[{"floor":7,"key":"StuffTheSpire:Experiment12"},{"floor":9,"key":"MiniBlackHole"},{"floor":10,"key":"PreservedInsect"}],"event_choices":[{"damage_healed":0,"gold_gain":0,"player_choice":"Got Potions","damage_taken":0,"max_hp_gain":0,"max_hp_loss":0,"event_name":"Lab","floor":2,"gold_loss":0},{"damage_healed":0,"gold_gain":0,"player_choice":"Gave Potion","damage_taken":0,"relics_obtained":["Shovel"],"max_hp_gain":0,"max_hp_loss":0,"event_name":"WeMeetAgain","floor":19,"gold_loss":0}],"is_beta":false,"boss_relics":[{"not_picked":["Runic Cube","Replay:Drink Me"],"picked":"SlaversCollar"}],"items_purged_floors":[],"is_endless":false,"potions_floor_spawned":[3,4,7,12,14,20],"killed_by":"Cultist and Chosen","ascension_level":15}}