{"host":"nk1hwk2qadwaubm5","time":1607704002,"event":{"mods":["BaseMod","Hermit","Infinite Spire","Minty Spire (QoL Compilation)","Replay The Spire","StSLib","The Cursed","The Jungle","The Servant 0.9.4"],"gold_per_floor":[109,109,123,137,247,264,289,62,62,62,62,138,138,138,138,269,269,299,574,574,624,652,652,652],"floor_reached":23,"playtime":1332,"items_purged":["hermit:CursedWeapon"],"score":197,"play_id":"e15323d5-dbb1-4181-aad7-96ec7aa39c29","local_time":"20201211172642","is_ascension_mode":false,"campfire_choices":[{"data":"hermit:Maintenance","floor":11,"key":"SMITH"},{"data":"hermit:DeadOrAlive","floor":13,"key":"SMITH"},{"data":"hermit:Snapshot","floor":15,"key":"SMITH"}],"circlet_count":0,"master_deck":["hermit:Strike_Hermit","hermit:Strike_Hermit","hermit:Strike_Hermit","hermit:Strike_Hermit","hermit:Defend_Hermit","hermit:Defend_Hermit","hermit:Defend_Hermit","hermit:Defend_Hermit","hermit:Snapshot+1","hermit:Covet","hermit:Maintenance+1","hermit:Deadeye","hermit:DeadOrAlive+1","Double Tap","Regret"],"relics":["hermit:Momento","NeowsBlessing","Dream Catcher","Replay:Baseball","Replay:WaspNest","Orrery","Strawberry","Golden Idol","infinitespire:FocusingShard","PrismaticShard","Philosopher\u0027s Stone","Juzu Bracelet"],"acts_visited":["Exordium","Exordium"],"potions_floor_usage":[7,7],"damage_taken":[{"damage":0,"enemies":"Jaw Worm","floor":1,"turns":1},{"damage":0,"enemies":"infinitespire:Voidling","floor":3,"turns":1},{"damage":0,"enemies":"Small Slimes","floor":4,"turns":2},{"damage":4,"enemies":"Blue Slaver","floor":6,"turns":4},{"damage":8,"enemies":"Gremlin Nob","floor":7,"turns":3},{"damage":19,"enemies":"3 Sentries","floor":12,"turns":8},{"damage":36,"enemies":"Fading Forest","floor":16,"turns":11},{"damage":18,"enemies":"theJungle:GiantWrat","floor":18,"turns":5},{"damage":5,"enemies":"Shell Parasite","floor":22,"turns":3},{"damage":49,"enemies":"theJungle:MamaSnecko","floor":23,"turns":4}],"seed_played":"4806376496585651593","potions_obtained":[{"floor":1,"key":"Toxic Potion"},{"floor":4,"key":"DuplicationPotion"},{"floor":6,"key":"Fire Potion"},{"floor":7,"key":"Milkshake"}],"is_trial":false,"path_per_floor":["M","?","M","M","?","M","E","$","T","?","R","E","R","?","R","B",null,"M","?","AVR","?","M","E"],"character_chosen":"HERMIT","items_purchased":["Orrery"],"campfire_rested":0,"item_purchase_floors":[8],"current_hp_per_floor":[75,75,75,75,57,53,45,45,52,52,52,33,33,33,33,7,76,58,58,58,48,43,0,0],"gold":652,"neow_bonus":"THREE_ENEMY_KILL","is_daily":false,"chose_seed":false,"campfire_upgraded":3,"win_rate":0.0,"timestamp":1607704002,"path_taken":["M","?","M","?","?","M","E","$","T","?","R","E","R","?","R","BOSS","M","?","AVR","?","M","E"],"items_purchased_type":["Relic"],"build_version":"2020-11-30","purchased_purges":1,"victory":false,"max_hp_per_floor":[75,75,75,75,75,75,75,75,82,76,76,76,76,76,76,76,76,76,76,76,76,76,76,76],"card_choices":[{"not_picked":["hermit:LuckOfTheDraw","hermit:Roulette"],"picked":"hermit:Maintenance","floor":1},{"not_picked":["hermit:WideOpen","hermit:ShadowCloak","hermit:Vantage"],"picked":"SKIP","floor":3},{"not_picked":["hermit:Headshot","hermit:Roulette","hermit:NoHoldsBarred"],"picked":"SKIP","floor":4},{"not_picked":["hermit:Cheat","hermit:Headshot"],"picked":"hermit:Deadeye","floor":6},{"not_picked":["hermit:Reprieve","hermit:GhostlyPresence","hermit:SprayPray"],"picked":"SKIP","floor":7},{"not_picked":["hermit:HighCaliber","hermit:Misfire"],"picked":"hermit:DeadOrAlive","floor":8},{"not_picked":["hermit:Vantage","hermit:SprayPray"],"picked":"hermit:CursedWeapon","floor":8},{"not_picked":["hermit:GoldenBullet","hermit:ItchyTrigger","hermit:HighCaliber"],"picked":"SKIP","floor":12},{"not_picked":["TheCursedMod:DarkBarrier","DevaForm"],"picked":"Double Tap","floor":16},{"not_picked":["Prepared","ReplayTheSpireMod:Exploit Weakness+1","hermit:Quickdraw"],"picked":"SKIP","floor":18},{"not_picked":["Sucker Punch","Compile Driver","TheCursedMod:VitalStrike"],"picked":"SKIP","floor":22}],"player_experience":123233,"relics_obtained":[{"floor":5,"key":"Replay:Baseball"},{"floor":7,"key":"Replay:WaspNest"},{"floor":9,"key":"Strawberry"},{"floor":12,"key":"infinitespire:FocusingShard"}],"event_choices":[{"damage_healed":0,"gold_gain":0,"player_choice":"Gave Potion","damage_taken":0,"relics_obtained":["Dream Catcher"],"max_hp_gain":0,"max_hp_loss":0,"event_name":"WeMeetAgain","floor":2,"gold_loss":0},{"damage_healed":0,"gold_gain":0,"player_choice":"Lose Max HP","damage_taken":0,"relics_obtained":["Golden Idol"],"max_hp_gain":0,"max_hp_loss":6,"event_name":"Golden Idol","floor":10,"gold_loss":0},{"damage_healed":0,"gold_gain":275,"player_choice":"Desecrate","damage_taken":0,"max_hp_gain":0,"max_hp_loss":0,"event_name":"Golden Shrine","floor":19,"gold_loss":0,"cards_obtained":["Regret"]}],"is_beta":false,"boss_relics":[{"not_picked":["ReplayTheSpireMod:SealedPack","Coffee Dripper"],"picked":"Philosopher\u0027s Stone"}],"items_purged_floors":[8],"is_endless":false,"potions_floor_spawned":[1,4,6,7],"killed_by":"theJungle:MamaSnecko","ascension_level":0}}