{"host":"f7oa3d5f3fx74imu","time":1607723286,"event":{"mods":["AchievementEnabler","Aspiration","BaseMod","Better Altar","Better Third Choice","BetterRewards","Conspire","Downfall","Hubris","Infinite Spire","Lobotomy","Minty Spire (QoL Compilation)","Replay The Spire","Shop Mod","Spicy Shops","StSLib"],"gold_per_floor":[116,131,71,71,238,273,273,300,325,356,370,390,400,400,400,498,498,509,528,528,618,636,667,667,667],"floor_reached":24,"playtime":1663,"items_purged":["Strike_B","BlackArmy"],"score":453,"play_id":"5217a23e-0317-49ec-b414-c2bad1e6b083","local_time":"20201211134806","is_ascension_mode":true,"campfire_choices":[{"floor":7,"key":"REST"},{"floor":15,"key":"REST"}],"circlet_count":0,"master_deck":["Strike_B","Strike_B+1","Strike_B","Defend_B","Defend_B","Defend_B","Zap","MHz","Panic Button","DespairKnight","Sunder+1","Echo Form","Apotheosis","Heatsinks","Sweeping Beam","Hologram","FairyFestival","Go for the Eyes","LongBird","Genetic Algorithm","Beam Cell","Laetitia","Gash","WhitesApple","Conserve Battery","VoidDream","Cold Snap","Bash","Parasite","PunishingBird","Core Surge","BigBadWolf","Hologram+1","Parasite","Alriune","Electrodynamics","AbeCurse","expansioncontent:ManipulateTime","Glacier+1","Parasite"],"relics":["CogitoBucket","hubris:EmptyBottle","Replay:Bottled Snecko","MerchantsRug","Replay:Bottled Flurry","Geode","Whetstone","Chemical X","infinitespire:Freezer","Mercury Hourglass","Replay:Wax Seal","infinitespire:Bottled Soul","Bottled Flame","Snack Pack","ReplayTheSpireMod:Lightbulb","Ancient Tea Set","AdjustmentMirror","Iron Core","hubris:Backtick","Mummified Hand","SkinProphecy","Abe\u0027s Treasure","infinitespire:Lychee Nut","Vajra"],"acts_visited":["Exordium","TheCity"],"potions_floor_usage":[10,16,16,23,23,23],"damage_taken":[{"damage":13,"enemies":"Jaw Worm","floor":1,"turns":4},{"damage":6,"enemies":"Cultist","floor":2,"turns":4},{"damage":23,"enemies":"Gremlin Nob","floor":6,"turns":3},{"damage":15,"enemies":"3 Sentries","floor":8,"turns":4},{"damage":2,"enemies":"Gremlin Nob","floor":10,"turns":3},{"damage":27,"enemies":"2 Louse","floor":11,"turns":3},{"damage":0,"enemies":"Gremlin Gang","floor":12,"turns":3},{"damage":0,"enemies":"2 Fungi Beasts","floor":13,"turns":2},{"damage":91,"enemies":"Fading Forest","floor":16,"turns":11},{"damage":11,"enemies":"2 Thieves","floor":18,"turns":3},{"damage":96,"enemies":"Spheric Guardian","floor":19,"turns":5},{"damage":0,"enemies":"3 Cultists","floor":22,"turns":3},{"damage":18,"enemies":"Replay:Snechameleon","floor":23,"turns":3},{"damage":30,"enemies":"Centurion and Healer","floor":24,"turns":5}],"seed_played":"7128395436750038073","potions_obtained":[{"floor":1,"key":"Regen Potion"},{"floor":2,"key":"Strength Potion"},{"floor":6,"key":"Venom Potion"},{"floor":22,"key":"ColorlessPotion"}],"is_trial":false,"path_per_floor":["M","M","$","?","$","E","R","E","T","E","M","M","M","?","R","B",null,"M","M","AVR","?","M","E","M"],"character_chosen":"DEFECT","items_purchased":["hubris:EmptyBottle","Echo Form","Replay:Bottled Snecko","MerchantsRug","Apotheosis","Replay:Bottled Flurry","Geode","Whetstone","Chemical X","infinitespire:Freezer","Mercury Hourglass","Replay:Wax Seal","infinitespire:Bottled Soul","Heatsinks","Sweeping Beam","Hologram"],"campfire_rested":2,"item_purchase_floors":[3,3,3,3,3,3,3,3,5,5,5,5,5,5,5,5],"current_hp_per_floor":[55,49,49,49,49,26,48,35,35,35,10,14,16,16,38,32,64,57,42,42,24,29,18,0,0],"gold":667,"neow_bonus":"","is_daily":false,"chose_seed":false,"campfire_upgraded":0,"win_rate":0.0,"timestamp":1607723286,"path_taken":["M","M","$","?","?","E","R","E","T","E","M","M","?","?","R","BOSS","M","M","AVR","?","?","E","M"],"items_purchased_type":["Relic","Card","Relic","Relic","Card","Relic","Relic","Relic","Relic","Relic","Relic","Relic","Relic","Card","Card","Card"],"build_version":"2020-11-30","purchased_purges":2,"victory":false,"max_hp_per_floor":[75,75,75,75,75,75,75,75,75,75,75,75,75,75,75,75,75,75,75,56,56,58,60,62,62],"card_choices":[{"not_picked":["BeautyBeast","Scorched"],"picked":"MHz","floor":1},{"not_picked":["Redo","hubris:PowerSurge"],"picked":"Panic Button","floor":1},{"not_picked":["WallGazer","OldLady"],"picked":"DespairKnight","floor":2},{"not_picked":["ReplayTheSpireMod:GoodbyeWorld","Panic Button"],"picked":"Sunder","floor":2},{"not_picked":["CherryBlossoms","PunishingBird"],"picked":"FairyFestival","floor":6},{"not_picked":["Tempest","hubris:Ukulele"],"picked":"Go for the Eyes","floor":6},{"not_picked":["CrumblingArmor","LittleHelper"],"picked":"LongBird","floor":8},{"not_picked":["ReplayTheSpireMod:Repulse","Panic Button"],"picked":"Genetic Algorithm","floor":8},{"not_picked":["Murderer","BeautyBeast"],"picked":"BlackArmy","floor":10},{"not_picked":["Compile Driver","Ball Lightning"],"picked":"Beam Cell","floor":10},{"not_picked":["Murderer","CrumblingArmor"],"picked":"Laetitia","floor":11},{"not_picked":["Turbo","ReplayTheSpireMod:Calculation Training"],"picked":"Gash","floor":11},{"not_picked":["CherryBlossoms","CrumblingArmor"],"picked":"WhitesApple","floor":12},{"not_picked":["Steam","Storm"],"picked":"Conserve Battery","floor":12},{"not_picked":["BlackSwan","CrumblingArmor"],"picked":"VoidDream","floor":13},{"not_picked":["Redo","conspire:SharedLibrary"],"picked":"Cold Snap","floor":13},{"not_picked":["Scorched","GalaxyChild"],"picked":"PunishingBird","floor":16},{"not_picked":["Fission","Reboot"],"picked":"Core Surge","floor":16},{"not_picked":["ShyLook","UniverseFragment"],"picked":"BigBadWolf","floor":18},{"not_picked":["Crystallizer","Coolheaded"],"picked":"Hologram+1","floor":18},{"not_picked":["Funeral","RedShoes"],"picked":"Alriune","floor":19},{"not_picked":["Beam Cell","Streamline"],"picked":"Electrodynamics","floor":19},{"not_picked":["Turbo+1","Biased Cognition","Go for the Eyes"],"picked":"SKIP","floor":22},{"not_picked":["Coolheaded","Static Discharge"],"picked":"Glacier+1","floor":23}],"player_experience":210217,"relics_obtained":[{"floor":6,"key":"Bottled Flame"},{"floor":8,"key":"Snack Pack"},{"floor":9,"key":"ReplayTheSpireMod:Lightbulb"},{"floor":10,"key":"Ancient Tea Set"},{"floor":23,"key":"Vajra"}],"event_choices":[{"cards_removed":["Defend_B"],"damage_healed":0,"gold_gain":0,"player_choice":"Purged","damage_taken":0,"max_hp_gain":0,"max_hp_loss":0,"event_name":"Purifier","floor":4,"gold_loss":0},{"damage_healed":0,"gold_gain":90,"player_choice":"CARD GOLD ","damage_taken":18,"max_hp_gain":0,"max_hp_loss":0,"event_name":"Knowing Skull","floor":21,"potions_obtained":[],"gold_loss":0,"cards_obtained":["expansioncontent:ManipulateTime"]}],"is_beta":false,"boss_relics":[{"not_picked":["SacredBark","Philosopher\u0027s Stone"],"picked":"hubris:Backtick"}],"items_purged_floors":[3,20],"is_endless":false,"potions_floor_spawned":[1,2,6,12,13,22],"killed_by":"Centurion and Healer","ascension_level":9}}