{"host":"hahe3lxotqh08ugn","time":1607726323,"event":{"mods":["AchievementEnabler","BaseMod","Googly Eyes","Hermit","Minty Spire (QoL Compilation)","Quick Restart","StSLib","The Cursed","The Hierophant"],"gold_per_floor":[118,136,21,21,21,31,31,59,59,89,103,117,117,149,149,247,247,258,258,276,64,80,80,96,108,108,108,126,225,28,28,28,128,128,143,156,206,0,15,48,48,78,132,132,159,18,28,4,4,4],"floor_reached":51,"playtime":5375,"items_purged":["TheCursedMod:Strike_TheCursed","TheCursedMod:Strike_TheCursed","TheCursedMod:Defend_TheCursed"],"score":710,"play_id":"3f3f5ae1-a9cd-40aa-ab89-3a4e689e2a6f","local_time":"20201211173843","is_ascension_mode":false,"campfire_choices":[{"floor":13,"key":"REST"},{"floor":15,"key":"REST"},{"data":"TheCursedMod:StingEye","floor":23,"key":"SMITH"},{"data":"TheCursedMod:SpitefulPlan","floor":27,"key":"SMITH"},{"data":"TheCursedMod:LuckyCharm","floor":32,"key":"SMITH"},{"floor":44,"key":"REST"},{"floor":49,"key":"REST"}],"circlet_count":0,"master_deck":["TheCursedMod:Defend_TheCursed","TheCursedMod:Defend_TheCursed+1","TheCursedMod:Defend_TheCursed","TheCursedMod:CursedWand+1","TheCursedMod:CleanUpWorkshop+1","TheCursedMod:Dregs","TheCursedMod:Stretching","TheCursedMod:Wield","TheCursedMod:StingEye+1","TheCursedMod:CursedBlade","TheCursedMod:Stigma","TheCursedMod:SmokeScreen+1","TheCursedMod:LuckyCharm+1","TheCursedMod:WearCloak+1","TheCursedMod:CircleOfAbyss+1","TheCursedMod:HellfireBreathing+1","TheCursedMod:CircleOfBlood+1","TheCursedMod:SpitefulPlan+1","TheCursedMod:Mangle","TheCursedMod:Obscuration+1","TheCursedMod:CircleOfFlame+1","TheCursedMod:SpitefulPray+1","TheCursedMod:CircleOfCorruption+1","TheCursedMod:Mangle","TheCursedMod:NeowsMight+1","TheCursedMod:Stigma","TheCursedMod:Torture+1","TheCursedMod:AshesToAshes+1","TheCursedMod:Grudge+1","TheCursedMod:CircleOfBlood+1","TheCursedMod:SpitefulPlan","TheCursedMod:Torture+1","TheCursedMod:CursedSpellbook+1"],"relics":["TheCursedMod:BlackMagicAdvanced","Odd Mushroom","Toxic Egg 2","Question Card","PreservedInsect","TheCursedMod:OminousMark","Bottled Lightning","Ice Cream","Red Mask","Centennial Puzzle","Omamori","Blood Vial","Dream Catcher"],"acts_visited":["Exordium","TheCity","TheBeyond"],"potions_floor_usage":[16,20,33,33,40,47],"damage_taken":[{"damage":0,"enemies":"2 Louse","floor":1,"turns":4},{"damage":0,"enemies":"Small Slimes","floor":2,"turns":6},{"damage":0,"enemies":"Cultist","floor":6,"turns":3},{"damage":8,"enemies":"The Mushroom Lair","floor":8,"turns":3},{"damage":0,"enemies":"Looter","floor":11,"turns":4},{"damage":0,"enemies":"3 Louse","floor":12,"turns":3},{"damage":16,"enemies":"Gremlin Nob","floor":14,"turns":5},{"damage":34,"enemies":"Hexaghost","floor":16,"turns":12},{"damage":6,"enemies":"Spheric Guardian","floor":18,"turns":7},{"damage":0,"enemies":"2 Thieves","floor":20,"turns":4},{"damage":12,"enemies":"3 Cultists","floor":22,"turns":5},{"damage":0,"enemies":"Snake Plant","floor":24,"turns":5},{"damage":0,"enemies":"Centurion and Healer","floor":25,"turns":8},{"damage":26,"enemies":"Sentry and Sphere","floor":28,"turns":8},{"damage":18,"enemies":"Automaton","floor":33,"turns":14},{"damage":13,"enemies":"3 Darklings","floor":35,"turns":5},{"damage":0,"enemies":"Orb Walker","floor":36,"turns":3},{"damage":8,"enemies":"Mind Bloom Boss Battle","floor":37,"turns":8},{"damage":3,"enemies":"Spire Growth","floor":39,"turns":5},{"damage":29,"enemies":"Giant Head","floor":40,"turns":9},{"damage":18,"enemies":"Reptomancer","floor":42,"turns":5},{"damage":30,"enemies":"Nemesis","floor":45,"turns":7},{"damage":1,"enemies":"Transient","floor":47,"turns":5},{"damage":13,"enemies":"Donu and Deca","floor":50,"turns":6}],"seed_played":"4764500967632304244","potions_obtained":[{"floor":6,"key":"Dexterity Potion"},{"floor":8,"key":"SmokeBomb"},{"floor":16,"key":"DuplicationPotion"},{"floor":22,"key":"DuplicationPotion"},{"floor":25,"key":"DuplicationPotion"},{"floor":28,"key":"Block Potion"},{"floor":35,"key":"Dexterity Potion"},{"floor":37,"key":"SmokeBomb"},{"floor":39,"key":"Block Potion"},{"floor":45,"key":"Weak Potion"},{"floor":47,"key":"LiquidMemories"}],"is_trial":false,"path_per_floor":["M","M","$","?","?","M","?","?","T","?","M","M","R","E","R","B",null,"M","?","M","$","M","R","M","M","T","R","M","?","$","?","R","B",null,"M","M","?","?","M","E","?","E","T","R","E","$","M","$","R","B",null],"character_chosen":"THE_CURSED","items_purchased":["TheCursedMod:StingEye","TheCursedMod:SpitefulPlan","TheCursedMod:Mangle","TheCursedMod:Mangle","TheCursedMod:CircleOfBlood+1","TheCursedMod:SpitefulPlan","TheCursedMod:Torture+1"],"campfire_rested":4,"item_purchase_floors":[3,21,21,30,46,46,48],"current_hp_per_floor":[82,82,82,66,59,59,64,56,56,56,56,56,82,66,87,53,87,81,81,81,81,75,75,79,87,87,87,61,61,61,61,61,51,87,82,87,79,79,84,58,58,48,48,74,50,50,63,63,87,86],"gold":4,"neow_bonus":"TEN_PERCENT_HP_BONUS","is_daily":false,"chose_seed":false,"campfire_upgraded":3,"win_rate":0.0,"timestamp":1607726323,"path_taken":["M","M","$","?","?","M","?","?","T","?","M","M","R","E","R","BOSS","M","?","?","$","M","R","M","M","T","R","M","?","$","?","R","BOSS","M","M","?","?","M","E","?","E","T","R","E","?","M","$","R","BOSS"],"items_purchased_type":["Card","Card","Card","Card","Card","Card","Card"],"build_version":"2020-11-30","purchased_purges":3,"victory":true,"max_hp_per_floor":[82,82,82,82,82,82,87,87,87,87,87,87,87,87,87,87,87,87,87,87,87,87,87,87,87,87,87,87,87,87,87,87,87,87,87,87,87,87,87,87,87,87,87,87,87,87,87,87,87,87],"card_choices":[{"not_picked":["TheCursedMod:RavingStaff","TheCursedMod:SpreadPlague"],"picked":"TheCursedMod:Stretching","floor":1},{"not_picked":["TheCursedMod:SaltUponWound","TheCursedMod:VitalStrike"],"picked":"TheCursedMod:Wield","floor":2},{"not_picked":["TheCursedMod:CursedShiv","TheCursedMod:CircleOfWindfury"],"picked":"TheCursedMod:CursedBlade","floor":6},{"not_picked":["TheCursedMod:HellsGateOpen","TheCursedMod:Evocation"],"picked":"TheCursedMod:Stigma","floor":8},{"not_picked":["TheCursedMod:Wield","TheCursedMod:ManaBullet","TheCursedMod:BloodBarrier+1"],"picked":"TheCursedMod:SmokeScreen+1","floor":11},{"not_picked":["TheCursedMod:Stretching+1","TheCursedMod:SaltUponWound+1","TheCursedMod:ManaBullet"],"picked":"TheCursedMod:LuckyCharm","floor":12},{"not_picked":["TheCursedMod:LuckyCharm","TheCursedMod:CursedRelics","TheCursedMod:CursedBoomerang"],"picked":"TheCursedMod:WearCloak+1","floor":14},{"not_picked":["TheCursedMod:AntiAging+1","TheCursedMod:VoidForm","TheCursedMod:DarkBarrier+1"],"picked":"TheCursedMod:CircleOfAbyss+1","floor":16},{"not_picked":["TheCursedMod:SpitefulPlan","TheCursedMod:CursedShiv+1","TheCursedMod:CursedMace+1"],"picked":"TheCursedMod:HellfireBreathing+1","floor":18},{"not_picked":["TheCursedMod:ReleasedKnowledge+1","TheCursedMod:SaltUponWound+1","TheCursedMod:FleshFromBone+1"],"picked":"TheCursedMod:CircleOfBlood+1","floor":20},{"not_picked":["TheCursedMod:WearCloak+1","TheCursedMod:StingEye","TheCursedMod:CursedBlade"],"picked":"TheCursedMod:Obscuration+1","floor":22},{"not_picked":["TheCursedMod:Grudge+1","TheCursedMod:CursedMace","TheCursedMod:ShockAndAwe"],"picked":"TheCursedMod:CircleOfFlame+1","floor":24},{"not_picked":["TheCursedMod:FleshFromBone+1","TheCursedMod:Stretching+1","TheCursedMod:Obscuration+1"],"picked":"TheCursedMod:SpitefulPray+1","floor":25},{"not_picked":["TheCursedMod:SoulCrush","TheCursedMod:TacticalStrike","TheCursedMod:WearCloak+1"],"picked":"TheCursedMod:CircleOfCorruption+1","floor":28},{"not_picked":["TheCursedMod:CursedRelics","TheCursedMod:CircleOfAbyss+1","TheCursedMod:Neurasthenia+1"],"picked":"TheCursedMod:NeowsMight+1","floor":33},{"not_picked":["TheCursedMod:TacticalStrike+1","TheCursedMod:WearCloak+1","TheCursedMod:RapidMovement+1","TheCursedMod:HellsGateOpen+1"],"picked":"SKIP","floor":35},{"not_picked":["TheCursedMod:SoulCrush+1","TheCursedMod:CircleOfFlame+1","TheCursedMod:ReleasedKnowledge+1"],"picked":"TheCursedMod:Stigma","floor":36},{"not_picked":["TheCursedMod:CollectTribute","TheCursedMod:FleshFromBone+1","TheCursedMod:CircleOfFlame+1"],"picked":"TheCursedMod:Torture+1","floor":39},{"not_picked":["TheCursedMod:CursedBoomerang+1","TheCursedMod:SurpriseAttack+1","TheCursedMod:Evocation+1"],"picked":"TheCursedMod:AshesToAshes+1","floor":40},{"not_picked":["TheCursedMod:SpitefulStrike","TheCursedMod:VitalStrike+1","TheCursedMod:FleshFromBone+1"],"picked":"TheCursedMod:Grudge+1","floor":42},{"not_picked":["TheCursedMod:SmokeScreen+1","TheCursedMod:CursedMace+1","TheCursedMod:WearCloak+1","TheCursedMod:ReleasedKnowledge+1"],"picked":"SKIP","floor":45},{"not_picked":["TheCursedMod:ReleasedStrength+1","TheCursedMod:ShockAndAwe","TheCursedMod:BlessingInDisguise+1","TheCursedMod:ManaBullet+1"],"picked":"SKIP","floor":47},{"not_picked":["TheCursedMod:SmokeScreen+1","TheCursedMod:SpitefulPray+1","TheCursedMod:CursedMace+1"],"picked":"TheCursedMod:CursedSpellbook+1","floor":49}],"player_experience":277159,"relics_obtained":[{"floor":8,"key":"Odd Mushroom"},{"floor":9,"key":"Toxic Egg 2"},{"floor":14,"key":"PreservedInsect"},{"floor":26,"key":"Bottled Lightning"},{"floor":37,"key":"Ice Cream"},{"floor":40,"key":"Centennial Puzzle"},{"floor":42,"key":"Omamori"},{"floor":43,"key":"Blood Vial"},{"floor":45,"key":"Dream Catcher"}],"event_choices":[{"damage_healed":0,"gold_gain":0,"player_choice":"Entered Light","damage_taken":16,"max_hp_gain":0,"max_hp_loss":0,"event_name":"Shining Light","floor":4,"gold_loss":0,"cards_upgraded":["TheCursedMod:Defend_TheCursed","TheCursedMod:CursedWand"]},{"cards_removed":["TheCursedMod:Strike_TheCursed"],"damage_healed":0,"gold_gain":0,"player_choice":"Card Removal","damage_taken":7,"max_hp_gain":0,"max_hp_loss":0,"event_name":"Golden Wing","floor":5,"gold_loss":0},{"damage_healed":0,"gold_gain":0,"player_choice":"Donut","damage_taken":0,"max_hp_gain":5,"max_hp_loss":0,"event_name":"Big Fish","floor":7,"gold_loss":0},{"damage_healed":0,"gold_gain":0,"player_choice":"Fought Mushrooms","damage_taken":0,"max_hp_gain":0,"max_hp_loss":0,"event_name":"Mushrooms","floor":8,"gold_loss":0},{"damage_healed":0,"gold_gain":30,"player_choice":"Searched \u00272\u0027 times","damage_taken":0,"relics_obtained":["Question Card"],"max_hp_gain":0,"max_hp_loss":0,"event_name":"Dead Adventurer","floor":10,"gold_loss":0},{"damage_healed":0,"gold_gain":0,"player_choice":"Forge","damage_taken":0,"max_hp_gain":0,"max_hp_loss":0,"event_name":"Accursed Blacksmith","floor":19,"gold_loss":0,"cards_upgraded":["TheCursedMod:CleanUpWorkshop"]},{"damage_healed":0,"gold_gain":99,"player_choice":"Stole From Cult","damage_taken":0,"max_hp_gain":0,"max_hp_loss":0,"event_name":"Nest","floor":29,"gold_loss":0},{"damage_healed":0,"gold_gain":0,"player_choice":"Ignored","damage_taken":0,"max_hp_gain":0,"max_hp_loss":0,"event_name":"Ghosts","floor":31,"gold_loss":0},{"damage_healed":0,"gold_gain":0,"player_choice":"Fight","damage_taken":0,"max_hp_gain":0,"max_hp_loss":0,"event_name":"MindBloom","floor":37,"gold_loss":0},{"damage_healed":0,"gold_gain":0,"player_choice":"Paid","damage_taken":0,"relics_obtained":["Red Mask"],"max_hp_gain":0,"max_hp_loss":0,"event_name":"Tomb of Lord Red Mask","floor":38,"gold_loss":206},{"cards_removed":["TheCursedMod:Strike_TheCursed"],"damage_healed":0,"gold_gain":0,"player_choice":"Removed Attack","damage_taken":0,"max_hp_gain":0,"max_hp_loss":0,"event_name":"Falling","floor":41,"gold_loss":0}],"is_beta":false,"boss_relics":[{"not_picked":["Calling Bell","TheCursedMod:FourLeafCloverCharm"],"picked":"TheCursedMod:OminousMark"},{"not_picked":["Empty Cage","Snecko Eye"],"picked":"TheCursedMod:BlackMagicAdvanced"}],"items_purged_floors":[3,21,30],"is_endless":false,"potions_floor_spawned":[6,8,16,22,25,28,35,37,39,45,47],"ascension_level":0}}