{"host":"rvmf271ux45up69r","time":1607671745,"event":{"mods":["BaseMod","Colored Map","Dota2Spire","Highlight Path","Minty Spire (QoL Compilation)","Replay The Spire","Robot Space Explorer","Shop Mod","StSLib","The Servant 0.9.4","TheVacant"],"gold_per_floor":[117,130,84,84,99,24,57,57,104,104,104,119,152,170,170,270,270,287,306,266,281,69,69,104,104,104,434,446,477,477,495,495,593,593,604,654,654,498,517,517,543,560,560,571,311,326,548,560,560,560],"floor_reached":51,"playtime":7246,"items_purged":["theVacant:VacantStarterDefend","theVacant:VacantStarterStrike"],"score":902,"play_id":"81da2049-ecc1-4e87-8990-3bb7d3e3abc1","local_time":"20201211182905","is_ascension_mode":false,"campfire_choices":[{"data":"theVacant:Recover","floor":8.0,"key":"SMITH"},{"data":"theVacant:Expand","floor":10.0,"key":"SMITH"},{"data":"theVacant:EmptyShield","floor":15.0,"key":"SMITH"},{"data":"theVacant:ForgeSoul","floor":23.0,"key":"SMITH"},{"floor":25.0,"key":"REST"},{"data":"theVacant:Gloom","floor":32.0,"key":"SMITH"},{"data":"theVacant:Recover","floor":40.0,"key":"SMITH"},{"floor":49,"key":"REST"}],"circlet_count":0,"master_deck":["theVacant:VacantStarterDefend","theVacant:VacantStarterDefend","theVacant:Release","theVacant:Crunch+1","theVacant:Fling","theVacant:Husk+1","theVacant:Recover+1","theVacant:Expand+1","theVacant:Dig","theVacant:SpiritOrb+1","theVacant:EmptyShield+1","theVacant:ForgeSoul+1","theVacant:ShriekingBlast+1","theVacant:Whip+1","theVacant:Gloom+1","theVacant:Prevent","theVacant:Necromancy+1","theVacant:Snowball","theVacant:Recover+1","theVacant:EmptyShield+1","theVacant:ForgeSoul","theVacant:Yeet+1","theVacant:VoidEmbrace+1","theVacant:Cower+1","theVacant:Anguish+1","theVacant:ShriekingBlast","theVacant:Return+1","theVacant:TheAnvil","theVacant:GraveWave+1","theVacant:GraveDigger+1"],"relics":["theVacant:BrassGoblet","PreservedInsect","Vajra","Torii","SlaversCollar","Sundial","FossilizedHelix","Old Coin","Red Mask","Astrolabe","Thread and Needle","Strange Spoon","Toy Ornithopter","MealTicket"],"acts_visited":[],"potions_floor_usage":[50],"damage_taken":[{"damage":0.0,"enemies":"Cultist","floor":1.0,"turns":4.0},{"damage":2.0,"enemies":"Jaw Worm","floor":2.0,"turns":5.0},{"damage":0.0,"enemies":"Small Slimes","floor":5.0,"turns":3.0},{"damage":24.0,"enemies":"Gremlin Nob","floor":7.0,"turns":4.0},{"damage":24.0,"enemies":"Exordium Thugs","floor":12.0,"turns":6.0},{"damage":22.0,"enemies":"Lagavulin","floor":13.0,"turns":7.0},{"damage":13.0,"enemies":"3 Louse","floor":14.0,"turns":7.0},{"damage":18.0,"enemies":"Slime Boss","floor":16.0,"turns":16.0},{"damage":15.0,"enemies":"Shell Parasite","floor":18.0,"turns":9.0},{"damage":31.0,"enemies":"3 Byrds","floor":19.0,"turns":7.0},{"damage":15.0,"enemies":"Centurion and Healer","floor":21.0,"turns":5.0},{"damage":25.0,"enemies":"Gremlin Leader","floor":24.0,"turns":5.0},{"damage":30.0,"enemies":"Slavers","floor":27.0,"turns":5.0},{"damage":0.0,"enemies":"3 Cultists","floor":28.0,"turns":4.0},{"damage":21.0,"enemies":"Masked Bandits","floor":29.0,"turns":5.0},{"damage":0.0,"enemies":"Snecko","floor":31.0,"turns":5.0},{"damage":0.0,"enemies":"Champ","floor":33.0,"turns":9.0},{"damage":18.0,"enemies":"Orb Walker","floor":35.0,"turns":3.0},{"damage":0.0,"enemies":"Mind Bloom Boss Battle","floor":36.0,"turns":5.0},{"damage":38.0,"enemies":"3 Darklings","floor":39.0,"turns":6.0},{"damage":72.0,"enemies":"Nemesis","floor":41.0,"turns":7.0},{"damage":0.0,"enemies":"Sphere and 2 Shapes","floor":42.0,"turns":4.0},{"damage":0.0,"enemies":"Transient","floor":44.0,"turns":5.0},{"damage":15,"enemies":"Jaw Worm Horde","floor":46,"turns":4},{"damage":31,"enemies":"4 Shapes","floor":48,"turns":3},{"damage":24,"enemies":"Awakened One","floor":50,"turns":8}],"seed_played":"-5768521350410153202","potions_obtained":[{"floor":5.0,"key":"Regen Potion"},{"floor":14.0,"key":"Explosive Potion"},{"floor":16.0,"key":"BlessingOfTheForge"},{"floor":27.0,"key":"LiquidMemories"}],"is_trial":false,"path_per_floor":["M","M","?","?","M","$","E","R","T","R","?","M","E","M","R","B",null,"M","M","?","M","$","R","E","R","T","E","M","?","?","M","R","B",null,"M","?","?","$","M","R","E","M","T","M","$","M","?","M","R","B",null],"character_chosen":"THE_VACANT","items_purchased":["theVacant:Gloom","theVacant:Prevent","Strange Spoon","theVacant:TheAnvil"],"campfire_rested":2,"item_purchase_floors":[22,22,38,45],"current_hp_per_floor":[88,86,86,86,86,86,66,66,66,66,66,55,46,46,46,41,100,98,79,79,77,77,77,64,97,97,74,78,67,67,82,82,112,115,100,110,110,110,97,97,40,44,44,62,77,72,72,48,90,124],"gold":560,"neow_bonus":"TEN_PERCENT_HP_BONUS","is_daily":false,"chose_seed":false,"campfire_upgraded":6,"win_rate":0.0,"timestamp":1607671745,"path_taken":["M","?","?","?","?","?","E","R","T","R","?","?","E","M","R","BOSS","M","M","?","?","$","R","E","R","T","E","M","?","?","?","R","BOSS","M","?","?","$","?","R","E","M","T","M","$","M","?","M","R","BOSS"],"items_purchased_type":["Card","Card","Relic","Card"],"build_version":"2020-11-30","purchased_purges":2,"victory":true,"max_hp_per_floor":[88,88,88,88,88,88,88,88,88,88,88,91,94,97,97,100,100,103,106,106,109,109,109,112,112,112,112,112,112,112,112,112,115,115,115,118,118,118,121,121,136,136,136,136,136,142,142,142,142,154],"card_choices":[{"not_picked":["theVacant:ShutAway","theVacant:CursedBlast"],"picked":"theVacant:Fling","floor":1.0},{"not_picked":["theVacant:Jab","theVacant:BattleScars"],"picked":"theVacant:Husk","floor":2.0},{"not_picked":["theVacant:Expand","theVacant:GraveWave"],"picked":"theVacant:Recover","floor":5.0},{"not_picked":["theVacant:ReaperStrike","theVacant:Anguish"],"picked":"theVacant:Expand","floor":7.0},{"not_picked":["theVacant:Spinshield","theVacant:FiendFrost"],"picked":"theVacant:Dig","floor":12.0},{"not_picked":["theVacant:Fling","theVacant:EyePoke"],"picked":"theVacant:SpiritOrb","floor":13.0},{"not_picked":["theVacant:Fortify","theVacant:Dig"],"picked":"theVacant:EmptyShield","floor":14.0},{"not_picked":["theVacant:Exorcise","theVacant:Voidstone"],"picked":"theVacant:ForgeSoul","floor":16.0},{"not_picked":["theVacant:FranticBlow","theVacant:Enrage+1","theVacant:Spinshield"],"picked":"SKIP","floor":18.0},{"not_picked":["theVacant:Dig+1","theVacant:Soothe+1"],"picked":"theVacant:ShriekingBlast+1","floor":19.0},{"not_picked":["theVacant:ShriekingBlast","theVacant:Enrage"],"picked":"theVacant:Whip+1","floor":21.0},{"not_picked":["theVacant:Fortify","theVacant:Showdown","theVacant:ShriekingBlast"],"picked":"SKIP","floor":24.0},{"not_picked":["theVacant:Yeet","theVacant:Dig"],"picked":"theVacant:Necromancy+1","floor":27.0},{"not_picked":["theVacant:Dig","theVacant:Soothe+1"],"picked":"theVacant:Snowball","floor":28.0},{"not_picked":["theVacant:Yeet","theVacant:OnSecondThought"],"picked":"theVacant:Recover","floor":29.0},{"not_picked":["theVacant:Fling","theVacant:Snowball"],"picked":"theVacant:EmptyShield+1","floor":31.0},{"not_picked":["theVacant:FiendFrost","theVacant:TimeSkip"],"picked":"theVacant:ForgeSoul","floor":33.0},{"not_picked":["theVacant:GraveWave","theVacant:FranticBlow+1"],"picked":"theVacant:Cower+1","floor":35.0},{"not_picked":["theVacant:Yeet+1","theVacant:Whip+1"],"picked":"theVacant:Anguish+1","floor":36.0},{"not_picked":["theVacant:Enrage","theVacant:Return","theVacant:Spinshield"],"picked":"SKIP","floor":39.0},{"not_picked":["theVacant:Soothe","theVacant:WaitInWrath"],"picked":"theVacant:ShriekingBlast","floor":41.0},{"not_picked":["theVacant:Spinshield","theVacant:Whip","theVacant:Enrage"],"picked":"SKIP","floor":42.0},{"not_picked":["theVacant:Immaterialize+1","theVacant:Anguish+1"],"picked":"theVacant:Return+1","floor":44.0},{"not_picked":["theVacant:Dig","theVacant:FranticBlow"],"picked":"theVacant:GraveWave+1","floor":46},{"not_picked":["theVacant:WhenDarknessComes","theVacant:Fortify"],"picked":"theVacant:GraveDigger+1","floor":48}],"player_experience":176532,"relics_obtained":[{"floor":7.0,"key":"PreservedInsect"},{"floor":9.0,"key":"Vajra"},{"floor":13.0,"key":"Torii"},{"floor":24.0,"key":"Sundial"},{"floor":26.0,"key":"FossilizedHelix"},{"floor":27.0,"key":"Old Coin"},{"floor":29.0,"key":"Red Mask"},{"floor":36.0,"key":"Thread and Needle"},{"floor":41.0,"key":"Toy Ornithopter"},{"floor":43.0,"key":"MealTicket"}],"event_choices":[{"damage_healed":0.0,"max_hp_gain":0.0,"max_hp_loss":0.0,"gold_gain":0.0,"event_name":"World of Goop","player_choice":"Left Gold","floor":3.0,"gold_loss":46.0,"damage_taken":0.0},{"damage_healed":0.0,"max_hp_gain":0.0,"max_hp_loss":0.0,"gold_gain":0.0,"event_name":"NoteForYourself","player_choice":"Ignored","floor":4.0,"gold_loss":0.0,"damage_taken":0.0},{"damage_healed":0.0,"max_hp_gain":0.0,"max_hp_loss":0.0,"gold_gain":0.0,"event_name":"Upgrade Shrine","player_choice":"Upgraded","floor":11.0,"gold_loss":0.0,"damage_taken":0.0,"cards_upgraded":["theVacant:Husk"]},{"damage_healed":0.0,"max_hp_gain":0.0,"max_hp_loss":0.0,"gold_gain":0.0,"event_name":"Designer","player_choice":"Upgraded Two","floor":20.0,"gold_loss":40.0,"damage_taken":0.0,"cards_upgraded":["theVacant:SpiritOrb","theVacant:Crunch"]},{"damage_healed":0.0,"max_hp_gain":0.0,"max_hp_loss":0.0,"gold_gain":0.0,"event_name":"Masked Bandits","player_choice":"Fought Bandits","floor":29.0,"gold_loss":0.0,"damage_taken":0.0},{"cards_removed":["theVacant:VacantStarterStrike"],"damage_healed":0.0,"max_hp_gain":0.0,"max_hp_loss":0.0,"gold_gain":0.0,"event_name":"Purifier","player_choice":"Purged","floor":30.0,"gold_loss":0.0,"damage_taken":0.0},{"damage_healed":0.0,"max_hp_gain":0.0,"max_hp_loss":0.0,"gold_gain":0.0,"event_name":"MindBloom","player_choice":"Fight","floor":36.0,"gold_loss":0.0,"damage_taken":0.0},{"cards_removed":["theVacant:LichStrike"],"damage_healed":0.0,"max_hp_gain":0.0,"max_hp_loss":0.0,"gold_gain":0.0,"event_name":"Purifier","player_choice":"Purged","floor":37.0,"gold_loss":0.0,"damage_taken":0.0},{"damage_healed":0,"gold_gain":222,"player_choice":"Wore Mask","damage_taken":0,"max_hp_gain":0,"max_hp_loss":0,"event_name":"Tomb of Lord Red Mask","floor":47,"gold_loss":0}],"is_beta":false,"boss_relics":[{"not_picked":["Calling Bell","Pandora\u0027s Box"],"picked":"SlaversCollar"},{"not_picked":["Snecko Eye","Cursed Key"],"picked":"Astrolabe"}],"items_purged_floors":[6,45],"is_endless":false,"potions_floor_spawned":[5,14,16,18,27,28,31,35,36,46,48],"ascension_level":0}}