{"host":"rmsq46plbpwfbxcc","time":1607671582,"event":{"mods":["AchievementEnabler","BaseMod","Colored Map","DeckTracker","Minty Spire (QoL Compilation)","Permanent Neow","SuperFastMode"],"gold_per_floor":[110,130,146,89,89,89,121,121,121,121,150,150,184,198,198,198,198],"floor_reached":16,"playtime":411,"items_purged":[],"score":237,"play_id":"427afd54-ce84-4dfb-8b02-6fa1c716cfc5","local_time":"20201211162622","is_ascension_mode":true,"campfire_choices":[{"data":"Dramatic Entrance","floor":6.0,"key":"SMITH"},{"data":"Bane","floor":8.0,"key":"SMITH"},{"data":"Survivor","floor":10.0,"key":"SMITH"},{"data":"Envenom","floor":15.0,"key":"SMITH"}],"circlet_count":0,"master_deck":["AscendersBane","Strike_G","Strike_G","Strike_G","Strike_G","Defend_G","Defend_G","Defend_G","Defend_G","Defend_G","Survivor+1","Neutralize+1","Dramatic Entrance+1","PiercingWail","Escape Plan","Deadly Poison","Bane+1","Cloak And Dagger","Envenom+1","Blade Dance"],"relics":["Ring of the Snake","Mummified Hand","Mango","Pear","StrikeDummy"],"acts_visited":["Exordium"],"potions_floor_usage":[],"damage_taken":[{"damage":0.0,"enemies":"2 Louse","floor":1.0,"turns":1.0},{"damage":0.0,"enemies":"Small Slimes","floor":2.0,"turns":4.0},{"damage":0.0,"enemies":"Cultist","floor":3.0,"turns":4.0},{"damage":25.0,"enemies":"Gremlin Nob","floor":7.0,"turns":4.0},{"damage":31.0,"enemies":"3 Sentries","floor":11.0,"turns":10.0},{"damage":1.0,"enemies":"Lagavulin","floor":13.0,"turns":7.0},{"damage":0.0,"enemies":"Gremlin Gang","floor":14.0,"turns":3.0},{"damage":35,"enemies":"Slime Boss","floor":16,"turns":6}],"seed_played":"-2088558766662013556","potions_obtained":[{"floor":3.0,"key":"LiquidMemories"},{"floor":7.0,"key":"SpeedPotion"},{"floor":11.0,"key":"EssenceOfSteel"},{"floor":13.0,"key":"LiquidBronze"}],"is_trial":false,"path_per_floor":["M","M","M","$","?","R","E","R","T","R","E","?","E","M","R","B"],"character_chosen":"THE_SILENT","items_purchased":["Bane"],"campfire_rested":0,"item_purchase_floors":[4],"current_hp_per_floor":[59,59,59,59,59,59,34,34,48,48,27,27,26,26,26,0,0],"gold":198,"neow_bonus":"RANDOM_COLORLESS","is_daily":false,"chose_seed":false,"campfire_upgraded":4,"win_rate":0.0,"timestamp":1607671582,"path_taken":["M","M","M","$","?","R","E","R","T","R","E","?","E","M","R","BOSS"],"items_purchased_type":["Card"],"build_version":"2020-11-30","purchased_purges":0,"victory":false,"max_hp_per_floor":[66,66,66,66,66,66,66,66,80,80,90,90,90,90,90,90,90],"card_choices":[{"not_picked":["Blind","Finesse"],"picked":"Dramatic Entrance","floor":0.0},{"not_picked":["Sucker Punch","Bane"],"picked":"PiercingWail","floor":1.0},{"not_picked":["Dodge and Roll","Flying Knee"],"picked":"Escape Plan","floor":2.0},{"not_picked":["Distraction","All Out Attack"],"picked":"Deadly Poison","floor":3.0},{"not_picked":["Distraction","Masterful Stab","Calculated Gamble"],"picked":"SKIP","floor":7.0},{"not_picked":["Underhanded Strike","Concentrate"],"picked":"Cloak And Dagger","floor":11.0},{"not_picked":["Blur","Endless Agony"],"picked":"Envenom","floor":13.0},{"not_picked":["Prepared","Dagger Throw"],"picked":"Blade Dance","floor":14.0}],"player_experience":1314348,"relics_obtained":[{"floor":7.0,"key":"Mummified Hand"},{"floor":9.0,"key":"Mango"},{"floor":11.0,"key":"Pear"},{"floor":13.0,"key":"StrikeDummy"}],"event_choices":[{"damage_healed":0.0,"max_hp_gain":0.0,"max_hp_loss":0.0,"gold_gain":0.0,"event_name":"Living Wall","player_choice":"Grow","floor":5.0,"gold_loss":0.0,"damage_taken":0.0,"cards_upgraded":["Neutralize"]},{"cards_removed":["Strike_G"],"damage_healed":0.0,"max_hp_gain":0.0,"max_hp_loss":0.0,"gold_gain":0.0,"event_name":"Bonfire Elementals","player_choice":"Offered Basic","floor":12.0,"gold_loss":0.0,"damage_taken":0.0}],"is_beta":false,"boss_relics":[],"items_purged_floors":[],"is_endless":false,"potions_floor_spawned":[3,7,11,13],"killed_by":"Slime Boss","ascension_level":16}}