{"host":"8zzc9mdnfkdiyxma","time":1607669088,"event":{"mods":["2.2 Compatiblity","BaseMod","Better Altar","Better Match","Better Note","Better Sensory Stone","Better Skull","Better Third Choice","Better Vampires","Colored Map","Colored Powertips","Energized Spire","Halation","Minty Spire (QoL Compilation)","Permanent Neow","Rare Cards Sparkle","Relic Filter","SacredBarkPlus","StSLib","Waifu the Spire"],"gold_per_floor":[115,131,131,131,149,166,196,196,219,245,200,200,200,213,213,285,285,304,318,338,350,32,64,64,74,74,74,74,90,90,102,102,178,178,191,201,201,201,201,201],"floor_reached":39,"playtime":2854,"items_purged":[],"score":785,"play_id":"42593b96-7c55-4056-bb2f-9102259fb4e8","local_time":"20201211014448","is_ascension_mode":true,"campfire_choices":[{"floor":8,"key":"REST"},{"floor":13,"key":"REST"},{"data":"WindmillStrike","floor":15,"key":"SMITH"},{"floor":24,"key":"REST"},{"floor":27,"key":"REST"},{"floor":32,"key":"REST"}],"circlet_count":0,"master_deck":["AscendersBane","Strike_P","Strike_P","Strike_P","Strike_P","Defend_P","Eruption","Vigilance","Scrawl","PathToVictory","SandsOfTime","SashWhip","Consecrate","TalkToTheHand","WindmillStrike+1","TalkToTheHand","Wish","Consecrate+1","BowlingBash","WaveOfTheHand","LessonLearned","DeceiveReality","Immolate+1","Meditate","Fasting2","FearNoEvil","CrushJoints","SpiritShield","BowlingBash","SpiritShield"],"relics":["PureWater","Calipers","Pantograph","betterThird:SlimedRelic","Letter Opener","energizedSpire:MagnifyingGlass","Ginger","Bottled Flame","Gremlin Horn","halation:HeavySnake"],"acts_visited":["Exordium","TheCity","TheBeyond"],"potions_floor_usage":[6,7,14,21,25,33],"damage_taken":[{"damage":0,"enemies":"Jaw Worm","floor":1,"turns":6},{"damage":3,"enemies":"Small Slimes","floor":2,"turns":3},{"damage":0,"enemies":"Cultist","floor":5,"turns":3},{"damage":0,"enemies":"3 Louse","floor":6,"turns":1},{"damage":30,"enemies":"Gremlin Nob","floor":7,"turns":5},{"damage":31,"enemies":"Lagavulin","floor":10,"turns":5},{"damage":6,"enemies":"Exordium Wildlife","floor":14,"turns":2},{"damage":25,"enemies":"Slime Boss","floor":16,"turns":6},{"damage":8,"enemies":"Shell Parasite","floor":18,"turns":6},{"damage":0,"enemies":"3 Byrds","floor":19,"turns":5},{"damage":17,"enemies":"Snake Plant","floor":20,"turns":5},{"damage":0,"enemies":"Snecko","floor":21,"turns":7},{"damage":17,"enemies":"Book of Stabbing","floor":23,"turns":9},{"damage":17,"enemies":"Cultist and Chosen","floor":25,"turns":6},{"damage":6,"enemies":"Centurion and Healer","floor":29,"turns":7},{"damage":19,"enemies":"Sentry and Sphere","floor":31,"turns":7},{"damage":55,"enemies":"Automaton","floor":33,"turns":11},{"damage":45,"enemies":"3 Shapes","floor":35,"turns":11},{"damage":8,"enemies":"Orb Walker","floor":36,"turns":4},{"damage":21,"enemies":"Sphere and 2 Shapes","floor":39,"turns":3}],"seed_played":"-8356700971872635435","potions_obtained":[{"floor":2,"key":"Ambrosia"},{"floor":6,"key":"Ancient Potion"},{"floor":10,"key":"LiquidMemories"},{"floor":16,"key":"PowerPotion"},{"floor":19,"key":"FairyPotion"},{"floor":23,"key":"Explosive Potion"},{"floor":25,"key":"CultistPotion"},{"floor":33,"key":"BlessingOfTheForge"},{"floor":35,"key":"PowerPotion"},{"floor":36,"key":"ColorlessPotion"}],"is_trial":false,"path_per_floor":["M","M","?","?","M","M","E","R","T","E","?","T","R","M","R","B",null,"M","M","M","M","$","E","R","M","T","R","?","M","?","M","R","B",null,"M","M","?","?","M"],"character_chosen":"WATCHER","items_purchased":["Ginger"],"campfire_rested":5,"item_purchase_floors":[22],"current_hp_per_floor":[61,58,58,58,58,58,28,48,48,17,6,6,26,20,20,20,56,48,48,31,31,31,14,34,17,17,37,37,31,31,12,32,2,52,7,20,20,20,0,0],"gold":201,"neow_bonus":"ONE_RANDOM_RARE_CARD","is_daily":false,"chose_seed":false,"campfire_upgraded":1,"win_rate":0.0,"timestamp":1607669088,"path_taken":["M","M","?","?","M","?","E","R","T","E","?","?","R","M","R","BOSS","M","M","M","M","$","E","R","M","T","R","?","?","?","M","R","BOSS","M","M","?","?","M"],"items_purchased_type":["Relic"],"build_version":"2020-11-30","purchased_purges":0,"victory":false,"max_hp_per_floor":[68,68,68,68,68,68,68,68,68,68,68,68,68,68,68,68,68,68,68,68,68,68,68,68,68,68,68,68,68,68,68,68,68,68,68,68,68,68,68,68],"card_choices":[{"not_picked":["FollowUp","Crescendo"],"picked":"PathToVictory","floor":1},{"not_picked":["Tantrum","ThirdEye"],"picked":"SandsOfTime","floor":2},{"not_picked":["CutThroughFate","FollowUp"],"picked":"SashWhip","floor":5},{"not_picked":["Evaluate","EmptyBody"],"picked":"Consecrate","floor":6},{"not_picked":["CutThroughFate","Nirvana"],"picked":"TalkToTheHand","floor":7},{"not_picked":["Halt","ClearTheMind"],"picked":"WindmillStrike","floor":10},{"not_picked":["Adaptation","DevaForm"],"picked":"TalkToTheHand","floor":14},{"not_picked":["Devotion","Blasphemy"],"picked":"Wish","floor":16},{"not_picked":["FlurryOfBlows","Evaluate"],"picked":"Consecrate","floor":18},{"not_picked":["Crescendo","ClearTheMind"],"picked":"BowlingBash","floor":19},{"not_picked":["Crescendo","WindmillStrike","Blasphemy"],"picked":"SKIP","floor":20},{"not_picked":["ClearTheMind","Wireheading"],"picked":"WaveOfTheHand","floor":21},{"not_picked":["FollowUp","EmptyBody"],"picked":"LessonLearned","floor":23},{"not_picked":["Weave+1","SashWhip"],"picked":"DeceiveReality","floor":25},{"not_picked":["EmptyBody","FlurryOfBlows"],"picked":"Meditate","floor":29},{"not_picked":["FlurryOfBlows","EmptyFist"],"picked":"CrushJoints","floor":31},{"not_picked":["Vault","DevaForm"],"picked":"SpiritShield","floor":33},{"not_picked":["JustLucky","Halt"],"picked":"BowlingBash","floor":35},{"not_picked":["Halt","FollowUp","WreathOfFlame+1"],"picked":"SKIP","floor":36}],"player_experience":973939,"relics_obtained":[{"floor":7,"key":"Calipers"},{"floor":10,"key":"Pantograph"},{"floor":12,"key":"Letter Opener"},{"floor":23,"key":"Bottled Flame"},{"floor":26,"key":"Gremlin Horn"}],"event_choices":[{"damage_healed":0,"gold_gain":0,"player_choice":"Ignored","damage_taken":131,"max_hp_gain":0,"max_hp_loss":0,"event_name":"betterThird:BetterSerpent","floor":3,"gold_loss":0},{"cards_removed":["Defend_P"],"damage_healed":0,"gold_gain":0,"player_choice":"Purged","damage_taken":0,"max_hp_gain":0,"max_hp_loss":0,"event_name":"Purifier","floor":4,"gold_loss":0},{"damage_healed":0,"gold_gain":0,"player_choice":"Slimed","damage_taken":11,"max_hp_gain":0,"max_hp_loss":0,"event_name":"betterThird:BetterGoop","floor":11,"gold_loss":45},{"cards_removed":["Scrawl"],"damage_healed":0,"gold_gain":0,"player_choice":"Take \u0026 Give","damage_taken":0,"max_hp_gain":0,"max_hp_loss":0,"event_name":"betterNote:BetterNote","floor":28,"gold_loss":0,"cards_obtained":["Immolate"]},{"damage_healed":0,"gold_gain":0,"cards_transformed":["Defend_P","Defend_P"],"player_choice":"Became Test Subject","damage_taken":0,"max_hp_gain":0,"max_hp_loss":0,"event_name":"Drug Dealer","floor":30,"gold_loss":0,"cards_obtained":["Fasting2","FearNoEvil"]},{"damage_healed":0,"gold_gain":0,"player_choice":"Ignored","damage_taken":0,"max_hp_gain":0,"max_hp_loss":0,"event_name":"Tomb of Lord Red Mask","floor":37,"gold_loss":0},{"damage_healed":0,"gold_gain":0,"player_choice":"Copied","damage_taken":0,"max_hp_gain":0,"max_hp_loss":0,"event_name":"Duplicator","floor":38,"gold_loss":0,"cards_obtained":["SpiritShield"]}],"is_beta":false,"boss_relics":[{"not_picked":["Coffee Dripper","SlaversCollar"],"picked":"energizedSpire:MagnifyingGlass"},{"not_picked":["halation:Prosthetics","Black Star"],"picked":"halation:HeavySnake"}],"items_purged_floors":[],"is_endless":false,"potions_floor_spawned":[2,6,10,16,19,23,25,33,35,36],"killed_by":"Sphere and 2 Shapes","ascension_level":18}}