{"host":"sum4dy402bbv9y4o","time":1607719819,"event":{"mods":["Aspiration","BaseMod","Conspire","Highlight Path","Minty Spire (QoL Compilation)","StSLib"],"gold_per_floor":[117,33,43,43,118,153,166,166,166,20,20,20,35,46,46,120,120,136,51,61,77,2,2,34,45,45,45,78,78,89,106,106,178,178,193,0,12,23,43,43,69,69,124,124,149,149,169,169,169,169,169],"floor_reached":52,"playtime":2426,"items_purged":["Injury"],"score":1894,"play_id":"46979312-7e0b-4301-a126-c8c0b9fad5a2","local_time":"20201211235019","is_ascension_mode":true,"campfire_choices":[{"data":"Inflame","floor":11,"key":"SMITH"},{"floor":15,"key":"REST"},{"floor":23,"key":"REST"},{"floor":29,"key":"REST"},{"floor":32,"key":"REST"},{"data":"Inflame","floor":40,"key":"SMITH"},{"floor":42,"key":"REST"},{"data":"Metallicize","floor":44,"key":"SMITH"},{"data":"Metallicize","floor":46,"key":"SMITH"},{"floor":49,"key":"REST"}],"circlet_count":0,"master_deck":["AscendersBane","Strike_R","Strike_R","Strike_R","Strike_R","Strike_R","Defend_R","Bash+1","Cleave","Inflame+1","Twin Strike","Flex+1","Impervious+1","Metallicize+1","Pommel Strike","Metallicize+1","Heavy Blade","Feed","CurseOfTheBell","Disarm+1","Armaments+1","Inflame+1","Double Tap+1","Metallicize","Twin Strike","Limit Break+1","Blood for Blood+1","Metallicize","Wild Strike+1","Battle Trance+1","conspire:Charge+1","Body Slam","Storm of Steel+1","Leg Sweep+1","Leg Sweep+1"],"relics":["Burning Blood","Toxic Egg 2","Boot","aspiration:Nostalgia","Cracked Core","HornCleat","Calling Bell","aspiration:Lifesprig","Pantograph","Calipers","Orichalcum","aspiration:Stabinomicon","Bag of Marbles","Regal Pillow","aspiration:SecretTechniqueScroll","Red Mask","Bag of Preparation","aspiration:HiddenCompartment","Pocketwatch"],"acts_visited":["Exordium","TheCity","TheBeyond"],"potions_floor_usage":[6,16,16,21,25,33,33,38,38,39,39,47],"damage_taken":[{"damage":8,"enemies":"conspire:RoseBush","floor":1,"turns":7},{"damage":13,"enemies":"2 Louse","floor":3,"turns":2},{"damage":32,"enemies":"Gremlin Nob","floor":6,"turns":4},{"damage":10,"enemies":"Small Slimes","floor":7,"turns":2},{"damage":2,"enemies":"conspire:2 RoseBushes","floor":13,"turns":7},{"damage":16,"enemies":"Large Slime","floor":14,"turns":5},{"damage":35,"enemies":"The Guardian","floor":16,"turns":12},{"damage":26,"enemies":"conspire:FuzzyDice","floor":18,"turns":6},{"damage":8,"enemies":"Chosen","floor":20,"turns":7},{"damage":6,"enemies":"Snake Plant","floor":21,"turns":6},{"damage":45,"enemies":"Book of Stabbing","floor":24,"turns":7},{"damage":21,"enemies":"Cultist and Chosen","floor":25,"turns":7},{"damage":15,"enemies":"Slavers","floor":28,"turns":4},{"damage":4,"enemies":"Centurion and Healer","floor":30,"turns":6},{"damage":6,"enemies":"Snecko","floor":31,"turns":4},{"damage":41,"enemies":"Collector","floor":33,"turns":13},{"damage":2,"enemies":"3 Shapes","floor":35,"turns":9},{"damage":7,"enemies":"3 Darklings","floor":37,"turns":7},{"damage":17,"enemies":"4 Shapes","floor":38,"turns":13},{"damage":10,"enemies":"Transient","floor":39,"turns":6},{"damage":61,"enemies":"Nemesis","floor":41,"turns":7},{"damage":36,"enemies":"Mind Bloom Boss Battle","floor":45,"turns":5},{"damage":9,"enemies":"Sphere and 2 Shapes","floor":47,"turns":8},{"damage":47,"enemies":"Time Eater","floor":50,"turns":12},{"damage":56,"enemies":"Donu and Deca","floor":51,"turns":8}],"seed_played":"1846352359228398396","potions_obtained":[{"floor":3,"key":"BloodPotion"},{"floor":6,"key":"Dexterity Potion"},{"floor":14,"key":"ColorlessPotion"},{"floor":20,"key":"SkillPotion"},{"floor":24,"key":"DistilledChaos"},{"floor":28,"key":"PowerPotion"},{"floor":30,"key":"Strength Potion"},{"floor":33,"key":"EntropicBrew"},{"floor":35,"key":"SpeedPotion"},{"floor":45,"key":"LiquidMemories"}],"is_trial":false,"path_per_floor":["M","$","M","?","?","E","M","?","T","$","R","T","M","M","R","B",null,"M","?","M","M","$","R","E","M","T","?","E","R","M","M","R","B",null,"M","?","M","M","M","R","E","R","T","R","?","R","M","?","R","B","B",null],"character_chosen":"IRONCLAD","items_purchased":["Inflame","Metallicize","Pommel Strike"],"campfire_rested":6,"item_purchase_floors":[2,10,10],"current_hp_per_floor":[66,66,59,59,48,37,33,33,33,33,33,33,37,27,49,20,61,41,41,39,42,42,65,30,15,15,15,9,49,54,57,91,56,82,90,90,92,84,80,80,25,70,70,70,68,68,68,68,107,66,44],"gold":169,"neow_bonus":"UPGRADE_CARD","is_daily":false,"chose_seed":false,"campfire_upgraded":4,"win_rate":0.0,"timestamp":1607719819,"path_taken":["M","$","M","?","?","E","M","?","T","?","R","?","M","M","R","BOSS","M","?","M","M","$","R","E","M","T","?","E","R","M","M","R","BOSS","M","?","M","M","M","R","E","R","T","R","?","R","M","?","R","BOSS","BOSS"],"items_purchased_type":["Card","Card","Card"],"build_version":"2020-11-30","purchased_purges":1,"victory":true,"max_hp_per_floor":[75,75,75,75,75,75,75,75,75,75,75,75,75,75,75,75,75,75,75,75,78,78,78,82,82,82,82,85,85,88,91,91,91,91,95,95,98,101,101,101,101,101,101,101,104,104,107,107,107,107,110],"card_choices":[{"not_picked":["Pommel Strike","conspire:ExplosiveBarrier"],"picked":"Cleave","floor":1},{"not_picked":["Iron Wave","Sword Boomerang"],"picked":"Twin Strike","floor":3},{"not_picked":["Body Slam","Warcry+1"],"picked":"Flex+1","floor":6},{"not_picked":["Perfected Strike","Dropkick"],"picked":"Impervious+1","floor":7},{"not_picked":["Havoc+1","Cleave"],"picked":"Metallicize","floor":13},{"not_picked":["Perfected Strike","Anger"],"picked":"Heavy Blade","floor":14},{"not_picked":["Demon Form","conspire:HitWhereItHurts"],"picked":"Feed","floor":16},{"not_picked":["conspire:ExplosiveBarrier+1","Iron Wave"],"picked":"Disarm+1","floor":18},{"not_picked":["Shrug It Off+1","Battle Trance+1"],"picked":"Armaments+1","floor":20},{"not_picked":["Heavy Blade","Bloodletting+1"],"picked":"Inflame","floor":21},{"not_picked":["Shrug It Off+1","Pommel Strike"],"picked":"Double Tap+1","floor":24},{"not_picked":["True Grit+1","Wild Strike"],"picked":"Metallicize","floor":25},{"not_picked":["Fire Breathing","Uppercut","Sentinel+1"],"picked":"SKIP","floor":28},{"not_picked":["Reckless Charge","Dropkick"],"picked":"Twin Strike","floor":30},{"not_picked":["Dual Wield+1","Flex+1","Body Slam"],"picked":"SKIP","floor":31},{"not_picked":["conspire:HitWhereItHurts","Fiend Fire"],"picked":"Limit Break+1","floor":33},{"not_picked":["Twin Strike","Feel No Pain"],"picked":"Blood for Blood+1","floor":35},{"not_picked":["Havoc+1","Twin Strike"],"picked":"Metallicize","floor":37},{"not_picked":["Cleave","Clash","Feel No Pain"],"picked":"SKIP","floor":38},{"not_picked":["Shockwave+1","Limit Break+1"],"picked":"Wild Strike+1","floor":39},{"not_picked":["Clash","Body Slam"],"picked":"Battle Trance+1","floor":41},{"not_picked":["Flame Barrier+1","Warcry+1"],"picked":"conspire:Charge+1","floor":45},{"not_picked":["Sever Soul+1","Dual Wield+1"],"picked":"Body Slam","floor":47}],"player_experience":2771673,"relics_obtained":[{"floor":6,"key":"Boot"},{"floor":9,"key":"aspiration:Nostalgia"},{"floor":12,"key":"HornCleat"},{"floor":17,"key":"aspiration:Lifesprig"},{"floor":17,"key":"Pantograph"},{"floor":17,"key":"Calipers"},{"floor":24,"key":"aspiration:Stabinomicon"},{"floor":26,"key":"Bag of Marbles"},{"floor":28,"key":"Regal Pillow"},{"floor":41,"key":"Bag of Preparation"},{"floor":43,"key":"aspiration:HiddenCompartment"},{"floor":45,"key":"Pocketwatch"}],"event_choices":[{"damage_healed":0,"gold_gain":75,"player_choice":"Gather Gold","damage_taken":11,"max_hp_gain":0,"max_hp_loss":0,"event_name":"World of Goop","floor":5,"gold_loss":0},{"damage_healed":0,"gold_gain":0,"player_choice":"Obtained Relic","damage_taken":0,"relics_obtained":["Orichalcum"],"max_hp_gain":0,"max_hp_loss":0,"event_name":"Addict","floor":19,"gold_loss":85},{"damage_healed":0,"gold_gain":0,"player_choice":"Ignored","damage_taken":0,"max_hp_gain":0,"max_hp_loss":0,"event_name":"Cursed Tome","floor":27,"gold_loss":0},{"damage_healed":0,"gold_gain":0,"player_choice":"Paid","damage_taken":0,"relics_obtained":["Red Mask"],"max_hp_gain":0,"max_hp_loss":0,"event_name":"Tomb of Lord Red Mask","floor":36,"gold_loss":193},{"damage_healed":0,"gold_gain":0,"player_choice":"Fight","damage_taken":0,"max_hp_gain":0,"max_hp_loss":0,"event_name":"MindBloom","floor":45,"gold_loss":0}],"is_beta":false,"boss_relics":[{"not_picked":["Cursed Key","conspire:SlowCooker"],"picked":"Calling Bell"},{"not_picked":["Black Star","Empty Cage"],"picked":"aspiration:SecretTechniqueScroll"}],"items_purged_floors":[22],"is_endless":false,"potions_floor_spawned":[3,6,14,20,24,28,30,31,33,35,38,45],"ascension_level":20}}