{"host":"07ljfmttuzqopd7f","time":1607680007,"event":{"mods":["2.2 Compatiblity","BaseMod","Block Reminder","Colored Map","Colored Powertips","Curses Come First","Hermit","Minty Spire (QoL Compilation)","Quick Restart","Random Character Button","Relic Stats","StSLib","The Cursed"],"gold_per_floor":[112,112,126,201,216,216,236,250,297,311,378,39,103,123,123,226,226,226,38,38,38,38,38,38,38,38,38,38,38,38,38,38,38,38,38,38,38,38,38,38],"floor_reached":39,"playtime":1523,"items_purged":["hermit:Strike_Hermit"],"score":559,"play_id":"4ce8b19c-1f47-40c0-b5b2-8d63a3c13698","local_time":"20201211044647","is_ascension_mode":true,"campfire_choices":[{"data":"hermit:LoneWolf","floor":6,"key":"SMITH"},{"floor":15,"key":"REST"},{"floor":25,"key":"REST"},{"floor":32,"key":"REST"}],"circlet_count":0,"master_deck":["hermit:Defend_Hermit","hermit:Defend_Hermit","hermit:Defend_Hermit","hermit:Snapshot","hermit:Covet","hermit:TrackingShot+1","hermit:LoneWolf+1","hermit:GhostlyPresence","hermit:TakeAim","hermit:NoHoldsBarred","hermit:Combo","hermit:Roulette","hermit:Vantage","hermit:Roughhouse","hermit:GhostlyPresence","hermit:Determination+1","hermit:Ricochet","hermit:FlashPowder","hermit:Gestalt","hermit:RoundhouseKick","hermit:EternalForm+1","hermit:Glare+1","hermit:HoleUp+1"],"relics":["Runic Dome","Anchor","hermit:PetGhost","Shuriken","Ectoplasm","Medical Kit","Vajra","Orichalcum","Astrolabe"],"acts_visited":["Exordium","TheCity","TheBeyond"],"potions_floor_usage":[13,18,33,33,39],"damage_taken":[{"damage":2,"enemies":"Jaw Worm","floor":1,"turns":3},{"damage":0,"enemies":"Cultist","floor":3,"turns":3},{"damage":7,"enemies":"Small Slimes","floor":5,"turns":3},{"damage":2,"enemies":"3 Louse","floor":7,"turns":3},{"damage":3,"enemies":"Blue Slaver","floor":8,"turns":4},{"damage":23,"enemies":"Exordium Wildlife","floor":10,"turns":6},{"damage":8,"enemies":"Gremlin Nob","floor":13,"turns":4},{"damage":0,"enemies":"Red Slaver","floor":14,"turns":2},{"damage":0,"enemies":"Slime Boss","floor":16,"turns":4},{"damage":0,"enemies":"Chosen","floor":18,"turns":4},{"damage":7,"enemies":"3 Byrds","floor":22,"turns":5},{"damage":17,"enemies":"Slavers","floor":23,"turns":5},{"damage":8,"enemies":"Snecko","floor":24,"turns":4},{"damage":15,"enemies":"Snake Plant","floor":27,"turns":4},{"damage":0,"enemies":"Chosen and Byrds","floor":29,"turns":4},{"damage":12,"enemies":"Shelled Parasite and Fungi","floor":31,"turns":6},{"damage":19,"enemies":"Champ","floor":33,"turns":9},{"damage":0,"enemies":"Orb Walker","floor":35,"turns":4},{"damage":24,"enemies":"3 Darklings","floor":36,"turns":4},{"damage":23,"enemies":"Sphere and 2 Shapes","floor":38,"turns":7},{"damage":100055,"enemies":"4 Shapes","floor":39,"turns":7}],"seed_played":"-3331378147851327745","potions_obtained":[{"floor":8,"key":"ColorlessPotion"},{"floor":10,"key":"hermit:BlackBile"},{"floor":13,"key":"Swift Potion"},{"floor":18,"key":"SkillPotion"},{"floor":29,"key":"SteroidPotion"},{"floor":38,"key":"hermit:Tonic"}],"is_trial":false,"path_per_floor":["M","?","M","?","M","R","M","M","T","M","?","$","?","M","R","B",null,"M","$","?","$","M","E","M","R","T","M","$","M","?","M","R","B",null,"M","M","?","M","M"],"character_chosen":"HERMIT","items_purchased":["hermit:Combo","hermit:PetGhost","PowerPotion","Medical Kit","hermit:Determination"],"campfire_rested":3,"item_purchase_floors":[12,12,12,19,19],"current_hp_per_floor":[73,73,73,62,55,55,53,50,50,27,27,27,19,19,41,41,67,67,67,61,61,54,37,29,51,51,36,36,36,36,24,46,27,63,63,39,39,16,0,0],"gold":38,"neow_bonus":"BOSS_RELIC","is_daily":false,"chose_seed":false,"campfire_upgraded":1,"win_rate":0.0,"timestamp":1607680007,"path_taken":["M","?","?","?","M","R","M","M","T","M","?","$","?","M","R","BOSS","M","$","?","$","M","E","M","R","T","?","?","?","?","M","R","BOSS","M","M","?","?","M"],"items_purchased_type":["Card","Relic","Potion","Relic","Card"],"build_version":"2020-11-30","purchased_purges":1,"victory":false,"max_hp_per_floor":[75,75,75,75,75,75,75,75,75,75,75,75,75,75,75,75,75,75,75,75,75,75,75,75,75,75,75,75,75,75,75,75,75,75,75,75,75,75,75,75],"relic_stats":{"counters":[21,95],"Shuriken":[25],"Astrolabe":["hermit:EternalForm","hermit:Glare","hermit:HoleUp"],"Ectoplasm":261,"Orichalcum":[36],"Medical Kit":[0],"obtain_stats":[{"Runic Dome":0,"Anchor":9,"hermit:PetGhost":12,"Shuriken":13,"Astrolabe":34,"Vajra":23,"Ectoplasm":17,"Orichalcum":26,"Medical Kit":19,"hermit:Momento":0},{"Runic Dome":0,"Anchor":5,"hermit:PetGhost":6,"Shuriken":7,"Astrolabe":17,"Vajra":12,"Ectoplasm":9,"Orichalcum":13,"Medical Kit":10,"hermit:Momento":0},{"Runic Dome":0,"Anchor":16,"hermit:PetGhost":22,"Shuriken":26,"Astrolabe":73,"Vajra":46,"Ectoplasm":32,"Orichalcum":50,"Medical Kit":36,"hermit:Momento":0}]},"card_choices":[{"not_picked":["hermit:Quickdraw","hermit:Manifest"],"picked":"hermit:TrackingShot","floor":1},{"not_picked":["hermit:SprayPray","hermit:FullyLoaded","hermit:HighCaliber"],"picked":"SKIP","floor":3},{"not_picked":["hermit:Horror","hermit:LowProfile"],"picked":"hermit:LoneWolf","floor":5},{"not_picked":["hermit:Misfire","hermit:Horror"],"picked":"hermit:GhostlyPresence","floor":7},{"not_picked":["hermit:Scavenge","hermit:Headshot"],"picked":"hermit:TakeAim","floor":8},{"not_picked":["hermit:PistolWhip","hermit:Vantage"],"picked":"hermit:NoHoldsBarred","floor":10},{"not_picked":["hermit:Maintenance","hermit:Glare"],"picked":"hermit:Roulette","floor":13},{"not_picked":["hermit:HighCaliber","hermit:PistolWhip"],"picked":"hermit:Vantage","floor":14},{"not_picked":["hermit:FatalDesire","hermit:Purgatory"],"picked":"hermit:Roughhouse","floor":16},{"not_picked":["hermit:Feint","hermit:Headshot"],"picked":"hermit:GhostlyPresence","floor":18},{"not_picked":["hermit:Dive","hermit:TrackingShot"],"picked":"hermit:Ricochet","floor":22},{"not_picked":["hermit:Misfire+1","hermit:Roulette","hermit:SprayPray"],"picked":"SKIP","floor":23},{"not_picked":["hermit:BodyArmor","hermit:Misfire+1"],"picked":"hermit:FlashPowder","floor":24},{"not_picked":["hermit:WideOpen","hermit:Desperado+1","hermit:ItchyTrigger+1"],"picked":"SKIP","floor":27},{"not_picked":["hermit:Headshot","hermit:CursedWeapon+1"],"picked":"hermit:Gestalt","floor":29},{"not_picked":["hermit:Malice","hermit:Desperado","hermit:Headshot"],"picked":"SKIP","floor":31},{"not_picked":["hermit:Adapt","hermit:OverwhelmingPower"],"picked":"hermit:RoundhouseKick","floor":33},{"not_picked":["hermit:Feint","hermit:WideOpen","hermit:Snipe+1"],"picked":"SKIP","floor":35},{"not_picked":["hermit:WideOpen+1","hermit:LowProfile+1","hermit:NoHoldsBarred+1"],"picked":"SKIP","floor":36},{"not_picked":["hermit:Scavenge","hermit:Horror+1","hermit:Brawl+1"],"picked":"SKIP","floor":38}],"player_experience":372597,"relics_obtained":[{"floor":9,"key":"Anchor"},{"floor":13,"key":"Shuriken"},{"floor":23,"key":"Vajra"},{"floor":26,"key":"Orichalcum"}],"event_choices":[{"damage_healed":0,"gold_gain":0,"player_choice":"Upgraded","damage_taken":0,"max_hp_gain":0,"max_hp_loss":0,"event_name":"Upgrade Shrine","floor":2,"gold_loss":0,"cards_upgraded":["hermit:TrackingShot"]},{"damage_healed":0,"gold_gain":75,"player_choice":"Gather Gold","damage_taken":11,"max_hp_gain":0,"max_hp_loss":0,"event_name":"World of Goop","floor":4,"gold_loss":0},{"damage_healed":0,"gold_gain":67,"player_choice":"Gained Gold","damage_taken":0,"max_hp_gain":0,"max_hp_loss":0,"event_name":"Golden Wing","floor":11,"gold_loss":0},{"damage_healed":0,"gold_gain":0,"player_choice":"Searched \u00271\u0027 times","damage_taken":0,"max_hp_gain":0,"max_hp_loss":0,"event_name":"Dead Adventurer","floor":13,"gold_loss":0},{"damage_healed":0,"gold_gain":0,"player_choice":"","damage_taken":6,"max_hp_gain":0,"max_hp_loss":0,"event_name":"Knowing Skull","floor":20,"potions_obtained":[],"gold_loss":0,"cards_obtained":[]},{"cards_removed":["hermit:Defend_Hermit"],"damage_healed":0,"gold_gain":0,"player_choice":"Elegance","damage_taken":0,"max_hp_gain":0,"max_hp_loss":0,"event_name":"Back to Basics","floor":30,"gold_loss":0},{"damage_healed":0,"gold_gain":0,"player_choice":"Upgraded","damage_taken":0,"max_hp_gain":0,"max_hp_loss":0,"event_name":"Upgrade Shrine","floor":37,"gold_loss":0,"cards_upgraded":["hermit:Determination"]}],"is_beta":false,"boss_relics":[{"not_picked":["SlaversCollar","Snecko Eye"],"picked":"Ectoplasm"},{"not_picked":["hermit:DentedPlate","hermit:BartenderGlass"],"picked":"Astrolabe"}],"items_purged_floors":[12],"is_endless":false,"potions_floor_spawned":[8,10,13,16,18,22,23,29,38],"killed_by":"4 Shapes","ascension_level":5}}