{"host":"8dhn6p16jorj0i1s","time":1607724698,"event":{"mods":["BaseMod","Colored Map","Minty Spire (QoL Compilation)","Permanent Neow","Quick Restart"],"gold_per_floor":[109,59,234,234,248,248,263,289,316,316,316,326,326,326,326,457,457,477,427,281,305,320,320,338,338,338],"floor_reached":25,"playtime":1908,"items_purged":["Strike_B"],"score":211,"play_id":"ef7b8f25-82fa-4eba-a234-4b37e0b0f719","local_time":"20201211231138","is_ascension_mode":true,"campfire_choices":[{"data":"Echo Form","floor":6,"key":"SMITH"},{"floor":10,"key":"REST"},{"floor":15,"key":"REST"},{"data":"Creative AI","floor":23,"key":"SMITH"}],"circlet_count":0,"master_deck":["Strike_B","Strike_B","Strike_B","Defend_B","Defend_B","Defend_B","Defend_B","Zap","Dualcast","Echo Form+1","Heatsinks","Self Repair","Creative AI+1","Capacitor","Fusion+1","Glacier+1"],"relics":["FrozenCore","Toy Ornithopter","Gremlin Horn","Golden Idol"],"acts_visited":["Exordium","TheCity"],"potions_floor_usage":[8,8,16,16,25,25],"damage_taken":[{"damage":22,"enemies":"Small Slimes","floor":1,"turns":3},{"damage":14,"enemies":"2 Louse","floor":5,"turns":3},{"damage":8,"enemies":"Jaw Worm","floor":7,"turns":4},{"damage":29,"enemies":"Gremlin Nob","floor":8,"turns":5},{"damage":11,"enemies":"3 Louse","floor":12,"turns":4},{"damage":35,"enemies":"Hexaghost","floor":16,"turns":12},{"damage":34,"enemies":"Spheric Guardian","floor":18,"turns":12},{"damage":17,"enemies":"Chosen","floor":21,"turns":8},{"damage":8,"enemies":"Snecko","floor":22,"turns":8},{"damage":21,"enemies":"Shelled Parasite and Fungi","floor":24,"turns":7},{"damage":19,"enemies":"Slavers","floor":25,"turns":5}],"seed_played":"6486372656665549534","potions_obtained":[{"floor":1,"key":"EssenceOfSteel"},{"floor":5,"key":"BlessingOfTheForge"},{"floor":12,"key":"LiquidMemories"},{"floor":14,"key":"DuplicationPotion"},{"floor":14,"key":"AttackPotion"},{"floor":24,"key":"AttackPotion"}],"is_trial":false,"path_per_floor":["M","?","?","?","M","R","M","E","T","R","?","M","?","?","R","B",null,"M","?","$","M","M","R","M","E"],"character_chosen":"DEFECT","items_purchased":["Capacitor"],"campfire_rested":2,"item_purchase_floors":[20],"current_hp_per_floor":[53,53,53,50,36,36,28,9,9,31,24,13,13,13,33,15,69,42,42,42,25,24,24,10,1,1],"gold":338,"neow_bonus":"THREE_RARE_CARDS","is_daily":false,"chose_seed":false,"campfire_upgraded":2,"win_rate":0.0,"timestamp":1607724698,"path_taken":["M","?","?","?","M","R","M","E","T","R","?","?","?","?","R","BOSS","M","?","?","M","M","R","?","E"],"items_purchased_type":["Card"],"build_version":"2020-11-30","purchased_purges":1,"victory":false,"max_hp_per_floor":[75,75,75,75,75,75,75,75,75,75,75,75,69,69,69,69,69,69,69,69,69,69,69,69,69,69],"card_choices":[{"not_picked":["Amplify","Fission"],"picked":"Echo Form","floor":0},{"not_picked":["Turbo","Coolheaded","Go for the Eyes"],"picked":"SKIP","floor":1},{"not_picked":["Steam","Ball Lightning","Go for the Eyes"],"picked":"SKIP","floor":5},{"not_picked":["Reinforced Body","Hologram","Go for the Eyes"],"picked":"SKIP","floor":7},{"not_picked":["Leap","Stack"],"picked":"Heatsinks","floor":8},{"not_picked":["Steam","Cold Snap"],"picked":"Self Repair","floor":12},{"not_picked":["Seek","Biased Cognition"],"picked":"Creative AI","floor":16},{"not_picked":["Self Repair","Gash","Sweeping Beam"],"picked":"SKIP","floor":18},{"not_picked":["Static Discharge+1","Barrage"],"picked":"Fusion+1","floor":21},{"not_picked":["Melter","Rebound","Go for the Eyes"],"picked":"SKIP","floor":22},{"not_picked":["Capacitor","White Noise"],"picked":"Glacier+1","floor":24}],"player_experience":251133,"relics_obtained":[{"floor":8,"key":"Gremlin Horn"}],"event_choices":[{"cards_removed":["Shame"],"damage_healed":0,"gold_gain":0,"player_choice":"Card Removal","damage_taken":0,"max_hp_gain":0,"max_hp_loss":0,"event_name":"The Cleric","floor":2,"gold_loss":50},{"damage_healed":0,"gold_gain":175,"player_choice":"AGREE","damage_taken":0,"max_hp_gain":0,"max_hp_loss":0,"event_name":"Liars Game","floor":3,"gold_loss":0,"cards_obtained":["Doubt"]},{"damage_healed":0,"gold_gain":0,"player_choice":"Success","damage_taken":3,"relics_obtained":["Toy Ornithopter"],"max_hp_gain":0,"max_hp_loss":0,"event_name":"Scrap Ooze","floor":4,"gold_loss":0},{"cards_removed":["Doubt"],"damage_healed":0,"gold_gain":0,"player_choice":"Card Removal","damage_taken":7,"max_hp_gain":0,"max_hp_loss":0,"event_name":"Golden Wing","floor":11,"gold_loss":0},{"damage_healed":0,"gold_gain":0,"player_choice":"Lose Max HP","damage_taken":0,"relics_obtained":["Golden Idol"],"max_hp_gain":0,"max_hp_loss":6,"event_name":"Golden Idol","floor":13,"gold_loss":0},{"damage_healed":0,"gold_gain":0,"player_choice":"Got Potions","damage_taken":0,"max_hp_gain":0,"max_hp_loss":0,"event_name":"Lab","floor":14,"gold_loss":0},{"damage_healed":0,"gold_gain":0,"player_choice":"Bet on Owner","damage_taken":0,"max_hp_gain":0,"max_hp_loss":0,"event_name":"The Joust","floor":19,"gold_loss":50}],"is_beta":false,"boss_relics":[{"not_picked":["Ectoplasm","Cursed Key"],"picked":"FrozenCore"}],"items_purged_floors":[20],"is_endless":false,"potions_floor_spawned":[1,5,12,24],"killed_by":"Slavers","ascension_level":1}}