{"host":"yiit85oc4oi3nqs8","time":1607729267,"event":{"mods":["AchievementEnabler","BaseMod","Better Third Choice","Block Reminder","DeckTracker","Highlight Path","Keyboard Shortcuts","Minty Spire (QoL Compilation)","MonsterHotkey","Quick Restart","Random Character Button","Relic Stats","StSLib"],"gold_per_floor":[115,65,65,65,65,65,65,65,43,77,77,77,77,77,2,2,0,39,66,85,123,136,161,161,161,161,287,287,308,331,331,331,354,354,279,302,302,302,317,217,251,251,251,251,285,333,360,383,383,383,417,417,431,431,446,446,446,446,547,597,609,625,625,247,267,277,327,327,327],"floor_reached":70,"playtime":2478,"items_purged":["Defend_R","Enlightenment+1","Defend_R"],"score":1477,"play_id":"694d9308-889f-4d1b-b6dc-d6426f9d239e","local_time":"20201212082747","is_ascension_mode":true,"campfire_choices":[{"data":"Cleave","floor":6.0,"key":"SMITH"},{"data":"Disarm","floor":7.0,"key":"SMITH"},{"data":"Inflame","floor":14.0,"key":"SMITH"},{"data":"Twin Strike","floor":16.0,"key":"SMITH"},{"data":"Enlightenment","floor":25.0,"key":"SMITH"},{"data":"Sword Boomerang","floor":26.0,"key":"SMITH"},{"data":"Limit Break","floor":42.0,"key":"SMITH"},{"data":"Berserk","floor":43.0,"key":"SMITH"},{"data":"Shrug It Off","floor":49.0,"key":"SMITH"},{"data":"Inflame","floor":50.0,"key":"SMITH"},{"data":"Shrug It Off","floor":56,"key":"SMITH"},{"data":"Headbutt","floor":57,"key":"SMITH"},{"data":"Burning Pact","floor":58,"key":"SMITH"}],"circlet_count":0,"master_deck":["AscendersBane","Defend_R+1","Cleave+1","Disarm+1","Twin Strike+1","Inflame+1","Sword Boomerang+1","Shrug It Off+1","Berserk+1","Inflame+1","Headbutt+1","Headbutt+1","Burning Pact+1","Shrug It Off+1","Limit Break+1"],"relics":["Burning Blood","NeowsBlessing","Bloody Idol","Matryoshka","Lantern","Singing Bowl","Potion Belt","Letter Opener","Question Card","Art of War","Red Skull","Strawberry","Empty Cage","Dream Catcher","Boot","Vajra","Regal Pillow","Bag of Preparation","Mummified Hand","PreservedInsect","Tiny House","Kunai","FossilizedHelix"],"acts_visited":["Exordium","TheCity","TheBeyond"],"potions_floor_usage":[],"damage_taken":[{"damage":0.0,"enemies":"Jaw Worm","floor":1.0,"turns":1.0},{"damage":0.0,"enemies":"3 Sentries","floor":10.0,"turns":1.0},{"damage":0.0,"enemies":"Gremlin Nob","floor":18.0,"turns":1.0},{"damage":7.0,"enemies":"Small Slimes","floor":20.0,"turns":2.0},{"damage":25.0,"enemies":"3 Sentries","floor":21.0,"turns":6.0},{"damage":3.0,"enemies":"2 Louse","floor":22.0,"turns":3.0},{"damage":0.0,"enemies":"Large Slime","floor":23.0,"turns":4.0},{"damage":42.0,"enemies":"Hexaghost","floor":27.0,"turns":7.0},{"damage":16.0,"enemies":"Spheric Guardian","floor":29.0,"turns":3.0},{"damage":0.0,"enemies":"Chosen","floor":30.0,"turns":3.0},{"damage":14.0,"enemies":"Snecko","floor":33.0,"turns":5.0},{"damage":34.0,"enemies":"Centurion and Healer","floor":36.0,"turns":5.0},{"damage":22.0,"enemies":"Sentry and Sphere","floor":39.0,"turns":4.0},{"damage":21.0,"enemies":"Slavers","floor":41.0,"turns":4.0},{"damage":5.0,"enemies":"Gremlin Leader","floor":45.0,"turns":4.0},{"damage":20.0,"enemies":"Book of Stabbing","floor":51.0,"turns":2.0},{"damage":0.0,"enemies":"3 Cultists","floor":53.0,"turns":3.0},{"damage":7,"enemies":"Cultist and Chosen","floor":55,"turns":3},{"damage":5,"enemies":"Automaton","floor":59,"turns":3},{"damage":3,"enemies":"Orb Walker","floor":61,"turns":2},{"damage":11,"enemies":"3 Shapes","floor":62,"turns":2},{"damage":0,"enemies":"Maw","floor":65,"turns":4},{"damage":0,"enemies":"Jaw Worm Horde","floor":66,"turns":2},{"damage":0,"enemies":"Mind Bloom Boss Battle","floor":67,"turns":3},{"damage":49,"enemies":"Awakened One","floor":69,"turns":6}],"seed_played":"-3169662320551231767","potions_obtained":[{"floor":10.0,"key":"Weak Potion"},{"floor":18.0,"key":"EntropicBrew"},{"floor":22.0,"key":"Energy Potion"},{"floor":36.0,"key":"EssenceOfSteel"},{"floor":41.0,"key":"Fire Potion"},{"floor":59,"key":"BlessingOfTheForge"},{"floor":60,"key":"SpeedPotion"},{"floor":65,"key":"EntropicBrew"}],"is_trial":false,"path_per_floor":["M","?","?","$","?","R","R","$","$","E","T","T","T","R","$","R","?","E","T","M","E","M","M","?","R","R","B",null,"M","M","?","?","M","?","?","M","?","$","M","$","E","R","R","T","E","?","T","T","R","R","E","?","M","?","M","R","R","R","B",null,"M","M","?","$","M","M","?","?","B",null],"character_chosen":"IRONCLAD","items_purchased":["Twin Strike","Kunai"],"campfire_rested":0,"item_purchase_floors":[9,64],"current_hp_per_floor":[78,78,78,78,58,58,58,58,58,64,64,64,64,64,64,64,70,76,76,77,67,72,78,78,78,78,42,85,75,83,83,83,75,75,75,49,49,49,40,40,30,30,30,30,38,43,48,53,53,53,46,46,59,59,65,65,65,65,73,113,123,125,125,125,128,130,132,132,89],"gold":327,"neow_bonus":"THREE_ENEMY_KILL","is_daily":false,"chose_seed":false,"campfire_upgraded":13,"win_rate":0.0,"timestamp":1607729267,"path_taken":["M","?","?","?","?","R","R","$","$","E","T","T","T","R","$","R","?","E","?","M","E","?","M","?","R","R","BOSS","M","?","?","?","M","?","?","M","?","$","M","$","E","R","R","?","E","?","T","T","R","R","E","?","?","?","M","R","R","R","BOSS","M","M","?","$","?","M","?","?","BOSS"],"items_purchased_type":["Card","Relic"],"build_version":"2020-11-30","purchased_purges":3,"victory":true,"max_hp_per_floor":[80,80,80,80,80,80,80,80,80,80,80,80,80,80,80,80,86,86,86,88,97,99,99,99,99,99,99,99,99,101,101,101,101,101,101,103,103,103,105,105,105,105,105,105,107,107,107,107,107,107,109,109,111,111,113,113,113,113,115,122,124,126,126,126,128,130,132,132,132],"relic_stats":{"Regal Pillow":0,"Singing Bowl":34,"counters":[25,83],"PreservedInsect":0,"Bag of Preparation":[20],"Letter Opener":[75],"Question Card":23,"Boot":[4],"Burning Blood":133,"Dream Catcher":0,"Mummified Hand":[25],"Bloody Idol":65,"Art of War":[2],"Kunai":[0],"obtain_stats":[{"Potion Belt":12,"Lantern":11,"Regal Pillow":47,"Tiny House":60,"NeowsBlessing":0,"Singing Bowl":11,"Golden Idol":5,"Vajra":46,"PreservedInsect":52,"Bag of Preparation":48,"Letter Opener":12,"Question Card":13,"Empty Cage":28,"Boot":45,"Burning Blood":0,"Dream Catcher":41,"Matryoshka":10,"Mummified Hand":51,"Strawberry":21,"Bloody Idol":37,"Art of War":18,"Kunai":64,"Red Skull":19,"FossilizedHelix":67},{"Potion Belt":2,"Lantern":2,"Regal Pillow":15,"Tiny House":19,"NeowsBlessing":0,"Singing Bowl":2,"Golden Idol":1,"Vajra":15,"PreservedInsect":16,"Bag of Preparation":15,"Letter Opener":2,"Question Card":2,"Empty Cage":8,"Boot":15,"Burning Blood":0,"Dream Catcher":14,"Matryoshka":2,"Mummified Hand":16,"Strawberry":5,"Bloody Idol":12,"Art of War":3,"Kunai":21,"Red Skull":3,"FossilizedHelix":24},{"Potion Belt":2,"Lantern":2,"Regal Pillow":53,"Tiny House":64,"NeowsBlessing":0,"Singing Bowl":2,"Golden Idol":1,"Vajra":53,"PreservedInsect":55,"Bag of Preparation":53,"Letter Opener":2,"Question Card":2,"Empty Cage":25,"Boot":53,"Burning Blood":0,"Dream Catcher":49,"Matryoshka":2,"Mummified Hand":55,"Strawberry":11,"Bloody Idol":41,"Art of War":3,"Kunai":68,"Red Skull":3,"FossilizedHelix":77}]},"card_choices":[{"not_picked":["Anger","Thunderclap"],"picked":"Cleave","floor":1.0},{"not_picked":["Cleave","Flex"],"picked":"Inflame","floor":10.0},{"not_picked":["Perfected Strike","Barricade","Dropkick"],"picked":"Sword Boomerang","floor":18.0},{"not_picked":["Dual Wield","True Grit","Body Slam","Cleave"],"picked":"Singing Bowl","floor":20.0},{"not_picked":["Pummel","Perfected Strike","Pommel Strike","Uppercut"],"picked":"SKIP","floor":21.0},{"not_picked":["Pummel","Perfected Strike","Pommel Strike","Uppercut"],"picked":"Singing Bowl","floor":21.0},{"not_picked":["Wild Strike","Battle Trance","Dropkick","True Grit"],"picked":"Singing Bowl","floor":22.0},{"not_picked":["Cleave","Wild Strike","Perfected Strike"],"picked":"Shrug It Off","floor":23.0},{"not_picked":["Brutality","Bludgeon","Juggernaut"],"picked":"Berserk","floor":27.0},{"not_picked":["Body Slam+1","Bloodletting","Intimidate"],"picked":"Inflame","floor":29.0},{"not_picked":["Disarm","Havoc","True Grit","Flex"],"picked":"Singing Bowl","floor":30.0},{"not_picked":["Rage","Armaments","Pummel"],"picked":"Headbutt","floor":33.0},{"not_picked":["Iron Wave","Shrug It Off","Warcry","Flex"],"picked":"Singing Bowl","floor":36.0},{"not_picked":["Wild Strike+1","Perfected Strike","Thunderclap","Flex"],"picked":"Singing Bowl","floor":39.0},{"not_picked":["Reckless Charge","Anger","Perfected Strike"],"picked":"Limit Break","floor":41.0},{"not_picked":["Anger","Intimidate","Rampage","Body Slam+1"],"picked":"Singing Bowl","floor":45.0},{"not_picked":["Seeing Red","Warcry","Shrug It Off","Cleave"],"picked":"Singing Bowl","floor":51.0},{"not_picked":["Anger+1","Sever Soul","Shrug It Off","Fire Breathing"],"picked":"Singing Bowl","floor":53.0},{"not_picked":["Wild Strike","Battle Trance","Anger","Flex+1"],"picked":"Singing Bowl","floor":55},{"not_picked":["Bludgeon","Berserk","Offering","Immolate"],"picked":"Singing Bowl","floor":59},{"not_picked":["Blood for Blood","Warcry","Iron Wave","Reckless Charge"],"picked":"Singing Bowl","floor":60},{"not_picked":["Heavy Blade","Sword Boomerang+1","Warcry+1","Flex"],"picked":"Singing Bowl","floor":61},{"not_picked":["Blood for Blood","Havoc","Anger+1","Warcry+1"],"picked":"Singing Bowl","floor":62},{"not_picked":["Evolve+1","Sword Boomerang","Fire Breathing","Armaments"],"picked":"Singing Bowl","floor":65},{"not_picked":["True Grit","Battle Trance","Whirlwind+1","Impervious"],"picked":"Singing Bowl","floor":66},{"not_picked":["Wild Strike","Spot Weakness+1","Cleave+1","Thunderclap"],"picked":"Singing Bowl","floor":67}],"player_experience":374672,"relics_obtained":[{"floor":10.0,"key":"Matryoshka"},{"floor":11.0,"key":"Lantern"},{"floor":11.0,"key":"Singing Bowl"},{"floor":12.0,"key":"Potion Belt"},{"floor":12.0,"key":"Letter Opener"},{"floor":13.0,"key":"Question Card"},{"floor":18.0,"key":"Art of War"},{"floor":19.0,"key":"Red Skull"},{"floor":21.0,"key":"Strawberry"},{"floor":41.0,"key":"Dream Catcher"},{"floor":45.0,"key":"Boot"},{"floor":46.0,"key":"Vajra"},{"floor":47.0,"key":"Regal Pillow"},{"floor":48.0,"key":"Bag of Preparation"},{"floor":51.0,"key":"Mummified Hand"},{"floor":67,"key":"FossilizedHelix"}],"event_choices":[{"cards_removed":["Strike_R"],"damage_healed":0.0,"max_hp_gain":0.0,"max_hp_loss":0.0,"gold_gain":0.0,"event_name":"The Cleric","player_choice":"Card Removal","floor":2.0,"gold_loss":50.0,"damage_taken":0.0},{"damage_healed":0.0,"max_hp_gain":0.0,"max_hp_loss":0.0,"gold_gain":0.0,"cards_transformed":["Strike_R"],"event_name":"Living Wall","player_choice":"Change","floor":3.0,"gold_loss":0.0,"damage_taken":0.0,"cards_obtained":["Disarm"]},{"damage_healed":0.0,"max_hp_gain":0.0,"max_hp_loss":0.0,"gold_gain":0.0,"event_name":"Golden Idol","player_choice":"Take Damage","floor":5.0,"gold_loss":0.0,"damage_taken":20.0,"relics_obtained":["Golden Idol"]},{"damage_healed":0.0,"max_hp_gain":0.0,"max_hp_loss":0.0,"gold_gain":0.0,"event_name":"betterThird:BetterSerpent","player_choice":"RENOUNCE","floor":17.0,"gold_loss":2.0,"damage_taken":2.0,"cards_obtained":["Enlightenment"]},{"damage_healed":0.0,"max_hp_gain":0.0,"max_hp_loss":0.0,"gold_gain":0.0,"event_name":"The Library","player_choice":"Read","floor":32.0,"gold_loss":0.0,"damage_taken":0.0,"cards_obtained":["Headbutt"]},{"damage_healed":0.0,"max_hp_gain":0.0,"max_hp_loss":0.0,"gold_gain":0.0,"cards_transformed":["Strike_R","Defend_R"],"event_name":"Drug Dealer","player_choice":"Became Test Subject","floor":34.0,"gold_loss":0.0,"damage_taken":0.0,"cards_obtained":["Burning Pact","Shrug It Off"]},{"cards_removed":["Bash"],"damage_healed":0.0,"max_hp_gain":0.0,"max_hp_loss":0.0,"gold_gain":0.0,"event_name":"Beggar","player_choice":"Gave Gold","floor":35.0,"gold_loss":75.0,"damage_taken":0.0},{"damage_healed":0.0,"max_hp_gain":0.0,"max_hp_loss":0.0,"gold_gain":0.0,"event_name":"Forgotten Altar","player_choice":"Gave Idol","floor":37.0,"relics_lost":["Golden Idol"],"gold_loss":0.0,"damage_taken":0.0,"relics_obtained":["Bloody Idol"]},{"damage_healed":0.0,"max_hp_gain":0.0,"max_hp_loss":0.0,"gold_gain":0.0,"event_name":"WeMeetAgain","player_choice":"Gave Potion","floor":52.0,"gold_loss":0.0,"damage_taken":0.0,"relics_obtained":["PreservedInsect"]},{"damage_healed":0,"gold_gain":0,"player_choice":"Ignored","damage_taken":0,"max_hp_gain":0,"max_hp_loss":0,"event_name":"Cursed Tome","floor":54,"gold_loss":0},{"damage_healed":0,"gold_gain":0,"player_choice":"Upgraded","damage_taken":0,"max_hp_gain":0,"max_hp_loss":0,"event_name":"Upgrade Shrine","floor":63,"gold_loss":0,"cards_upgraded":["Headbutt"]},{"damage_healed":0,"gold_gain":0,"player_choice":"Fight","damage_taken":0,"max_hp_gain":0,"max_hp_loss":0,"event_name":"MindBloom","floor":67,"gold_loss":0},{"damage_healed":0,"gold_gain":0,"player_choice":"Portal","damage_taken":0,"max_hp_gain":0,"max_hp_loss":0,"event_name":"betterThird:BetterPortal","floor":68,"gold_loss":0}],"is_beta":false,"boss_relics":[{"not_picked":["Astrolabe","Runic Dome"],"picked":"Empty Cage"},{"not_picked":["Pandora\u0027s Box","Coffee Dripper"],"picked":"Tiny House"}],"items_purged_floors":[15,40,64],"is_endless":false,"potions_floor_spawned":[10,18,22,29,36,39,41,59,65,67],"ascension_level":12}}