{"host":"agflykcedf93aoo8","time":1607712414,"event":{"mods":["BaseMod","Hermit","Minty Spire (QoL Compilation)","Replay The Spire","StSLib","Td1madao Mod","The Bug Knight","The Cursed","The Gatherer","The Hierophant","The Jungle","The Runesmith"],"gold_per_floor":[119,136,136,138,138,172,85,96,96,125,125,139,19,214,214,310,310,320,320,338,357,375,375,403,403,449,449,449,449,463,12,12,117,117,135,135,135,151,170,170,170],"floor_reached":40,"playtime":3986,"items_purged":[],"score":536,"play_id":"c79064b0-9c5c-4593-a89d-8eef7c3bb812","local_time":"20201212034654","is_ascension_mode":false,"campfire_choices":[{"floor":15,"key":"RECALL"},{"data":"Runesmith:LithiumIon","floor":23,"key":"SMITH"},{"data":"Runesmith:RunicBlueprint","floor":27,"key":"SMITH"},{"data":"Runesmith:CraftObretio","floor":32,"key":"SMITH"}],"circlet_count":0,"master_deck":["Runesmith:Strike_RS","Runesmith:Strike_RS","Runesmith:Strike_RS","Runesmith:Strike_RS","Runesmith:CraftFirestone+1","Runesmith:Fortify","Runesmith:PerfectChisel","Runesmith:Firewall","Runesmith:BackupBattery","Runesmith:FissionHammer","Regret","Runesmith:CraftObretio","Runesmith:LithiumIon+1","Runesmith:GoWithTheFlow+1","Runesmith:CraftObretio+1","Runesmith:ReplicatingBarrier","Runesmith:Firestorm+1","Runesmith:RunicBlueprint+1","theJungle:Gourd","theJungle:Gourd","theJungle:Gourd","theJungle:Gourd","Runesmith:DoubleUp+1","Runesmith:Supernova"],"relics":["Runesmith:BrokenRuby","NeowsBlessing","War Paint","ReplayTheSpireMod:CursedCoin","MealTicket","Garlic","Replay:Bottled Snecko","Centennial Puzzle","ReplayTheSpireMod:Ninjato","Busted Crown","Blood Vial","theJungle:WildPear","HollowMod:PaleOreRelic","Pantograph","HandDrill","Sozu"],"acts_visited":["Exordium","Exordium","TheBeyond"],"potions_floor_usage":[12,24,24,24,24,24,29,29,33],"damage_taken":[{"damage":0,"enemies":"Jaw Worm","floor":1,"turns":1},{"damage":0,"enemies":"Cultist","floor":2,"turns":1},{"damage":0,"enemies":"3 Sentries","floor":6,"turns":2},{"damage":0,"enemies":"2 Louse","floor":7,"turns":3},{"damage":0,"enemies":"Exordium Wildlife","floor":8,"turns":4},{"damage":12,"enemies":"HollowMod:MossKnight","floor":10,"turns":10},{"damage":0,"enemies":"Lots of Slimes","floor":12,"turns":1},{"damage":33,"enemies":"The Guardian","floor":16,"turns":11},{"damage":22,"enemies":"theJungle:MUSHROOMGANG","floor":18,"turns":4},{"damage":6,"enemies":"theJungle:GiantWrat","floor":20,"turns":7},{"damage":15,"enemies":"theJungle:SlimyTreeVines","floor":21,"turns":7},{"damage":15,"enemies":"theJungle:Lyon","floor":22,"turns":5},{"damage":16,"enemies":"theJungle:Cassacara","floor":24,"turns":8},{"damage":0,"enemies":"theJungle:2_Phrogs","floor":29,"turns":4},{"damage":7,"enemies":"theJungle:Snecko_Cultist_And_Trap","floor":30,"turns":6},{"damage":0,"enemies":"theJungle:QueenSpyder","floor":33,"turns":15},{"damage":0,"enemies":"Orb Walker","floor":35,"turns":3},{"damage":10,"enemies":"3 Darklings","floor":38,"turns":5},{"damage":29,"enemies":"Sphere and 2 Shapes","floor":39,"turns":6},{"damage":71,"enemies":"Nemesis","floor":40,"turns":5}],"seed_played":"-1859563759583446902","potions_obtained":[{"floor":6,"key":"LiquidMemories"},{"floor":10,"key":"Explosive Potion"},{"floor":12,"key":"SmokeBomb"},{"floor":18,"key":"DuplicationPotion"},{"floor":22,"key":"ColorlessPotion"}],"is_trial":false,"path_per_floor":["M","M","?","$","T","E","M","M","T","E","?","M","$","?","R","B",null,"M","?","M","M","M","R","E","?","T","R","?","E","M","$","R","B",null,"M","?","?","M","M","E"],"character_chosen":"RUNESMITH_CLASS","items_purchased":["ReplayTheSpireMod:CursedCoin","MealTicket","Runesmith:LithiumIon","Runesmith:GoWithTheFlow+1","Pantograph","HandDrill","Runesmith:DoubleUp+1"],"campfire_rested":0,"item_purchase_floors":[4,4,13,13,31,31,31],"current_hp_per_floor":[70,70,70,70,70,70,70,70,70,58,58,58,70,53,53,20,70,48,70,64,55,40,40,24,34,34,34,34,36,31,46,46,73,80,80,80,80,70,43,0,0],"gold":170,"neow_bonus":"THREE_ENEMY_KILL","is_daily":false,"chose_seed":false,"campfire_upgraded":3,"win_rate":0.0,"timestamp":1607712414,"path_taken":["M","M","?","$","?","E","M","M","T","E","?","?","?","?","R","BOSS","M","?","?","M","?","R","E","?","T","R","?","E","M","?","R","BOSS","M","?","?","M","M","E"],"items_purchased_type":["Relic","Relic","Card","Card","Relic","Relic","Card"],"build_version":"2020-11-30","purchased_purges":0,"victory":false,"max_hp_per_floor":[70,70,70,70,70,70,70,70,70,70,70,70,70,70,70,70,70,70,70,70,70,70,70,70,80,80,80,80,80,80,80,80,80,80,80,80,80,80,80,80,80],"card_choices":[{"not_picked":["Runesmith:CraftMagma","Runesmith:MakeshiftArmor"],"picked":"Runesmith:OneForEveryone","floor":1},{"not_picked":["Runesmith:HammerThrow","Runesmith:MakeshiftArmor"],"picked":"Runesmith:Firewall","floor":2},{"not_picked":["Runesmith:EnergizedChisel","Runesmith:HeatExchange"],"picked":"Runesmith:PerfectChisel","floor":6},{"not_picked":["Runesmith:CraftProtectio","Runesmith:ShiftingStrike"],"picked":"Runesmith:Firewall","floor":7},{"not_picked":["Runesmith:EarthShield","Runesmith:Attraction"],"picked":"Runesmith:BackupBattery","floor":8},{"not_picked":["Runesmith:HammerThrow","Runesmith:Prism"],"picked":"Runesmith:FissionHammer","floor":10},{"not_picked":["Runesmith:DoubleUp","Runesmith:Refine"],"picked":"Runesmith:CraftObretio","floor":12},{"not_picked":["Runesmith:CraftVitae","Runesmith:EarthShield"],"picked":"Runesmith:CraftObretio","floor":14},{"not_picked":["Runesmith:DuctTape","Runesmith:CraftPrismatica"],"picked":"Runesmith:ReplicatingBarrier","floor":16},{"not_picked":[],"picked":"Runesmith:Firestorm+1","floor":18},{"not_picked":["Runesmith:EnergizedChisel"],"picked":"SKIP","floor":20},{"not_picked":["Runesmith:MakeshiftArmor"],"picked":"SKIP","floor":21},{"not_picked":[],"picked":"Runesmith:RunicBlueprint","floor":22},{"not_picked":["Runesmith:UnstableHammer"],"picked":"SKIP","floor":24},{"not_picked":["Runesmith:Repurpose"],"picked":"SKIP","floor":30},{"not_picked":[],"picked":"Runesmith:Supernova","floor":33},{"not_picked":["Runesmith:HammerThrow"],"picked":"SKIP","floor":35},{"not_picked":["Runesmith:ShiftingStrike"],"picked":"SKIP","floor":38},{"not_picked":["Runesmith:GoWithTheFlow+1"],"picked":"SKIP","floor":39}],"player_experience":314209,"relics_obtained":[{"floor":6,"key":"Garlic"},{"floor":9,"key":"Replay:Bottled Snecko"},{"floor":10,"key":"Centennial Puzzle"},{"floor":24,"key":"Blood Vial"},{"floor":26,"key":"HollowMod:PaleOreRelic"}],"event_choices":[{"cards_removed":["Runesmith:Firewall"],"damage_healed":0,"gold_gain":0,"player_choice":"Gave Card","damage_taken":0,"relics_obtained":["War Paint"],"max_hp_gain":0,"max_hp_loss":0,"event_name":"WeMeetAgain","floor":3,"gold_loss":0},{"damage_healed":0,"gold_gain":0,"player_choice":"Box","damage_taken":0,"relics_obtained":["ReplayTheSpireMod:Ninjato"],"max_hp_gain":0,"max_hp_loss":0,"event_name":"Big Fish","floor":11,"gold_loss":0,"cards_obtained":["Regret"]},{"cards_removed":["Runesmith:OneForEveryone"],"damage_healed":22,"gold_gain":0,"player_choice":"Offered Uncommon","damage_taken":0,"max_hp_gain":0,"max_hp_loss":0,"event_name":"Bonfire Elementals","floor":19,"gold_loss":0},{"cards_removed":["theJungle:Gourd"],"damage_healed":0,"gold_gain":0,"player_choice":"Removed Skill","damage_taken":0,"max_hp_gain":0,"max_hp_loss":0,"event_name":"Falling","floor":36,"gold_loss":0},{"damage_healed":0,"gold_gain":0,"player_choice":"Bought 0 Potions","damage_taken":0,"max_hp_gain":0,"max_hp_loss":0,"event_name":"The Woman in Blue","floor":37,"gold_loss":0}],"is_beta":false,"boss_relics":[{"not_picked":["Replay:Wanted Poster","Runesmith:UraniumAnvil"],"picked":"Busted Crown"},{"not_picked":["Velvet Choker","ChewingGum"],"picked":"Sozu"}],"items_purged_floors":[],"is_endless":false,"potions_floor_spawned":[6,10,12,18,20,22,24,35,38],"killed_by":"Nemesis","ascension_level":0}}