{"host":"oumbqh1z6oj8ya5w","time":1607708739,"event":{"mods":["A Magickal Journey","AchievementEnabler","Act Like it!","Aspiration","BaseMod","Better Note","Conjunction","Gensokyo","Googly Eyes","Hallownest","Hyrulean Relics","Jedi Mod","Koishi","Marisa????????","Minty Spire (QoL Compilation)","Pale of the Ancients","Rare Cards Sparkle","Reimu??????","SCP261 Mod","SacredBarkPlus","StSLib","The Bladedancer","The Blue Laboratory","The Bug Knight","The Death Knight","The Forsaken","The Servant 0.9.4","The Spell Scribe","Uncapped"],"gold_per_floor":[209,228,244,89,100,132,132,145,145,164,178,178,178],"floor_reached":12,"playtime":1555,"items_purged":[],"score":97,"play_id":"8bbc93a0-46ac-44ec-b8ac-080d2bc4ae52","local_time":"20201211174539","is_ascension_mode":true,"campfire_choices":[{"floor":7,"key":"REST"}],"circlet_count":0,"master_deck":["HollowMod:NailStrikeStart","HollowMod:NailStrikeStart","HollowMod:NailStrikeStart","HollowMod:NailStrikeStart","HollowMod:QuickDashStart","HollowMod:QuickDashStart","HollowMod:QuickDashStart","HollowMod:QuickDashStart","HollowMod:FocusHealStart","HollowMod:PogoStrike","HollowMod:TaintedHusks","HollowMod:CycloneSlash","HollowMod:NewJinnsSoul","HollowMod:MidwifesHunger","HollowMod:SiblingsSouls","HollowMod:GreatSlash","HollowMod:DoubleDash","HollowMod:DashSlash","HollowMod:InfectedAttack"],"relics":["HollowMod:VesselMask","Omamori","Pen Nib"],"acts_visited":["Exordium"],"potions_floor_usage":[6],"damage_taken":[{"damage":0,"enemies":"2 Louse","floor":1,"turns":2},{"damage":15,"enemies":"Jaw Worm","floor":2,"turns":4},{"damage":5,"enemies":"Cultist","floor":3,"turns":3},{"damage":4,"enemies":"2 Fungi Beasts","floor":5,"turns":3},{"damage":35,"enemies":"Lagavulin","floor":6,"turns":7},{"damage":22,"enemies":"Red Slaver","floor":8,"turns":5},{"damage":0,"enemies":"Lots of Slimes","floor":10,"turns":1},{"damage":23,"enemies":"3 Louse","floor":11,"turns":4},{"damage":0,"enemies":"HollowMod:MossKnight","floor":12,"turns":1}],"seed_played":"6593353475124560246","potions_obtained":[{"floor":2,"key":"blueLaboratory:HummingbirdPotion"},{"floor":6,"key":"SteroidPotion"},{"floor":8,"key":"BlessingOfTheForge"}],"is_trial":false,"path_per_floor":["M","M","M","$","M","E","R","M","T","M","M","E"],"character_chosen":"THE_BUGKNIGHT","items_purchased":["HollowMod:MidwifesHunger"],"campfire_rested":1,"item_purchase_floors":[4],"current_hp_per_floor":[75,69,64,64,60,25,47,25,25,25,2,2,2],"gold":178,"neow_bonus":"HUNDRED_GOLD","is_daily":false,"chose_seed":false,"campfire_upgraded":0,"win_rate":0.0,"timestamp":1607708739,"path_taken":["M","M","M","$","M","E","R","M","T","M","M","E"],"items_purchased_type":["Card"],"build_version":"2020-11-30","purchased_purges":0,"victory":false,"max_hp_per_floor":[75,75,75,75,75,75,75,75,75,75,75,75,75],"card_choices":[{"not_picked":["HollowMod:ChannelNail","HollowMod:SiblingsSouls"],"picked":"HollowMod:TaintedHusks","floor":1},{"not_picked":["HollowMod:ShadowDash","HollowMod:CloakDash"],"picked":"HollowMod:CycloneSlash","floor":2},{"not_picked":["HollowMod:FastStrike","HollowMod:GrimmsGift"],"picked":"HollowMod:NewJinnsSoul","floor":3},{"not_picked":["HollowMod:QuirrelsAssistance","HollowMod:ShadowDash"],"picked":"HollowMod:SiblingsSouls","floor":5},{"not_picked":["HollowMod:CycloneSlash","HollowMod:LifebloodCocoon"],"picked":"HollowMod:GreatSlash","floor":6},{"not_picked":["HollowMod:LifebloodCore","HollowMod:CloakDash"],"picked":"HollowMod:DoubleDash","floor":8},{"not_picked":["HollowMod:LifebloodCocoon","HollowMod:DoubleDash"],"picked":"HollowMod:DashSlash","floor":10},{"not_picked":["HollowMod:HeavyBlow","HollowMod:LifebloodCocoon"],"picked":"HollowMod:InfectedAttack","floor":11}],"player_experience":542285,"relics_obtained":[{"floor":6,"key":"Omamori"},{"floor":9,"key":"Pen Nib"}],"event_choices":[],"is_beta":false,"boss_relics":[],"items_purged_floors":[],"is_endless":false,"potions_floor_spawned":[2,6,8],"killed_by":"HollowMod:MossKnight","ascension_level":3}}