{"host":"okbt03weh3qrqoj9","time":1607707942,"event":{"mods":["Abigail Mod","AchievementEnabler","Act Like it!","BaseMod","Better Altar","Better Skull","Better Third Choice","CapriCore","Chen","Colored Powertips","Defuse TimeMaze Blight","Dio Mod","Dota2Spire","Ekko","Energized Spire","Gensokyo","GungeonMod","Hermit","KinomotoSakuraMod(????)","Koishi","Lobotomy","LobotomyExtend","Mari Mod (Legacy)","Mari\u0027s V1 Patch","Marisa????????","Minty Spire (QoL Compilation)","MostiFishMod","Pale of the Ancients","Prisma Mod","Reimu??????","SCP261 Mod","Slumbering Mod","StSLib","The Bladedancer","The Blue Laboratory","The Bug Knight","The Fake Hero","The Hayseed","The Immortal","The Jungle","The Showman","The Wild Card","TheBandit","Trackpad","Treasure Hunter","Wandering Minibosses","???????????mod"],"gold_per_floor":[113,113,113,124,134,134,151,185,185,512,512,526,542,89,89,192,192,206,206,206,151,168,198,198,16,40,40,75,75,75,107,107,210,210,224,241,256,256,272,304,182,217,240,240,83,83,100,113,113,114,114,114,114,53,82,84,84,84],"floor_reached":56,"playtime":2768,"items_purged":[],"score":1138,"play_id":"5f0f0432-f498-4903-b7e1-7b48063e1785","local_time":"20201211123221","is_ascension_mode":false,"campfire_choices":[{"floor":11,"key":"REST"},{"floor":15,"key":"REST"},{"floor":24,"key":"RECALL"},{"data":"wariomod:ShipSmash","floor":27,"key":"SMITH"},{"data":"wariomod:SpacialMastery","floor":30,"key":"SMITH"},{"data":"wariomod:Leapslam","floor":32,"key":"SMITH"},{"data":"wariomod:Goblast","floor":46,"key":"SMITH"},{"data":"wariomod:GodlyGift","floor":49,"key":"SMITH"},{"data":"wariomod:Goblast","floor":53,"key":"SMITH"}],"circlet_count":0,"master_deck":["wariomod:Strike","wariomod:Strike","wariomod:Strike","wariomod:Defend","wariomod:Defend","wariomod:Defend","wariomod:Defend","wariomod:Step","wariomod:Leap","wariomod:DoubleDash","wariomod:Smackflip","wariomod:EndlessBlast","wariomod:DisarmingMoves","TH:EnergyPotion","wariomod:BoomBoom","TH:EnergyPotion","wariomod:SmackSlam","wariomod:HappyHop","wariomod:ShipSmash+1","TH:CopperCoins","wariomod:SpacialMastery+1","wariomod:SmackSlam","wariomod:DropBash","wariomod:Leapslam+1","TH:Mimic","wariomod:BodyBlock","wariomod:EndlessBlast","TH:CopperCoins","TH:EnergyPotion","wariomod:DropBash","TH:DeckOfManyThings","wariomod:TreasureDig+1","TH:DeckOfManyThings","wariomod:SpacialMastery","wariomod:Leapslam+1","wariomod:Goblast+1","wariomod:SpikeSlash+1","Madness","Madness","wariomod:Immortalize+1","TH:Mimic","wariomod:SmackSlam+1","TH:BikiniMail","wariomod:SmackSlam","TH:CopperCoins","wariomod:BlastDash","wariomod:Goblast+1","wariomod:GodlyGift+1","wariomod:RacingSpeed+1","TH:CopperCoins","wariomod:Immortalize+1"],"relics":["wariomod:TheHat","DaveBox","trackpad:WritersBlock","RhineCircuit","Question Card","LetterFromLob","Gensokyo:NagashiBinaDoll","Nunchaku","Dota2Spire:LotusOrb","Kunai","ImportantClient","ExusiaiGun","trackpad:ToughGloves","DemoMod:MeatBun","wariomod:SmileyHat","HollowMod:StagPassRelic","Gensokyo:MosesMiracle","trackpad:PetRock","HereWithMe","wariomod:AngryHat","Dota2Spire:EchoSabre","trackpad:WondrousWand","Happy Flower","Whetstone","InkBottle"],"acts_visited":["Exordium","Gensokyo:Gensokyo","TheBeyond","TheEnding"],"potions_floor_usage":[40,56,56,56],"damage_taken":[{"damage":2,"enemies":"Gensokyo:2_Kodama","floor":1,"turns":3},{"damage":0,"enemies":"Gensokyo:Gryphon","floor":4,"turns":2},{"damage":0,"enemies":"Gensokyo:Python","floor":5,"turns":2},{"damage":4,"enemies":"Gensokyo:Gryphon_and_Rabbit","floor":7,"turns":7},{"damage":9,"enemies":"Gensokyo:Aya","floor":8,"turns":3},{"damage":14,"enemies":"Gensokyo:3_Kodama","floor":12,"turns":3},{"damage":2,"enemies":"Gensokyo:VengefulSpirit","floor":13,"turns":3},{"damage":11,"enemies":"Gensokyo:Kokoro","floor":16,"turns":7},{"damage":0,"enemies":"Gensokyo:Chomper","floor":18,"turns":2},{"damage":5,"enemies":"Gensokyo:3_Dogs","floor":22,"turns":2},{"damage":13,"enemies":"Gensokyo:Tenshi","floor":23,"turns":2},{"damage":0,"enemies":"Gensokyo:Koishi","floor":28,"turns":2},{"damage":0,"enemies":"Gensokyo:Tenshi","floor":31,"turns":1},{"damage":0,"enemies":"Gensokyo:Eternal_Rivals","floor":33,"turns":3},{"damage":0,"enemies":"Orb Walker","floor":35,"turns":1},{"damage":0,"enemies":"3 Shapes","floor":36,"turns":1},{"damage":0,"enemies":"Sphere and 2 Shapes","floor":37,"turns":1},{"damage":0,"enemies":"3 Darklings","floor":39,"turns":2},{"damage":0,"enemies":"Reptomancer","floor":40,"turns":1},{"damage":0,"enemies":"Giant Head","floor":42,"turns":2},{"damage":0,"enemies":"Sphere and 2 Shapes","floor":47,"turns":1},{"damage":0,"enemies":"Jaw Worm Horde","floor":48,"turns":1},{"damage":0,"enemies":"Jotaro","floor":50,"turns":1},{"damage":16,"enemies":"Shield and Spear","floor":55,"turns":3},{"damage":66,"enemies":"The Heart","floor":56,"turns":4}],"seed_played":"4523137877307968783","potions_obtained":[{"floor":7,"key":"blueLaboratory:HorrorPotion"},{"floor":13,"key":"blueLaboratory:FrostheartPotion"},{"floor":18,"key":"Dota2Spire:HealingSalve"},{"floor":37,"key":"AttackPotion"},{"floor":39,"key":"blueLaboratory:FruitPunch"},{"floor":42,"key":"blueLaboratory:EnragingPotion"},{"floor":48,"key":"blueLaboratory:LouseDecoction"}],"is_trial":false,"path_per_floor":["M","?","?","M","M","E","M","E","T","?","R","M","M","$","R","B",null,"M","?","?","$","M","E","R","$","T","R","E","?","R","E","R","B",null,"M","M","M","?","M","E","$","E","T","?","$","R","M","M","R","B",null,null,"R","$","E","B"],"character_chosen":"THE_BANDIT","items_purchased":["Kunai","wariomod:ShipSmash","Dota2Spire:HealingSalve","wariomod:DropBash","DemoMod:MeatBun","wariomod:EndlessBlast","Dota2Spire:EchoSabre","Whetstone","wariomod:BlastDash","wariomod:RacingSpeed"],"campfire_rested":2,"item_purchase_floors":[14,14,14,21,25,25,41,45,45,54],"current_hp_per_floor":[78,78,78,78,78,78,74,65,65,16,40,26,24,24,48,37,80,80,80,80,80,75,62,62,76,76,76,76,76,76,76,76,76,80,80,80,80,70,70,72,72,72,72,72,72,72,72,72,72,72,72,82,82,82,66,0,0,0],"gold":84,"neow_bonus":"RANDOM_COMMON_RELIC","is_daily":false,"chose_seed":false,"campfire_upgraded":6,"win_rate":0.0,"timestamp":1607707941,"path_taken":["M","?","?","M","M","E","M","E","T","?","R","?","M","$","R","BOSS","M","?","?","$","M","E","R","$","T","R","E","?","R","E","R","BOSS","M","M","M","?","M","E","$","E","T","?","?","R","M","M","R","BOSS","R","$","E","BOSS"],"items_purchased_type":["Relic","Card","Potion","Card","Relic","Card","Relic","Relic","Card","Card"],"build_version":"2020-11-30","purchased_purges":0,"victory":false,"max_hp_per_floor":[80,80,80,80,80,80,80,80,80,80,80,80,80,80,80,80,80,80,80,80,80,80,80,80,80,80,80,80,80,80,80,80,80,80,80,80,80,80,80,82,82,82,82,82,82,82,82,82,82,82,82,82,82,82,82,82,82,82],"card_choices":[{"not_picked":["wariomod:ChargeForth","wariomod:BoomBoom"],"picked":"wariomod:DoubleDash","floor":1},{"not_picked":["wariomod:SmackSlam","wariomod:DeepDig","wariomod:SmallSprint"],"picked":"wariomod:Smackflip","floor":4},{"not_picked":["wariomod:BlastDash","wariomod:GodlyGift","wariomod:Game"],"picked":"wariomod:EndlessBlast","floor":5},{"not_picked":["wariomod:OctoJump","wariomod:TrekTime","wariomod:BlastDash"],"picked":"wariomod:DisarmingMoves","floor":7},{"not_picked":["TH:TreasureMap","TH:PixieDust"],"picked":"TH:EnergyPotion","floor":8},{"not_picked":["wariomod:BlastDash","wariomod:SpikeSlash","wariomod:DeepDig"],"picked":"wariomod:BoomBoom","floor":8},{"not_picked":["TH:ArmorSpikes","TH:PixieDust"],"picked":"TH:EnergyPotion","floor":9},{"not_picked":["wariomod:GreaterGuard","wariomod:DoubleDash","wariomod:NullJump"],"picked":"wariomod:SmackSlam","floor":12},{"not_picked":["wariomod:BoomBoom","wariomod:DanceDash","wariomod:Bombtime"],"picked":"wariomod:HappyHop","floor":13},{"not_picked":["TH:TreasureMap","TH:DeckOfManyThings"],"picked":"TH:CopperCoins","floor":16},{"not_picked":["wariomod:ForbiddenMagic","wariomod:MassiveParty","wariomod:AbandonGame"],"picked":"wariomod:SpacialMastery","floor":16},{"not_picked":["wariomod:TrekTime","wariomod:SimpleShield","wariomod:ThatsNotAll"],"picked":"wariomod:SmackSlam","floor":18},{"not_picked":["wariomod:TreasureDig","wariomod:ChargeForth+1","wariomod:Boomsmack+1"],"picked":"wariomod:Leapslam","floor":22},{"not_picked":["TH:EnergyPotion","TH:BikiniMail"],"picked":"TH:Mimic","floor":23},{"not_picked":["wariomod:OctoJump","wariomod:Smackflip","wariomod:SilenceBombs"],"picked":"wariomod:BodyBlock","floor":23},{"not_picked":["TH:PixieDust","TH:ArmorSpikes"],"picked":"TH:CopperCoins","floor":26},{"not_picked":["TH:PixieDust","TH:TreasureMap"],"picked":"TH:EnergyPotion","floor":28},{"not_picked":["wariomod:OctoJump","wariomod:BoomBoom+1","wariomod:DoubleDash"],"picked":"wariomod:DropBash","floor":28},{"not_picked":["TH:BikiniMail","TH:ElvenBoots"],"picked":"TH:DeckOfManyThings","floor":31},{"not_picked":["wariomod:DeepDig","wariomod:PayItForwards","wariomod:BlastDash"],"picked":"wariomod:TreasureDig+1","floor":31},{"not_picked":["TH:ArmorSpikes","TH:BikiniMail"],"picked":"TH:DeckOfManyThings","floor":33},{"not_picked":["wariomod:PoisonBombs","wariomod:Enshrine","wariomod:ForbiddenMagic"],"picked":"wariomod:SpacialMastery","floor":33},{"not_picked":["wariomod:SpikeSlash","wariomod:BodyBlock","wariomod:DeepDig"],"picked":"wariomod:Leapslam","floor":35},{"not_picked":["wariomod:EmptyMind+1","wariomod:BodyBlock+1","wariomod:BlastDash"],"picked":"wariomod:Goblast","floor":36},{"not_picked":["wariomod:SmallSprint+1","wariomod:SimpleShield+1","wariomod:f"],"picked":"wariomod:SpikeSlash","floor":37},{"not_picked":["wariomod:SmallSprint+1","wariomod:AwfulLook","wariomod:BodyBlock+1"],"picked":"wariomod:Immortalize+1","floor":39},{"not_picked":["TH:ArmorSpikes","TH:EnergyPotion"],"picked":"TH:Mimic","floor":40},{"not_picked":["wariomod:PayItForwards","wariomod:TempestBlasts","wariomod:BodyBlock+1"],"picked":"wariomod:SmackSlam+1","floor":40},{"not_picked":["TH:CopperCoins","TH:ArmorSpikes"],"picked":"TH:BikiniMail","floor":42},{"not_picked":["wariomod:Game","wariomod:AwfulLook+1","wariomod:AbandonGame"],"picked":"wariomod:SmackSlam","floor":42},{"not_picked":["TH:EnergyPotion","TH:CursedSword"],"picked":"TH:CopperCoins","floor":43},{"not_picked":["wariomod:DanceDash","wariomod:DoubleDash+1","wariomod:BodyBlock+1"],"picked":"wariomod:Goblast","floor":47},{"not_picked":["wariomod:EmptyMind","wariomod:Game","wariomod:BodyBlock+1"],"picked":"wariomod:GodlyGift","floor":48},{"not_picked":["TH:Mimic","TH:PixieDust"],"picked":"TH:CopperCoins","floor":55},{"not_picked":["wariomod:BoomForm","wariomod:BoomBoom","wariomod:AwfulLook"],"picked":"wariomod:Immortalize+1","floor":55}],"player_experience":400939,"relics_obtained":[{"floor":1,"key":"Question Card"},{"floor":1,"key":"LetterFromLob"},{"floor":8,"key":"Nunchaku"},{"floor":16,"key":"ImportantClient"},{"floor":23,"key":"trackpad:ToughGloves"},{"floor":26,"key":"wariomod:SmileyHat"},{"floor":28,"key":"HollowMod:StagPassRelic"},{"floor":31,"key":"trackpad:PetRock"},{"floor":35,"key":"Gensokyo:MosesMiracle"},{"floor":40,"key":"wariomod:AngryHat"},{"floor":42,"key":"trackpad:WondrousWand"},{"floor":43,"key":"Happy Flower"},{"floor":55,"key":"InkBottle"}],"event_choices":[{"damage_healed":0,"gold_gain":327,"player_choice":"GO GO GO RE ","damage_taken":54,"relics_obtained":["Dota2Spire:LotusOrb"],"max_hp_gain":0,"max_hp_loss":0,"event_name":"betterSkull:BetterSkull","floor":10,"gold_loss":0,"cards_upgraded":[]},{"damage_healed":0,"gold_gain":0,"player_choice":"Embrace Madness","damage_taken":10,"max_hp_gain":0,"max_hp_loss":0,"event_name":"Winding Halls","floor":38,"gold_loss":0,"cards_obtained":["Madness","Madness"]},{"cards_removed":["wariomod:Strike"],"damage_healed":0,"gold_gain":0,"player_choice":"Removed Attack","damage_taken":0,"max_hp_gain":0,"max_hp_loss":0,"event_name":"Falling","floor":44,"gold_loss":0}],"is_beta":false,"boss_relics":[{"not_picked":["Coffee Dripper","SacredBark"],"picked":"ExusiaiGun"},{"not_picked":["RedLine:ReiMu","wariomod:DoomHat"],"picked":"HereWithMe"}],"items_purged_floors":[],"is_endless":false,"potions_floor_spawned":[7,13,16,18,31,37,39,42,47,48],"killed_by":"The Heart","ascension_level":0}}