{"host":"mmyob72dycyg5z21","time":1607682662,"event":{"mods":["AchievementEnabler","Act Like it!","Aspiration","BaseMod","Better Note","Better Third Choice","Better Vampires","Colored Powertips","Custom Start","Gremlin Skip","Minty Spire (QoL Compilation)","Rare Cards Sparkle","Remilia（蕾米莉亚）","Spicy Shops","StSLib","SuperFastMode","The Animator","【遗物Mod】死灵法师NEW","篝火指南","老伊莉雅"],"gold_per_floor":[10,10,25,41,15,15,15,50,50,62,75,0,49,49,49,49,49],"floor_reached":16,"playtime":595,"items_purged":[],"score":140,"play_id":"d1997c72-0525-4228-9da4-3a47569a7d2a","local_time":"20201211183102","is_ascension_mode":true,"campfire_choices":[{"data":"Crippling Poison","floor":6.0,"key":"SMITH"},{"data":"Footwork","floor":15,"key":"SMITH"}],"circlet_count":0,"master_deck":["Strike_G","Strike_G","Defend_G+1","Defend_G","Defend_G","Defend_G","Defend_G","Survivor+1","Neutralize","Endless Agony","Crippling Poison+1","Deadly Poison","Adrenaline","PiercingWail","Footwork+1","Enlightenment"],"relics":["Ring of the Snake","betterThird:SlimedRelic","aspiration:StickyExplosives","White Beast Statue"],"acts_visited":["Exordium"],"potions_floor_usage":[11,16],"damage_taken":[{"damage":0.0,"enemies":"2 Louse","floor":1.0,"turns":5.0},{"damage":0.0,"enemies":"Small Slimes","floor":3.0,"turns":7.0},{"damage":1.0,"enemies":"Jaw Worm","floor":4.0,"turns":5.0},{"damage":32,"enemies":"3 Sentries","floor":8,"turns":10},{"damage":0,"enemies":"Blue Slaver","floor":10,"turns":3},{"damage":0,"enemies":"Large Slime","floor":11,"turns":4},{"damage":12,"enemies":"Hexaghost","floor":16,"turns":12}],"seed_played":"-6999647545193017124","potions_obtained":[{"floor":1.0,"key":"SpeedPotion"},{"floor":8,"key":"DistilledChaos"},{"floor":10,"key":"Strength Potion"},{"floor":11,"key":"BlessingOfTheForge"}],"is_trial":false,"path_per_floor":["M","?","M","M","?","R","?","E","T","M","M","?","T","$","R","B"],"character_chosen":"THE_SILENT","items_purchased":[],"campfire_rested":0,"item_purchase_floors":[],"current_hp_per_floor":[63,63,63,62,51,51,37,5,5,5,5,11,11,11,11,0,0],"gold":49,"neow_bonus":"REMOVE_TWO","is_daily":false,"chose_seed":false,"campfire_upgraded":2,"win_rate":0.0,"timestamp":1607682662,"path_taken":["M","?","M","M","?","R","?","E","T","M","M","?","?","$","R","BOSS"],"items_purchased_type":[],"build_version":"2020-11-30","purchased_purges":0,"victory":false,"max_hp_per_floor":[70,70,70,70,70,70,70,70,70,70,70,76,76,76,76,76,76],"card_choices":[{"not_picked":["Prepared","Distraction","Bane"],"picked":"SKIP","floor":1.0},{"not_picked":["Masterful Stab","Backstab"],"picked":"Crippling Poison","floor":3.0},{"not_picked":["Cloak And Dagger","Outmaneuver"],"picked":"Deadly Poison","floor":4.0},{"not_picked":["Slice","Prepared"],"picked":"Adrenaline","floor":8},{"not_picked":["Doppelganger","Skewer"],"picked":"PiercingWail","floor":10},{"not_picked":["Leg Sweep","Flying Knee"],"picked":"Footwork","floor":11}],"player_experience":401069,"relics_obtained":[{"floor":8,"key":"aspiration:StickyExplosives"},{"floor":9,"key":"White Beast Statue"}],"event_choices":[{"damage_healed":0.0,"max_hp_gain":0.0,"max_hp_loss":0.0,"gold_gain":0.0,"cards_transformed":["Strike_G"],"event_name":"Living Wall","player_choice":"Change","floor":2.0,"gold_loss":0.0,"damage_taken":0.0,"cards_obtained":["Endless Agony"]},{"damage_healed":0.0,"max_hp_gain":0.0,"max_hp_loss":0.0,"gold_gain":0.0,"event_name":"betterThird:BetterGoop","player_choice":"Slimed","floor":5.0,"gold_loss":26.0,"damage_taken":11.0},{"damage_healed":51,"gold_gain":0,"player_choice":"Upgrade","damage_taken":14,"max_hp_gain":0,"max_hp_loss":70,"event_name":"betterThird:BetterShining","floor":7,"gold_loss":0,"cards_upgraded":["Defend_G","Survivor"]},{"damage_healed":0,"gold_gain":0,"player_choice":"RENOUNCE","damage_taken":75,"max_hp_gain":0,"max_hp_loss":0,"event_name":"betterThird:BetterSerpent","floor":12,"gold_loss":75,"cards_obtained":["Enlightenment"]}],"is_beta":false,"boss_relics":[],"items_purged_floors":[],"is_endless":false,"potions_floor_spawned":[1,8,10,11],"killed_by":"Hexaghost","ascension_level":8}}