{"host":"6o1vh5lr98s0jjq7","time":1607653906,"event":{"mods":["2.2 Compatiblity","Act Like it!","Aspiration","BaseMod","Better Altar","Better Match","Better Note","Better Third Choice","Conspire","Downfall","Gensokyo","Hallownest","Infinite Spire","Marisa????????","Minty Spire (QoL Compilation)","Replay The Spire","StSLib","The Alterego","WarShipGirlsR/????R mod"],"gold_per_floor":[118,193,12,32,50,50,85,96,122,141,172,172,172,47,47,147,147,157,157,167,82,15,46,46,77,147,479,498,528,528,538,538,643,643,656,656,671,671,671,671,697,747,747,747,792,810,836,849,849,849,849],"floor_reached":50,"playtime":2747,"items_purged":[],"score":914,"play_id":"4bd23775-7a4a-4a20-b036-a84cc4c3c7f6","local_time":"20201210203146","is_ascension_mode":true,"campfire_choices":[{"floor":6,"key":"RECALL"},{"floor":13,"key":"REST"},{"floor":15,"key":"DIG"},{"floor":30,"key":"REST"},{"data":"DC","floor":32,"key":"SMITH"},{"data":"expansioncontent:QuickStudy","floor":40,"key":"SMITH"},{"floor":44,"key":"REST"}],"circlet_count":0,"master_deck":["Strike_MRS","Strike_MRS","Strike_MRS","Strike_MRS","Defend_MRS","Defend_MRS","Defend_MRS","Defend_MRS","MasterSpark","UpSweep","OortCloud","PulseMagic","GrandCross","GrandCross","AlicesGift","6A","DC+1","TreasureHunter","MysteriousBeam","UnstableBomb","AsteroidBelt","expansioncontent:QuickStudy+1","Replay:BasicMightCard","expansioncontent:DefensiveStance","SatelliteIllusion","PulseMagic","infinitespire:DeathsTouch","ReplayTheSpireMod:??????????????????????","OrrerysSun+1","SprinkleStarSeal","ShootingEcho+1","AsteroidBelt+1","AsteroidBelt","MilkyWay","GalacticHalo","NonDirectionalLaser+1","FinalSpark+1","AsteroidBelt+1","FairyDestructionRay+1","expansioncontent:PolyBeam+1","expansioncontent:Chronoboost","Mind Blast+1","ChargeUpSpray+1","MysteriousBeam+1","WitchLeyline+1","PowerUp","ManaConvection+1"],"relics":["MiniHakkero","NeowsBlessing","Mercury Hourglass","Akabeko","aspiration:DSix","ReplayTheSpireMod:ShopPack","conspire:DecoderRing","RampagingMagicTools","BargainBundle","Black Star","StoneCalendar","Molten Egg 2","TungstenRod","Onion Ring","Bag of Marbles","Strawberry","Replay:Bottled Steam","Old Coin","Potion Belt","Replay:Baseball","MagicBroom","Honey Jar","Bottled Tornado","Smiling Mask","aspiration:TomeofQuesting","Unceasing Top","aspiration:ChemicalBlood","Nunchaku","conspire:TopHat","Bronze Scales"],"acts_visited":["Exordium","TheCity","TheBeyond"],"potions_floor_usage":[7,11,11,16,20,25,29,33,42,47,47,50,50,50,50],"damage_taken":[{"damage":0,"enemies":"Small Slimes","floor":1,"turns":2},{"damage":0,"enemies":"Cultist","floor":4,"turns":1},{"damage":0,"enemies":"2 Louse","floor":5,"turns":1},{"damage":18,"enemies":"Gremlin Nob","floor":7,"turns":4},{"damage":11,"enemies":"Looter","floor":8,"turns":2},{"damage":0,"enemies":"Exordium Thugs","floor":10,"turns":1},{"damage":0,"enemies":"Replay:BlueRogue","floor":11,"turns":2},{"damage":0,"enemies":"Slime Boss","floor":16,"turns":5},{"damage":0,"enemies":"Shell Parasite","floor":18,"turns":1},{"damage":0,"enemies":"Chosen","floor":20,"turns":3},{"damage":24,"enemies":"Book of Stabbing","floor":23,"turns":3},{"damage":10,"enemies":"Nightmare","floor":25,"turns":3},{"damage":7,"enemies":"Book of Stabbing","floor":27,"turns":5},{"damage":3,"enemies":"3 Cultists","floor":28,"turns":3},{"damage":10,"enemies":"Gremlin Leader","floor":29,"turns":4},{"damage":0,"enemies":"Centurion and Healer","floor":31,"turns":2},{"damage":29,"enemies":"Champ","floor":33,"turns":9},{"damage":0,"enemies":"3 Darklings","floor":35,"turns":1},{"damage":7,"enemies":"3 Shapes","floor":37,"turns":2},{"damage":3,"enemies":"Giant Head","floor":41,"turns":5},{"damage":33,"enemies":"Mind Bloom Boss Battle","floor":42,"turns":3},{"damage":0,"enemies":"Transient","floor":46,"turns":5},{"damage":32,"enemies":"Nightmare","floor":47,"turns":6},{"damage":11,"enemies":"4 Shapes","floor":48,"turns":2},{"damage":49,"enemies":"Awakened One","floor":50,"turns":3}],"seed_played":"200022353372801828","potions_obtained":[{"floor":4,"key":"SkillPotion"},{"floor":7,"key":"Cursed Concoction"},{"floor":8,"key":"BlessingOfTheForge"},{"floor":10,"key":"Fire Potion"},{"floor":20,"key":"Fruit Juice"},{"floor":23,"key":"LiquidMemories"},{"floor":27,"key":"FearPotion"},{"floor":28,"key":"Regen Potion"},{"floor":37,"key":"Fire Potion"},{"floor":42,"key":"FearPotion"},{"floor":46,"key":"Languid Potion"},{"floor":48,"key":"SkillPotion"},{"floor":49,"key":"SmokeBomb"},{"floor":49,"key":"Explosive Potion"}],"is_trial":false,"path_per_floor":["M","?","$","M","M","R","E","M","T","M","E","?","R","$","R","B",null,"M","AVR","M","?","$","E","T","NM","T","E","M","E","R","M","R","B",null,"M","?","M","AVR","?","R","E","?","T","R","T","M","NM","M","R","B"],"character_chosen":"MARISA","items_purchased":["PulseMagic","GrandCross","AlicesGift","ReplayTheSpireMod:ShopPack","SprinkleStarSeal"],"campfire_rested":3,"item_purchase_floors":[3,3,3,14,22],"current_hp_per_floor":[75,68,68,68,68,68,50,39,39,39,39,47,69,69,69,69,75,75,75,80,80,80,56,56,53,53,46,43,55,81,81,81,52,87,87,87,80,80,71,71,68,35,35,61,61,61,29,18,18,0,0],"gold":849,"neow_bonus":"THREE_ENEMY_KILL","is_daily":false,"chose_seed":false,"campfire_upgraded":2,"win_rate":0.0,"timestamp":1607653906,"path_taken":["M","?","?","M","M","R","E","M","T","M","E","?","R","$","R","BOSS","M","AVR","M","?","$","E","?","NM","T","E","?","E","R","M","R","BOSS","M","?","M","AVR","?","R","E","?","T","R","?","M","NM","M","R","BOSS"],"items_purchased_type":["Card","Card","Card","Relic","Card"],"build_version":"2020-11-30","purchased_purges":0,"victory":false,"max_hp_per_floor":[75,75,75,75,75,75,75,75,75,75,75,75,75,75,75,75,75,75,75,80,80,80,80,80,87,87,87,87,87,87,87,87,87,87,87,87,87,87,87,87,87,87,87,87,87,87,87,87,87,87,87],"card_choices":[{"not_picked":["UnstableBomb","AsteroidBelt"],"picked":"OortCloud","floor":1},{"not_picked":["SporeBomb","GasGiant"],"picked":"6A","floor":4},{"not_picked":["GrandCross","MysteriousBeam"],"picked":"DC","floor":5},{"not_picked":["DragonMeteor","IllusionStar"],"picked":"TreasureHunter","floor":7},{"not_picked":["RefractionSpark","Occultation"],"picked":"MysteriousBeam","floor":8},{"not_picked":["MagicChant","WitchLeyline"],"picked":"UnstableBomb","floor":10},{"not_picked":["SprinkleStarSeal","MagicAbsorber"],"picked":"AsteroidBelt","floor":11},{"not_picked":["Midas Touch","Thinking Ahead"],"picked":"expansioncontent:QuickStudy","floor":14},{"not_picked":["ReplayTheSpireMod:Uncanny Aura","Purity"],"picked":"Replay:BasicMightCard","floor":14},{"not_picked":["Flash of Steel","Replay:SS_fish_3"],"picked":"expansioncontent:DefensiveStance","floor":14},{"not_picked":["AbsoluteMagnitude","TreasureHunter"],"picked":"SatelliteIllusion","floor":16},{"not_picked":["GalacticHalo","AsteroidBelt"],"picked":"PulseMagic","floor":18},{"not_picked":["OneTimeOff","Singularity"],"picked":"OrrerysSun+1","floor":20},{"not_picked":["Acceleration","MilkyWay"],"picked":"ShootingEcho+1","floor":23},{"not_picked":["MilkyWay","BlazeAway"],"picked":"AsteroidBelt+1","floor":25},{"not_picked":["ShootingEcho+1","CasketOfStar"],"picked":"AsteroidBelt","floor":27},{"not_picked":["StarlightTyphoon","WitchOfGreed+1"],"picked":"MilkyWay","floor":28},{"not_picked":["IllusionStar","OrrerysSun"],"picked":"GalacticHalo","floor":29},{"not_picked":["LuminesStrike+1","MilkyWay+1"],"picked":"NonDirectionalLaser+1","floor":31},{"not_picked":["EscapeVelocity","SatelliteIllusion"],"picked":"FinalSpark+1","floor":33},{"not_picked":["OpenUniverse","GrandCross+1","GalacticHalo+1"],"picked":"AsteroidBelt+1","floor":35},{"not_picked":["PowerUp+1","DC+1","IllusionStar+1"],"picked":"FairyDestructionRay+1","floor":37},{"not_picked":["expansioncontent:CaCaw","Transmutation","expansioncontent:SuperHexaguard"],"picked":"expansioncontent:PolyBeam+1","floor":39},{"not_picked":["PanicButton","expansioncontent:ManipulateTime","Replay:SS_fish_3+1"],"picked":"expansioncontent:Chronoboost","floor":39},{"not_picked":["Survey Options","Bandage Up","ReplayUltimateDefense"],"picked":"Mind Blast+1","floor":39},{"not_picked":["DarkSpark+1","UnstableBomb+1","Acceleration"],"picked":"ChargeUpSpray+1","floor":41},{"not_picked":["SuperPerseids","SporeBomb","GalacticHalo+1"],"picked":"MysteriousBeam+1","floor":42},{"not_picked":["LuminesStrike+1","DarkMatter","SprinkleStarSeal"],"picked":"WitchLeyline+1","floor":46},{"not_picked":["WitchLeyline+1","MilkyWay","GasGiant"],"picked":"PowerUp","floor":47},{"not_picked":["GrandCross+1","UnstableBomb+1","MysteriousBeam+1"],"picked":"ManaConvection+1","floor":48}],"player_experience":178219,"relics_obtained":[{"floor":7,"key":"Mercury Hourglass"},{"floor":9,"key":"Akabeko"},{"floor":11,"key":"aspiration:DSix"},{"floor":15,"key":"conspire:DecoderRing"},{"floor":23,"key":"Molten Egg 2"},{"floor":23,"key":"TungstenRod"},{"floor":24,"key":"Onion Ring"},{"floor":25,"key":"Bag of Marbles"},{"floor":25,"key":"Strawberry"},{"floor":27,"key":"Replay:Bottled Steam"},{"floor":27,"key":"Old Coin"},{"floor":29,"key":"Potion Belt"},{"floor":29,"key":"Replay:Baseball"},{"floor":33,"key":"MagicBroom"},{"floor":41,"key":"Smiling Mask"},{"floor":41,"key":"aspiration:TomeofQuesting"},{"floor":42,"key":"Unceasing Top"},{"floor":43,"key":"aspiration:ChemicalBlood"},{"floor":45,"key":"Nunchaku"},{"floor":47,"key":"conspire:TopHat"},{"floor":47,"key":"Bronze Scales"}],"event_choices":[{"damage_healed":0,"gold_gain":75,"player_choice":"Touch","damage_taken":7,"max_hp_gain":0,"max_hp_loss":0,"event_name":"FaceTrader","floor":2,"gold_loss":0},{"damage_healed":0,"gold_gain":0,"player_choice":"Obtained Relic","damage_taken":0,"relics_obtained":["StoneCalendar"],"max_hp_gain":0,"max_hp_loss":0,"event_name":"Addict","floor":21,"gold_loss":85},{"damage_healed":0,"gold_gain":0,"player_choice":"Ignored","damage_taken":0,"max_hp_gain":0,"max_hp_loss":0,"event_name":"Tomb of Lord Red Mask","floor":36,"gold_loss":0},{"damage_healed":0,"gold_gain":0,"player_choice":"Memory 3","damage_taken":10,"max_hp_gain":0,"max_hp_loss":0,"event_name":"SensoryStone","floor":39,"gold_loss":0},{"damage_healed":0,"gold_gain":0,"player_choice":"Fight","damage_taken":0,"max_hp_gain":0,"max_hp_loss":0,"event_name":"MindBloom","floor":42,"gold_loss":0}],"is_beta":false,"boss_relics":[{"not_picked":["ReplayTheSpireMod:SealedPack","aspiration:PoetsPen_weak"],"picked":"RampagingMagicTools"},{"not_picked":["Replay:Drink Me","Snecko Eye"],"picked":"Honey Jar"}],"items_purged_floors":[],"is_endless":true,"potions_floor_spawned":[4,7,8,10,20,23,27,28,37,42,46,48],"killed_by":"Awakened One","ascension_level":3}}