{"host":"s3a6hixhsg8wpq6p","time":1607677950,"event":{"mods":["BaseMod","Colored Map","Colored Powertips","DeckTracker","Minty Spire (QoL Compilation)","Relic Stats"],"gold_per_floor":[118,137,149,169,180,206,206,219,219,219,249,265,295,326,326,426,426,446,162,261,261,261,296,310,340,340,373,387,401,401,421,421,518,518,530,530,188,207,218,251,251,251,275,275,287,314,0,50,50,50],"floor_reached":51,"playtime":2536,"items_purged":["Strike_P","BowlingBash"],"score":1278,"play_id":"44c1ccdc-fd2f-47fb-83a1-06fb4d9d1342","local_time":"20201211101230","is_ascension_mode":true,"campfire_choices":[{"data":"Ragnarok","floor":7.0,"key":"SMITH"},{"data":"CrushJoints","floor":10.0,"key":"SMITH"},{"data":"Eruption","floor":15.0,"key":"SMITH"},{"data":"Evaluate","floor":30.0,"key":"SMITH"},{"data":"Adaptation","floor":32.0,"key":"SMITH"},{"data":"Swivel","floor":41,"key":"SMITH"},{"data":"Vigilance","floor":44,"key":"SMITH"},{"data":"1","floor":49,"key":"LIFT"}],"circlet_count":0,"master_deck":["Strike_P+1","Strike_P+1","Strike_P+1","Defend_P+1","Defend_P+1","Defend_P+1","Defend_P+1","Eruption+1","Vigilance+1","Evaluate+1","CrushJoints+1","Consecrate","Ragnarok+1","Swivel+1","Vault+1","ThirdEye+1","Madness+1","Adaptation+1","Swivel+1","Vengeance+1","Crescendo+1","Indignation+1","Halt+1","FollowUp+1","ClearTheMind+1","Blasphemy+1","MentalFortress+1","Sanctity+1","InnerPeace+1"],"relics":["Runic Pyramid","Art of War","Vajra","Gambling Chip","PreservedInsect","Toxic Egg 2","Black Star","MutagenicStrength","Prayer Wheel","HornCleat","Bag of Marbles","Bottled Lightning","Question Card","Potion Belt","Happy Flower","Philosopher\u0027s Stone","GoldenEye","Mummified Hand","TeardropLocket","Pear","Omamori","Girya","Boot","Red Mask","Calipers"],"acts_visited":["Exordium","TheCity","TheBeyond"],"potions_floor_usage":[50,50],"damage_taken":[{"damage":3.0,"enemies":"Small Slimes","floor":1.0,"turns":3.0},{"damage":0.0,"enemies":"Jaw Worm","floor":2.0,"turns":2.0},{"damage":0.0,"enemies":"Cultist","floor":3.0,"turns":4.0},{"damage":1.0,"enemies":"Red Slaver","floor":4.0,"turns":3.0},{"damage":11.0,"enemies":"3 Louse","floor":5.0,"turns":3.0},{"damage":10.0,"enemies":"Gremlin Nob","floor":6.0,"turns":3.0},{"damage":3.0,"enemies":"2 Fungi Beasts","floor":8.0,"turns":3.0},{"damage":4.0,"enemies":"3 Sentries","floor":11.0,"turns":3.0},{"damage":3.0,"enemies":"Large Slime","floor":12.0,"turns":4.0},{"damage":16.0,"enemies":"Gremlin Nob","floor":14.0,"turns":3.0},{"damage":12.0,"enemies":"Hexaghost","floor":16.0,"turns":9.0},{"damage":0.0,"enemies":"Shell Parasite","floor":18.0,"turns":5.0},{"damage":0.0,"enemies":"Gremlin Leader","floor":23.0,"turns":4.0},{"damage":0.0,"enemies":"Spheric Guardian","floor":24.0,"turns":2.0},{"damage":6.0,"enemies":"Slavers","floor":25.0,"turns":4.0},{"damage":0.0,"enemies":"Book of Stabbing","floor":27.0,"turns":3.0},{"damage":0.0,"enemies":"Snake Plant","floor":28.0,"turns":3.0},{"damage":0.0,"enemies":"Snecko","floor":29.0,"turns":4.0},{"damage":0.0,"enemies":"Chosen and Byrds","floor":31.0,"turns":4.0},{"damage":0.0,"enemies":"Collector","floor":33.0,"turns":6.0},{"damage":0.0,"enemies":"Orb Walker","floor":35.0,"turns":1.0},{"damage":0.0,"enemies":"3 Shapes","floor":38.0,"turns":4.0},{"damage":3.0,"enemies":"3 Darklings","floor":39.0,"turns":4.0},{"damage":0,"enemies":"Reptomancer","floor":40,"turns":5},{"damage":0,"enemies":"4 Shapes","floor":45,"turns":2},{"damage":0,"enemies":"Giant Head","floor":46,"turns":4},{"damage":0,"enemies":"Mind Bloom Boss Battle","floor":48,"turns":4},{"damage":100023,"enemies":"Donu and Deca","floor":50,"turns":7}],"seed_played":"-978481781141553989","potions_obtained":[{"floor":3.0,"key":"AttackPotion"},{"floor":5.0,"key":"LiquidMemories"},{"floor":14.0,"key":"Fruit Juice"},{"floor":16.0,"key":"Fire Potion"},{"floor":18.0,"key":"Dexterity Potion"},{"floor":29.0,"key":"SteroidPotion"},{"floor":31.0,"key":"Strength Potion"},{"floor":33.0,"key":"SpeedPotion"},{"floor":45,"key":"Fire Potion"},{"floor":46,"key":"FairyPotion"}],"is_trial":false,"path_per_floor":["M","M","M","M","M","E","R","M","T","R","E","M","?","E","R","B",null,"M","$","?","?","?","E","M","E","T","E","M","M","R","M","R","B",null,"M","?","$","M","M","E","R","?","T","R","M","E","?","?","R","B",null],"character_chosen":"WATCHER","items_purchased":["Madness+1","Adaptation","Swivel+1","Mummified Hand"],"campfire_rested":0,"item_purchase_floors":[19,19,19,37],"current_hp_per_floor":[62,62,62,61,50,40,40,37,37,37,33,30,30,19,19,7,60,60,60,60,60,60,60,60,54,54,54,54,54,54,54,54,54,71,71,71,71,71,68,78,78,78,78,78,78,78,78,78,78,23],"gold":50,"neow_bonus":"BOSS_RELIC","is_daily":false,"chose_seed":false,"campfire_upgraded":7,"win_rate":0.0,"timestamp":1607677950,"path_taken":["M","M","M","M","M","E","R","M","T","R","E","M","?","E","R","BOSS","M","$","?","?","?","E","M","E","T","E","?","M","R","M","R","BOSS","M","?","?","M","?","E","R","?","T","R","M","E","?","?","R","BOSS"],"items_purchased_type":["Undefined","Card","Undefined","Relic"],"build_version":"2020-11-30","purchased_purges":2,"victory":true,"max_hp_per_floor":[72,72,72,72,72,72,72,72,72,72,72,72,72,77,77,77,77,77,77,77,77,77,77,77,77,77,77,77,77,77,77,77,77,77,77,77,77,77,77,87,87,87,87,87,87,87,87,87,87,87],"relic_stats":{"Happy Flower":[16],"counters":[28,106],"Mummified Hand":[18],"Gambling Chip":[20],"Prayer Wheel":8,"PreservedInsect":328,"Art of War":[10],"Black Star":5,"Question Card":19,"GoldenEye":[14],"Boot":[2],"obtain_stats":[{"Calipers":48,"Vajra":9,"TeardropLocket":40,"Boot":46,"HornCleat":23,"Mummified Hand":37,"Gambling Chip":11,"Prayer Wheel":23,"Philosopher\u0027s Stone":34,"Red Mask":47,"Toxic Egg 2":14,"Runic Pyramid":0,"Potion Belt":27,"Girya":46,"Pear":40,"Happy Flower":27,"PreservedInsect":13,"Omamori":43,"Question Card":26,"GoldenEye":36,"MutagenicStrength":22,"Art of War":6,"Black Star":17,"Bag of Marbles":25,"Bottled Lightning":25,"PureWater":0},{"Calipers":27,"Vajra":7,"TeardropLocket":24,"Boot":26,"HornCleat":13,"Mummified Hand":21,"Gambling Chip":8,"Prayer Wheel":13,"Philosopher\u0027s Stone":20,"Red Mask":26,"Toxic Egg 2":10,"Runic Pyramid":0,"Potion Belt":16,"Girya":26,"Pear":24,"Happy Flower":16,"PreservedInsect":9,"Omamori":24,"Question Card":15,"GoldenEye":21,"MutagenicStrength":12,"Art of War":6,"Black Star":11,"Bag of Marbles":15,"Bottled Lightning":15,"PureWater":0},{"Calipers":99,"Vajra":21,"TeardropLocket":89,"Boot":95,"HornCleat":49,"Mummified Hand":76,"Gambling Chip":24,"Prayer Wheel":49,"Philosopher\u0027s Stone":75,"Red Mask":95,"Toxic Egg 2":31,"Runic Pyramid":0,"Potion Belt":58,"Girya":95,"Pear":89,"Happy Flower":58,"PreservedInsect":28,"Omamori":89,"Question Card":55,"GoldenEye":76,"MutagenicStrength":45,"Art of War":18,"Black Star":40,"Bag of Marbles":55,"Bottled Lightning":55,"PureWater":0}]},"card_choices":[{"not_picked":["EmptyBody","SignatureMove"],"picked":"Evaluate","floor":1.0},{"not_picked":["FlyingSleeves","Crescendo","Meditate"],"picked":"SKIP","floor":2.0},{"not_picked":["SashWhip","EmptyBody"],"picked":"CrushJoints","floor":3.0},{"not_picked":["MentalFortress","Sanctity"],"picked":"BowlingBash","floor":4.0},{"not_picked":["Prostrate","FlyingSleeves"],"picked":"Consecrate","floor":5.0},{"not_picked":["FlyingSleeves","Crescendo"],"picked":"Ragnarok","floor":6.0},{"not_picked":["Adaptation","Vengeance"],"picked":"Swivel","floor":8.0},{"not_picked":["Collect","EmptyBody","EmptyFist"],"picked":"SKIP","floor":11.0},{"not_picked":["JustLucky","SignatureMove","CarveReality"],"picked":"SKIP","floor":12.0},{"not_picked":["EmptyFist","FearNoEvil"],"picked":"SandsOfTime","floor":14.0},{"not_picked":["Judgement+1","Wish+1"],"picked":"Vault+1","floor":16.0},{"not_picked":["ReachHeaven+1","BowlingBash"],"picked":"ThirdEye+1","floor":18.0},{"not_picked":["PathToVictory+1","Study+1"],"picked":"Vengeance+1","floor":23.0},{"not_picked":["Nirvana+1","SignatureMove","BowlingBash"],"picked":"SKIP","floor":24.0},{"not_picked":["ForeignInfluence+1","Nirvana","CrushJoints+1"],"picked":"SKIP","floor":24.0},{"not_picked":["ForeignInfluence+1","FollowUp"],"picked":"Crescendo+1","floor":25.0},{"not_picked":["FlyingSleeves","WaveOfTheHand+1","WindmillStrike"],"picked":"Indignation+1","floor":27.0},{"not_picked":["CutThroughFate","DeusExMachina+1","EmptyBody+1"],"picked":"Halt+1","floor":28.0},{"not_picked":["Consecrate+1","JustLucky","CrushJoints"],"picked":"FollowUp+1","floor":28.0},{"not_picked":["CarveReality+1","WheelKick","SashWhip+1","Protect+1"],"picked":"SKIP","floor":29.0},{"not_picked":["Crescendo+1","WindmillStrike","Pray+1","BowlingBash"],"picked":"SKIP","floor":29.0},{"not_picked":["FollowUp+1","Study","JustLucky"],"picked":"ClearTheMind+1","floor":31.0},{"not_picked":["Crescendo+1","WheelKick","Judgement+1","ReachHeaven"],"picked":"SKIP","floor":31.0},{"not_picked":["Ragnarok","ConjureBlade+1","DeusExMachina+1"],"picked":"Blasphemy+1","floor":33.0},{"not_picked":["SandsOfTime","Crescendo+1","ThirdEye+1"],"picked":"MentalFortress+1","floor":35.0},{"not_picked":["FollowUp+1","Swivel+1","Fasting2+1"],"picked":"Sanctity+1","floor":35.0},{"not_picked":["Fasting2+1","JustLucky+1","FollowUp"],"picked":"InnerPeace+1","floor":38.0},{"not_picked":["EmptyFist+1","Evaluate+1","Halt+1","DeceiveReality+1"],"picked":"SKIP","floor":38.0},{"not_picked":["Prostrate+1","Evaluate+1","FollowUp+1","Perseverance+1"],"picked":"SKIP","floor":39.0},{"not_picked":["ClearTheMind+1","ForeignInfluence+1","Tantrum","ReachHeaven+1"],"picked":"SKIP","floor":39.0},{"not_picked":["Conclude","Fasting2","SpiritShield+1","FollowUp+1"],"picked":"SKIP","floor":40},{"not_picked":["Protect+1","Fasting2","JustLucky+1","SandsOfTime+1"],"picked":"SKIP","floor":45},{"not_picked":["SashWhip+1","ClearTheMind+1","CutThroughFate+1","Evaluate+1"],"picked":"SKIP","floor":45},{"not_picked":["Tantrum+1","Worship+1","Evaluate+1","Devotion"],"picked":"SKIP","floor":46}],"player_experience":584396,"relics_obtained":[{"floor":6.0,"key":"Art of War"},{"floor":9.0,"key":"Vajra"},{"floor":11.0,"key":"Gambling Chip"},{"floor":14.0,"key":"Toxic Egg 2"},{"floor":23.0,"key":"Prayer Wheel"},{"floor":23.0,"key":"HornCleat"},{"floor":25.0,"key":"Bag of Marbles"},{"floor":25.0,"key":"Bottled Lightning"},{"floor":26.0,"key":"Question Card"},{"floor":27.0,"key":"Potion Belt"},{"floor":27.0,"key":"Happy Flower"},{"floor":36.0,"key":"GoldenEye"},{"floor":40,"key":"TeardropLocket"},{"floor":40,"key":"Pear"},{"floor":43,"key":"Omamori"},{"floor":46,"key":"Girya"},{"floor":46,"key":"Boot"},{"floor":48,"key":"Calipers"}],"event_choices":[{"damage_healed":0.0,"max_hp_gain":0.0,"max_hp_loss":0.0,"gold_gain":30.0,"event_name":"Dead Adventurer","player_choice":"Searched \u00272\u0027 times","floor":13.0,"gold_loss":0.0,"damage_taken":0.0,"relics_obtained":["PreservedInsect"]},{"damage_healed":0.0,"max_hp_gain":0.0,"max_hp_loss":0.0,"gold_gain":99.0,"event_name":"Nest","player_choice":"Stole From Cult","floor":20.0,"gold_loss":0.0,"damage_taken":0.0},{"damage_healed":0.0,"max_hp_gain":0.0,"max_hp_loss":0.0,"gold_gain":0.0,"event_name":"Back to Basics","player_choice":"Simplicity","floor":21.0,"gold_loss":0.0,"damage_taken":0.0,"cards_upgraded":["Strike_P","Strike_P","Strike_P","Defend_P","Defend_P","Defend_P","Defend_P"]},{"damage_healed":0.0,"max_hp_gain":0.0,"max_hp_loss":0.0,"gold_gain":0.0,"event_name":"Drug Dealer","player_choice":"Inject Mutagens","floor":22.0,"gold_loss":0.0,"damage_taken":0.0,"relics_obtained":["MutagenicStrength"]},{"damage_healed":0.0,"max_hp_gain":0.0,"max_hp_loss":0.0,"gold_gain":0.0,"event_name":"Wheel of Change","player_choice":"Relic","floor":36.0,"gold_loss":0.0,"damage_taken":0.0},{"cards_removed":["SandsOfTime"],"damage_healed":0,"gold_gain":0,"player_choice":"Removed Attack","damage_taken":0,"max_hp_gain":0,"max_hp_loss":0,"event_name":"Falling","floor":42,"gold_loss":0},{"damage_healed":0,"gold_gain":0,"player_choice":"Paid","damage_taken":0,"relics_obtained":["Red Mask"],"max_hp_gain":0,"max_hp_loss":0,"event_name":"Tomb of Lord Red Mask","floor":47,"gold_loss":314},{"damage_healed":0,"gold_gain":0,"player_choice":"Fight","damage_taken":0,"max_hp_gain":0,"max_hp_loss":0,"event_name":"MindBloom","floor":48,"gold_loss":0}],"is_beta":false,"boss_relics":[{"not_picked":["Sozu","Tiny House"],"picked":"Black Star"},{"not_picked":["Runic Dome","Snecko Eye"],"picked":"Philosopher\u0027s Stone"}],"items_purged_floors":[19,37],"is_endless":false,"potions_floor_spawned":[3,5,14,16,18,29,31,33,35,38,45,46],"ascension_level":6}}