{"host":"sabve5zmqufxyc5o","time":1607668674,"event":{"mods":["2.2 Compatiblity","AchievementEnabler","Act Like it!","BaseMod","Block Reminder","Colored Map","Colored Powertips","DeckTracker","KOR Keyword Fix","Keyboard Shortcuts","Minty Spire (QoL Compilation)","Quick Restart","Rare Cards Sparkle","Relic Stats","StSLib","SuperFastMode"],"gold_per_floor":[215,232,232,101,121,121,149,149,149,149,159,169,169,188,188,188,188],"floor_reached":16,"playtime":272,"items_purged":["Strike_B"],"score":194,"play_id":"ca777ed4-8683-4d42-a8b1-7ed9583b6ac1","local_time":"20201211153754","is_ascension_mode":true,"campfire_choices":[{"data":"Zap","floor":6,"key":"SMITH"},{"floor":10,"key":"REST"},{"data":"Coolheaded","floor":13,"key":"SMITH"},{"data":"Dualcast","floor":15,"key":"SMITH"}],"circlet_count":0,"master_deck":["AscendersBane","Strike_B","Strike_B","Strike_B","Defend_B","Defend_B","Defend_B","Defend_B","Zap+1","Dualcast+1","Sweeping Beam","Beam Cell","Turbo","Rip and Tear","Seek","Darkness","Coolheaded+1","Rebound+1"],"relics":["Cracked Core","Oddly Smooth Stone","Toy Ornithopter","Molten Egg 2"],"acts_visited":["Exordium"],"potions_floor_usage":[11,14,16],"damage_taken":[{"damage":0,"enemies":"2 Louse","floor":1,"turns":3},{"damage":2,"enemies":"Jaw Worm","floor":2,"turns":3},{"damage":3,"enemies":"Small Slimes","floor":5,"turns":3},{"damage":40,"enemies":"3 Sentries","floor":7,"turns":7},{"damage":0,"enemies":"Looter","floor":11,"turns":2},{"damage":16,"enemies":"Exordium Thugs","floor":12,"turns":4},{"damage":0,"enemies":"2 Fungi Beasts","floor":14,"turns":2},{"damage":23,"enemies":"The Guardian","floor":16,"turns":8}],"seed_played":"-2951430152220443575","potions_obtained":[{"floor":2,"key":"DistilledChaos"},{"floor":7,"key":"PowerPotion"},{"floor":12,"key":"Explosive Potion"}],"is_trial":false,"path_per_floor":["M","M","?","$","M","R","E","?","T","R","M","M","R","M","R","B"],"character_chosen":"DEFECT","items_purchased":["Turbo"],"campfire_rested":1,"item_purchase_floors":[4],"current_hp_per_floor":[64,62,62,62,59,59,19,1,1,22,27,11,11,16,16,0,0],"gold":188,"neow_bonus":"HUNDRED_GOLD","is_daily":false,"chose_seed":false,"campfire_upgraded":3,"win_rate":0.0,"timestamp":1607668674,"path_taken":["M","M","?","$","M","R","E","?","T","R","M","M","R","M","R","BOSS"],"items_purchased_type":["Card"],"build_version":"2020-11-30","purchased_purges":1,"victory":false,"max_hp_per_floor":[71,71,71,71,71,71,71,71,71,71,71,71,71,71,71,71,71],"relic_stats":{"counters":[8,32],"obtain_stats":[{"Oddly Smooth Stone":7,"Molten Egg 2":9,"Cracked Core":0,"Toy Ornithopter":8},{"Oddly Smooth Stone":4,"Molten Egg 2":4,"Cracked Core":0,"Toy Ornithopter":4},{"Oddly Smooth Stone":16,"Molten Egg 2":16,"Cracked Core":0,"Toy Ornithopter":16}],"Toy Ornithopter":15},"card_choices":[{"not_picked":["Rebound","Barrage"],"picked":"Sweeping Beam","floor":1},{"not_picked":["Redo","Recycle"],"picked":"Beam Cell","floor":2},{"not_picked":["Hologram","Force Field"],"picked":"Rip and Tear","floor":5},{"not_picked":["Recycle","Beam Cell"],"picked":"Seek","floor":7},{"not_picked":["Melter+1","Doom and Gloom+1"],"picked":"Darkness","floor":11},{"not_picked":["Barrage+1","Leap"],"picked":"Coolheaded","floor":12},{"not_picked":["Barrage+1","Consume"],"picked":"Rebound+1","floor":14}],"player_experience":751201,"relics_obtained":[{"floor":7,"key":"Oddly Smooth Stone"},{"floor":9,"key":"Molten Egg 2"}],"event_choices":[{"damage_healed":0,"gold_gain":0,"player_choice":"Ignored","damage_taken":0,"max_hp_gain":0,"max_hp_loss":0,"event_name":"Shining Light","floor":3,"gold_loss":0},{"damage_healed":0,"gold_gain":0,"player_choice":"Success","damage_taken":18,"relics_obtained":["Toy Ornithopter"],"max_hp_gain":0,"max_hp_loss":0,"event_name":"Scrap Ooze","floor":8,"gold_loss":0}],"is_beta":false,"boss_relics":[],"items_purged_floors":[4],"is_endless":false,"potions_floor_spawned":[2,7,12],"killed_by":"The Guardian","ascension_level":18}}