{"host":"z26j60ycepuqi9th","time":1607688867,"event":{"mods":["Act Like it!","BaseMod","CapriCore","Card Filter","Card Forge","DeckTracker","Dota2Spire","Friendly Minions","Highlight Path","Mari Mod (Legacy)","Mari\u0027s V1 Patch","Minty Spire (QoL Compilation)","MostiFishMod","Permanent Neow","Quick Restart","Relic Stats","Shop Mod","Spicy Shops","StSLib","SuperFastMode","TestMod","The Alterego","The Dragon Tamer","TheWitcher","[地精首领爬塔]The Maniac","【遗物卡牌】REMEMod","篝火指南"],"gold_per_floor":[112,37,49,49,49,82,82,25,25,175,204,214,249,278,278,355,355,374,374,394,409,409,443,454,454,500,282,315,365,392,407,407,483,483,502,902,802,802,815,846,856,890,890,919,264,298,45,45,45,45],"floor_reached":51,"playtime":1344,"items_purged":["Strike_G","Doubt","Strike_G","Strike_G","Strike_G"],"score":2362,"play_id":"c56fea79-9fe9-45b1-b839-f31b9a5f03c7","local_time":"20201211201427","is_ascension_mode":true,"campfire_choices":[{"data":"SnafuTest:SpellLifeDrain","floor":7,"key":"SMITH"},{"data":"Cloak And Dagger","floor":15,"key":"SMITH"},{"data":"MostiFishMod:UniGreen","floor":25,"key":"SMITH"},{"floor":32,"key":"RECALL"},{"data":"MostiFishMod:Neurotoxin","floor":49,"key":"SMITH"}],"circlet_count":0,"master_deck":["AscendersBane","Strike_G","Defend_G","Defend_G","Defend_G","Defend_G","Defend_G","Survivor","Neutralize","MostiFishMod:Neurotoxin+1","SnafuTest:SpellLifeDrain+1","alterego_mod:Birthday","Cloak And Dagger+1","MostiFishMod:UniGreen+1","SnafuTest:UndefeatedNarcissism","Flash of Steel"],"relics":["Ring of the Snake","Hammer of Thor","Seething Fire","Anvil of the Gods","testmod-TestBox","REME_ComplimentaryCards","testmod-IntensifyImprint","ArrowTower","Question Card","PrismaticShard","testmod-Hope","Oddly Smooth Stone","Dota2Spire:UrnOfShadows","Matryoshka","Bronze Scales","Odd Mushroom","ImportantClient","PatriotShield","WarpedTongs","DianPoetry","Ancient Tea Set","Happy Flower","ChiLing","Chi","Ling","PreservedInsect","Eternal Feather","GreenFoldingFan","Dota2Spire:ArmletOfMordiggian","Art of War","Omamori","Dota2Spire:PowerTreads","Shuriken","Snake Skull","Potion Belt","Membership Card","BrkXgEgg"],"acts_visited":["Exordium","TheCity","TheBeyond"],"potions_floor_usage":[],"damage_taken":[{"damage":1.0,"enemies":"Cultist","floor":1.0,"turns":3.0},{"damage":6.0,"enemies":"Jaw Worm","floor":3.0,"turns":3.0},{"damage":0,"enemies":"3 Sentries","floor":6,"turns":3},{"damage":6,"enemies":"Lagavulin","floor":11,"turns":4},{"damage":13,"enemies":"2 Louse","floor":12,"turns":2},{"damage":3,"enemies":"Gremlin Nob","floor":13,"turns":3},{"damage":12,"enemies":"The Mushroom Lair","floor":14,"turns":2},{"damage":0,"enemies":"Hexaghost","floor":16,"turns":4},{"damage":0,"enemies":"Shell Parasite","floor":18,"turns":2},{"damage":4,"enemies":"Chosen","floor":20,"turns":3},{"damage":11,"enemies":"Snake Plant","floor":21,"turns":2},{"damage":0,"enemies":"REME_1_Revenger","floor":23,"turns":3},{"damage":0,"enemies":"Centurion and Healer","floor":24,"turns":2},{"damage":2,"enemies":"Slavers","floor":28,"turns":1},{"damage":2,"enemies":"Gremlin Leader","floor":30,"turns":1},{"damage":2,"enemies":"Chosen and Byrds","floor":31,"turns":1},{"damage":0,"enemies":"Champ","floor":33,"turns":2},{"damage":2,"enemies":"Orb Walker","floor":35,"turns":1},{"damage":4,"enemies":"3 Shapes","floor":39,"turns":1},{"damage":6,"enemies":"Nemesis","floor":40,"turns":2},{"damage":4,"enemies":"Spire Growth","floor":41,"turns":1},{"damage":3,"enemies":"Reptomancer","floor":42,"turns":1},{"damage":9,"enemies":"Giant Head","floor":44,"turns":3},{"damage":4,"enemies":"Nemesis","floor":46,"turns":1},{"damage":9,"enemies":"Awakened One","floor":50,"turns":3}],"seed_played":"-1411274011384397481","potions_obtained":[{"floor":3.0,"key":"Weak Potion"},{"floor":11,"key":"AttackPotion"},{"floor":46,"key":"testmod-TestPotion"}],"is_trial":false,"path_per_floor":["M","$","M","T","?","E","R","$","T","?","E","M","E","?","R","B",null,"M","?","M","M","?","E","M","R","T","$","E","?","E","M","R","B",null,"M","?","$","?","M","E","M","E","T","E","$","E","R","?","R","B",null],"character_chosen":"THE_SILENT","items_purchased":["Cloak And Dagger","ChiLing","Shuriken","Snake Skull","Membership Card","BrkXgEgg"],"campfire_rested":0,"item_purchase_floors":[8,27,45,45,47,47],"current_hp_per_floor":[43,43,37,37,37,37,37,37,37,37,33,22,21,11,11,19,54,56,56,54,43,43,45,47,47,47,47,48,48,48,48,57,57,64,66,66,66,66,66,66,66,66,66,66,66,66,66,56,65,66],"gold":45,"neow_bonus":"THREE_RARE_CARDS","is_daily":false,"chose_seed":false,"campfire_upgraded":4,"win_rate":0.0,"timestamp":1607688867,"path_taken":["M","?","M","?","?","E","R","$","T","?","E","M","E","?","R","BOSS","M","?","M","?","?","E","M","R","T","$","E","?","E","?","R","BOSS","M","?","$","?","M","E","M","E","T","E","$","E","R","?","R","BOSS"],"items_purchased_type":["Card","Relic","Relic","Relic","Relic","Relic"],"build_version":"2020-11-30","purchased_purges":5,"victory":true,"max_hp_per_floor":[66,66,66,66,66,66,66,66,66,66,66,66,66,66,66,66,66,66,66,66,66,66,66,66,66,66,66,66,66,66,66,66,66,66,66,66,66,66,66,66,66,66,66,66,66,66,66,66,66,66],"relic_stats":{"Happy Flower":[6],"counters":[25,53],"Shuriken":[7],"Bronze Scales":[78],"Eternal Feather":18,"PreservedInsect":337,"Snake Skull":[31],"Art of War":[0],"Question Card":26,"obtain_stats":[{"PatriotShield":17,"Dota2Spire:PowerTreads":43,"DaveBox":0,"DianPoetry":23,"Chi":27,"Dota2Spire:ArmletOfMordiggian":40,"Hammer of Thor":0,"Snake Skull":45,"PrismaticShard":1,"Ancient Tea Set":26,"GreenFoldingFan":34,"Matryoshka":11,"Ring of the Snake":0,"ImportantClient":16,"Potion Belt":46,"testmod-IntensifyImprint":0,"testmod-TestBox":0,"Dota2Spire:UrnOfShadows":9,"Happy Flower":26,"Oddly Smooth Stone":6,"Eternal Feather":30,"PreservedInsect":28,"BrkXgEgg":47,"Omamori":43,"Seething Fire":0,"Odd Mushroom":14,"Question Card":1,"WarpedTongs":19,"Ling":27,"Anvil of the Gods":0,"Shuriken":45,"Bronze Scales":13,"testmod-Hope":4,"Art of War":42,"Membership Card":47,"ArrowTower":0,"REME_ComplimentaryCards":0,"ChiLing":27},{"PatriotShield":8,"Dota2Spire:PowerTreads":22,"DaveBox":0,"DianPoetry":12,"Chi":13,"Dota2Spire:ArmletOfMordiggian":20,"Hammer of Thor":0,"Snake Skull":23,"PrismaticShard":1,"Ancient Tea Set":13,"GreenFoldingFan":17,"Matryoshka":4,"Ring of the Snake":0,"ImportantClient":8,"Potion Belt":24,"testmod-IntensifyImprint":0,"testmod-TestBox":0,"Dota2Spire:UrnOfShadows":3,"Happy Flower":13,"Oddly Smooth Stone":3,"Eternal Feather":15,"PreservedInsect":14,"BrkXgEgg":24,"Omamori":22,"Seething Fire":0,"Odd Mushroom":7,"Question Card":1,"WarpedTongs":9,"Ling":13,"Anvil of the Gods":0,"Shuriken":23,"Bronze Scales":6,"testmod-Hope":2,"Art of War":22,"Membership Card":24,"ArrowTower":0,"REME_ComplimentaryCards":0,"ChiLing":13},{"PatriotShield":23,"Dota2Spire:PowerTreads":46,"DaveBox":0,"DianPoetry":33,"Chi":35,"Dota2Spire:ArmletOfMordiggian":44,"Hammer of Thor":0,"Snake Skull":49,"PrismaticShard":3,"Ancient Tea Set":35,"GreenFoldingFan":40,"Matryoshka":12,"Ring of the Snake":0,"ImportantClient":23,"Potion Belt":50,"testmod-IntensifyImprint":0,"testmod-TestBox":0,"Dota2Spire:UrnOfShadows":8,"Happy Flower":35,"Oddly Smooth Stone":8,"Eternal Feather":37,"PreservedInsect":36,"BrkXgEgg":50,"Omamori":46,"Seething Fire":0,"Odd Mushroom":19,"Question Card":3,"WarpedTongs":25,"Ling":35,"Anvil of the Gods":0,"Shuriken":49,"Bronze Scales":17,"testmod-Hope":6,"Art of War":46,"Membership Card":50,"ArrowTower":0,"REME_ComplimentaryCards":0,"ChiLing":35}],"Ring of the Snake":[50],"WarpedTongs":[28]},"card_choices":[{"not_picked":["Wraith Form v2","REME_CopyPotion"],"picked":"MostiFishMod:Neurotoxin","floor":0.0},{"not_picked":["Underhanded Strike","Deadly Poison","Terror"],"picked":"SKIP","floor":1.0},{"not_picked":["MostiFishMod:InvigoratingSolution","SnafuTest:MCSuccubusSeduction","Blur"],"picked":"alterego_mod:Birthday","floor":3.0},{"not_picked":["maniac:FindAShortcut","DTMod:TauntingStrike","Meteor Strike","alterego_mod:Swimsuit"],"picked":"SKIP","floor":6},{"not_picked":["SnafuTest:Siege","Infinite Blades","Barrage","True Grit"],"picked":"SKIP","floor":11},{"not_picked":["BattleHymn","maniac:Recollect","Hologram","Coolheaded"],"picked":"SKIP","floor":12},{"not_picked":["maniac:FoilArmor","Sever Soul","Predator","MariMod:Mari_Fire_Strike"],"picked":"SKIP","floor":13},{"not_picked":["SnafuTest:WhiteWolfRise","Multi-Cast","testmod-EnhanceArmerment"],"picked":"MostiFishMod:UniGreen","floor":16},{"not_picked":["SnafuTest:ScholarsIntrigue","Sweeping Beam","MostiFishMod:Clarity","maniac:Infuriate+1"],"picked":"SKIP","floor":18},{"not_picked":["maniac:Quickdraw","testmod-SubstituteBySubterfuge+1","MariMod:Mari_Fragile_Hope+1"],"picked":"SnafuTest:UndefeatedNarcissism","floor":20},{"not_picked":["MariMod:Mari_The_Light_We_Chase","Shrug It Off","SnafuTest:MCPlayGwent","alterego_mod:Support"],"picked":"SKIP","floor":21},{"not_picked":["alterego_mod:Maid","alterego_mod:Mirror","alterego_mod:Bounce","alterego_mod:Cycle"],"picked":"SKIP","floor":23},{"not_picked":["maniac:Assassinate","testmod-BloodBlade","REME_SelfUpgrade","maniac:LootBarrage"],"picked":"SKIP","floor":24},{"not_picked":["SnafuTest:ShoulderSlam","maniac:ManipulatedFaith","Self Repair","maniac:SeeingDetails"],"picked":"SKIP","floor":28},{"not_picked":["SnafuTest:FeignDeath","Prepared","Terror","SnafuTest:PowerVainGlory"],"picked":"SKIP","floor":30},{"not_picked":["MariMod:Mari_Defiance+1","Chill","MariMod:Mari_Awe","testmod-Automaton"],"picked":"SKIP","floor":31},{"not_picked":["Tantrum+1","maniac:FindAShortcut","MariMod:Mari_The_Beach_Episode","Blizzard"],"picked":"SKIP","floor":35},{"not_picked":["alterego_mod:Punishment","SnafuTest:BombSamum","DTMod:LowKick","SnafuTest:MCSuccubusSeduction"],"picked":"SKIP","floor":39},{"not_picked":["Steam+1","SnafuTest:FlashingEvasion","testmod-AutoReboundSystem","Nirvana"],"picked":"SKIP","floor":40},{"not_picked":["alterego_mod:Skirt","SnafuTest:Shooting+1","MariMod:Mari_Lie_In_Wait","MariMod:Mari_Pretty_Bomber_Head"],"picked":"SKIP","floor":41},{"not_picked":["Clothesline","maniac:GlassScratch","SnafuTest:PowerAlwaysAWay","Reckless Charge"],"picked":"SKIP","floor":42},{"not_picked":["SnafuTest:MCMockAndRun","maniac:Quickdraw","testmod-SubstituteBySubterfuge","SnafuTest:BlueWhale+1"],"picked":"SKIP","floor":44},{"not_picked":["Impatience","SnafuTest:SpellTelekinesis+1","Rainbow","SnafuTest:SpellButterflyIllusion"],"picked":"SKIP","floor":46},{"not_picked":["testmod-RepeatForm+1","testmod-Librarian+1","Blind"],"picked":"Flash of Steel","floor":48}],"player_experience":101657,"relics_obtained":[{"floor":1.0,"key":"Question Card"},{"floor":1.0,"key":"PrismaticShard"},{"floor":4.0,"key":"testmod-Hope"},{"floor":6,"key":"Oddly Smooth Stone"},{"floor":9,"key":"Dota2Spire:UrnOfShadows"},{"floor":11,"key":"Matryoshka"},{"floor":13,"key":"Bronze Scales"},{"floor":14,"key":"Odd Mushroom"},{"floor":16,"key":"ImportantClient"},{"floor":23,"key":"DianPoetry"},{"floor":26,"key":"Ancient Tea Set"},{"floor":26,"key":"Happy Flower"},{"floor":28,"key":"PreservedInsect"},{"floor":30,"key":"Eternal Feather"},{"floor":40,"key":"Dota2Spire:ArmletOfMordiggian"},{"floor":42,"key":"Art of War"},{"floor":43,"key":"Omamori"},{"floor":43,"key":"Dota2Spire:PowerTreads"},{"floor":46,"key":"Potion Belt"}],"event_choices":[{"damage_healed":0,"gold_gain":0,"player_choice":"Ignored","damage_taken":0,"max_hp_gain":0,"max_hp_loss":0,"event_name":"Shining Light","floor":5,"gold_loss":0},{"damage_healed":0,"gold_gain":150,"player_choice":"AGREE","damage_taken":0,"max_hp_gain":0,"max_hp_loss":0,"event_name":"Liars Game","floor":10,"gold_loss":0,"cards_obtained":["Doubt"]},{"damage_healed":0,"gold_gain":0,"player_choice":"Fought Mushrooms","damage_taken":0,"max_hp_gain":0,"max_hp_loss":0,"event_name":"Mushrooms","floor":14,"gold_loss":0},{"damage_healed":0,"gold_gain":0,"player_choice":"Rummage","damage_taken":0,"relics_obtained":["WarpedTongs"],"max_hp_gain":0,"max_hp_loss":0,"event_name":"Accursed Blacksmith","floor":19,"gold_loss":0,"cards_obtained":["Pain"]},{"cards_removed":["Pain"],"damage_healed":0,"gold_gain":0,"player_choice":"Elegance","damage_taken":0,"max_hp_gain":0,"max_hp_loss":0,"event_name":"Back to Basics","floor":22,"gold_loss":0},{"damage_healed":0,"gold_gain":50,"player_choice":"Stole From Cult","damage_taken":0,"max_hp_gain":0,"max_hp_loss":0,"event_name":"Nest","floor":29,"gold_loss":0},{"damage_healed":0,"gold_gain":400,"player_choice":"Sell","damage_taken":0,"max_hp_gain":0,"max_hp_loss":0,"event_name":"恩洛斯的盘子","floor":36,"relics_lost":["DaveBox"],"gold_loss":0},{"damage_healed":0,"gold_gain":0,"player_choice":"Ignored","damage_taken":0,"max_hp_gain":0,"max_hp_loss":0,"event_name":"给自己的盒子","floor":38,"gold_loss":0},{"damage_healed":0,"gold_gain":0,"player_choice":"Memory 3","damage_taken":10,"max_hp_gain":0,"max_hp_loss":0,"event_name":"SensoryStone","floor":48,"gold_loss":0}],"is_beta":false,"boss_relics":[{"not_picked":["GuanYuAspect","testmod-CardMagician"],"picked":"PatriotShield"},{"not_picked":["WristBlade","HereWithMe"],"picked":"GreenFoldingFan"}],"items_purged_floors":[2,27,37,45,45],"is_endless":false,"potions_floor_spawned":[3,11,12,18,21,24,30,31,39,40,46],"ascension_level":16}}