{"host":"yn17ruofed46ymbq","time":1607699415,"event":{"mods":["AchievementEnabler","BaseMod","Colored Map","Colored Powertips","DeckTracker","Highlight Path","Keyboard Shortcuts","Minty Spire (QoL Compilation)","Permanent Neow","Quick Restart","Rare Cards Sparkle","Relic Stats","SuperFastMode"],"gold_per_floor":[118,138,157,169,187,187,204,239,239,239,239,50,50,125,125,125,125],"floor_reached":16,"playtime":368,"items_purged":[],"score":102,"play_id":"1683d222-3892-4cfb-a175-4ac73d31e24c","local_time":"20201212001015","is_ascension_mode":false,"campfire_choices":[{"data":"Blood for Blood","floor":6,"key":"SMITH"},{"floor":11,"key":"REST"},{"data":"Infernal Blade","floor":13,"key":"SMITH"},{"floor":15,"key":"REST"}],"circlet_count":0,"master_deck":["Strike_R","Strike_R+1","Strike_R+1","Strike_R","Strike_R","Defend_R","Defend_R","Defend_R","Defend_R","Bash","Cleave","Blood for Blood+1","Clash","Rampage","Anger","Infernal Blade+1","Clothesline","Feel No Pain"],"relics":["Burning Blood","Boot","Whetstone","Mummified Hand","Meat on the Bone","Membership Card"],"acts_visited":["Exordium"],"potions_floor_usage":[16],"damage_taken":[{"damage":7,"enemies":"Jaw Worm","floor":1,"turns":5},{"damage":0,"enemies":"2 Louse","floor":2,"turns":2},{"damage":0,"enemies":"Small Slimes","floor":3,"turns":3},{"damage":7,"enemies":"3 Louse","floor":4,"turns":3},{"damage":14,"enemies":"Exordium Thugs","floor":5,"turns":4},{"damage":11,"enemies":"Red Slaver","floor":7,"turns":3},{"damage":22,"enemies":"Gremlin Nob","floor":8,"turns":4},{"damage":84,"enemies":"The Guardian","floor":16,"turns":8}],"seed_played":"696676250534724337","potions_obtained":[{"floor":2,"key":"Regen Potion"},{"floor":5,"key":"GamblersBrew"},{"floor":8,"key":"Ancient Potion"}],"is_trial":false,"path_per_floor":["M","M","M","M","M","R","M","E","T","?","R","$","R","?","R","B"],"character_chosen":"IRONCLAD","items_purchased":["Feel No Pain","Membership Card"],"campfire_rested":2,"item_purchase_floors":[12,12],"current_hp_per_floor":[79,80,80,79,71,71,66,50,50,32,56,56,56,45,69,0,0],"gold":125,"neow_bonus":"RANDOM_COMMON_RELIC","is_daily":false,"chose_seed":false,"campfire_upgraded":2,"win_rate":0.0,"timestamp":1607699415,"path_taken":["M","M","M","M","M","R","M","E","T","?","R","$","R","?","R","BOSS"],"items_purchased_type":["Card","Relic"],"build_version":"2020-11-30","purchased_purges":0,"victory":false,"max_hp_per_floor":[80,80,80,80,80,80,80,80,80,80,80,80,80,80,80,80,80],"relic_stats":{"counters":[8,32],"Mummified Hand":[1],"Whetstone":["Strike_R","Strike_R"],"Boot":[8],"obtain_stats":[{"Mummified Hand":9,"Whetstone":8,"Membership Card":12,"Boot":0,"Burning Blood":0,"Meat on the Bone":10},{"Mummified Hand":7,"Whetstone":7,"Membership Card":7,"Boot":0,"Burning Blood":0,"Meat on the Bone":7},{"Mummified Hand":24,"Whetstone":24,"Membership Card":24,"Boot":0,"Burning Blood":0,"Meat on the Bone":24}],"Burning Blood":31,"Meat on the Bone":0},"card_choices":[{"not_picked":["Headbutt","Anger"],"picked":"Cleave","floor":1},{"not_picked":["Ghostly Armor","Clothesline"],"picked":"Blood for Blood","floor":2},{"not_picked":["Iron Wave","Thunderclap"],"picked":"Clash","floor":3},{"not_picked":["Flex","Shrug It Off"],"picked":"Rampage","floor":4},{"not_picked":["Brutality","Flex"],"picked":"Anger","floor":5},{"not_picked":["Uppercut","Thunderclap"],"picked":"Infernal Blade","floor":7},{"not_picked":["Body Slam","Heavy Blade"],"picked":"Clothesline","floor":8}],"player_experience":419252,"relics_obtained":[{"floor":8,"key":"Whetstone"},{"floor":9,"key":"Mummified Hand"}],"event_choices":[{"damage_healed":0,"gold_gain":0,"player_choice":"Success","damage_taken":18,"relics_obtained":["Meat on the Bone"],"max_hp_gain":0,"max_hp_loss":0,"event_name":"Scrap Ooze","floor":10,"gold_loss":0},{"damage_healed":0,"gold_gain":75,"player_choice":"Gather Gold","damage_taken":11,"max_hp_gain":0,"max_hp_loss":0,"event_name":"World of Goop","floor":14,"gold_loss":0}],"is_beta":false,"boss_relics":[],"items_purged_floors":[],"is_endless":false,"potions_floor_spawned":[2,5,8],"killed_by":"The Guardian","ascension_level":0}}