{"host":"1hv1kueuvc4r3rdp","time":1607666641,"event":{"mods":["AchievementEnabler","BaseMod","DeckTracker","Highlight Path","Minty Spire (QoL Compilation)","Permanent Neow","StSLib"],"gold_per_floor":[117,135,155,155,170,170,197,197,247,247,277,291,304,339,339,441,441,456,456,475,475,494,494,525,541,541,541,571,571,581,614,614,713,713,724,744,794,809,809,809,841,841,866,866,866,886,935,624,624,624],"floor_reached":51,"playtime":2856,"items_purged":["Parasite"],"score":844,"play_id":"e3d37efb-d2e7-4c7e-9025-58990930e528","local_time":"20201211000401","is_ascension_mode":true,"campfire_choices":[{"data":"Consume","floor":6,"key":"SMITH"},{"data":"Core Surge","floor":8,"key":"SMITH"},{"data":"Zap","floor":10,"key":"SMITH"},{"floor":15,"key":"REST"},{"data":"Auto Shields","floor":23,"key":"SMITH"},{"data":"Undo","floor":27,"key":"SMITH"},{"data":"Buffer","floor":32,"key":"SMITH"},{"floor":40,"key":"DIG"},{"floor":42,"key":"REST"},{"floor":45,"key":"REST"},{"data":"Defragment","floor":49,"key":"SMITH"}],"circlet_count":0,"master_deck":["Strike_B","Strike_B","Defend_B","Defend_B","Defend_B","Zap+1","Dualcast+1","Ball Lightning","Sweeping Beam+1","Consume+1","Core Surge+1","Undo+1","Auto Shields+1","Electrodynamics","Reboot+1","Beam Cell+1","Go for the Eyes+1","Double Energy+1","Reboot+1","Turbo","Buffer+1","Defragment+1","Capacitor","Panache","Finesse"],"relics":["Cracked Core","Ornamental Fan","Vajra","Blood Vial","Happy Flower","Astrolabe","Mercury Hourglass","Blue Candle","Juzu Bracelet","Anchor","Sozu","Shovel","Mango","Lantern","Smiling Mask","Ginger"],"acts_visited":["Exordium","TheCity","TheBeyond"],"potions_floor_usage":[11,24,33,41,50],"damage_taken":[{"damage":0,"enemies":"Cultist","floor":1,"turns":4},{"damage":0,"enemies":"2 Louse","floor":2,"turns":2},{"damage":0,"enemies":"Small Slimes","floor":3,"turns":2},{"damage":12,"enemies":"Gremlin Gang","floor":5,"turns":3},{"damage":18,"enemies":"Gremlin Nob","floor":7,"turns":3},{"damage":18,"enemies":"Lagavulin","floor":11,"turns":3},{"damage":0,"enemies":"Large Slime","floor":12,"turns":3},{"damage":0,"enemies":"Looter","floor":13,"turns":3},{"damage":10,"enemies":"Gremlin Nob","floor":14,"turns":4},{"damage":0,"enemies":"Slime Boss","floor":16,"turns":6},{"damage":1,"enemies":"3 Byrds","floor":18,"turns":5},{"damage":0,"enemies":"Chosen","floor":20,"turns":2},{"damage":19,"enemies":"Centurion and Healer","floor":22,"turns":5},{"damage":0,"enemies":"Gremlin Leader","floor":24,"turns":5},{"damage":0,"enemies":"Snake Plant","floor":25,"turns":3},{"damage":8,"enemies":"Book of Stabbing","floor":28,"turns":2},{"damage":0,"enemies":"3 Cultists","floor":30,"turns":2},{"damage":9,"enemies":"Gremlin Leader","floor":31,"turns":4},{"damage":36,"enemies":"Collector","floor":33,"turns":7},{"damage":0,"enemies":"3 Shapes","floor":35,"turns":4},{"damage":0,"enemies":"3 Darklings","floor":36,"turns":2},{"damage":0,"enemies":"Mind Bloom Boss Battle","floor":37,"turns":6},{"damage":0,"enemies":"Writhing Mass","floor":38,"turns":7},{"damage":60,"enemies":"Nemesis","floor":41,"turns":9},{"damage":0,"enemies":"Maw","floor":46,"turns":6},{"damage":0,"enemies":"2 Orb Walkers","floor":47,"turns":4},{"damage":50,"enemies":"Donu and Deca","floor":50,"turns":7}],"seed_played":"-2583857279528818197","potions_obtained":[{"floor":3,"key":"DuplicationPotion"},{"floor":7,"key":"Energy Potion"},{"floor":11,"key":"SpeedPotion"},{"floor":13,"key":"EssenceOfSteel"},{"floor":14,"key":"PowerPotion"},{"floor":28,"key":"FocusPotion"},{"floor":30,"key":"PotionOfCapacity"},{"floor":33,"key":"SkillPotion"}],"is_trial":false,"path_per_floor":["M","M","M","?","M","R","E","R","T","R","E","M","M","E","R","B",null,"M","?","M","?","M","R","E","M","T","R","E","?","M","E","R","B",null,"M","M","?","M","?","R","E","R","T","?","R","M","?","$","R","B",null],"character_chosen":"DEFECT","items_purchased":["Panache","Finesse"],"campfire_rested":3,"item_purchase_floors":[48,48],"current_hp_per_floor":[75,75,75,75,63,63,45,45,45,45,27,29,31,23,45,47,75,74,74,75,75,56,56,58,60,60,60,54,75,75,66,66,32,75,75,75,75,75,75,89,29,55,55,55,80,82,84,82,82,32],"gold":624,"neow_bonus":"UPGRADE_CARD","is_daily":false,"chose_seed":false,"campfire_upgraded":7,"win_rate":0.0,"timestamp":1607666641,"path_taken":["M","M","M","?","M","R","E","R","T","R","E","M","M","E","R","BOSS","M","?","M","?","M","R","E","M","T","R","E","?","M","E","R","BOSS","M","M","?","M","?","R","E","R","T","?","R","M","?","$","R","BOSS"],"items_purchased_type":["Card","Card"],"build_version":"2020-11-30","purchased_purges":1,"victory":true,"max_hp_per_floor":[75,75,75,75,75,75,75,75,75,75,75,75,75,75,75,75,75,75,75,75,75,75,75,75,75,75,75,75,75,75,75,75,75,75,75,75,75,75,75,89,89,89,89,85,85,85,85,82,82,82],"card_choices":[{"not_picked":["Turbo","Steam"],"picked":"Ball Lightning","floor":1},{"not_picked":["White Noise","Chaos","Beam Cell"],"picked":"SKIP","floor":2},{"not_picked":["Coolheaded","Steam Power"],"picked":"Sweeping Beam","floor":3},{"not_picked":["Coolheaded","Hologram"],"picked":"Consume","floor":5},{"not_picked":["Stack","Sweeping Beam"],"picked":"Core Surge","floor":7},{"not_picked":["Compile Driver","Doom and Gloom","Force Field"],"picked":"SKIP","floor":11},{"not_picked":["Steam","Storm"],"picked":"Undo","floor":12},{"not_picked":["Gash","Redo"],"picked":"Auto Shields","floor":13},{"not_picked":["Gash","Conserve Battery","Multi-Cast"],"picked":"SKIP","floor":14},{"not_picked":["Biased Cognition","Machine Learning"],"picked":"Electrodynamics","floor":16},{"not_picked":["Undo","Hologram","Stack+1"],"picked":"SKIP","floor":18},{"not_picked":["Redo","Leap+1"],"picked":"Double Energy+1","floor":20},{"not_picked":["Coolheaded+1","Leap","Gash"],"picked":"SKIP","floor":22},{"not_picked":["Redo","Heatsinks","Chill"],"picked":"SKIP","floor":24},{"not_picked":["Turbo","Conserve Battery","Cold Snap+1"],"picked":"SKIP","floor":25},{"not_picked":["Rebound","Storm","Sweeping Beam"],"picked":"SKIP","floor":28},{"not_picked":["Undo","Sweeping Beam"],"picked":"Turbo","floor":30},{"not_picked":["Melter","Reprogram"],"picked":"Buffer","floor":31},{"not_picked":["Redo+1","White Noise","BootSequence+1"],"picked":"SKIP","floor":35},{"not_picked":["Reinforced Body","Conserve Battery","Hello World"],"picked":"SKIP","floor":36},{"not_picked":["Melter+1","Ball Lightning","Sweeping Beam"],"picked":"SKIP","floor":38},{"not_picked":["Genetic Algorithm","Self Repair+1"],"picked":"Defragment","floor":41},{"not_picked":["Hello World+1","Leap"],"picked":"Capacitor","floor":46}],"player_experience":954728,"relics_obtained":[{"floor":7,"key":"Ornamental Fan"},{"floor":9,"key":"Vajra"},{"floor":11,"key":"Blood Vial"},{"floor":14,"key":"Happy Flower"},{"floor":24,"key":"Mercury Hourglass"},{"floor":26,"key":"Blue Candle"},{"floor":28,"key":"Juzu Bracelet"},{"floor":31,"key":"Anchor"},{"floor":37,"key":"Shovel"},{"floor":40,"key":"Mango"},{"floor":41,"key":"Lantern"},{"floor":43,"key":"Smiling Mask"},{"floor":47,"key":"Ginger"}],"event_choices":[{"damage_healed":0,"gold_gain":0,"player_choice":"Grow","damage_taken":0,"max_hp_gain":0,"max_hp_loss":0,"event_name":"Living Wall","floor":4,"gold_loss":0,"cards_upgraded":["Sweeping Beam"]},{"damage_healed":0,"gold_gain":0,"player_choice":"Ignored","damage_taken":0,"max_hp_gain":0,"max_hp_loss":0,"event_name":"Vampires","floor":19,"gold_loss":0},{"damage_healed":0,"gold_gain":0,"player_choice":"Copied","damage_taken":0,"max_hp_gain":0,"max_hp_loss":0,"event_name":"Duplicator","floor":21,"gold_loss":0,"cards_obtained":["Reboot"]},{"damage_healed":25,"gold_gain":0,"player_choice":"Heal","damage_taken":0,"max_hp_gain":0,"max_hp_loss":0,"event_name":"The Library","floor":29,"gold_loss":0},{"damage_healed":0,"gold_gain":0,"player_choice":"Fight","damage_taken":0,"max_hp_gain":0,"max_hp_loss":0,"event_name":"MindBloom","floor":37,"gold_loss":0},{"damage_healed":0,"gold_gain":0,"player_choice":"Ignored","damage_taken":0,"max_hp_gain":0,"max_hp_loss":0,"event_name":"NoteForYourself","floor":39,"gold_loss":0},{"damage_healed":0,"gold_gain":0,"player_choice":"Max HP","damage_taken":0,"max_hp_gain":0,"max_hp_loss":4,"event_name":"Winding Halls","floor":44,"gold_loss":0},{"damage_healed":0,"gold_gain":0,"player_choice":"Fight","damage_taken":0,"max_hp_gain":0,"max_hp_loss":0,"event_name":"Mysterious Sphere","floor":47,"gold_loss":0}],"is_beta":false,"boss_relics":[{"not_picked":["Runic Dome","Pandora\u0027s Box"],"picked":"Astrolabe"},{"not_picked":["Runic Pyramid","SacredBark"],"picked":"Sozu"}],"items_purged_floors":[48],"is_endless":false,"potions_floor_spawned":[3,7,11,13,14,16,22,28,30,31,33,35,36,46],"ascension_level":1}}