{"host":"o3b7ow6d1xe49css","time":1607671586,"event":{"mods":["2.2 Compatiblity","Act Like it!","Aspiration","BaseMod","Bestiary","Better Altar","Better Match","Better Note","Better Sensory Stone","Better Skull","Better Third Choice","Colored Powertips","Conspire","Elementarium","Energized Spire","GifTheSpireLib","Halation","Hermit","Hubris","Infinite Spire","Minty Spire (QoL Compilation)","Quick Restart","Replay The Spire","Spicy Shops","Spikes Relics","StSLib","Stuff the Spire","The Blue Laboratory","The Jungle","Wandering Minibosses","vexMod"],"gold_per_floor":[410,37,48,72,83,115,153,153,153,187,208,208,208,255,255,355,355,379,406,422,428,428],"floor_reached":21,"playtime":680,"items_purged":[],"score":324,"play_id":"45b129c5-396d-4f9e-b2f7-3354786075be","local_time":"20201210222626","daily_mods":["Vintage","Heirloom","Flight"],"is_ascension_mode":true,"campfire_choices":[{"floor":8,"key":"REST"},{"floor":12,"key":"REST"},{"data":"Demon Form","floor":13,"key":"SMITH"},{"data":"Rampage","floor":13,"key":"SMITH"},{"data":"Double Tap","floor":15,"key":"SMITH"},{"data":"Inflame","floor":15,"key":"SMITH"}],"circlet_count":0,"master_deck":["Strike_R","Strike_R+1","Strike_R","Strike_R","Strike_R","Defend_R","Defend_R","Defend_R","Defend_R","Bash","Rampage+1","Rampage+1","Inflame+1","PlatinumSkin","Double Tap+1","Demon Form+1","BowlingBash","Battle Trance","Immolate"],"relics":["Burning Blood","Old Coin","halation:PenCase","vexMod:Spyglass","hubris:DisguiseKit","Whetstone","Letter Opener","infinitespire:Midas Blood","hubris:MedicalManual","StuffTheSpire:BottledHeartBeat","halation:KoshaPiece","Shuriken","Red Skull","SlaversCollar","Torii","vexMod:MemoryStick","Ancient Tea Set"],"acts_visited":["Exordium","TheCity"],"potions_floor_usage":[7,14,16,18,19,21],"damage_taken":[{"damage":14,"enemies":"Small Slimes","floor":1,"turns":5},{"damage":12,"enemies":"Jaw Worm","floor":3,"turns":2},{"damage":10,"enemies":"conspire:RoseBush","floor":5,"turns":6},{"damage":32,"enemies":"Gremlin Nob","floor":6,"turns":4},{"damage":22,"enemies":"3 Sentries","floor":7,"turns":6},{"damage":25,"enemies":"Lagavulin","floor":10,"turns":6},{"damage":7,"enemies":"3 Louse","floor":11,"turns":4},{"damage":15,"enemies":"Replay:BlueRogue","floor":14,"turns":6},{"damage":0,"enemies":"Slime Boss","floor":16,"turns":4},{"damage":34,"enemies":"conspire:FuzzyDice","floor":18,"turns":7},{"damage":4,"enemies":"Shell Parasite","floor":19,"turns":3},{"damage":17,"enemies":"3 Cultists","floor":20,"turns":4},{"damage":36,"enemies":"Shelled Parasite and Fungi","floor":21,"turns":3}],"seed_played":"6228716375153104143","potions_obtained":[{"floor":3,"key":"blueLaboratory:BottledHope"},{"floor":6,"key":"blueLaboratory:BottleOfRum"},{"floor":11,"key":"ColorlessPotion"},{"floor":14,"key":"PowerPotion"},{"floor":18,"key":"blueLaboratory:HorrorPotion"},{"floor":20,"key":"blueLaboratory:Moonshine"}],"is_trial":true,"path_per_floor":["M","$","M","T","M","E","E","R","T","E","M","R","R","E","R","B",null,"M","M","M","M"],"character_chosen":"IRONCLAD","items_purchased":["vexMod:Spyglass","Rampage","Inflame","PlatinumSkin"],"campfire_rested":2,"item_purchase_floors":[2,2,2,2],"current_hp_per_floor":[72,72,66,66,62,36,20,44,44,25,24,48,48,39,39,45,71,43,45,34,0,0],"gold":428,"neow_bonus":"","is_daily":false,"chose_seed":false,"campfire_upgraded":4,"win_rate":0.0,"timestamp":1607671586,"path_taken":["M","$","M","?","M","E","E","R","T","E","M","R","R","E","R","BOSS","M","M","M","M"],"items_purchased_type":["Relic","Card","Card","Card"],"build_version":"2020-11-30","purchased_purges":0,"victory":false,"max_hp_per_floor":[80,80,80,80,80,80,80,80,80,80,80,80,80,80,80,80,80,80,80,80,80,80],"card_choices":[{"not_picked":["Rage","Armaments","EmptyBody"],"picked":"Double Tap","floor":6},{"not_picked":["Metallicize","Wild Strike","Indignation"],"picked":"Demon Form","floor":7},{"not_picked":["Flex","Evolve","conspire:Charge"],"picked":"BowlingBash","floor":10},{"not_picked":["ReplayTheSpireMod:Strike From Hell","Replay:Undeath\u0027s Touch","FlyingSleeves"],"picked":"Battle Trance","floor":14},{"not_picked":["conspire:HitWhereItHurts","Demon Form","ConjureBlade"],"picked":"Immolate","floor":16}],"player_experience":1695049,"relics_obtained":[{"floor":1,"key":"halation:PenCase"},{"floor":3,"key":"hubris:DisguiseKit"},{"floor":4,"key":"Whetstone"},{"floor":5,"key":"Letter Opener"},{"floor":6,"key":"infinitespire:Midas Blood"},{"floor":7,"key":"hubris:MedicalManual"},{"floor":9,"key":"StuffTheSpire:BottledHeartBeat"},{"floor":10,"key":"halation:KoshaPiece"},{"floor":11,"key":"Shuriken"},{"floor":14,"key":"Red Skull"},{"floor":18,"key":"Torii"},{"floor":19,"key":"vexMod:MemoryStick"},{"floor":20,"key":"Ancient Tea Set"}],"event_choices":[],"is_beta":false,"boss_relics":[{"not_picked":["Tiny House","ReplayTheSpireMod:DimensionalGlitch"],"picked":"SlaversCollar"}],"items_purged_floors":[],"is_endless":false,"potions_floor_spawned":[3,6,11,14,18,20],"killed_by":"Shelled Parasite and Fungi","ascension_level":5}}