{"host":"u2dm6glrpyjr66v9","time":1607673397,"event":{"mods":["AchievementEnabler","BaseMod","CapriCore","Colored Map","Colored Powertips","DeckTracker","Friendly Minions","Minty Spire (QoL Compilation)","Quick Restart","StSLib","SuperFastMode","The Immortal"],"gold_per_floor":[112,164,64,64,79,79,104,118,118,118,118,118,135,66,66,162,162,178,156,167,127,144,171,171,200,200,200,212,229,242,257,257,356,356,373,391,441,496,496,510,539,551,551,571,581,581,581],"floor_reached":46,"playtime":1420,"items_purged":[],"score":568,"play_id":"924e8570-b8de-4f90-9ba1-727106ea6e70","local_time":"20201211165637","is_ascension_mode":false,"campfire_choices":[{"data":"Accuracy","floor":6.0,"key":"SMITH"},{"data":"Blade Dance","floor":15.0,"key":"SMITH"},{"data":"Cloak And Dagger","floor":24.0,"key":"SMITH"},{"floor":27.0,"key":"RECALL"},{"floor":32.0,"key":"REST"}],"circlet_count":0,"master_deck":["Strike_G","Strike_G","Strike_G","Strike_G","Strike_G","Defend_G","Defend_G","Defend_G","Defend_G","Defend_G","Survivor","Neutralize","Accuracy+1","Blade Dance+1","Dagger Spray","Slice","Endless Agony","Flying Knee","Unload","Infinite Blades+1","Slice","Slice+1","Cloak And Dagger+1","Endless Agony","Caltrops","After Image","Cloak And Dagger+1","Dagger Spray+1","Deflect+1","Masterful Stab+1","Cloak And Dagger"],"relics":["Ring of the Snake","NeowsBlessing","CultistMask","WingedGreaves","Shuriken","CaptainsWheel","Spirit Poop","Torii","WristBlade","Eternal Feather","Gremlin Horn","PreservedInsect","SacredBark","Peace Pipe","FossilizedHelix","Pocketwatch","Darkstone Periapt"],"acts_visited":["Exordium","TheCity","TheBeyond"],"potions_floor_usage":[33,33,33,37,37,37,44],"damage_taken":[{"damage":0.0,"enemies":"Cultist","floor":1.0,"turns":1.0},{"damage":0.0,"enemies":"Jaw Worm","floor":5.0,"turns":1.0},{"damage":0.0,"enemies":"Lagavulin","floor":7.0,"turns":1.0},{"damage":0.0,"enemies":"2 Louse","floor":8.0,"turns":2.0},{"damage":0.0,"enemies":"Large Slime","floor":13.0,"turns":3.0},{"damage":0.0,"enemies":"Slime Boss","floor":16.0,"turns":7.0},{"damage":5.0,"enemies":"3 Byrds","floor":18.0,"turns":3.0},{"damage":1.0,"enemies":"Spheric Guardian","floor":20.0,"turns":3.0},{"damage":6.0,"enemies":"Snecko","floor":22.0,"turns":3.0},{"damage":36.0,"enemies":"Slavers","floor":23.0,"turns":4.0},{"damage":5.0,"enemies":"Gremlin Leader","floor":25.0,"turns":3.0},{"damage":36.0,"enemies":"Snake Plant","floor":28.0,"turns":3.0},{"damage":0.0,"enemies":"Sentry and Sphere","floor":29.0,"turns":3.0},{"damage":0.0,"enemies":"3 Cultists","floor":30.0,"turns":2.0},{"damage":0.0,"enemies":"Snecko","floor":31.0,"turns":2.0},{"damage":16,"enemies":"Champ","floor":33,"turns":5},{"damage":8,"enemies":"Orb Walker","floor":35,"turns":3},{"damage":24,"enemies":"3 Darklings","floor":36,"turns":3},{"damage":0,"enemies":"Mind Bloom Boss Battle","floor":37,"turns":3},{"damage":35,"enemies":"2 Orb Walkers","floor":38,"turns":4},{"damage":16,"enemies":"Maw","floor":40,"turns":6},{"damage":1,"enemies":"Giant Head","floor":41,"turns":6},{"damage":16,"enemies":"Writhing Mass","floor":42,"turns":5},{"damage":10,"enemies":"4 Shapes","floor":44,"turns":2},{"damage":1,"enemies":"Transient","floor":45,"turns":5},{"damage":28,"enemies":"Jaw Worm Horde","floor":46,"turns":1}],"seed_played":"2513465343722957075","potions_obtained":[{"floor":1.0,"key":"Swift Potion"},{"floor":7.0,"key":"LiquidMemories"},{"floor":8.0,"key":"EntropicBrew"},{"floor":13.0,"key":"DuplicationPotion"},{"floor":20.0,"key":"CunningPotion"},{"floor":22.0,"key":"DistilledChaos"},{"floor":23.0,"key":"GhostInAJar"},{"floor":28.0,"key":"Energy Potion"},{"floor":30.0,"key":"LiquidMemories"},{"floor":33,"key":"LiquidBronze"},{"floor":35,"key":"BlessingOfTheForge"},{"floor":36,"key":"AttackPotion"},{"floor":40,"key":"SpeedPotion"},{"floor":42,"key":"Explosive Potion"}],"is_trial":false,"path_per_floor":["M","T","$","?","M","R","E","M","T","$","?","?","M","?","R","B",null,"M","$","M","?","M","E","R","E","T","R","M","M","M","M","R","B",null,"M","M","?","?","?","M","E","M","T","M","M","M"],"character_chosen":"THE_SILENT","items_purchased":["Blade Dance","Dagger Spray","Slice"],"campfire_rested":1,"item_purchase_floors":[3,3,19],"current_hp_per_floor":[70,70,70,70,70,70,70,70,70,70,70,70,70,70,70,70,70,65,65,64,64,58,22,34,29,29,41,5,5,5,5,41,25,70,62,38,38,3,61,45,44,28,28,18,17,0,0],"gold":581,"neow_bonus":"THREE_ENEMY_KILL","is_daily":false,"chose_seed":false,"campfire_upgraded":3,"win_rate":0.0,"timestamp":1607673397,"path_taken":["M","?","$","?","M","R","E","?","T","$","?","?","?","?","R","BOSS","M","$","M","?","M","E","R","E","T","R","M","M","M","M","R","BOSS","M","?","?","?","?","M","E","M","T","?","M","?"],"items_purchased_type":["Card","Card","Card"],"build_version":"2020-11-30","purchased_purges":0,"victory":false,"max_hp_per_floor":[70,70,70,70,70,70,70,70,70,70,70,70,70,70,70,70,70,70,70,70,70,70,70,70,70,70,70,70,70,70,70,70,70,70,70,70,70,70,61,61,61,61,61,61,61,61,61],"card_choices":[{"not_picked":["Eviscerate","Terror"],"picked":"Accuracy","floor":1.0},{"not_picked":["Flying Knee","Sucker Punch"],"picked":"Slice","floor":5.0},{"not_picked":["Calculated Gamble","Flying Knee"],"picked":"Endless Agony","floor":7.0},{"not_picked":["Sucker Punch","Deadly Poison"],"picked":"Flying Knee","floor":8.0},{"not_picked":["Underhanded Strike","Blur","Tactician"],"picked":"SKIP","floor":13.0},{"not_picked":["Malaise","Night Terror"],"picked":"Unload","floor":16.0},{"not_picked":["Escape Plan","Well Laid Plans"],"picked":"Infinite Blades","floor":18.0},{"not_picked":["Prepared","Outmaneuver"],"picked":"Slice+1","floor":20.0},{"not_picked":["Prepared","Blade Dance"],"picked":"Cloak And Dagger","floor":22.0},{"not_picked":["Poisoned Stab+1","Expertise+1"],"picked":"Endless Agony","floor":23.0},{"not_picked":["Underhanded Strike+1","Outmaneuver","Riddle With Holes"],"picked":"SKIP","floor":25.0},{"not_picked":["Expertise","Quick Slash","Sucker Punch"],"picked":"SKIP","floor":28.0},{"not_picked":["Sucker Punch","Escape Plan","Deadly Poison"],"picked":"SKIP","floor":29.0},{"not_picked":["Unload","All Out Attack","Blur"],"picked":"SKIP","floor":30.0},{"not_picked":["Deflect","Flying Knee"],"picked":"Caltrops","floor":31.0},{"not_picked":["Glass Knife","Corpse Explosion"],"picked":"After Image","floor":33},{"not_picked":["PiercingWail+1","Quick Slash","Dodge and Roll"],"picked":"SKIP","floor":35},{"not_picked":["Prepared","Dash"],"picked":"Cloak And Dagger+1","floor":36},{"not_picked":["Dodge and Roll","Quick Slash+1"],"picked":"Dagger Spray+1","floor":38},{"not_picked":["Bane+1","Quick Slash+1"],"picked":"Deflect+1","floor":40},{"not_picked":["Leg Sweep","Deadly Poison"],"picked":"Masterful Stab+1","floor":41},{"not_picked":["Poisoned Stab+1","Dagger Throw","Eviscerate+1"],"picked":"SKIP","floor":42},{"not_picked":["Well Laid Plans","Catalyst+1","Grand Finale"],"picked":"SKIP","floor":44},{"not_picked":["Quick Slash","Deflect+1"],"picked":"Cloak And Dagger","floor":45}],"player_experience":45601,"relics_obtained":[{"floor":7.0,"key":"WingedGreaves"},{"floor":9.0,"key":"Shuriken"},{"floor":23.0,"key":"Eternal Feather"},{"floor":25.0,"key":"Gremlin Horn"},{"floor":26.0,"key":"PreservedInsect"},{"floor":37,"key":"Peace Pipe"},{"floor":38,"key":"FossilizedHelix"},{"floor":41,"key":"Pocketwatch"},{"floor":43,"key":"Darkstone Periapt"}],"event_choices":[{"damage_healed":0.0,"max_hp_gain":0.0,"max_hp_loss":0.0,"gold_gain":0.0,"event_name":"FaceTrader","player_choice":"Trade","floor":4.0,"gold_loss":0.0,"damage_taken":0.0,"relics_obtained":["CultistMask"]},{"damage_healed":0.0,"max_hp_gain":0.0,"max_hp_loss":0.0,"gold_gain":0.0,"event_name":"Big Fish","player_choice":"Box","floor":11.0,"gold_loss":0.0,"damage_taken":0.0,"relics_obtained":["CaptainsWheel"],"cards_obtained":["Regret"]},{"cards_removed":["Regret"],"damage_healed":0.0,"max_hp_gain":0.0,"max_hp_loss":0.0,"gold_gain":0.0,"event_name":"Bonfire Elementals","player_choice":"Offered Curse","floor":12.0,"gold_loss":0.0,"damage_taken":0.0,"relics_obtained":["Spirit Poop"]},{"damage_healed":0.0,"max_hp_gain":0.0,"max_hp_loss":0.0,"gold_gain":0.0,"event_name":"WeMeetAgain","player_choice":"Paid Gold","floor":14.0,"gold_loss":69.0,"damage_taken":0.0,"relics_obtained":["Torii"]},{"damage_healed":0.0,"max_hp_gain":0.0,"max_hp_loss":0.0,"gold_gain":0.0,"event_name":"Designer","player_choice":"Upgrade","floor":21.0,"gold_loss":40.0,"damage_taken":0.0,"cards_upgraded":["Infinite Blades"]},{"damage_healed":0,"gold_gain":0,"player_choice":"Fight","damage_taken":0,"max_hp_gain":0,"max_hp_loss":0,"event_name":"MindBloom","floor":37,"gold_loss":0},{"damage_healed":0,"gold_gain":0,"player_choice":"Fight","damage_taken":0,"max_hp_gain":0,"max_hp_loss":0,"event_name":"Mysterious Sphere","floor":38,"gold_loss":0},{"damage_healed":61,"gold_gain":0,"player_choice":"Heal","damage_taken":0,"max_hp_gain":0,"max_hp_loss":9,"event_name":"The Moai Head","floor":39,"gold_loss":0}],"is_beta":false,"boss_relics":[{"not_picked":["Runic Dome","Pandora\u0027s Box"],"picked":"WristBlade"},{"not_picked":["Coffee Dripper","Astrolabe"],"picked":"SacredBark"}],"items_purged_floors":[],"is_endless":false,"potions_floor_spawned":[1,7,8,13,20,22,23,28,30,33,35,36,40,42],"killed_by":"Jaw Worm Horde","ascension_level":0}}