{"host":"u0m9wcerzdqt9t83","time":1607655230,"event":{"mods":["AchievementEnabler","BaseMod","BetterRewards","Colored Map","DeckTracker","Hermit","Minty Spire (QoL Compilation)","Rare Cards Sparkle","Shade Mod","StSLib"],"gold_per_floor":[110,110,130,23,198,208,208,234,234,75,85,85,115,115,115,212,212,222,247,162,162,142,172,172,191,216,30,30,30,30],"floor_reached":29,"playtime":2035,"items_purged":[],"score":272,"play_id":"e8737ff6-9a19-4f4f-aa4e-03bf4ec5c2ff","local_time":"20201210215350","is_ascension_mode":false,"campfire_choices":[{"floor":12,"key":"REST"},{"data":"hermit:FullyLoaded","floor":15,"key":"SMITH"},{"data":"hermit:Reprieve","floor":24,"key":"SMITH"},{"floor":28,"key":"RECALL"}],"circlet_count":0,"master_deck":["hermit:Strike_Hermit+1","hermit:Strike_Hermit+1","hermit:Strike_Hermit","hermit:Strike_Hermit","hermit:Defend_Hermit","hermit:Defend_Hermit","hermit:Defend_Hermit","hermit:Defend_Hermit","hermit:Snapshot","hermit:Covet","hermit:Combo+1","hermit:Showdown","hermit:TakeAim","hermit:Headshot+1","Doubt","hermit:Dive","hermit:Feint","hermit:BigShot","hermit:FlashPowder","hermit:FullyLoaded+1","hermit:Reprieve+1","hermit:EyeOfTheStorm","hermit:DeadMansHand","hermit:TakeCover","hermit:TrackingShot","hermit:ShadowCloak","hermit:Quickdraw"],"relics":["hermit:Momento","Thread and Needle","Juzu Bracelet","Matryoshka","Bottled Tornado","Whetstone","Anchor","Bronze Scales","Vajra","Mummified Hand","Black Star","Potion Belt","Prayer Wheel","Mercury Hourglass","Omamori","Membership Card"],"acts_visited":["Exordium","TheCity"],"potions_floor_usage":[13,23,25],"damage_taken":[{"damage":2,"enemies":"Cultist","floor":1,"turns":5},{"damage":3,"enemies":"2 Louse","floor":3,"turns":2},{"damage":5,"enemies":"Jaw Worm","floor":6,"turns":4},{"damage":0,"enemies":"3 Sentries","floor":8,"turns":9},{"damage":0,"enemies":"Exordium Thugs","floor":11,"turns":5},{"damage":6,"enemies":"Lagavulin","floor":13,"turns":5},{"damage":37,"enemies":"The Guardian","floor":16,"turns":9},{"damage":2,"enemies":"Shell Parasite","floor":18,"turns":5},{"damage":20,"enemies":"Gremlin Leader","floor":23,"turns":3},{"damage":0,"enemies":"3 Byrds","floor":25,"turns":3},{"damage":21,"enemies":"Slavers","floor":29,"turns":4}],"seed_played":"-3969170638699790302","potions_obtained":[{"floor":11,"key":"PowerPotion"},{"floor":16,"key":"Strength Potion"},{"floor":22,"key":"ColorlessPotion"},{"floor":23,"key":"LiquidBronze"},{"floor":25,"key":"BlessingOfTheForge"}],"is_trial":false,"path_per_floor":["M","?","M","$","?","M","?","E","T","$","M","R","E","T","R","B",null,"M","T","?","?","?","E","R","M","T","$","R","E"],"character_chosen":"HERMIT","items_purchased":["Juzu Bracelet","Matryoshka","hermit:Combo","hermit:TakeAim","hermit:Headshot","hermit:BigShot","hermit:FlashPowder","Membership Card","hermit:ShadowCloak","hermit:Quickdraw"],"campfire_rested":1,"item_purchase_floors":[0,0,0,4,4,10,10,27,27,27],"current_hp_per_floor":[49,54,51,51,51,46,31,31,31,31,31,53,47,47,47,10,75,73,73,73,73,73,53,53,57,57,57,57,44,44],"gold":30,"neow_bonus":"","is_daily":false,"chose_seed":false,"campfire_upgraded":2,"win_rate":0.0,"timestamp":1607655230,"path_taken":["M","?","M","?","?","M","?","E","T","$","M","R","E","?","R","BOSS","M","?","?","?","?","E","R","M","T","$","R","E"],"items_purchased_type":["Relic","Relic","Card","Card","Card","Card","Card","Relic","Card","Card"],"build_version":"2020-11-30","purchased_purges":0,"victory":false,"max_hp_per_floor":[75,75,75,75,75,75,75,75,75,75,75,75,75,75,75,75,75,75,75,75,75,75,75,75,75,75,75,75,75,75],"card_choices":[{"not_picked":["hermit:SprayPray","hermit:Quickdraw"],"picked":"hermit:ItchyTrigger","floor":1},{"not_picked":["hermit:Vantage","hermit:Misfire"],"picked":"hermit:Showdown","floor":3},{"not_picked":["hermit:Cheat","hermit:Coalescence"],"picked":"hermit:Dive","floor":6},{"not_picked":["hermit:Quickdraw","hermit:FatalDesire"],"picked":"hermit:Feint","floor":8},{"not_picked":["hermit:Virtue","hermit:BodyArmor"],"picked":"hermit:FullyLoaded","floor":11},{"not_picked":["hermit:WideOpen","hermit:Roulette","hermit:HoleUp"],"picked":"SKIP","floor":13},{"not_picked":["hermit:FinalCanter","hermit:EternalForm"],"picked":"hermit:Reprieve","floor":16},{"not_picked":["hermit:BodyArmor","hermit:TakeCover"],"picked":"hermit:EyeOfTheStorm","floor":18},{"not_picked":["hermit:FullyLoaded","hermit:Virtue"],"picked":"hermit:DeadMansHand","floor":23},{"not_picked":["hermit:BodyArmor","hermit:Combo+1"],"picked":"hermit:TakeCover","floor":25},{"not_picked":["hermit:Ricochet+1","hermit:SprayPray+1"],"picked":"hermit:TrackingShot","floor":25}],"player_experience":348563,"relics_obtained":[{"floor":8,"key":"Bottled Tornado"},{"floor":9,"key":"Whetstone"},{"floor":9,"key":"Anchor"},{"floor":13,"key":"Bronze Scales"},{"floor":14,"key":"Vajra"},{"floor":14,"key":"Mummified Hand"},{"floor":19,"key":"Potion Belt"},{"floor":23,"key":"Mercury Hourglass"},{"floor":23,"key":"Omamori"}],"event_choices":[{"cards_removed":["hermit:ItchyTrigger"],"damage_healed":5,"gold_gain":0,"player_choice":"Offered Common","damage_taken":0,"max_hp_gain":0,"max_hp_loss":0,"event_name":"Bonfire Elementals","floor":2,"gold_loss":0},{"cards_removed":["hermit:ItchyTrigger"],"damage_healed":5,"gold_gain":0,"player_choice":"Offered Special","damage_taken":0,"max_hp_gain":0,"max_hp_loss":0,"event_name":"Bonfire Elementals","floor":2,"gold_loss":0},{"damage_healed":0,"gold_gain":175,"player_choice":"AGREE","damage_taken":0,"max_hp_gain":0,"max_hp_loss":0,"event_name":"Liars Game","floor":5,"gold_loss":0,"cards_obtained":["Doubt"]},{"damage_healed":0,"gold_gain":0,"player_choice":"Entered Light","damage_taken":15,"max_hp_gain":0,"max_hp_loss":0,"event_name":"Shining Light","floor":7,"gold_loss":0,"cards_upgraded":["hermit:Combo","hermit:Strike_Hermit"]},{"damage_healed":0,"gold_gain":0,"player_choice":"Obtained Relic","damage_taken":0,"relics_obtained":["Prayer Wheel"],"max_hp_gain":0,"max_hp_loss":0,"event_name":"Addict","floor":20,"gold_loss":85},{"damage_healed":0,"gold_gain":0,"player_choice":"Ignored","damage_taken":0,"max_hp_gain":0,"max_hp_loss":0,"event_name":"Ghosts","floor":21,"gold_loss":0},{"damage_healed":0,"gold_gain":0,"player_choice":"Bought 1 Potion","damage_taken":0,"max_hp_gain":0,"max_hp_loss":0,"event_name":"The Woman in Blue","floor":22,"gold_loss":0}],"is_beta":false,"boss_relics":[{"not_picked":["Fusion Hammer","Runic Dome"],"picked":"Black Star"}],"items_purged_floors":[],"is_endless":false,"potions_floor_spawned":[11,16,23,25],"killed_by":"Slavers","ascension_level":0}}