{"host":"by8i6f8xc0ywpsd5","time":1607728245,"event":{"mods":["BaseMod","Colored Map","Minty Spire (QoL Compilation)","Relic Stats"],"gold_per_floor":[117,117,133,152,152,152,227,255,255,288,302,334,352,364,364,443,443,457,467,486,505,505,505,221,221,221,248,248,263,263,294,294,365,365,380,380,380,49,60,60,60,95,95,115,127,127,142,54,54,54,54],"floor_reached":50,"playtime":2237,"items_purged":["Strike_R"],"score":1037,"play_id":"ef077bea-2d5e-4735-81db-31b5eeb12662","local_time":"20201212011045","is_ascension_mode":true,"campfire_choices":[{"data":"Shrug It Off","floor":6.0,"key":"SMITH"},{"floor":15.0,"key":"REST"},{"data":"Armaments","floor":23.0,"key":"SMITH"},{"data":"Intimidate","floor":25.0,"key":"SMITH"},{"data":"Rupture","floor":32.0,"key":"SMITH"},{"data":"Battle Trance","floor":40.0,"key":"SMITH"},{"data":"Feel No Pain","floor":46.0,"key":"SMITH"},{"floor":49.0,"key":"RECALL"}],"circlet_count":0,"master_deck":["AscendersBane","Strike_R","Strike_R","Strike_R","Defend_R","Defend_R","Defend_R","Bash","Bludgeon+1","Spot Weakness","Shrug It Off+1","Sentinel","Bloodletting","Headbutt","Intimidate+1","Corruption","Armaments+1","Feel No Pain","Thunderclap+1","Shrug It Off","Sword Boomerang","Rupture+1","Battle Trance+1","Offering","Flame Barrier","Dark Embrace","Feel No Pain+1","True Grit+1","Flame Barrier","Offering"],"relics":["Burning Blood","Ice Cream","StrikeDummy","Gambling Chip","Self Forming Clay","Philosopher\u0027s Stone","OrangePellets","Bottled Tornado","PreservedInsect","Paper Frog","Darkstone Periapt","Mark of Pain","Bottled Lightning","Bag of Marbles"],"acts_visited":["Exordium","TheCity","TheBeyond"],"potions_floor_usage":[],"damage_taken":[{"damage":8.0,"enemies":"Small Slimes","floor":1.0,"turns":3.0},{"damage":4.0,"enemies":"2 Louse","floor":3.0,"turns":3.0},{"damage":7.0,"enemies":"Jaw Worm","floor":4.0,"turns":3.0},{"damage":35.0,"enemies":"Lagavulin","floor":8.0,"turns":8.0},{"damage":10.0,"enemies":"3 Sentries","floor":10.0,"turns":8.0},{"damage":35.0,"enemies":"Gremlin Gang","floor":11.0,"turns":4.0},{"damage":25.0,"enemies":"Gremlin Nob","floor":12.0,"turns":4.0},{"damage":3.0,"enemies":"Blue Slaver","floor":13.0,"turns":4.0},{"damage":0.0,"enemies":"Large Slime","floor":14.0,"turns":2.0},{"damage":11.0,"enemies":"The Guardian","floor":16.0,"turns":8.0},{"damage":0.0,"enemies":"Chosen","floor":18.0,"turns":3.0},{"damage":13.0,"enemies":"Shell Parasite","floor":19.0,"turns":4.0},{"damage":5.0,"enemies":"Centurion and Healer","floor":20.0,"turns":5.0},{"damage":14.0,"enemies":"Snake Plant","floor":21.0,"turns":3.0},{"damage":16.0,"enemies":"Gremlin Leader","floor":27.0,"turns":5.0},{"damage":16.0,"enemies":"Sentry and Sphere","floor":29.0,"turns":5.0},{"damage":8.0,"enemies":"Book of Stabbing","floor":31.0,"turns":3.0},{"damage":21.0,"enemies":"Collector","floor":33.0,"turns":10.0},{"damage":27.0,"enemies":"3 Shapes","floor":35.0,"turns":10.0},{"damage":4.0,"enemies":"Orb Walker","floor":39.0,"turns":3.0},{"damage":17.0,"enemies":"Nemesis","floor":42.0,"turns":5.0},{"damage":0.0,"enemies":"Maw","floor":44.0,"turns":5.0},{"damage":12.0,"enemies":"Writhing Mass","floor":45.0,"turns":6.0},{"damage":10.0,"enemies":"Transient","floor":47.0,"turns":6.0},{"damage":24,"enemies":"Awakened One","floor":50,"turns":3}],"seed_played":"415356422626189994","potions_obtained":[{"floor":1.0,"key":"Swift Potion"},{"floor":4.0,"key":"FairyPotion"},{"floor":13.0,"key":"Swift Potion"},{"floor":16.0,"key":"ElixirPotion"},{"floor":20.0,"key":"Energy Potion"},{"floor":27.0,"key":"Explosive Potion"},{"floor":33.0,"key":"Block Potion"},{"floor":35.0,"key":"DistilledChaos"}],"is_trial":false,"path_per_floor":["M","?","M","M","?","R","?","E","T","E","M","E","M","M","R","B",null,"M","M","M","M","?","R","$","R","T","E","?","M","?","E","R","B",null,"M","?","?","$","M","R","?","E","T","M","M","R","M","$","R","B"],"character_chosen":"IRONCLAD","items_purchased":["OrangePellets","Shrug It Off","Flame Barrier","Bottled Lightning","Offering"],"campfire_rested":1,"item_purchase_floors":[24,24,38,38,48],"current_hp_per_floor":[66,66,68,67,72,72,61,32,32,28,30,11,14,20,44,39,70,76,69,70,62,62,62,62,62,62,52,52,42,42,40,40,25,66,45,45,35,35,37,37,37,26,26,32,26,26,22,22,22,0,0],"gold":54,"neow_bonus":"TRANSFORM_CARD","is_daily":false,"chose_seed":false,"campfire_upgraded":6,"win_rate":0.0,"timestamp":1607728245,"path_taken":["M","?","M","M","?","R","?","E","T","E","M","E","M","?","R","BOSS","M","M","M","?","?","R","$","R","T","E","?","?","?","E","R","BOSS","M","?","?","$","M","R","?","E","T","M","M","R","?","$","R","BOSS"],"items_purchased_type":["Relic","Card","Card","Relic","Card"],"build_version":"2020-11-30","purchased_purges":1,"victory":false,"max_hp_per_floor":[75,75,75,75,80,80,80,80,80,80,80,80,80,80,80,80,80,80,80,80,80,80,80,80,80,80,80,80,80,80,80,80,80,80,80,80,80,80,80,80,80,80,80,80,80,80,80,80,80,80,80],"relic_stats":{"Darkstone Periapt":0,"OrangePellets":[8],"counters":[25,123],"Self Forming Clay":[126],"Gambling Chip":[46],"PreservedInsect":93,"obtain_stats":[{"Ice Cream":8,"Darkstone Periapt":31,"Self Forming Clay":12,"PreservedInsect":27,"Bottled Tornado":26,"Burning Blood":0,"OrangePellets":24,"Gambling Chip":10,"Philosopher\u0027s Stone":17,"Mark of Pain":34,"Bag of Marbles":42,"Bottled Lightning":38,"StrikeDummy":9,"Paper Frog":28},{"Ice Cream":4,"Darkstone Periapt":17,"Self Forming Clay":7,"PreservedInsect":15,"Bottled Tornado":14,"Burning Blood":0,"OrangePellets":14,"Gambling Chip":5,"Philosopher\u0027s Stone":10,"Mark of Pain":18,"Bag of Marbles":21,"Bottled Lightning":19,"StrikeDummy":4,"Paper Frog":15},{"Ice Cream":17,"Darkstone Periapt":75,"Self Forming Clay":33,"PreservedInsect":67,"Bottled Tornado":62,"Burning Blood":0,"OrangePellets":62,"Gambling Chip":25,"Philosopher\u0027s Stone":47,"Mark of Pain":85,"Bag of Marbles":103,"Bottled Lightning":95,"StrikeDummy":17,"Paper Frog":67}],"Burning Blood":144},"card_choices":[{"not_picked":["Bloodletting","Rage"],"picked":"Spot Weakness","floor":1.0},{"not_picked":["Heavy Blade","Evolve","Spot Weakness"],"picked":"SKIP","floor":3.0},{"not_picked":["Wild Strike","Perfected Strike"],"picked":"Shrug It Off","floor":4.0},{"not_picked":["Sever Soul","Infernal Blade"],"picked":"Sentinel","floor":8.0},{"not_picked":["Feel No Pain","Juggernaut"],"picked":"Bloodletting","floor":10.0},{"not_picked":["Body Slam","Spot Weakness","Uppercut"],"picked":"SKIP","floor":11.0},{"not_picked":["Warcry","Perfected Strike"],"picked":"Headbutt","floor":12.0},{"not_picked":["Feel No Pain","Rupture","Iron Wave"],"picked":"SKIP","floor":13.0},{"not_picked":["Blood for Blood","Wild Strike"],"picked":"Intimidate","floor":14.0},{"not_picked":["Berserk","Bludgeon"],"picked":"Corruption","floor":16.0},{"not_picked":["Clash","Sword Boomerang"],"picked":"Armaments","floor":18.0},{"not_picked":["Rage","Clash"],"picked":"Feel No Pain","floor":19.0},{"not_picked":["Blood for Blood","Warcry"],"picked":"Thunderclap+1","floor":20.0},{"not_picked":["Thunderclap","Sword Boomerang","Clash"],"picked":"SKIP","floor":21.0},{"not_picked":["Infernal Blade","Heavy Blade"],"picked":"Sword Boomerang","floor":27.0},{"not_picked":["Armaments","Perfected Strike"],"picked":"Rupture","floor":29.0},{"not_picked":["Cleave+1","Anger","Armaments"],"picked":"SKIP","floor":31.0},{"not_picked":["Immolate","Barricade"],"picked":"Offering","floor":33.0},{"not_picked":["Perfected Strike","Clash","Cleave"],"picked":"SKIP","floor":35.0},{"not_picked":["Havoc","Twin Strike"],"picked":"Dark Embrace","floor":39.0},{"not_picked":["Twin Strike","Rupture","Flex"],"picked":"SKIP","floor":42.0},{"not_picked":["Spot Weakness","Body Slam+1"],"picked":"True Grit+1","floor":44.0},{"not_picked":["Heavy Blade","Sword Boomerang"],"picked":"Flame Barrier","floor":45.0},{"not_picked":["Flex","Body Slam","Second Wind"],"picked":"SKIP","floor":47.0}],"player_experience":1640278,"relics_obtained":[{"floor":8.0,"key":"Ice Cream"},{"floor":9.0,"key":"StrikeDummy"},{"floor":10.0,"key":"Gambling Chip"},{"floor":12.0,"key":"Self Forming Clay"},{"floor":26.0,"key":"Bottled Tornado"},{"floor":27.0,"key":"PreservedInsect"},{"floor":31.0,"key":"Darkstone Periapt"},{"floor":42.0,"key":"Bag of Marbles"}],"event_choices":[{"damage_healed":0.0,"max_hp_gain":0.0,"max_hp_loss":0.0,"gold_gain":0.0,"event_name":"Living Wall","player_choice":"Grow","floor":2.0,"gold_loss":0.0,"damage_taken":0.0,"cards_upgraded":["Bludgeon"]},{"damage_healed":0.0,"max_hp_gain":5.0,"max_hp_loss":0.0,"gold_gain":0.0,"event_name":"Big Fish","player_choice":"Donut","floor":5.0,"gold_loss":0.0,"damage_taken":0.0},{"damage_healed":0.0,"max_hp_gain":0.0,"max_hp_loss":0.0,"gold_gain":75.0,"event_name":"World of Goop","player_choice":"Gather Gold","floor":7.0,"gold_loss":0.0,"damage_taken":11.0},{"damage_healed":0.0,"max_hp_gain":0.0,"max_hp_loss":0.0,"gold_gain":0.0,"event_name":"Ghosts","player_choice":"Ignored","floor":22.0,"gold_loss":0.0,"damage_taken":0.0},{"damage_healed":0.0,"max_hp_gain":0.0,"max_hp_loss":0.0,"gold_gain":0.0,"event_name":"WeMeetAgain","player_choice":"Gave Potion","floor":28.0,"gold_loss":0.0,"damage_taken":0.0,"relics_obtained":["Paper Frog"]},{"damage_healed":0.0,"max_hp_gain":0.0,"max_hp_loss":0.0,"gold_gain":0.0,"event_name":"The Library","player_choice":"Read","floor":30.0,"gold_loss":0.0,"damage_taken":0.0,"cards_obtained":["Battle Trance"]},{"cards_removed":["Defend_R"],"damage_healed":0.0,"max_hp_gain":0.0,"max_hp_loss":0.0,"gold_gain":0.0,"event_name":"Falling","player_choice":"Removed Skill","floor":36.0,"gold_loss":0.0,"damage_taken":0.0},{"damage_healed":0.0,"max_hp_gain":0.0,"max_hp_loss":0.0,"gold_gain":0.0,"event_name":"SensoryStone","player_choice":"Memory 3","floor":37.0,"gold_loss":0.0,"damage_taken":10.0},{"damage_healed":0.0,"max_hp_gain":0.0,"max_hp_loss":0.0,"gold_gain":0.0,"event_name":"Duplicator","player_choice":"Copied","floor":41.0,"gold_loss":0.0,"damage_taken":0.0,"cards_obtained":["Feel No Pain"]}],"is_beta":false,"boss_relics":[{"not_picked":["Astrolabe","Calling Bell"],"picked":"Philosopher\u0027s Stone"},{"not_picked":["Busted Crown","Velvet Choker"],"picked":"Mark of Pain"}],"items_purged_floors":[24],"is_endless":false,"potions_floor_spawned":[1,4,13,16,20,27,33,35,39],"killed_by":"Awakened One","ascension_level":19}}