{"host":"c2uqqd95064gpl63","time":1607675336,"event":{"mods":["Act Like it!","Bard","BaseMod","Better Match","Better Skull","Better Third Choice","Downfall","Elementarium","Luminous","Melee Mod","Menagerie","Minty Spire (QoL Compilation)","Quick Restart","Robot Space Explorer","StSLib","The Cursed","The Dragon Tamer","The Exalted","The Trickster"],"gold_per_floor":[117,127,127,147,166,166,200,200,224,218,238,276,322,347,347,475,475,500,513,547,765,246,246,284,284,284,284,137,152,3,39,39,167,167,185,28,250,250,250,294,294,309,335,371,386,449,45,70,70,70],"floor_reached":51,"playtime":3471,"items_purged":["Injury","Shame"],"score":878,"play_id":"7a8231e6-c8bf-40d3-92a6-094782736cc2","local_time":"20201211002856","is_ascension_mode":false,"campfire_choices":[{"data":"Luminous:Switch_Luminous","floor":6.0,"key":"SMITH"},{"data":"Luminous:Balance_Baptism","floor":8.0,"key":"SMITH"},{"floor":15.0,"key":"REST"},{"data":"Luminous:Lania_Blessing_Luminous","floor":23.0,"key":"SMITH"},{"data":"Luminous:Flash_Blink_Luminous","floor":25.0,"key":"SMITH"},{"floor":27.0,"key":"REST"},{"data":"Luminous:Chaos_Field_Luminous","floor":32.0,"key":"SMITH"},{"data":"expansioncontent:DashGenerateEvil","floor":41,"key":"SMITH"},{"data":"Luminous:Mirror_Force_Luminous","floor":49,"key":"SMITH"}],"circlet_count":0,"master_deck":["Luminous:Light_Flash_Shower","Luminous:Light_Flash_Shower","Luminous:Light_Flash_Shower","Luminous:Dark_Abyssal_Drop","Luminous:Dark_Abyssal_Drop","Luminous:Dark_Abyssal_Drop","Luminous:Defend_Luminous","Luminous:Defend_Luminous","Luminous:Defend_Luminous","Luminous:Defend_Luminous+1","Luminous:Switch_Luminous+1","Luminous:Light_Glare","Luminous:Light_Gather","Luminous:Light_Sylvan_Lance","Luminous:Light_Glare","Luminous:Balance_Baptism+1","Luminous:Light_Track","Luminous:Darks_Surge_Luminous","Luminous:Magic_Boost_Luminous+1","Luminous:Photic_Meditation_Luminous","Luminous:Lania_Blessing_Luminous+1","Luminous:Flash_Blink_Luminous+1","Luminous:Light_Glare+1","Luminous:Balance_Aether_Conduit","Luminous:Dusk_Guard_Luminous+1","Luminous:Chaos_Field_Luminous+1","Luminous:Dark_Crescendo_Luminous","Flash of Steel","expansioncontent:DashGenerateEvil+1","Doubt","Luminous:Dark_Morning_Star+1","Luminous:Lunar_Tide_Luminous+1","Luminous:Balance_Death_Scythe+1","Luminous:Magic_Accelerate_Luminous","Luminous:Mirror_Force_Luminous+1"],"relics":["Luminous:MirrorRelic","Golden Idol","Centennial Puzzle","Happy Flower","Bronze Scales","Lantern","Cursed Key","Red Mask","Anchor","War Paint","Toolbox","Bromod:ArcanePistoleer","Gremlin Horn","ClockworkSouvenir","Oddly Smooth Stone","Bromod:ArcaneConsequence","SlaversCollar","Guardian:PocketSentry","Bottled Lightning","Blood Vial","Pen Nib","TungstenRod","Girya","OrangePellets"],"acts_visited":["Exordium","TheCity","TheBeyond"],"potions_floor_usage":[50],"damage_taken":[{"damage":5.0,"enemies":"Jaw Worm","floor":1.0,"turns":4.0},{"damage":0.0,"enemies":"Small Slimes","floor":2.0,"turns":3.0},{"damage":0.0,"enemies":"Cultist","floor":4.0,"turns":4.0},{"damage":14.0,"enemies":"Lots of Slimes","floor":5.0,"turns":5.0},{"damage":27.0,"enemies":"3 Sentries","floor":7.0,"turns":10.0},{"damage":16.0,"enemies":"Exordium Thugs","floor":10.0,"turns":4.0},{"damage":3.0,"enemies":"Exordium Wildlife","floor":11.0,"turns":3.0},{"damage":14.0,"enemies":"Lagavulin","floor":12.0,"turns":5.0},{"damage":0.0,"enemies":"Blue Slaver","floor":14.0,"turns":2.0},{"damage":12.0,"enemies":"Slime Boss","floor":16.0,"turns":8.0},{"damage":1.0,"enemies":"Shell Parasite","floor":18.0,"turns":3.0},{"damage":5.0,"enemies":"Spheric Guardian","floor":19.0,"turns":4.0},{"damage":0.0,"enemies":"Masked Bandits","floor":20.0,"turns":5.0},{"damage":18.0,"enemies":"Slavers","floor":24.0,"turns":5.0},{"damage":0.0,"enemies":"Chosen and Byrds","floor":29.0,"turns":3.0},{"damage":2.0,"enemies":"Gremlin Leader","floor":31.0,"turns":5.0},{"damage":1.0,"enemies":"Collector","floor":33.0,"turns":7.0},{"damage":5,"enemies":"3 Shapes","floor":35,"turns":2},{"damage":3,"enemies":"Nemesis","floor":40,"turns":5},{"damage":0,"enemies":"3 Darklings","floor":42,"turns":2},{"damage":0,"enemies":"Reptomancer","floor":44,"turns":3},{"damage":5,"enemies":"Transient","floor":45,"turns":5},{"damage":5,"enemies":"Mind Bloom Boss Battle","floor":46,"turns":3},{"damage":0,"enemies":"Maw","floor":48,"turns":5},{"damage":0,"enemies":"Awakened One","floor":50,"turns":9}],"seed_played":"3679652147341155939","potions_obtained":[{"floor":7.0,"key":"FearPotion"},{"floor":11.0,"key":"DuplicationPotion"},{"floor":12.0,"key":"Strength Potion"},{"floor":24.0,"key":"ColorlessPotion"},{"floor":31.0,"key":"BlessingOfTheForge"}],"is_trial":false,"path_per_floor":["M","M","?","M","M","R","E","R","T","M","M","E","T","M","R","B",null,"M","M","?","?","$","R","E","R","T","R","$","M","$","E","R","B",null,"M","$","?","?","T","E","R","M","T","E","M","?","$","M","R","B",null],"character_chosen":"LuminousClass","items_purchased":["Luminous:Balance_Aether_Conduit","War Paint","Toolbox","ClockworkSouvenir","Oddly Smooth Stone","Guardian:PocketSentry","OrangePellets","Luminous:Mirror_Force_Luminous"],"campfire_rested":2,"item_purchase_floors":[22,22,22,28,30,36,47,47],"current_hp_per_floor":[77,77,77,77,63,63,36,36,36,20,17,3,3,3,27,21,82,81,79,82,44,44,44,42,42,42,66,66,66,66,74,74,82,82,77,77,77,72,72,79,79,81,81,82,78,80,80,82,82,82],"gold":70,"neow_bonus":"TEN_PERCENT_HP_BONUS","is_daily":false,"chose_seed":false,"campfire_upgraded":7,"win_rate":0.0,"timestamp":1607675336,"path_taken":["M","M","?","M","M","R","E","R","T","M","M","E","?","M","R","BOSS","M","M","?","?","$","R","E","R","T","R","$","?","?","E","R","BOSS","M","$","?","?","?","E","R","M","T","E","M","?","?","M","R","BOSS"],"items_purchased_type":["Card","Relic","Relic","Relic","Relic","Relic","Relic","Card"],"build_version":"2020-11-30","purchased_purges":2,"victory":true,"max_hp_per_floor":[82,82,82,82,82,82,82,82,82,82,82,82,82,82,82,82,82,82,82,82,82,82,82,82,82,82,82,82,82,82,82,82,82,82,82,82,82,82,82,82,82,82,82,82,82,82,82,82,82,82],"card_choices":[{"not_picked":["Luminous:Accumulation_Luminous","Luminous:Light_Reflection"],"picked":"Luminous:Light_Glare","floor":1.0},{"not_picked":["Luminous:Blinding_Pillar_Luminous","Luminous:Dark_Moonlight_Spear"],"picked":"Luminous:Light_Gather","floor":2.0},{"not_picked":["Luminous:Light_Wash_Luminous","Luminous:Light_Disperse"],"picked":"Luminous:Light_Sylvan_Lance","floor":4.0},{"not_picked":["Luminous:Chase_Spell_Luminous","Luminous:Dark_Arcane_Pitch"],"picked":"Luminous:Light_Glare","floor":5.0},{"not_picked":["Luminous:Blinding_Pillar_Luminous","Luminous:Mana_Well_Luminous"],"picked":"Luminous:Balance_Baptism","floor":7.0},{"not_picked":["Luminous:Light_Gather","Luminous:Lunar_Tide_Luminous"],"picked":"Luminous:Light_Track","floor":10.0},{"not_picked":["Luminous:Light_Disperse","Luminous:Chase_Spell_Luminous"],"picked":"Luminous:Darks_Surge_Luminous","floor":11.0},{"not_picked":["Luminous:Erosion_Luminous","Luminous:Dark_Moonlight_Spear"],"picked":"Luminous:Magic_Boost_Luminous","floor":12.0},{"not_picked":["Luminous:Dark_Arcane_Pitch","Luminous:Light_Sylvan_Lance"],"picked":"Luminous:Photic_Meditation_Luminous","floor":14.0},{"not_picked":["Luminous:Ethereal_Form_Luminous","Luminous:Armageddon_Luminous"],"picked":"Luminous:Lania_Blessing_Luminous","floor":16.0},{"not_picked":["Luminous:Hero_Will_Luminous","Luminous:Chase_Spell_Luminous"],"picked":"Luminous:Flash_Blink_Luminous","floor":18.0},{"not_picked":["Luminous:Darks_Surge_Luminous","Luminous:Dark_Apocalypse","Luminous:Tune_Luminous"],"picked":"SKIP","floor":19.0},{"not_picked":["Luminous:Magic_Guard_Luminous","Luminous:Accumulation_Luminous+1"],"picked":"Luminous:Light_Glare+1","floor":20.0},{"not_picked":["Luminous:Dark_Dim_Erosion","Luminous:Concentrate_Luminous"],"picked":"Luminous:Dusk_Guard_Luminous+1","floor":24.0},{"not_picked":["Luminous:Blinding_Pillar_Luminous","Luminous:Light_Disperse+1","Luminous:Light_Glare"],"picked":"SKIP","floor":29.0},{"not_picked":["Luminous:Dark_Raid+1","Luminous:Light_Glare"],"picked":"Luminous:Chaos_Field_Luminous","floor":31.0},{"not_picked":["Luminous:Balance_Baptism","Luminous:Date_of_Light_Luminous"],"picked":"Luminous:Dark_Crescendo_Luminous","floor":33.0},{"not_picked":["Luminous:Abyss_Heart_Luminous","Luminous:Dark_Dim_Erosion+1","Luminous:Accumulation_Luminous+1"],"picked":"SKIP","floor":35},{"not_picked":["expansioncontent:GoopSpray","Mayhem"],"picked":"Flash of Steel","floor":38},{"not_picked":["Deep Breath","expansioncontent:PolyBeam"],"picked":"expansioncontent:DashGenerateEvil","floor":38},{"not_picked":["Luminous:Light_Gather+1","Luminous:Dark_Arcane_Pitch+1"],"picked":"Luminous:Dark_Morning_Star+1","floor":40},{"not_picked":["Luminous:Dark_Dim_Erosion+1","Luminous:Light_Glare"],"picked":"Luminous:Lunar_Tide_Luminous+1","floor":42},{"not_picked":["Luminous:Sympathy_Luminous","Luminous:Dark_Pressure_Void+1"],"picked":"Luminous:Balance_Death_Scythe+1","floor":44},{"not_picked":["Luminous:Dark_Extract+1","Luminous:Dark_Dim_Erosion"],"picked":"Luminous:Magic_Accelerate_Luminous","floor":45},{"not_picked":["Luminous:Dark_Raid+1","Luminous:Light_Disperse","Luminous:Tune_Luminous"],"picked":"SKIP","floor":48}],"player_experience":695725,"relics_obtained":[{"floor":7.0,"key":"Centennial Puzzle"},{"floor":9.0,"key":"Happy Flower"},{"floor":12.0,"key":"Bronze Scales"},{"floor":13.0,"key":"Lantern"},{"floor":20.0,"key":"Red Mask"},{"floor":24.0,"key":"Bromod:ArcanePistoleer"},{"floor":26.0,"key":"Gremlin Horn"},{"floor":31.0,"key":"Bromod:ArcaneConsequence"},{"floor":39,"key":"Bottled Lightning"},{"floor":40,"key":"Blood Vial"},{"floor":43,"key":"Pen Nib"},{"floor":44,"key":"TungstenRod"},{"floor":46,"key":"Girya"}],"event_choices":[{"damage_healed":0.0,"max_hp_gain":0.0,"max_hp_loss":0.0,"gold_gain":0.0,"event_name":"Golden Idol","player_choice":"Take Wound","floor":3.0,"gold_loss":0.0,"damage_taken":0.0,"relics_obtained":["Golden Idol"],"cards_obtained":["Injury"]},{"damage_healed":0.0,"max_hp_gain":0.0,"max_hp_loss":0.0,"gold_gain":0.0,"event_name":"Masked Bandits","player_choice":"Fought Bandits","floor":20.0,"gold_loss":0.0,"damage_taken":0.0},{"damage_healed":0.0,"max_hp_gain":0.0,"max_hp_loss":0.0,"gold_gain":218.0,"event_name":"betterSkull:BetterSkull","player_choice":"RE GO GO ","floor":21.0,"gold_loss":0.0,"damage_taken":42.0,"cards_upgraded":[],"relics_obtained":["Anchor"]},{"damage_healed":0,"gold_gain":222,"player_choice":"Wore Mask","damage_taken":0,"max_hp_gain":0,"max_hp_loss":0,"event_name":"Tomb of Lord Red Mask","floor":37,"gold_loss":0},{"damage_healed":0,"gold_gain":0,"player_choice":"Memory 2","damage_taken":5,"max_hp_gain":0,"max_hp_loss":0,"event_name":"SensoryStone","floor":38,"gold_loss":0},{"damage_healed":0,"gold_gain":0,"player_choice":"Fight","damage_taken":0,"max_hp_gain":0,"max_hp_loss":0,"event_name":"MindBloom","floor":46,"gold_loss":0}],"is_beta":false,"boss_relics":[{"not_picked":["Runic Dome","Bromod:ArcaneBarrier"],"picked":"Cursed Key"},{"not_picked":["Busted Crown","Empty Cage"],"picked":"SlaversCollar"}],"items_purged_floors":[22,47],"is_endless":false,"potions_floor_spawned":[7,11,12,24,31,35,45,48],"ascension_level":0}}