{"host":"iml8x8es9od4zowg","time":1607678676,"event":{"mods":["BaseMod","Hermit","Minty Spire (QoL Compilation)","StSLib","The Bug Knight","The Jungle"],"gold_per_floor":[110,130,100,113,125,125,142,171,171,196,208,52,52,52,52,153,153,169,204,48,48,58,86,86,86,86,86,86],"floor_reached":27,"playtime":1767,"items_purged":[],"score":231,"play_id":"52403634-0ba1-47c7-a3da-7435e5424d8b","local_time":"20201211182436","is_ascension_mode":false,"campfire_choices":[{"data":"HollowMod:ChannelNail","floor":6,"key":"SMITH"},{"data":"HollowMod:NewGlowingWomb","floor":15,"key":"SMITH"},{"floor":24,"key":"REST"}],"circlet_count":0,"master_deck":["HollowMod:NailStrikeStart","HollowMod:NailStrikeStart","HollowMod:NailStrikeStart","HollowMod:NailStrikeStart","HollowMod:QuickDashStart","HollowMod:QuickDashStart","HollowMod:QuickDashStart","HollowMod:QuickDashStart","HollowMod:FocusHealStart","HollowMod:PogoStrike","HollowMod:ChannelNail+1","HollowMod:DashSlash","HollowMod:InfectedAttack","HollowMod:HornetsHelp","HollowMod:HornetsHelp"],"relics":["HollowMod:KingsSoulRelic","HollowMod:KingsBrand","StrikeDummy","CaptainsWheel","Vajra","Red Mask","Akabeko","Turnip","MutagenicStrength","Torii"],"acts_visited":["Exordium","TheCity"],"potions_floor_usage":[8,8,19,19,27],"damage_taken":[{"damage":4,"enemies":"Jaw Worm","floor":1,"turns":4},{"damage":1,"enemies":"Cultist","floor":2,"turns":3},{"damage":2,"enemies":"Small Slimes","floor":4,"turns":3},{"damage":5,"enemies":"Looter","floor":5,"turns":3},{"damage":0,"enemies":"Exordium Wildlife","floor":7,"turns":3},{"damage":32,"enemies":"Lagavulin","floor":8,"turns":5},{"damage":8,"enemies":"Red Slaver","floor":11,"turns":2},{"damage":48,"enemies":"HollowMod:FalseKnight","floor":16,"turns":9},{"damage":16,"enemies":"Shell Parasite","floor":18,"turns":8},{"damage":32,"enemies":"Masked Bandits","floor":19,"turns":6},{"damage":3,"enemies":"2 Thieves","floor":22,"turns":3},{"damage":40,"enemies":"Slavers","floor":23,"turns":8},{"damage":25,"enemies":"Book of Stabbing","floor":27,"turns":6}],"seed_played":"4541901107079162196","potions_obtained":[{"floor":2,"key":"LiquidMemories"},{"floor":3,"key":"SneckoOil"},{"floor":3,"key":"Ancient Potion"},{"floor":7,"key":"Swift Potion"},{"floor":11,"key":"Energy Potion"},{"floor":19,"key":"Swift Potion"}],"is_trial":false,"path_per_floor":["M","M","?","M","M","R","M","E","T","T","M","$","?","?","R","B",null,"M","?","$","?","M","E","R","?","T","E"],"character_chosen":"THE_BUGKNIGHT","items_purchased":["Vajra","Akabeko"],"campfire_rested":1,"item_purchase_floors":[12,20],"current_hp_per_floor":[71,75,75,75,75,75,75,49,49,49,41,41,66,66,66,30,75,68,42,42,42,45,11,33,33,33,8,8],"gold":86,"neow_bonus":"RANDOM_COMMON_RELIC","is_daily":false,"chose_seed":false,"campfire_upgraded":2,"win_rate":0.0,"timestamp":1607678676,"path_taken":["M","M","?","M","?","R","M","E","T","?","?","$","?","?","R","BOSS","M","?","$","?","?","E","R","?","T","E"],"items_purchased_type":["Relic","Relic"],"build_version":"2020-11-30","purchased_purges":0,"victory":false,"max_hp_per_floor":[75,75,75,75,75,75,75,75,75,75,75,75,75,75,75,75,75,75,75,75,75,75,75,75,75,75,75,75],"card_choices":[{"not_picked":["HollowMod:VengefulVoid","HollowMod:SiblingsSouls","HollowMod:DoubleDash"],"picked":"SKIP","floor":1},{"not_picked":["HollowMod:VengefulVoid","HollowMod:DoubleDash"],"picked":"HollowMod:NewGlowingWomb","floor":2},{"not_picked":["HollowMod:NewLittleFool","HollowMod:CloakDash"],"picked":"HollowMod:ChannelNail","floor":4},{"not_picked":["HollowMod:AbyssShriek","HollowMod:ChannelNail"],"picked":"HollowMod:DashSlash","floor":5},{"not_picked":["HollowMod:HeavyBlow","HollowMod:ShapeofUnn"],"picked":"HollowMod:InfectedAttack","floor":7},{"not_picked":["HollowMod:SoulEater","HollowMod:VengefulVoid","HollowMod:VoidDash"],"picked":"SKIP","floor":8},{"not_picked":["HollowMod:DashSlash","HollowMod:GoodIntentions","HollowMod:WraithStrike"],"picked":"SKIP","floor":11},{"not_picked":["HollowMod:ElderbugsWisdom","HollowMod:PureVessel"],"picked":"HollowMod:HornetsHelp","floor":16},{"not_picked":["HollowMod:HowlingWraiths","HollowMod:SoulStrike","HollowMod:GoodIntentions"],"picked":"SKIP","floor":18},{"not_picked":["HollowMod:QuirrelsAssistance","HollowMod:HowlingWraiths","HollowMod:VengefulVoid"],"picked":"SKIP","floor":22},{"not_picked":["HollowMod:NewJinnsSoul","HollowMod:HowlingWraiths"],"picked":"HollowMod:HornetsHelp","floor":23}],"player_experience":466817,"relics_obtained":[{"floor":8,"key":"StrikeDummy"},{"floor":9,"key":"CaptainsWheel"},{"floor":19,"key":"Red Mask"},{"floor":23,"key":"Turnip"},{"floor":26,"key":"Torii"}],"event_choices":[{"damage_healed":0,"gold_gain":0,"player_choice":"Bought 2 Potions","damage_taken":0,"max_hp_gain":0,"max_hp_loss":0,"event_name":"The Woman in Blue","floor":3,"gold_loss":0},{"damage_healed":25,"gold_gain":0,"player_choice":"Banana","damage_taken":0,"max_hp_gain":0,"max_hp_loss":0,"event_name":"Big Fish","floor":13,"gold_loss":0},{"damage_healed":0,"gold_gain":0,"player_choice":"Fought Bandits","damage_taken":0,"max_hp_gain":0,"max_hp_loss":0,"event_name":"Masked Bandits","floor":19,"gold_loss":0},{"cards_removed":["HollowMod:NewGlowingWomb"],"damage_healed":0,"gold_gain":0,"player_choice":"Card Removal","damage_taken":0,"max_hp_gain":0,"max_hp_loss":0,"event_name":"Wheel of Change","floor":21,"gold_loss":0},{"damage_healed":0,"gold_gain":0,"player_choice":"Inject Mutagens","damage_taken":0,"relics_obtained":["MutagenicStrength"],"max_hp_gain":0,"max_hp_loss":0,"event_name":"Drug Dealer","floor":25,"gold_loss":0}],"is_beta":false,"boss_relics":[{"not_picked":["Tiny House","Busted Crown"],"picked":"HollowMod:KingsSoulRelic"}],"items_purged_floors":[],"is_endless":false,"potions_floor_spawned":[2,7,11,19],"killed_by":"Book of Stabbing","ascension_level":0}}