{"host":"njruw0b0uprlitpx","time":1607666016,"event":{"mods":["2.2 Compatiblity","AchievementEnabler","Aspiration","BaseMod","Block Reminder","Colored Map","Colored Powertips","Jedi Mod","Keyboard Shortcuts","Minty Spire (QoL Compilation)","Replay The Spire","Spicy Shops","StSLib","SuperFastMode","The Bug Knight"],"gold_per_floor":[118,193,219,235,235,262,262,276,276,291,291,54,67,67,67,171,171,184,4,0,0,20,20,0,0,0,0,0,0,0,0,0,0,0,0,0,0,0,684,684,698,698,722,722,739,803,814,7,7,7],"floor_reached":51,"playtime":2625,"items_purged":["HollowMod:NailStrikeStart","Normality","Normality"],"score":820,"play_id":"9fa19935-c8ad-49b9-8872-8d0dc26d7eee","local_time":"20201210235336","is_ascension_mode":false,"campfire_choices":[{"floor":7.0,"key":"REST"},{"floor":11.0,"key":"REST"},{"data":"HollowMod:LordofShades","floor":15.0,"key":"SMITH"},{"floor":23.0,"key":"REST"},{"floor":32.0,"key":"REST"},{"floor":42,"key":"REST"},{"floor":44,"key":"REST"},{"floor":49,"key":"REST"}],"circlet_count":0,"master_deck":["HollowMod:NailStrikeStart","HollowMod:NailStrikeStart","HollowMod:NailStrikeStart","HollowMod:QuickDashStart","HollowMod:QuickDashStart","HollowMod:QuickDashStart","HollowMod:QuickDashStart","HollowMod:FocusHealStart","HollowMod:SoulMaster","HollowMod:PureNailStrike","HollowMod:WraithStrike","HollowMod:SiblingsShadow","HollowMod:VengefulVoid","HollowMod:NewJinnsSoul","HollowMod:DescendingDark","HollowMod:CrystalDash","HollowMod:LordofShades+1","HollowMod:CycloneSlash","HollowMod:SlysStrikes","HollowMod:WraithStrike","HollowMod:ShadowDash","HollowMod:HuntersJournal","HollowMod:GoodIntentions","HollowMod:HerrahsAnger","HollowMod:SharpenedShadows+1","HollowMod:BlackTendrils+1","HollowMod:ShadowDash+1","HollowMod:CrystalDash","HollowMod:BlackTendrils+1","Thinking Ahead","ReplayTheSpireMod:Private Reserves"],"relics":["HollowMod:VoidIdolRelic","aspiration:ArtOfWarUpgrade","aspiration:StickyExplosives","Pen Nib","PreservedInsect","aspiration:Lifesprig","ChewingGum","jedi:ominousloannote","Onion Ring","jedi:shrinkray","Bag of Preparation","HollowMod:IsmasTear","Membership Card","Bottled Tornado","Oddly Smooth Stone","DollysMirror"],"acts_visited":["Exordium","TheCity","TheBeyond"],"potions_floor_usage":[35,41,41,41,50,50,50,50],"damage_taken":[{"damage":2.0,"enemies":"2 Louse","floor":1.0,"turns":3.0},{"damage":6.0,"enemies":"Jaw Worm","floor":4.0,"turns":3.0},{"damage":46.0,"enemies":"3 Sentries","floor":6.0,"turns":11.0},{"damage":0.0,"enemies":"Cultist","floor":8.0,"turns":2.0},{"damage":14.0,"enemies":"Looter","floor":10.0,"turns":3.0},{"damage":0.0,"enemies":"Exordium Wildlife","floor":13.0,"turns":2.0},{"damage":0.0,"enemies":"Slime Boss","floor":16.0,"turns":7.0},{"damage":18.0,"enemies":"2 Thieves","floor":18.0,"turns":3.0},{"damage":8.0,"enemies":"Chosen","floor":22.0,"turns":5.0},{"damage":10.0,"enemies":"Shelled Parasite and Fungi","floor":27.0,"turns":3.0},{"damage":20.0,"enemies":"Snake Plant","floor":28.0,"turns":4.0},{"damage":13.0,"enemies":"Centurion and Healer","floor":31.0,"turns":4.0},{"damage":51.0,"enemies":"HollowMod:NKGrimm","floor":33.0,"turns":10.0},{"damage":26,"enemies":"3 Darklings","floor":35,"turns":4},{"damage":7,"enemies":"3 Shapes","floor":36,"turns":5},{"damage":81,"enemies":"Writhing Mass","floor":41,"turns":8},{"damage":61,"enemies":"Maw","floor":45,"turns":7},{"damage":27,"enemies":"Transient","floor":47,"turns":5},{"damage":0,"enemies":"HollowMod:Radiance","floor":50,"turns":8}],"seed_played":"5137045456844040101","potions_obtained":[{"floor":1.0,"key":"Swift Potion"},{"floor":6.0,"key":"Elixir"},{"floor":16.0,"key":"Block Potion"},{"floor":18.0,"key":"Explosive Potion"},{"floor":31.0,"key":"Dexterity Potion"},{"floor":33.0,"key":"PowerPotion"},{"floor":35,"key":"jedi:StrikingPotion"},{"floor":36,"key":"AttackPotion"},{"floor":46,"key":"jedi:StrikingPotion"},{"floor":46,"key":"jedi:tentaclejuice"}],"is_trial":false,"path_per_floor":["M","?","T","M","?","E","R","M","T","M","R","$","M","?","R","B",null,"M","$","?","$","M","R","$","R","T","M","M","?","?","M","R","B",null,"M","M","$","?","?","R","M","R","T","R","M","?","M","$","R","B",null],"character_chosen":"THE_BUGKNIGHT","items_purchased":["HollowMod:DescendingDark","PreservedInsect","HollowMod:CrystalDash","aspiration:Lifesprig","FearPotion","jedi:holywater","jedi:ominousloannote","Onion Ring","EssenceOfSteel","HollowMod:HuntersJournal","Membership Card","PowerPotion","SkillPotion","Bottled Tornado","Oddly Smooth Stone","DollysMirror","Thinking Ahead","ReplayTheSpireMod:Private Reserves"],"campfire_rested":7,"item_purchase_floors":[12,12,12,12,12,19,24,24,24,24,48,48,48,48,48,48,48,48],"current_hp_per_floor":[58,47,47,41,59,19,41,41,41,27,49,49,49,49,49,49,75,57,57,57,57,49,71,71,71,71,61,41,49,49,36,58,7,75,49,42,42,42,42,42,11,33,33,55,70,40,54,54,75,75],"gold":7,"neow_bonus":"THREE_RARE_CARDS","is_daily":false,"chose_seed":false,"campfire_upgraded":1,"win_rate":0.0,"timestamp":1607666016,"path_taken":["M","?","?","?","?","E","R","M","T","M","R","?","M","?","R","BOSS","M","$","?","?","?","R","$","R","T","M","M","?","?","M","R","BOSS","M","M","$","?","?","R","M","R","T","R","M","?","?","$","R","BOSS"],"items_purchased_type":["Card","Relic","Card","Relic","Potion","Potion","Relic","Relic","Potion","Card","Relic","Potion","Potion","Relic","Relic","Relic","Card","Card"],"build_version":"2020-11-30","purchased_purges":3,"victory":true,"max_hp_per_floor":[75,75,75,75,75,75,75,75,75,75,75,75,75,75,75,75,75,75,75,75,75,75,75,75,75,75,75,75,75,75,75,75,75,75,75,75,75,75,75,75,75,75,75,75,75,75,75,75,75,75],"card_choices":[{"not_picked":["HollowMod:HerrahsAnger","HollowMod:RadiancesLament"],"picked":"HollowMod:SoulMaster","floor":0.0},{"not_picked":["HollowMod:InfectionAssault","HollowMod:DashSlash"],"picked":"HollowMod:PureNailStrike","floor":1.0},{"not_picked":["HollowMod:InfectedCysts","HollowMod:NewGlowingWomb"],"picked":"HollowMod:WraithStrike","floor":4.0},{"not_picked":["HollowMod:PureNailStrike","HollowMod:ShapeofUnn"],"picked":"HollowMod:SiblingsShadow","floor":6.0},{"not_picked":["HollowMod:DashSlash","HollowMod:SiblingsSouls"],"picked":"HollowMod:VengefulVoid","floor":8.0},{"not_picked":["HollowMod:PureNailStrike","HollowMod:NewGlowingWomb"],"picked":"HollowMod:NewJinnsSoul","floor":10.0},{"not_picked":["HollowMod:SoulShaman","HollowMod:PureNailStrike"],"picked":"HollowMod:LordofShades","floor":13.0},{"not_picked":["HollowMod:HerrahsAnger","HollowMod:NewInfectedGuardian"],"picked":"HollowMod:SlysStrikes","floor":16.0},{"not_picked":["HollowMod:CycloneSlash","HollowMod:NewGlowingWomb"],"picked":"HollowMod:WraithStrike","floor":18.0},{"not_picked":["HollowMod:NewJinnsSoul","HollowMod:InfectionAssault"],"picked":"HollowMod:ShadowDash","floor":22.0},{"not_picked":["HollowMod:MantisMark","HollowMod:TaintedHusks+1"],"picked":"HollowMod:GoodIntentions","floor":27.0},{"not_picked":["HollowMod:NewLittleFool+1","HollowMod:HeavyBlow","HollowMod:SoulEater"],"picked":"SKIP","floor":28.0},{"not_picked":["HollowMod:MantisMark","HollowMod:SoulStrike","HollowMod:LifebloodCocoon"],"picked":"SKIP","floor":31.0},{"not_picked":["HollowMod:PureVessel","HollowMod:PaleKingsBlessing"],"picked":"HollowMod:HerrahsAnger","floor":33.0},{"not_picked":["HollowMod:ChannelNail","HollowMod:DoubleDash"],"picked":"HollowMod:SharpenedShadows+1","floor":35},{"not_picked":["HollowMod:SoulShaman","HollowMod:SoulStrike+1","HollowMod:HowlingWraiths"],"picked":"SKIP","floor":36},{"not_picked":["HollowMod:VengefulSpirit+1","HollowMod:NewGlowingWomb"],"picked":"HollowMod:BlackTendrils+1","floor":41},{"not_picked":["HollowMod:PaleKingsBlessing","HollowMod:DescendingDark+1"],"picked":"HollowMod:ShadowDash+1","floor":45},{"not_picked":["HollowMod:InfectedCysts","HollowMod:Grubsong+1"],"picked":"HollowMod:CrystalDash","floor":46},{"not_picked":["HollowMod:InfectedCysts","HollowMod:NewJinnsSoul","HollowMod:SoulVessel"],"picked":"SKIP","floor":47}],"player_experience":1058266,"relics_obtained":[{"floor":3.0,"key":"Art of War"},{"floor":6.0,"key":"aspiration:StickyExplosives"},{"floor":9.0,"key":"Pen Nib"},{"floor":26.0,"key":"jedi:shrinkray"},{"floor":43,"key":"Bag of Preparation"},{"floor":46,"key":"HollowMod:IsmasTear"}],"event_choices":[{"damage_healed":0.0,"max_hp_gain":0.0,"max_hp_loss":0.0,"gold_gain":75.0,"event_name":"World of Goop","player_choice":"Gather Gold","floor":2.0,"gold_loss":0.0,"damage_taken":11.0},{"damage_healed":0.0,"max_hp_gain":0.0,"max_hp_loss":0.0,"gold_gain":0.0,"event_name":"Match and Keep!","player_choice":"1 cards matched","floor":14.0,"gold_loss":0.0,"damage_taken":0.0,"cards_obtained":["HollowMod:CycloneSlash"]},{"damage_healed":0.0,"max_hp_gain":0.0,"max_hp_loss":0.0,"gold_gain":0.0,"event_name":"Masked Bandits","player_choice":"Paid Fearfully","floor":20.0,"gold_loss":4.0,"damage_taken":0.0},{"damage_healed":0.0,"max_hp_gain":0.0,"max_hp_loss":0.0,"gold_gain":0.0,"event_name":"Ghosts","player_choice":"Ignored","floor":30.0,"gold_loss":0.0,"damage_taken":0.0},{"cards_removed":["HollowMod:PogoStrike"],"damage_healed":0,"gold_gain":0,"player_choice":"Removed Attack","damage_taken":0,"max_hp_gain":0,"max_hp_loss":0,"event_name":"Falling","floor":38,"gold_loss":0},{"damage_healed":0,"gold_gain":999,"player_choice":"Gold","damage_taken":0,"max_hp_gain":0,"max_hp_loss":0,"event_name":"MindBloom","floor":39,"gold_loss":0,"cards_obtained":["Normality","Normality"]}],"is_beta":false,"boss_relics":[{"not_picked":["Pandora\u0027s Box","jedi:battlestandard"],"picked":"ChewingGum"},{"not_picked":["Philosopher\u0027s Stone","Black Star"],"picked":"HollowMod:VoidIdolRelic"}],"items_purged_floors":[19,48,48],"is_endless":false,"potions_floor_spawned":[1,6,16,18,22,31,33,35,36],"ascension_level":0}}