{"host":"j4g6ia6asvpyu2b0","time":1607687322,"event":{"mods":["BaseMod","Colored Map","Minty Spire (QoL Compilation)","Permanent Neow","Quick Restart","Relic Stats","StSLib","Unceasing Turn Reminder"],"gold_per_floor":[368,380,380,88,100,125,125,141,196,229,239,268,281,295,295,394,394,394,394],"floor_reached":18,"playtime":621,"items_purged":["Injury"],"score":221,"play_id":"3830eb0c-8205-4045-be30-ca450ff39c4e","local_time":"20201211044842","is_ascension_mode":true,"campfire_choices":[{"data":"Noxious Fumes","floor":7,"key":"SMITH"},{"data":"Well Laid Plans","floor":15,"key":"SMITH"}],"circlet_count":0,"master_deck":["Strike_G","Strike_G","Strike_G","Strike_G","Strike_G","Defend_G","Defend_G","Defend_G","Defend_G","Defend_G","Survivor","Neutralize","Backstab","Noxious Fumes+1","Poisoned Stab","Dodge and Roll","Deadly Poison","Bullet Time","Catalyst","Leg Sweep","Noxious Fumes","Well Laid Plans+1","Wraith Form v2"],"relics":["Ring of the Snake","InkBottle","Sling","Oddly Smooth Stone","Nunchaku","Gremlin Horn","Paper Crane","Busted Crown"],"acts_visited":["Exordium","TheCity"],"potions_floor_usage":[6,18],"damage_taken":[{"damage":1,"enemies":"Small Slimes","floor":1,"turns":5},{"damage":0,"enemies":"Cultist","floor":2,"turns":4},{"damage":2,"enemies":"Jaw Worm","floor":5,"turns":3},{"damage":12,"enemies":"Lagavulin","floor":6,"turns":6},{"damage":3,"enemies":"Exordium Thugs","floor":8,"turns":4},{"damage":21,"enemies":"Gremlin Nob","floor":10,"turns":4},{"damage":0,"enemies":"3 Louse","floor":11,"turns":3},{"damage":5,"enemies":"3 Sentries","floor":12,"turns":6},{"damage":0,"enemies":"2 Fungi Beasts","floor":13,"turns":3},{"damage":0,"enemies":"Large Slime","floor":14,"turns":5},{"damage":25,"enemies":"The Guardian","floor":16,"turns":9},{"damage":0,"enemies":"3 Byrds","floor":18,"turns":3}],"seed_played":"5894370438764562044","potions_obtained":[{"floor":2,"key":"Poison Potion"},{"floor":10,"key":"ColorlessPotion"},{"floor":13,"key":"Block Potion"},{"floor":14,"key":"SpeedPotion"},{"floor":16,"key":"CunningPotion"}],"is_trial":false,"path_per_floor":["M","M","?","$","M","E","R","M","T","E","M","E","M","M","R","B",null,"M"],"character_chosen":"THE_SILENT","items_purchased":["Noxious Fumes","Sling"],"campfire_rested":0,"item_purchase_floors":[4,4],"current_hp_per_floor":[69,69,69,69,67,55,55,52,52,31,31,26,26,26,26,1,70,70,70],"gold":394,"neow_bonus":"TWO_FIFTY_GOLD","is_daily":false,"chose_seed":false,"campfire_upgraded":2,"win_rate":0.0,"timestamp":1607687322,"path_taken":["M","M","?","$","M","E","R","M","T","E","M","E","M","M","R","BOSS","M"],"items_purchased_type":["Card","Relic"],"build_version":"2020-11-30","purchased_purges":1,"victory":false,"max_hp_per_floor":[70,70,70,70,70,70,70,70,70,70,70,70,70,70,70,70,70,70,70],"relic_stats":{"Nunchaku":[6],"Busted Crown":0,"Gremlin Horn":[6,6],"counters":[12,55],"obtain_stats":[{"Nunchaku":9,"Busted Crown":17,"Gremlin Horn":10,"Oddly Smooth Stone":6,"Paper Crane":12,"Sling":4,"InkBottle":3,"Ring of the Snake":0},{"Nunchaku":5,"Busted Crown":11,"Gremlin Horn":6,"Oddly Smooth Stone":4,"Paper Crane":8,"Sling":2,"InkBottle":2,"Ring of the Snake":0},{"Nunchaku":22,"Busted Crown":52,"Gremlin Horn":26,"Oddly Smooth Stone":18,"Paper Crane":35,"Sling":9,"InkBottle":9,"Ring of the Snake":0}],"InkBottle":[12],"Ring of the Snake":[24]},"card_choices":[{"not_picked":["Backflip","Cloak And Dagger"],"picked":"Dagger Spray","floor":1},{"not_picked":["Slice","Poisoned Stab"],"picked":"Backstab","floor":2},{"not_picked":["Calculated Gamble","Cloak And Dagger"],"picked":"Poisoned Stab","floor":5},{"not_picked":["Concentrate","Cloak And Dagger"],"picked":"Dodge and Roll","floor":6},{"not_picked":["Bane","Outmaneuver"],"picked":"Deadly Poison","floor":8},{"not_picked":["Predator","Blade Dance"],"picked":"Bullet Time","floor":10},{"not_picked":["Cloak And Dagger","Flying Knee"],"picked":"Catalyst","floor":11},{"not_picked":["PiercingWail","Slice"],"picked":"Leg Sweep","floor":12},{"not_picked":["Flying Knee","Dagger Throw"],"picked":"Noxious Fumes","floor":13},{"not_picked":["Die Die Die","Setup"],"picked":"Well Laid Plans","floor":14},{"not_picked":["Die Die Die","A Thousand Cuts"],"picked":"Wraith Form v2","floor":16}],"player_experience":607242,"relics_obtained":[{"floor":6,"key":"Oddly Smooth Stone"},{"floor":9,"key":"Nunchaku"},{"floor":10,"key":"Gremlin Horn"},{"floor":12,"key":"Paper Crane"}],"event_choices":[{"cards_removed":["Dagger Spray"],"damage_healed":0,"gold_gain":0,"player_choice":"Gave Card","damage_taken":0,"relics_obtained":["InkBottle"],"max_hp_gain":0,"max_hp_loss":0,"event_name":"WeMeetAgain","floor":3,"gold_loss":0}],"is_beta":false,"boss_relics":[{"not_picked":["SlaversCollar","Runic Dome"],"picked":"Busted Crown"}],"items_purged_floors":[4],"is_endless":false,"potions_floor_spawned":[2,10,13,14,16],"killed_by":"3 Byrds","ascension_level":4}}