{"host":"68ryiucqar8jyfi2","time":1607722472,"event":{"mods":["2.2 Compatiblity","Act Like it!","Aspiration","BaseMod","Better Match","Better Note","Better Skull","Better Third Choice","CapriCore","Curses Come First","Defuse TimeMaze Blight","Displayed Cursed Tome","Emptier Cage","Energized Spire","Friendly Minions","HexUI Lib","Hubris","Hyrulean Relics","Minty Spire (QoL Compilation)","Permanent Neow","RNG Fix","Replay The Spire","Robot Space Explorer","StSLib","Trackpad","Transform Curses","Uncapped","Wandering Minibosses"],"gold_per_floor":[116,135,150,170,170,204,204,232,285,305,305,54,54,73,73,174,174,190,205,220,231,9,9,35,88,112,142,177,219,245,279,279,390,390,412,431,206,224,243,267,294,294,294,318,318,350,379,397,397,509,509,532,553,176,197,197,197,287,140,140,163,185,210,224,246,246,351,351],"floor_reached":67,"playtime":2243,"items_purged":["hubris:Envy","Strike_P"],"score":1386,"play_id":"a3ce74da-28db-4838-8887-1741d8a4331e","local_time":"20201211213432","daily_mods":["Vintage","Heirloom","Flight"],"is_ascension_mode":false,"campfire_choices":[{"data":"Eruption","floor":7,"key":"SMITH"},{"data":"Vigilance","floor":11,"key":"SMITH"},{"data":"FollowUp","floor":13,"key":"SMITH"},{"floor":15,"key":"REST"},{"data":"Vault","floor":23,"key":"SMITH"},{"data":"Strike_P","floor":32,"key":"PURGE"},{"data":"Wallop","floor":42,"key":"SMITH"},{"data":"Defend_P","floor":66,"key":"PURGE"}],"circlet_count":0,"master_deck":["Strike_P","Strike_P","Defend_P","Defend_P","Defend_P","Eruption+1","Vigilance+1","FollowUp+1","Vault+1","Wallop+1","hubris:DuctTapeCard"],"relics":["PureWater","hubris:Potato","aspiration:FetidBarrel","War Paint","Replay:Mystery Machine","Replay:Baseball","zeldaRelics:CourageTriforce","Akabeko","Matryoshka","ReplayTheSpireMod:CursedCoin","trackpad:CultistFigurine","Replay:Multitool","Frozen Egg 2","StrikeDummy","hubris:SphereOfDissonance","Replay:Bandana","hubris:HerbalPaste","Simple Rune","zeldaRelics:WisdomTriforce","Mirror","Durian","zeldaRelics:PowerTriforce","ReplayTheSpireMod:Shallot","wanderingMiniBosses:CarrionFlame","Whetstone","energizedSpire:SpiderWeb","Chameleon Ring","FossilizedHelix","Strawberry","Vajra","trackpad:RapidFire","Singing Bowl","trackpad:IceCube","Smiling Mask","hubris:Towel","Replay:Rubber Ducky","aspiration:ArtOfWarUpgrade","Juzu Bracelet","Ancient Tea Set","Quantum Egg","Onion Ring","trackpad:PetRock","Sling","Gremlin Horn","hubris:DuctTape","Peace Pipe","aspiration:StickyExplosives_weak","aspiration:FrozenJewel"],"acts_visited":["Exordium","TheCity","TheBeyond","Exordium"],"potions_floor_usage":[8,16,16,33,33,33,50],"damage_taken":[{"damage":3,"enemies":"Jaw Worm","floor":1,"turns":2},{"damage":1,"enemies":"Cultist","floor":2,"turns":4},{"damage":0,"enemies":"2 Louse","floor":3,"turns":1},{"damage":11,"enemies":"Gremlin Gang","floor":4,"turns":4},{"damage":16,"enemies":"Gremlin Nob","floor":6,"turns":4},{"damage":31,"enemies":"Lagavulin","floor":8,"turns":4},{"damage":0,"enemies":"Looter","floor":10,"turns":2},{"damage":0,"enemies":"Blue Slaver","floor":14,"turns":1},{"damage":31,"enemies":"Slime Boss","floor":16,"turns":9},{"damage":17,"enemies":"Shell Parasite","floor":18,"turns":6},{"damage":13,"enemies":"3 Byrds","floor":19,"turns":6},{"damage":16,"enemies":"Cultist and Chosen","floor":20,"turns":6},{"damage":5,"enemies":"Snake Plant","floor":21,"turns":3},{"damage":0,"enemies":"Chosen and Byrds","floor":24,"turns":4},{"damage":8,"enemies":"Slavers","floor":25,"turns":3},{"damage":0,"enemies":"Centurion and Healer","floor":27,"turns":4},{"damage":2,"enemies":"Snecko","floor":28,"turns":6},{"damage":0,"enemies":"Gremlin Leader","floor":29,"turns":3},{"damage":7,"enemies":"Chosen and Byrds","floor":30,"turns":3},{"damage":11,"enemies":"Cultist and Chosen","floor":31,"turns":4},{"damage":29,"enemies":"Champ","floor":33,"turns":6},{"damage":0,"enemies":"3 Shapes","floor":35,"turns":2},{"damage":0,"enemies":"Orb Walker","floor":36,"turns":2},{"damage":0,"enemies":"4 Shapes","floor":38,"turns":1},{"damage":0,"enemies":"Sphere and 2 Shapes","floor":39,"turns":2},{"damage":0,"enemies":"Transient","floor":40,"turns":6},{"damage":0,"enemies":"Jaw Worm Horde","floor":41,"turns":3},{"damage":0,"enemies":"Writhing Mass","floor":44,"turns":2},{"damage":0,"enemies":"Maw","floor":46,"turns":3},{"damage":0,"enemies":"Jaw Worm Horde","floor":47,"turns":2},{"damage":0,"enemies":"Writhing Mass","floor":48,"turns":2},{"damage":7,"enemies":"Awakened One","floor":50,"turns":8},{"damage":0,"enemies":"2 Louse","floor":52,"turns":2},{"damage":0,"enemies":"Small Slimes","floor":53,"turns":2},{"damage":0,"enemies":"Jaw Worm","floor":55,"turns":1},{"damage":0,"enemies":"Red Slaver","floor":61,"turns":1},{"damage":0,"enemies":"Exordium Thugs","floor":62,"turns":2},{"damage":0,"enemies":"Large Slime","floor":63,"turns":3},{"damage":0,"enemies":"Lots of Slimes","floor":64,"turns":1},{"damage":0,"enemies":"2 Fungi Beasts","floor":65,"turns":1},{"damage":0,"enemies":"Slime Boss","floor":67,"turns":2}],"seed_played":"-6652106566354669325","potions_obtained":[{"floor":1,"key":"Energy Potion"},{"floor":3,"key":"DuplicationPotion"},{"floor":8,"key":"EssenceOfSteel"},{"floor":21,"key":"Toxic Potion"},{"floor":25,"key":"Elixir"},{"floor":27,"key":"SpeedPotion"},{"floor":30,"key":"Block Potion"},{"floor":36,"key":"Fire Potion"},{"floor":38,"key":"Elixir"},{"floor":40,"key":"SteroidPotion"},{"floor":52,"key":"StancePotion"},{"floor":62,"key":"Weak Potion"}],"is_trial":true,"path_per_floor":["M","M","M","M","?","E","R","E","T","M","R","$","R","M","R","B",null,"M","M","M","M","$","R","M","E","T","M","M","E","M","M","R","B",null,"M","M","$","M","M","M","M","R","T","M","?","M","M","M","R","B",null,"M","M","$","M","?","R","R","$","T","M","M","M","M","M","R","B"],"character_chosen":"WATCHER","items_purchased":["Matryoshka","ReplayTheSpireMod:CursedCoin","trackpad:CultistFigurine","hubris:HerbalPaste","Wallop","Strawberry","Adaptation+1","Onion Ring","Sling"],"campfire_rested":1,"item_purchase_floors":[12,12,12,22,37,37,54,54,59],"current_hp_per_floor":[69,68,68,57,62,46,46,15,15,15,15,15,15,15,38,7,77,60,47,31,26,26,26,32,29,29,35,44,49,47,42,42,19,82,82,82,89,89,89,89,89,89,89,89,89,89,89,89,89,84,91,91,91,91,91,94,94,94,94,94,94,94,94,94,94,94,96,96],"gold":351,"neow_bonus":"","is_daily":false,"chose_seed":false,"campfire_upgraded":5,"win_rate":0.0,"timestamp":1607722472,"path_taken":["M","M","M","M","?","E","R","E","T","M","R","$","R","M","R","BOSS","M","M","M","M","$","R","M","E","T","M","M","E","M","M","R","BOSS","M","M","$","M","M","M","M","R","T","M","?","M","M","M","R","BOSS","M","M","$","M","?","R","R","$","T","M","M","M","M","M","R","BOSS"],"items_purchased_type":["Relic","Relic","Relic","Relic","Card","Relic","Card","Relic","Relic"],"build_version":"2020-11-30","purchased_purges":2,"victory":false,"max_hp_per_floor":[72,72,72,72,77,77,77,77,77,77,77,77,77,77,77,77,77,77,77,77,77,77,77,77,77,77,77,82,82,82,82,82,82,82,82,82,89,89,89,89,89,89,89,89,89,89,89,89,89,91,91,91,91,91,91,94,94,94,94,94,94,94,94,94,94,94,96,96],"card_choices":[{"not_picked":["Wish","JustLucky"],"picked":"FollowUp","floor":6},{"not_picked":["Prostrate","EmptyMind","CrushJoints"],"picked":"SKIP","floor":8},{"not_picked":["ConjureBlade","Replay:AllIn"],"picked":"Vault","floor":16},{"not_picked":["Prostrate","CrushJoints+1","EmptyFist"],"picked":"SKIP","floor":25},{"not_picked":["TalkToTheHand","EmptyFist","Sanctity+1"],"picked":"SKIP","floor":29},{"not_picked":["TalkToTheHand","EmptyFist","Sanctity+1"],"picked":"SKIP","floor":29},{"not_picked":["LessonLearned","Brilliance"],"picked":"Devotion+1","floor":33},{"not_picked":["DeusExMachina","Brilliance","Replay:LoomingThreat+1"],"picked":"Singing Bowl","floor":50},{"not_picked":["DevaForm+1","Brilliance","Replay:LoomingThreat+1"],"picked":"Singing Bowl","floor":67}],"player_experience":154567,"relics_obtained":[{"floor":1,"key":"aspiration:FetidBarrel"},{"floor":2,"key":"War Paint"},{"floor":3,"key":"Replay:Mystery Machine"},{"floor":4,"key":"Replay:Baseball"},{"floor":6,"key":"zeldaRelics:CouragePiece"},{"floor":8,"key":"zeldaRelics:CouragePiece"},{"floor":9,"key":"zeldaRelics:CouragePiece"},{"floor":10,"key":"Akabeko"},{"floor":14,"key":"Replay:Multitool"},{"floor":18,"key":"Frozen Egg 2"},{"floor":19,"key":"StrikeDummy"},{"floor":20,"key":"hubris:SphereOfDissonance"},{"floor":21,"key":"Replay:Bandana"},{"floor":24,"key":"Simple Rune"},{"floor":25,"key":"zeldaRelics:WisdomPiece"},{"floor":26,"key":"zeldaRelics:WisdomPiece"},{"floor":26,"key":"zeldaRelics:WisdomPiece"},{"floor":27,"key":"Mirror"},{"floor":28,"key":"Durian"},{"floor":29,"key":"zeldaRelics:PowerPiece"},{"floor":30,"key":"ReplayTheSpireMod:Shallot"},{"floor":31,"key":"wanderingMiniBosses:CarrionFlame"},{"floor":31,"key":"Whetstone"},{"floor":35,"key":"Chameleon Ring"},{"floor":36,"key":"FossilizedHelix"},{"floor":38,"key":"Vajra"},{"floor":39,"key":"trackpad:RapidFire"},{"floor":40,"key":"Singing Bowl"},{"floor":41,"key":"trackpad:IceCube"},{"floor":43,"key":"zeldaRelics:PowerPiece"},{"floor":43,"key":"zeldaRelics:PowerPiece"},{"floor":44,"key":"Smiling Mask"},{"floor":46,"key":"Replay:Rubber Ducky"},{"floor":47,"key":"Art of War"},{"floor":48,"key":"Juzu Bracelet"},{"floor":52,"key":"Ancient Tea Set"},{"floor":53,"key":"Quantum Egg"},{"floor":55,"key":"trackpad:PetRock"},{"floor":60,"key":"Gremlin Horn"},{"floor":62,"key":"hubris:DuctTape"},{"floor":63,"key":"Peace Pipe"},{"floor":64,"key":"aspiration:StickyExplosives_weak"},{"floor":65,"key":"aspiration:FrozenJewel"}],"event_choices":[{"damage_healed":0,"gold_gain":0,"player_choice":"Donut","damage_taken":0,"max_hp_gain":5,"max_hp_loss":0,"event_name":"Big Fish","floor":5,"gold_loss":0}],"is_beta":false,"boss_relics":[{"not_picked":["Snecko Eye","Sozu","Fusion Hammer"]},{"not_picked":["energizedSpire:StickyHand","Calling Bell"],"picked":"energizedSpire:SpiderWeb"},{"not_picked":["energizedSpire:EnergizedDie","zeldaRelics:MasterSword","Velvet Choker"]}],"items_purged_floors":[22,54],"is_endless":true,"potions_floor_spawned":[1,3,8,21,25,27,30,36,38,40,44,46,52,55,62,64,65],"killed_by":"Slime Boss","ascension_level":0}}