{"host":"3l86636hmmefx41a","time":1607703850,"event":{"mods":["BaseMod","Hermit","Marked Mod","Minty Spire (QoL Compilation)","StSLib"],"gold_per_floor":[110,110,110,191,215,215,295,310,335,360,360,384,334,355,355,479,479,504,517,432,457,69,102,102,102],"floor_reached":24,"playtime":2502,"items_purged":["Strike_G"],"score":208,"play_id":"e85ae3b5-044c-4231-b5c5-49984a1fbf3c","local_time":"20201211172410","is_ascension_mode":false,"campfire_choices":[{"data":"Neutralize","floor":6,"key":"SMITH"},{"floor":11,"key":"REST"},{"floor":15,"key":"REST"}],"circlet_count":0,"master_deck":["Strike_G","Strike_G","Strike_G","Strike_G","Defend_G","Defend_G","Defend_G","Defend_G","Defend_G","Survivor","Neutralize+1","Bouncing Flask","Dagger Spray","Quick Slash","Choke","PiercingWail","Dagger Throw","Finisher","Night Terror","All Out Attack","Dodge and Roll","Acrobatics+1","Backflip","Slice"],"relics":["Ring of the Snake","NeowsBlessing","Golden Idol","Mercury Hourglass","Letter Opener","Omamori","Fusion Hammer","Blood Vial","Bag of Preparation","TheAbacus","Centennial Puzzle"],"acts_visited":["Exordium","TheCity"],"potions_floor_usage":[10,12,18,18,23,23],"damage_taken":[{"damage":0,"enemies":"Cultist","floor":1,"turns":1},{"damage":0,"enemies":"Small Slimes","floor":5,"turns":1},{"damage":0,"enemies":"Gremlin Nob","floor":7,"turns":1},{"damage":3,"enemies":"Jaw Worm","floor":8,"turns":4},{"damage":0,"enemies":"2 Fungi Beasts","floor":10,"turns":2},{"damage":2,"enemies":"Exordium Wildlife","floor":12,"turns":3},{"damage":0,"enemies":"Exordium Thugs","floor":14,"turns":5},{"damage":43,"enemies":"Slime Boss","floor":16,"turns":11},{"damage":9,"enemies":"Shell Parasite","floor":18,"turns":3},{"damage":17,"enemies":"Spheric Guardian","floor":19,"turns":4},{"damage":14,"enemies":"Shelled Parasite and Fungi","floor":21,"turns":6},{"damage":28,"enemies":"Book of Stabbing","floor":23,"turns":6},{"damage":15,"enemies":"Sentry and Sphere","floor":24,"turns":3}],"seed_played":"4888737343633824007","potions_obtained":[{"floor":7,"key":"SkillPotion"},{"floor":8,"key":"Explosive Potion"},{"floor":10,"key":"BlessingOfTheForge"},{"floor":16,"key":"CunningPotion"},{"floor":19,"key":"LiquidMemories"},{"floor":21,"key":"Poison Potion"},{"floor":23,"key":"Swift Potion"}],"is_trial":false,"path_per_floor":["M","?","?","T","M","R","?","M","T","M","R","M","?","M","R","B",null,"M","M","?","M","$","E","M"],"character_chosen":"THE_SILENT","items_purchased":["Bag of Preparation","Backflip","TheAbacus"],"campfire_rested":2,"item_purchase_floors":[22,22,22],"current_hp_per_floor":[70,70,53,53,53,53,53,50,50,50,70,68,68,68,70,27,70,61,44,44,32,32,6,0,0],"gold":102,"neow_bonus":"THREE_ENEMY_KILL","is_daily":false,"chose_seed":false,"campfire_upgraded":1,"win_rate":0.0,"timestamp":1607703850,"path_taken":["M","?","?","?","M","R","?","M","T","?","R","M","?","M","R","BOSS","M","M","?","M","$","E","M"],"items_purchased_type":["Relic","Card","Relic"],"build_version":"2020-11-30","purchased_purges":1,"victory":false,"max_hp_per_floor":[70,70,70,70,70,70,70,70,70,70,70,70,70,70,70,70,70,70,70,70,70,70,70,70,70],"card_choices":[{"not_picked":["Bane","Masterful Stab"],"picked":"Bouncing Flask","floor":1},{"not_picked":["Catalyst","Calculated Gamble"],"picked":"Dagger Spray","floor":5},{"not_picked":["Dash","Poisoned Stab"],"picked":"Quick Slash","floor":7},{"not_picked":["Sucker Punch","Well Laid Plans"],"picked":"Choke","floor":8},{"not_picked":["Calculated Gamble","Well Laid Plans"],"picked":"PiercingWail","floor":10},{"not_picked":["Acrobatics","Skewer"],"picked":"Dagger Throw","floor":12},{"not_picked":["Bane","Sucker Punch"],"picked":"Finisher","floor":14},{"not_picked":["Glass Knife","Unload"],"picked":"Night Terror","floor":16},{"not_picked":["Calculated Gamble","Sucker Punch"],"picked":"All Out Attack","floor":18},{"not_picked":["Backflip","Dagger Throw+1"],"picked":"Dodge and Roll","floor":19},{"not_picked":["Choke","PiercingWail"],"picked":"Acrobatics+1","floor":21},{"not_picked":["Bane","Prepared"],"picked":"Slice","floor":23}],"player_experience":59908,"relics_obtained":[{"floor":4,"key":"Mercury Hourglass"},{"floor":7,"key":"Letter Opener"},{"floor":9,"key":"Omamori"},{"floor":23,"key":"Centennial Puzzle"}],"event_choices":[{"damage_healed":0,"gold_gain":0,"player_choice":"Leave","damage_taken":0,"max_hp_gain":0,"max_hp_loss":0,"event_name":"The Cleric","floor":2,"gold_loss":0},{"damage_healed":0,"gold_gain":0,"player_choice":"Take Damage","damage_taken":17,"relics_obtained":["Golden Idol"],"max_hp_gain":0,"max_hp_loss":0,"event_name":"Golden Idol","floor":3,"gold_loss":0},{"damage_healed":0,"gold_gain":0,"player_choice":"Searched \u00271\u0027 times","damage_taken":0,"max_hp_gain":0,"max_hp_loss":0,"event_name":"Dead Adventurer","floor":7,"gold_loss":0},{"damage_healed":0,"gold_gain":0,"player_choice":"Left Gold","damage_taken":0,"max_hp_gain":0,"max_hp_loss":0,"event_name":"World of Goop","floor":13,"gold_loss":50},{"damage_healed":0,"gold_gain":0,"player_choice":"Obtained Relic","damage_taken":0,"relics_obtained":["Blood Vial"],"max_hp_gain":0,"max_hp_loss":0,"event_name":"Addict","floor":20,"gold_loss":85}],"is_beta":false,"boss_relics":[{"not_picked":["Runic Pyramid","Ectoplasm"],"picked":"Fusion Hammer"}],"items_purged_floors":[22],"is_endless":false,"potions_floor_spawned":[7,8,10,16,19,21,23],"killed_by":"Sentry and Sphere","ascension_level":0}}