{"host":"4h8o09gisu0rxdvb","time":1607654370,"event":{"mods":["BaseMod","Better Third Choice","Hermit","Luminous","Minty Spire (QoL Compilation)","Replay The Spire","SOS???????","Shade Mod","Spicy Shops","StSLib","The Blackbeard","The Hierophant","The Mystic","The Runesmith","???Mod??????Boss"],"gold_per_floor":[116,129,145,145,121,154,154,168,168,168,201,201,226,226,226,226,226],"floor_reached":16,"playtime":1329,"items_purged":[],"score":118,"play_id":"e28bd4a0-f348-4446-84e7-4219c1085609","local_time":"20201210213930","is_ascension_mode":false,"campfire_choices":[{"floor":7,"key":"REST"},{"data":"Luminous:Hero_Will_Luminous","floor":10,"key":"SMITH"},{"floor":12,"key":"REST"},{"data":"Luminous:Concentrate_Luminous","floor":15,"key":"SMITH"}],"circlet_count":0,"master_deck":["Luminous:Light_Flash_Shower","Luminous:Light_Flash_Shower","Luminous:Dark_Abyssal_Drop+1","Luminous:Dark_Abyssal_Drop","Luminous:Dark_Abyssal_Drop","Luminous:Defend_Luminous+1","Luminous:Defend_Luminous","Luminous:Defend_Luminous","Luminous:Defend_Luminous","Luminous:Switch_Luminous","Luminous:Balance_Death_Scythe","Luminous:Hero_Will_Luminous+1","Luminous:Dark_Arcane_Pitch","Luminous:Chase_Spell_Luminous","Luminous:Dark_Pressure_Void","Luminous:Concentrate_Luminous+1","Luminous:Light_Wash_Luminous"],"relics":["Luminous:MirrorRelic","betterThird:SlimedRelic","StrikeDummy","Replay:Accelerometer","Replay:Bottled Snecko","Gremlin Horn"],"acts_visited":["Exordium"],"potions_floor_usage":[6,16,16,16,16,16,16],"damage_taken":[{"damage":4,"enemies":"Small Slimes","floor":1,"turns":5},{"damage":1,"enemies":"Cultist","floor":2,"turns":3},{"damage":0,"enemies":"2 Louse","floor":3,"turns":1},{"damage":13,"enemies":"3 Sentries","floor":6,"turns":3},{"damage":13,"enemies":"2 Fungi Beasts","floor":8,"turns":3},{"damage":28,"enemies":"Lagavulin","floor":11,"turns":9},{"damage":36,"enemies":"3 Sentries","floor":13,"turns":10},{"damage":24,"enemies":"Hexaghost","floor":16,"turns":12}],"seed_played":"-377224180528588933","potions_obtained":[{"floor":1,"key":"Explosive Potion"},{"floor":8,"key":"SteroidPotion"},{"floor":11,"key":"SpeedPotion"},{"floor":13,"key":"EntropicBrew"}],"is_trial":false,"path_per_floor":["M","M","M","?","?","E","R","M","T","R","E","R","E","?","R","B"],"character_chosen":"LuminousClass","items_purchased":[],"campfire_rested":2,"item_purchase_floors":[],"current_hp_per_floor":[78,77,77,77,66,53,77,64,64,64,41,65,34,18,18,0,0],"gold":226,"neow_bonus":"TEN_PERCENT_HP_BONUS","is_daily":false,"chose_seed":false,"campfire_upgraded":2,"win_rate":0.0,"timestamp":1607654370,"path_taken":["M","M","M","?","?","E","R","M","T","R","E","R","E","?","R","BOSS"],"items_purchased_type":[],"build_version":"2020-11-30","purchased_purges":0,"victory":false,"max_hp_per_floor":[82,82,82,82,82,82,82,82,82,82,82,82,82,82,82,82,82],"card_choices":[{"not_picked":["Luminous:Blinding_Pillar_Luminous","Luminous:Accumulation_Luminous"],"picked":"Luminous:Balance_Death_Scythe","floor":1},{"not_picked":["Luminous:Dark_Raid","Luminous:Sympathy_Luminous"],"picked":"Luminous:Hero_Will_Luminous","floor":2},{"not_picked":["Luminous:Magic_Boost_Luminous","Luminous:Light_Gather"],"picked":"Luminous:Dark_Arcane_Pitch","floor":3},{"not_picked":["Luminous:Light_Sylvan_Lance","Luminous:Dark_Dim_Erosion"],"picked":"Luminous:Chase_Spell_Luminous","floor":6},{"not_picked":["Luminous:Chase_Spell_Luminous","Luminous:Shadow_Shell_Luminous"],"picked":"Luminous:Dark_Pressure_Void","floor":8},{"not_picked":["Luminous:Light_Track","Luminous:Blinding_Pillar_Luminous"],"picked":"Luminous:Concentrate_Luminous","floor":11},{"not_picked":["Luminous:Dark_Morning_Star","Luminous:Dark_Dim_Erosion"],"picked":"Luminous:Light_Wash_Luminous","floor":13}],"player_experience":457230,"relics_obtained":[{"floor":6,"key":"StrikeDummy"},{"floor":9,"key":"Replay:Accelerometer"},{"floor":11,"key":"Replay:Bottled Snecko"},{"floor":13,"key":"Gremlin Horn"}],"event_choices":[{"damage_healed":0,"gold_gain":0,"player_choice":"Slimed","damage_taken":11,"max_hp_gain":0,"max_hp_loss":0,"event_name":"betterThird:BetterGoop","floor":5,"gold_loss":24},{"damage_healed":34,"gold_gain":0,"player_choice":"Upgrade","damage_taken":16,"max_hp_gain":0,"max_hp_loss":82,"event_name":"betterThird:BetterShining","floor":14,"gold_loss":0,"cards_upgraded":["Luminous:Defend_Luminous","Luminous:Dark_Abyssal_Drop"]}],"is_beta":false,"boss_relics":[],"items_purged_floors":[],"is_endless":false,"potions_floor_spawned":[1,8,11,13],"killed_by":"Hexaghost","ascension_level":0}}