{"host":"u2dm6glrpyjr66v9","time":1607671465,"event":{"mods":["AchievementEnabler","BaseMod","CapriCore","Colored Map","Colored Powertips","DeckTracker","Friendly Minions","Minty Spire (QoL Compilation)","Quick Restart","StSLib","SuperFastMode","The Immortal"],"gold_per_floor":[110,110,185,204,204,204,220,236,236,236,236,236],"floor_reached":11,"playtime":152,"items_purged":[],"score":63,"play_id":"f708d05b-82e2-45be-9bef-d161085a8b41","local_time":"20201211162425","is_ascension_mode":false,"campfire_choices":[{"floor":6,"key":"RECALL"}],"circlet_count":0,"master_deck":["Strike_G","Strike_G","Strike_G","Strike_G","Strike_G","Defend_G","Defend_G","Defend_G","Defend_G","Defend_G","Survivor","Neutralize","Cloak And Dagger","Bouncing Flask","Cloak And Dagger"],"relics":["Ring of the Snake","NeowsBlessing","Juzu Bracelet","Nunchaku"],"acts_visited":["Exordium"],"potions_floor_usage":[],"damage_taken":[{"damage":0,"enemies":"Cultist","floor":1,"turns":1},{"damage":0,"enemies":"Small Slimes","floor":4,"turns":1},{"damage":0,"enemies":"2 Louse","floor":7,"turns":1},{"damage":7,"enemies":"Exordium Thugs","floor":8,"turns":5},{"damage":39,"enemies":"Gremlin Nob","floor":11,"turns":4}],"seed_played":"9022072244057723667","potions_obtained":[{"floor":8,"key":"Swift Potion"}],"is_trial":false,"path_per_floor":["M","T","?","M","?","R","M","M","T","?","E"],"character_chosen":"THE_SILENT","items_purchased":[],"campfire_rested":0,"item_purchase_floors":[],"current_hp_per_floor":[70,70,59,59,34,34,34,27,27,27,0,0],"gold":236,"neow_bonus":"THREE_ENEMY_KILL","is_daily":false,"chose_seed":false,"campfire_upgraded":0,"win_rate":0.0,"timestamp":1607671465,"path_taken":["M","?","?","M","?","R","M","M","T","?","E"],"items_purchased_type":[],"build_version":"2020-11-30","purchased_purges":0,"victory":false,"max_hp_per_floor":[70,70,70,70,70,70,70,70,70,70,70,70],"card_choices":[{"not_picked":["Dagger Throw","Quick Slash"],"picked":"Cloak And Dagger","floor":1},{"not_picked":["Dagger Throw","Calculated Gamble"],"picked":"Bouncing Flask","floor":4},{"not_picked":["Prepared","Underhanded Strike"],"picked":"Cloak And Dagger","floor":7},{"not_picked":["Reflex","PiercingWail","Sucker Punch"],"picked":"SKIP","floor":8}],"player_experience":45601,"relics_obtained":[{"floor":9,"key":"Nunchaku"}],"event_choices":[{"damage_healed":0,"gold_gain":75,"player_choice":"Gather Gold","damage_taken":11,"max_hp_gain":0,"max_hp_loss":0,"event_name":"World of Goop","floor":3,"gold_loss":0},{"damage_healed":0,"gold_gain":0,"player_choice":"Success","damage_taken":25,"relics_obtained":["Juzu Bracelet"],"max_hp_gain":0,"max_hp_loss":0,"event_name":"Scrap Ooze","floor":5,"gold_loss":0},{"damage_healed":0,"gold_gain":0,"player_choice":"Ignored","damage_taken":0,"max_hp_gain":0,"max_hp_loss":0,"event_name":"Golden Wing","floor":10,"gold_loss":0}],"is_beta":false,"boss_relics":[],"items_purged_floors":[],"is_endless":false,"potions_floor_spawned":[8],"killed_by":"Gremlin Nob","ascension_level":0}}