{"host":"9ndbo4kgsfoemf7y","time":1607699112,"event":{"mods":["AchievementEnabler","BaseMod","Colored Map","DeckTracker","Keyboard Shortcuts","Minty Spire (QoL Compilation)","Permanent Neow","Quick Restart","Relic Stats","StSLib","SuperFastMode"],"gold_per_floor":[109,125,50,65,75,104,104,131,186,186,15,15,15,27,27,27,27],"floor_reached":16,"playtime":470,"items_purged":["Regret","Strike_G"],"score":193,"play_id":"c79127ee-fc8f-4627-a2a3-c6f0db74d29f","local_time":"20201212000512","is_ascension_mode":true,"campfire_choices":[{"data":"Neutralize","floor":7.0,"key":"SMITH"},{"floor":10.0,"key":"REST"},{"data":"Neutralize","floor":13.0,"key":"SMITH"},{"data":"Heel Hook","floor":15.0,"key":"SMITH"}],"circlet_count":0,"master_deck":["AscendersBane","Strike_G","Strike_G","Strike_G","Strike_G","Defend_G","Defend_G","Defend_G","Defend_G","Defend_G","Survivor","Neutralize+1","Heel Hook","Dagger Throw","Die Die Die","PiercingWail","Heel Hook+1","Neutralize+1"],"relics":["Ring of the Snake","Thread and Needle","Strawberry","Singing Bowl","Tiny Chest"],"acts_visited":["Exordium"],"potions_floor_usage":[],"damage_taken":[{"damage":3.0,"enemies":"Cultist","floor":1.0,"turns":5.0},{"damage":2.0,"enemies":"Small Slimes","floor":2.0,"turns":3.0},{"damage":0.0,"enemies":"2 Louse","floor":4.0,"turns":3.0},{"damage":0.0,"enemies":"2 Fungi Beasts","floor":5.0,"turns":5.0},{"damage":8.0,"enemies":"Gremlin Nob","floor":6.0,"turns":3.0},{"damage":33.0,"enemies":"Lagavulin","floor":8.0,"turns":9.0},{"damage":0.0,"enemies":"Looter","floor":14.0,"turns":3.0},{"damage":50,"enemies":"Slime Boss","floor":16,"turns":11}],"seed_played":"-3539287067898465328","potions_obtained":[{"floor":2.0,"key":"EntropicBrew"}],"is_trial":false,"path_per_floor":["M","M","$","M","M","E","R","E","T","R","$","?","R","M","R","B"],"character_chosen":"THE_SILENT","items_purchased":["Heel Hook"],"campfire_rested":1,"item_purchase_floors":[11],"current_hp_per_floor":[56,54,54,54,54,53,53,22,22,44,44,44,44,46,46,0,0],"gold":27,"neow_bonus":"ONE_RARE_RELIC","is_daily":false,"chose_seed":false,"campfire_upgraded":3,"win_rate":0.0,"timestamp":1607699112,"path_taken":["M","M","?","M","M","E","R","E","T","R","$","?","R","?","R","BOSS"],"items_purchased_type":["Card"],"build_version":"2020-11-30","purchased_purges":2,"victory":false,"max_hp_per_floor":[66,66,66,66,66,73,73,75,75,75,75,75,75,77,77,77,77],"relic_stats":{"Singing Bowl":4,"counters":[8,42],"Tiny Chest":0,"obtain_stats":[{"Singing Bowl":8,"Strawberry":6,"Thread and Needle":0,"Tiny Chest":9,"Ring of the Snake":0},{"Singing Bowl":6,"Strawberry":5,"Thread and Needle":0,"Tiny Chest":6,"Ring of the Snake":0},{"Singing Bowl":28,"Strawberry":19,"Thread and Needle":0,"Tiny Chest":28,"Ring of the Snake":0}],"Ring of the Snake":[16]},"card_choices":[{"not_picked":["Dodge and Roll","Dagger Throw"],"picked":"Heel Hook","floor":1.0},{"not_picked":["Flying Knee","Quick Slash"],"picked":"Dagger Throw","floor":2.0},{"not_picked":["Concentrate","Poisoned Stab","Finisher"],"picked":"SKIP","floor":4.0},{"not_picked":["Reflex","Bouncing Flask"],"picked":"Die Die Die","floor":5.0},{"not_picked":["Cloak And Dagger","PiercingWail","Setup"],"picked":"SKIP","floor":6.0},{"not_picked":["Cloak And Dagger","Setup"],"picked":"PiercingWail","floor":6.0},{"not_picked":["Blade Dance","Concentrate","Dodge and Roll"],"picked":"Singing Bowl","floor":8.0},{"not_picked":["Prepared","PiercingWail","Outmaneuver"],"picked":"Singing Bowl","floor":14.0}],"player_experience":672012,"relics_obtained":[{"floor":6.0,"key":"Strawberry"},{"floor":8.0,"key":"Singing Bowl"},{"floor":9.0,"key":"Tiny Chest"}],"event_choices":[{"damage_healed":0.0,"max_hp_gain":0.0,"max_hp_loss":0.0,"gold_gain":0.0,"event_name":"Match and Keep!","player_choice":"1 cards matched","floor":12.0,"gold_loss":0.0,"damage_taken":0.0,"cards_obtained":["Neutralize"]}],"is_beta":false,"boss_relics":[],"items_purged_floors":[3,11],"is_endless":false,"potions_floor_spawned":[2,4],"killed_by":"Slime Boss","ascension_level":15}}