{"host":"hv7kizhq70ne3zsy","time":1607720685,"event":{"mods":["AchievementEnabler","AlwaysNeverKeys","BaseMod","Better Match","Better-Laid Plans","BetterRewards","Block Reminder","Challenge The Spire","Colored Map","Colored Powertips","Conspire","GifTheSpireLib","Gold Saver","Googly Eyes","Gremlin Skip","Grow up Mod","Halation","Highlight Path","Key Reminder","Marisa????????","Minty Spire (QoL Compilation)","Quick Restart","Rare Cards Sparkle","Relic Sorter","Replay The Spire","StSLib","Stuff the Spire","The Construct","The Disciple","The IronCluck","The Jungle","The Servant 0.9.4","The Wild Card","slay the spire mod where everything is the same but ironclad has a cowboy hat"],"gold_per_floor":[335,335,33,46,46,80,107,107,107,107,117,147,173,5,5,109,109,128,146,159,159,38,162,172,300,327,339,339,353,62,62,62,158,158,175,188,204,204,220,220,231,251,251,261,261,261,281,35,35,35],"floor_reached":51,"playtime":2879,"items_purged":[],"score":774,"play_id":"e15fe815-5bef-4e88-a173-5ad766be8494","local_time":"20201211220445","daily_mods":["ControlledChaos","Heirloom","Flight"],"is_ascension_mode":false,"campfire_choices":[{"floor":10,"key":"REST"},{"floor":15,"key":"REST"},{"floor":32,"key":"REST"},{"floor":40,"key":"REST"},{"data":"Barricade","floor":45,"key":"SMITH"},{"data":"Defy Death","floor":46,"key":"SMITH"},{"floor":49,"key":"REST"}],"circlet_count":0,"master_deck":["Strike_R","Strike_R","Strike_R","Strike_R+1","Strike_R+1","Defend_R+1","Defend_R","Defend_R","Defend_R","Bash","Body Slam","Entrench+1","conspire:ExplosiveBarrier","Battle Trance","Cleave","Panacea","conspire:HitWhereItHurts","Pommel Strike+1","Armaments","Iron Wave","Rupture","Clothesline","Feed","Thunderclap+1","Limit Break+1","Searing Blow","Thunderclap+1","Armaments","Armaments","Dual Wield","Twin Strike","Feed","StuffTheSpire:PlasmaPunch","Barricade+1","Twin Strike+1","Defy Death+1","Clash","Entrench","StuffTheSpire:Incineration+1","Anger+1","Cleave+1","Ghostly Armor","Double Tap","Fire Breathing"],"relics":["Snecko Eye","Incense Burner","NeowsBlessing","Regal Pillow","Juzu Bracelet","Centennial Puzzle","Strawberry","NeowsBlessing","Replay:Bottled Steam","Pen Nib","StuffTheSpire:TintedRock","Replay:Grab Bag","Sozu","Painkiller Herb","construct:ClawGrip","SlaversCollar","NeowsBlessing","Red Skull","halation:LettersToHer","halation:KoshaPiece","BargainBundle","NeowsBlessing","construct:WeddingRing","NeowsBlessing","Simple Rune","Membership Card"],"acts_visited":["Exordium","TheCity","TheBeyond"],"potions_floor_usage":[19,20],"damage_taken":[{"damage":10,"enemies":"2 Louse","floor":1,"turns":3},{"damage":0,"enemies":"Small Slimes","floor":4,"turns":2},{"damage":0,"enemies":"3 Sentries","floor":6,"turns":1},{"damage":0,"enemies":"Gremlin Nob","floor":7,"turns":1},{"damage":0,"enemies":"conspire:RoseBush","floor":11,"turns":1},{"damage":0,"enemies":"Fading Forest","floor":16,"turns":1},{"damage":0,"enemies":"Chosen","floor":18,"turns":1},{"damage":54,"enemies":"3 Byrds","floor":19,"turns":8},{"damage":46,"enemies":"Snake Plant","floor":20,"turns":6},{"damage":0,"enemies":"Slavers","floor":23,"turns":1},{"damage":0,"enemies":"Centurion and Healer","floor":24,"turns":1},{"damage":0,"enemies":"conspire:Head Lice","floor":25,"turns":1},{"damage":1,"enemies":"Chosen and Byrds","floor":27,"turns":6},{"damage":8,"enemies":"Cultist and Chosen","floor":29,"turns":4},{"damage":0,"enemies":"Champ","floor":33,"turns":1},{"damage":0,"enemies":"Orb Walker","floor":35,"turns":1},{"damage":0,"enemies":"3 Darklings","floor":36,"turns":1},{"damage":145,"enemies":"Transient","floor":37,"turns":5},{"damage":0,"enemies":"Writhing Mass","floor":39,"turns":1},{"damage":0,"enemies":"Maw","floor":41,"turns":1},{"damage":0,"enemies":"Transient","floor":42,"turns":1},{"damage":43,"enemies":"Jaw Worm Horde","floor":44,"turns":7},{"damage":38,"enemies":"Maw","floor":47,"turns":10},{"damage":169,"enemies":"conspire:OrnateMirror","floor":50,"turns":11}],"seed_played":"7419602167297487869","potions_obtained":[{"floor":7,"key":"Swift Potion"}],"is_trial":true,"path_per_floor":["M","WH","$","M","?","E","E","WH","T","R","M","?","T","$","R","B",null,"?","?","?","WH","T","E","?","E","T","?","?","?","T","WH","T","B",null,"?","?","?","WH","?","T","?","?","T","?","T","T","?","T","T","B",null],"character_chosen":"IRONCLAD","items_purchased":["Regal Pillow","Juzu Bracelet","Toxic Potion","Panacea","Rupture","Clothesline","Armaments","BargainBundle","Dual Wield","Twin Strike","Feed","StuffTheSpire:PlasmaPunch","Membership Card","Double Tap","Fire Breathing"],"campfire_rested":5,"item_purchase_floors":[3,3,14,14,22,22,30,30,30,30,30,30,48,48,48],"current_hp_per_floor":[90,100,110,120,104,114,131,141,151,197,207,217,227,237,247,257,267,277,233,197,207,217,227,237,247,257,269,279,284,294,304,423,436,446,456,466,331,341,351,506,516,526,536,503,513,523,495,505,596,437],"gold":35,"neow_bonus":"THREE_ENEMY_KILL","is_daily":false,"chose_seed":false,"campfire_upgraded":2,"win_rate":0.0,"timestamp":1607720685,"path_taken":["M","WH","$","M","?","E","E","WH","T","R","M","?","?","$","R","BOSS","?","?","?","WH","T","E","?","E","T","?","?","?","?","WH","T","BOSS","?","?","?","WH","?","T","?","?","T","?","T","T","?","T","T","BOSS"],"items_purchased_type":["Relic","Relic","Potion","Card","Card","Card","Card","Relic","Card","Card","Card","Card","Relic","Card","Card"],"build_version":"2020-11-30","purchased_purges":0,"victory":true,"max_hp_per_floor":[100,110,120,130,140,150,167,177,187,197,207,217,227,237,247,257,267,277,287,297,307,317,327,337,347,357,370,380,393,403,413,423,436,446,456,466,476,486,496,506,516,526,536,546,556,566,576,586,596,606],"card_choices":[{"not_picked":["Pommel Strike","StuffTheSpire:Slingshot"],"picked":"Body Slam","floor":1},{"not_picked":["Carnage","StuffTheSpire:RockThrow"],"picked":"Entrench","floor":4},{"not_picked":["Demon Form","Iron Wave"],"picked":"conspire:ExplosiveBarrier","floor":6},{"not_picked":["Replay:Undeath\u0027s Touch","ReplayTheSpireMod:LeadingStrike"],"picked":"Battle Trance","floor":7},{"not_picked":["Replay:Undeath\u0027s Touch","ReplayTheSpireMod:Strike From Hell"],"picked":"Cleave","floor":11},{"not_picked":["Demonic Infusion","Reaper"],"picked":"conspire:HitWhereItHurts","floor":16},{"not_picked":["ReplayTheSpireMod:Stacked","Dark Embrace"],"picked":"Pommel Strike+1","floor":18},{"not_picked":["Cleave","Combust+1"],"picked":"Armaments","floor":19},{"not_picked":["Cleave","Replay:Undeath\u0027s Touch"],"picked":"Iron Wave","floor":20},{"not_picked":["Shrug It Off","Abandon"],"picked":"Feed","floor":23},{"not_picked":["Wild Strike","StuffTheSpire:RockThrow"],"picked":"Thunderclap+1","floor":24},{"not_picked":["Run Through","Sword Boomerang"],"picked":"Limit Break","floor":25},{"not_picked":["StuffTheSpire:RockThrow","Sever Soul"],"picked":"Searing Blow","floor":27},{"not_picked":["Run Through","StuffTheSpire:Incineration"],"picked":"Thunderclap+1","floor":29},{"not_picked":["Feed","Corruption"],"picked":"Barricade","floor":33},{"not_picked":["Searing Blow","Heavy Blade"],"picked":"Twin Strike+1","floor":35},{"not_picked":["Whirlwind+1","Clothesline"],"picked":"Defy Death","floor":36},{"not_picked":["Reckless Charge","Disarm+1"],"picked":"Clash","floor":37},{"not_picked":["Twin Strike+1","Body Slam+1"],"picked":"Entrench","floor":39},{"not_picked":["Sword Boomerang+1","ReplayTheSpireMod:Strike From Hell"],"picked":"StuffTheSpire:Incineration+1","floor":41},{"not_picked":["Blood for Blood","Combust+1"],"picked":"Anger+1","floor":42},{"not_picked":["Body Slam+1","Sword Boomerang"],"picked":"Cleave+1","floor":44},{"not_picked":["Clothesline+1","Heavy Blade"],"picked":"Ghostly Armor","floor":47}],"player_experience":96391,"relics_obtained":[{"floor":6,"key":"Centennial Puzzle"},{"floor":7,"key":"Strawberry"},{"floor":9,"key":"Replay:Bottled Steam"},{"floor":13,"key":"StuffTheSpire:TintedRock"},{"floor":23,"key":"Red Skull"},{"floor":25,"key":"halation:LettersToHer"},{"floor":26,"key":"halation:LettersToHer"},{"floor":26,"key":"halation:KoshaPiece"},{"floor":43,"key":"Simple Rune"},{"floor":43,"key":"halation:LettersToHer"}],"event_choices":[{"damage_healed":0,"gold_gain":0,"player_choice":"Entered Light","damage_taken":26,"max_hp_gain":0,"max_hp_loss":0,"event_name":"Shining Light","floor":5,"gold_loss":0,"cards_upgraded":["Entrench","Strike_R"]},{"damage_healed":0,"gold_gain":30,"player_choice":"Searched \u00273\u0027 times","damage_taken":0,"relics_obtained":["Pen Nib"],"max_hp_gain":0,"max_hp_loss":0,"event_name":"Dead Adventurer","floor":12,"gold_loss":0},{"damage_healed":0,"gold_gain":0,"player_choice":"Forge","damage_taken":0,"max_hp_gain":0,"max_hp_loss":0,"event_name":"Accursed Blacksmith","floor":28,"gold_loss":0,"cards_upgraded":["Limit Break"]}],"is_beta":false,"boss_relics":[{"not_picked":["conspire:RoyalGoblet","Ectoplasm"],"picked":"Replay:Grab Bag"},{"not_picked":["halation:ForbiddenBikini","Replay:Fungal Core"],"picked":"Sozu"},{"not_picked":["Ooze Armor","Velvet Choker"],"picked":"Painkiller Herb"},{"not_picked":["conspire:RunicOctahedron","halation:HeavySnake"],"picked":"construct:ClawGrip"},{"not_picked":["halation:Risk","SacredBark"],"picked":"SlaversCollar"},{"not_picked":["halation:MonkeysPaw","Runic Cube"],"picked":"construct:WeddingRing"}],"items_purged_floors":[],"is_endless":false,"potions_floor_spawned":[7,20,27,33,39,41,42,44,47],"ascension_level":0}}