{"host":"i2s4iw62z1dejrqn","time":1607687603,"event":{"mods":["AchievementEnabler","BaseMod","Minty Spire (QoL Compilation)","Random Character Button","SuperFastMode"],"gold_per_floor":[109,34,34,34,54,79,79,98,98,132,144,161,172,192,192,297,297,312,312,312],"floor_reached":19,"playtime":863,"items_purged":["Strike_G"],"score":253,"play_id":"df46f9c2-b36d-4c76-b923-159e7bb994f6","local_time":"20201211205323","is_ascension_mode":true,"campfire_choices":[{"floor":7,"key":"REST"},{"floor":15,"key":"REST"}],"circlet_count":0,"master_deck":["Strike_G","Strike_G","Strike_G","Strike_G","Defend_G","Defend_G","Defend_G+1","Defend_G","Survivor","Neutralize+1","Terror","Flying Knee","Dagger Throw","Flying Knee","Bouncing Flask","Dagger Spray","Tactician","Tools of the Trade","Calculated Gamble+1"],"relics":["Ring of the Snake","Orichalcum","The Courier","Pantograph","Oddly Smooth Stone","HoveringKite"],"acts_visited":["Exordium","TheCity"],"potions_floor_usage":[13,14,19],"damage_taken":[{"damage":0,"enemies":"Cultist","floor":1,"turns":4},{"damage":0,"enemies":"2 Louse","floor":5,"turns":3},{"damage":19,"enemies":"3 Sentries","floor":6,"turns":13},{"damage":1,"enemies":"Jaw Worm","floor":8,"turns":2},{"damage":17,"enemies":"Gremlin Nob","floor":10,"turns":5},{"damage":16,"enemies":"Large Slime","floor":11,"turns":6},{"damage":0,"enemies":"Looter","floor":12,"turns":3},{"damage":0,"enemies":"Exordium Thugs","floor":13,"turns":3},{"damage":0,"enemies":"Lots of Slimes","floor":14,"turns":3},{"damage":25,"enemies":"The Guardian","floor":16,"turns":11},{"damage":24,"enemies":"Spheric Guardian","floor":18,"turns":6},{"damage":39,"enemies":"Masked Bandits","floor":19,"turns":3}],"seed_played":"-7693427268901784298","potions_obtained":[{"floor":1,"key":"Ancient Potion"},{"floor":10,"key":"Explosive Potion"},{"floor":12,"key":"Fire Potion"},{"floor":16,"key":"SpeedPotion"},{"floor":18,"key":"LiquidMemories"}],"is_trial":false,"path_per_floor":["M","$","?","?","M","E","R","M","T","E","M","M","M","M","R","B",null,"M","?"],"character_chosen":"THE_SILENT","items_purchased":[],"campfire_rested":2,"item_purchase_floors":[],"current_hp_per_floor":[63,63,49,42,42,23,44,43,43,26,10,10,10,10,31,31,60,36,0,0],"gold":312,"neow_bonus":"RANDOM_COMMON_RELIC","is_daily":false,"chose_seed":false,"campfire_upgraded":0,"win_rate":0.0,"timestamp":1607687603,"path_taken":["M","?","?","?","M","E","R","M","T","E","M","M","M","M","R","BOSS","M","?"],"items_purchased_type":[],"build_version":"2020-11-30","purchased_purges":1,"victory":false,"max_hp_per_floor":[70,70,70,70,70,70,70,70,70,70,70,70,70,70,70,70,70,70,70,70],"card_choices":[{"not_picked":["Sucker Punch","Bane"],"picked":"Terror","floor":1},{"not_picked":["Flechettes","Heel Hook"],"picked":"Flying Knee","floor":5},{"not_picked":["Sucker Punch","Bane"],"picked":"Dagger Throw","floor":6},{"not_picked":["Flechettes","Bullet Time"],"picked":"Flying Knee","floor":8},{"not_picked":["Reflex","Infinite Blades"],"picked":"Bouncing Flask","floor":10},{"not_picked":["Underhanded Strike","Outmaneuver","Masterful Stab"],"picked":"SKIP","floor":11},{"not_picked":["Outmaneuver","Bane"],"picked":"Dagger Spray","floor":12},{"not_picked":["Dagger Spray","Finisher","Reflex"],"picked":"SKIP","floor":13},{"not_picked":["Slice","Underhanded Strike"],"picked":"Tactician","floor":14},{"not_picked":["Malaise","Glass Knife"],"picked":"Tools of the Trade","floor":16},{"not_picked":["Deflect+1","Deadly Poison"],"picked":"Calculated Gamble+1","floor":18}],"player_experience":418038,"relics_obtained":[{"floor":6,"key":"The Courier"},{"floor":9,"key":"Pantograph"},{"floor":10,"key":"Oddly Smooth Stone"}],"event_choices":[{"damage_healed":0,"gold_gain":0,"player_choice":"Entered Light","damage_taken":14,"max_hp_gain":0,"max_hp_loss":0,"event_name":"Shining Light","floor":3,"gold_loss":0,"cards_upgraded":["Neutralize","Defend_G"]},{"cards_removed":["Defend_G"],"damage_healed":0,"gold_gain":0,"player_choice":"Card Removal","damage_taken":7,"max_hp_gain":0,"max_hp_loss":0,"event_name":"Golden Wing","floor":4,"gold_loss":0},{"damage_healed":0,"gold_gain":0,"player_choice":"Fought Bandits","damage_taken":0,"max_hp_gain":0,"max_hp_loss":0,"event_name":"Masked Bandits","floor":19,"gold_loss":0}],"is_beta":false,"boss_relics":[{"not_picked":["SacredBark","Astrolabe"],"picked":"HoveringKite"}],"items_purged_floors":[2],"is_endless":false,"potions_floor_spawned":[1,10,12,16,18],"killed_by":"Masked Bandits","ascension_level":8}}