{"host":"cz3p2o9n3b1gdmkz","time":1607689300,"event":{"mods":["AchievementEnabler","BaseMod","CapriCore","GungeonMod","Hermit","Minty Spire (QoL Compilation)","Replay The Spire","Shop Mod","StSLib","SuperFastMode","The Cursed","The Dragon Tamer","The Gatherer","The Jungle","The Poker Player"],"gold_per_floor":[112,112,125,140,140,140,187,187,187,187,187,200,214,225,251,266,266,364,364,380,195,195,195,195,195,206,223,300,300,334,344,344,344,391,408,408,505,505,517,517,362,362,379,379,389,389,389,389,389,420,420,432,432,432,432,432,39,71,71],"floor_reached":60,"playtime":9740,"items_purged":[],"score":1467,"play_id":"dbcf094b-227f-4d9b-b862-991a8a9f0f3e","local_time":"20201211212140","is_ascension_mode":false,"metric_token":989,"campfire_choices":[{"data":"Gatherer:FlowerWhip","floor":6.0,"key":"SMITH"},{"floor":8.0,"key":"REST"},{"data":"Gatherer:BalancedGrowth","floor":17.0,"key":"SMITH"},{"data":"Gatherer:Centralize","floor":25.0,"key":"SMITH"},{"data":"Gatherer:FlowerWhip+1","floor":36,"key":"SMITH"},{"floor":44,"key":"RECALL"},{"data":"Madness","floor":49,"key":"SMITH"},{"data":"Gatherer:FlowerWhip+2","floor":51,"key":"SMITH"},{"data":"Gatherer:Snatch","floor":53,"key":"SMITH"},{"data":"Gatherer:QuickSynthesis","floor":56,"key":"SMITH"}],"circlet_count":0,"master_deck":["Gatherer:Strike_Gatherer","Gatherer:Strike_Gatherer+1","Gatherer:Strike_Gatherer","Gatherer:Strike_Gatherer","Gatherer:Strike_Gatherer+1","Gatherer:Defend_Gatherer","Gatherer:Defend_Gatherer","Gatherer:Defend_Gatherer","Gatherer:Defend_Gatherer","Gatherer:Centralize+1","Gatherer:FlowerWhip+3","Gatherer:BambuSword+1","Gatherer:ScentOfRosmari","Gatherer:ScherryThrow+1","Gatherer:QuickSynthesis","Gatherer:BambuSword","Gatherer:BalancedGrowth+1","Gatherer:BlackTea","Gatherer:BambuSword","Gatherer:MindSearch+1","Gatherer:EchoOfNature+1","Gatherer:FragileHammer+1","Gatherer:FruitForce+1","Gatherer:QuickSynthesis+1","Gatherer:FinishingStrike+1","Gatherer:Snatch+1","Madness+1","Madness+1","Gatherer:PoisonMastery+1"],"relics":["Gatherer:AlchemyBag","NeowsBlessing","Shuriken","Pondfish Scales","DemoMod:WhiteGuonStone","Honey Jar","DemoMod:GlassGuonStoneRelic","theJungle:Creamberry","theJungle:WildStrawberry","Garlic","Singing Bowl","Anchor","DemoMod:RiddleOfLead","Whetstone","DemoMod:PartiallyEatenCheese","DemoMod:MeatBun","ReplayFunnel","Ginger"],"acts_visited":["Exordium","Exordium","TheBeyond","TheEnding"],"potions_floor_usage":[31,37,37,50,52,52,54,58,59,59,59,59,59,59,59],"damage_taken":[{"damage":0.0,"enemies":"Small Slimes","floor":1.0,"turns":1.0},{"damage":0.0,"enemies":"Cultist","floor":3.0,"turns":1.0},{"damage":0.0,"enemies":"2 Louse","floor":4.0,"turns":1.0},{"damage":2.0,"enemies":"Looter","floor":12.0,"turns":2.0},{"damage":0.0,"enemies":"Lots of Slimes","floor":13.0,"turns":3.0},{"damage":0.0,"enemies":"Gremlin Gang","floor":14.0,"turns":3.0},{"damage":5.0,"enemies":"Lagavulin","floor":15.0,"turns":5.0},{"damage":3.0,"enemies":"Red Slaver","floor":16.0,"turns":2.0},{"damage":2.0,"enemies":"The Guardian","floor":18.0,"turns":10.0},{"damage":0.0,"enemies":"theJungle:Flameango_and_Byrd","floor":20.0,"turns":4.0},{"damage":0.0,"enemies":"theJungle:GiantWrat","floor":26.0,"turns":4.0},{"damage":0.0,"enemies":"Snake Plant","floor":27.0,"turns":3.0},{"damage":0,"enemies":"theJungle:2_Phrogs","floor":30,"turns":5},{"damage":0,"enemies":"theJungle:2_Snecko_Cultists","floor":31,"turns":2},{"damage":0,"enemies":"theJungle:2_Flameangoes","floor":35,"turns":5},{"damage":0,"enemies":"theJungle:FunGuy","floor":37,"turns":5},{"damage":0,"enemies":"Orb Walker","floor":39,"turns":2},{"damage":0,"enemies":"3 Shapes","floor":43,"turns":2},{"damage":0,"enemies":"Jaw Worm Horde","floor":45,"turns":3},{"damage":0,"enemies":"Giant Head","floor":50,"turns":6},{"damage":0,"enemies":"Writhing Mass","floor":52,"turns":4},{"damage":0,"enemies":"Awakened One","floor":54,"turns":9},{"damage":7,"enemies":"Shield and Spear","floor":58,"turns":3},{"damage":0,"enemies":"The Heart","floor":59,"turns":9}],"seed_played":"-6674993857298103992","potions_obtained":[{"floor":3.0,"key":"BottledMiracle"},{"floor":12.0,"key":"EssenceOfSteel"},{"floor":16.0,"key":"Regen Potion"},{"floor":18.0,"key":"AttackPotion"},{"floor":26.0,"key":"LifebloodPotion"},{"floor":30,"key":"BottledMiracle"},{"floor":35,"key":"FearPotion"},{"floor":39,"key":"Poison Potion"},{"floor":45,"key":"AttackPotion"}],"is_trial":false,"path_per_floor":["M","?","M","M","?","R","?","R","T","PTL","PTL","M","M","M","E","M","R","B",null,"M","?","?","?","?","R","M","M","T","?","E","M","PTL","PTL","T","M","R","B",null,"M","?","$","?","M","R","M","?","T","?","R","E","R","M","R","B",null,"R","$","E","B",null],"character_chosen":"THE_GATHERER","items_purchased":["Whetstone","DemoMod:MeatBun","ReplayFunnel","SkillPotion","ColorlessPotion"],"campfire_rested":1,"item_purchase_floors":[41,57,57,57,57],"current_hp_per_floor":[72,72,72,72,58,58,40,61,61,61,61,59,59,59,54,51,51,49,72,72,72,67,77,70,70,70,70,70,70,70,74,74,74,74,76,76,78,102,104,106,106,106,108,108,110,96,96,96,96,98,98,98,98,98,112,112,112,107,107],"gold":71,"neow_bonus":"THREE_ENEMY_KILL","is_daily":false,"chose_seed":false,"campfire_upgraded":8,"win_rate":0.0,"timestamp":1607689300,"path_taken":["M","?","?","M","?","R","?","R","T","PTL","PTL","M","M","?","E","?","R","BOSS","M","?","?","?","?","R","M","M","T","?","E","M","PTL","PTL","?","?","R","BOSS","M","?","$","?","?","R","M","?","T","?","R","E","R","M","R","BOSS","R","$","E","BOSS"],"items_purchased_type":["Relic","Relic","Relic","Potion","Potion"],"build_version":"2020-11-30","purchased_purges":0,"victory":true,"max_hp_per_floor":[72,72,72,72,72,72,72,72,72,72,72,72,72,72,72,72,72,72,72,72,72,77,77,84,84,84,84,84,84,84,88,88,88,88,90,90,92,102,104,106,106,106,108,108,110,110,110,110,110,112,112,112,112,112,112,112,112,114,114],"card_choices":[{"not_picked":["Gatherer:ScherryThrow","Gatherer:Transmute"],"picked":"Gatherer:BambuSword","floor":1.0},{"not_picked":["Gatherer:TreeGrowth","Gatherer:Polymorphism","Gatherer:FlowerShield"],"picked":"SKIP","floor":3.0},{"not_picked":["Gatherer:SealedBomb","Gatherer:AromaProtection"],"picked":"Gatherer:ScentOfRosmari","floor":4.0},{"not_picked":["Gatherer:DrugPower","Gatherer:Misfortune"],"picked":"Gatherer:ScherryThrow","floor":7.0},{"not_picked":["Gatherer:TacticalStrike","Gatherer:WoolGloves"],"picked":"Gatherer:QuickSynthesis","floor":12.0},{"not_picked":["Gatherer:BomberForm","Gatherer:FlowerBeam"],"picked":"Gatherer:BambuSword","floor":13.0},{"not_picked":["Gatherer:PotentialSlash","Gatherer:Nutrients","Gatherer:BigPouch"],"picked":"SKIP","floor":14.0},{"not_picked":["Gatherer:TreeGrowth","Gatherer:WoolGloves","Gatherer:Uplift"],"picked":"SKIP","floor":15.0},{"not_picked":["Gatherer:BigPouch","Gatherer:EnergyBasket"],"picked":"Gatherer:BalancedGrowth","floor":16.0},{"not_picked":["Gatherer:BomberForm","Gatherer:StoneFence"],"picked":"Gatherer:BlackTea","floor":18.0},{"not_picked":["Gatherer:Convert","Gatherer:ScentOfRosmari+1","Gatherer:TacticalStrike+1"],"picked":"Gatherer:BambuSword","floor":20.0},{"not_picked":["Gatherer:TacticalStrike","Gatherer:SaveValuables+1","Gatherer:EnergyBasket"],"picked":"Gatherer:MindSearch+1","floor":26.0},{"not_picked":["Gatherer:PotentialSlash","Gatherer:TacticalStrike","Gatherer:AcidicSpray"],"picked":"Gatherer:EchoOfNature+1","floor":27.0},{"not_picked":["Gatherer:GlowingPlant+1","Gatherer:FlowerFalling","Gatherer:SaveValuables"],"picked":"Gatherer:FragileHammer+1","floor":30},{"not_picked":["Gatherer:Frenzy","Gatherer:CarefulStrike+1","Gatherer:TacticalStrike"],"picked":"Gatherer:FruitForce+1","floor":31},{"not_picked":["Gatherer:FlowerBeam+1","Gatherer:QuickSynthesis","Gatherer:Misfortune+1","Gatherer:GlowingPlant+1"],"picked":"Singing Bowl","floor":35},{"not_picked":["Gatherer:BomberForm+1","Gatherer:Bulldoze+1","Gatherer:ScrollOfPurity+1","Gatherer:FinishingStrike+1"],"picked":"Singing Bowl","floor":37},{"not_picked":["Gatherer:Snatch","Gatherer:FragileHammer+1","Gatherer:CollectorsShot","Gatherer:FlowerFalling+1"],"picked":"Singing Bowl","floor":39},{"not_picked":["Replay:BasicMightCard+1","Sadistic Nature+1","Good Instincts+1","ReplayUltimateDefense+1"],"picked":"Singing Bowl","floor":40},{"not_picked":["Gatherer:DrugPower+1","Gatherer:EchoOfNature+1","Gatherer:Solidify+1","Gatherer:RecipeChange+1"],"picked":"Singing Bowl","floor":43},{"not_picked":["Gatherer:GatherMaterial","Gatherer:RecipeChange+1","Gatherer:Snatch","Gatherer:FlowerShield"],"picked":"Singing Bowl","floor":45},{"not_picked":["Gatherer:BigPouch+1","Gatherer:TreeGrowth","Gatherer:Solidify+1","Gatherer:Duplicator+1"],"picked":"Singing Bowl","floor":50},{"not_picked":["Gatherer:Frenzy+1","Gatherer:FlowerFalling","Gatherer:Liquidism+1"],"picked":"Gatherer:PoisonMastery+1","floor":52},{"not_picked":["Gatherer:ScherryThrow+1","Gatherer:Misfortune+1","Gatherer:FlowerFalling+1","Gatherer:Photoscythe+1"],"picked":"Singing Bowl","floor":58}],"player_experience":800334,"relics_obtained":[{"floor":7.0,"key":"Shuriken"},{"floor":9.0,"key":"Pondfish Scales"},{"floor":15.0,"key":"DemoMod:WhiteGuonStone"},{"floor":28.0,"key":"Garlic"},{"floor":30,"key":"Singing Bowl"},{"floor":34,"key":"Anchor"},{"floor":50,"key":"DemoMod:PartiallyEatenCheese"},{"floor":58,"key":"Ginger"}],"event_choices":[{"cards_removed":["Gatherer:Defend_Gatherer"],"damage_healed":0.0,"max_hp_gain":0.0,"max_hp_loss":0.0,"gold_gain":0.0,"event_name":"Bonfire Elementals","player_choice":"Offered Basic","floor":2.0,"gold_loss":0.0,"damage_taken":0.0},{"damage_healed":0.0,"max_hp_gain":0.0,"max_hp_loss":0.0,"gold_gain":0.0,"event_name":"Shining Light","player_choice":"Entered Light","floor":5.0,"gold_loss":0.0,"damage_taken":14.0,"cards_upgraded":["Gatherer:Strike_Gatherer","Gatherer:Strike_Gatherer"]},{"damage_healed":0,"gold_gain":0,"player_choice":"Memory 1","damage_taken":0,"max_hp_gain":0,"max_hp_loss":0,"event_name":"SensoryStone","floor":40,"gold_loss":0},{"damage_healed":0,"gold_gain":0,"player_choice":"Bought 0 Potions","damage_taken":0,"max_hp_gain":0,"max_hp_loss":0,"event_name":"The Woman in Blue","floor":42,"gold_loss":0},{"damage_healed":0,"gold_gain":0,"player_choice":"Embrace Madness","damage_taken":14,"max_hp_gain":0,"max_hp_loss":0,"event_name":"Winding Halls","floor":46,"gold_loss":0,"cards_obtained":["Madness","Madness"]},{"damage_healed":0,"gold_gain":0,"player_choice":"Upgraded","damage_taken":0,"max_hp_gain":0,"max_hp_loss":0,"event_name":"Upgrade Shrine","floor":48,"gold_loss":0,"cards_upgraded":["Madness"]}],"is_beta":false,"boss_relics":[{"not_picked":["Empty Cage","Ectoplasm"],"picked":"Honey Jar"},{"not_picked":["Abe\u0027s Treasure","Runic Dome"],"picked":"DemoMod:RiddleOfLead"}],"items_purged_floors":[],"is_endless":false,"potions_floor_spawned":[3,12,16,18,26,30,35,39,43,45],"ascension_level":0}}