{"host":"3a1ypf1irl30q4k8","time":1607716490,"event":{"mods":["AchievementEnabler","BaseMod","Bestiary","Colored Map","Minty Spire (QoL Compilation)","Relic Stats"],"gold_per_floor":[117,136,136,150,168,168,188,188,188],"floor_reached":8,"playtime":328,"items_purged":[],"score":88,"play_id":"27ec1bdd-16ae-474b-a1f6-4a99aada5d17","local_time":"20201211195450","is_ascension_mode":true,"campfire_choices":[{"floor":6,"key":"REST"}],"circlet_count":0,"master_deck":["AscendersBane","Strike_R","Strike_R","Strike_R","Strike_R","Defend_R","Defend_R","Defend_R","Defend_R","Bash","Rupture","Iron Wave","Seeing Red","Whirlwind","Cleave"],"relics":["Black Star"],"acts_visited":["Exordium"],"potions_floor_usage":[7,7],"damage_taken":[{"damage":8,"enemies":"2 Louse","floor":1,"turns":3},{"damage":10,"enemies":"Small Slimes","floor":2,"turns":5},{"damage":6,"enemies":"Cultist","floor":4,"turns":4},{"damage":16,"enemies":"Looter","floor":5,"turns":4},{"damage":30,"enemies":"Exordium Thugs","floor":7,"turns":6},{"damage":30,"enemies":"3 Sentries","floor":8,"turns":5}],"seed_played":"-5160478643986521542","potions_obtained":[{"floor":1,"key":"Regen Potion"},{"floor":2,"key":"Fire Potion"}],"is_trial":false,"path_per_floor":["M","M","?","M","M","R","M","E"],"character_chosen":"IRONCLAD","items_purchased":[],"campfire_rested":1,"item_purchase_floors":[],"current_hp_per_floor":[60,50,43,37,21,43,28,0,0],"gold":188,"neow_bonus":"BOSS_RELIC","is_daily":false,"chose_seed":false,"campfire_upgraded":0,"win_rate":0.0,"timestamp":1607716490,"path_taken":["M","M","?","M","M","R","M","E"],"items_purchased_type":[],"build_version":"2020-11-30","purchased_purges":0,"victory":false,"max_hp_per_floor":[75,75,75,75,75,75,75,75,75],"relic_stats":{"counters":[6,27],"Black Star":0,"obtain_stats":[{"Black Star":0,"Burning Blood":0},{"Black Star":0,"Burning Blood":0},{"Black Star":0,"Burning Blood":0}]},"card_choices":[{"not_picked":["Fire Breathing","Infernal Blade"],"picked":"Rupture","floor":1},{"not_picked":["Twin Strike","Ghostly Armor"],"picked":"Iron Wave","floor":2},{"not_picked":["Thunderclap","Clash"],"picked":"Seeing Red","floor":4},{"not_picked":["Rupture","Heavy Blade"],"picked":"Whirlwind","floor":5},{"not_picked":["Armaments","Brutality"],"picked":"Cleave","floor":7}],"player_experience":813763,"relics_obtained":[],"event_choices":[{"cards_removed":["Strike_R"],"damage_healed":0,"gold_gain":0,"player_choice":"Card Removal","damage_taken":7,"max_hp_gain":0,"max_hp_loss":0,"event_name":"Golden Wing","floor":3,"gold_loss":0}],"is_beta":false,"boss_relics":[],"items_purged_floors":[],"is_endless":false,"potions_floor_spawned":[1,2,4],"killed_by":"3 Sentries","ascension_level":15}}