{"host":"mj8akmyfd5lo602f","time":1607704500,"event":{"mods":["2.2 Compatiblity","Act Like it!","BaseMod","Bestiary","BshForSts","Colored Map","Colored Powertips","Downfall","Hermit","Highlight Path","Minty Spire (QoL Compilation)","Permanent Neow","Relic Stats","StSLib","The Servant 0.9.4"],"gold_per_floor":[99,112,112,126,126,126,126,141,66,91,241,257,357,377,393,497,497,497,497,525,542,560,560,560,570,601,526,526,542,558,558,576,672,672,597,622,672,672,699,326,326,326,341,366,116,101,175,185,200,200,200,232,31,31,31],"floor_reached":56,"playtime":5912,"items_purged":["Pain"],"score":1825,"play_id":"edd392dc-4fca-420d-9939-10c263877a62","local_time":"20201211163500","is_ascension_mode":false,"campfire_choices":[{"data":"expansioncontent:DefensiveStance","floor":1.0,"key":"SMITH"},{"floor":3.0,"key":"RECALL"},{"data":"Exchange","floor":9.0,"key":"SMITH"},{"data":"FloweringNight","floor":18.0,"key":"SMITH"},{"data":"Comet","floor":23.0,"key":"SMITH"},{"floor":27.0,"key":"REST"},{"data":"PendulumOfEternity","floor":35.0,"key":"SMITH"},{"floor":54,"key":"DIG"}],"circlet_count":0,"master_deck":["Strike_S","Strike_S","Strike_S","Strike_S","Defend_S+1","Defend_S+1","Defend_S","Defend_S","KidneyShot","Exchange+1","expansioncontent:DefensiveStance+1","Ricochet","TimeWarp+1","InstantArmor","Slimebound:Icky","FloweringNight+1","Advance","Potential","FlawlessForm","Comet+1","Spin","TimeTheft+1","Potential","FastForward+1","DancingSilver","ShatteredReality","PendulumOfEternity+1","Contraction","Potential+1","Duplication","GearUp","BottledTime","BottledTime+1","ReturningBlade","StarChef+1","Manipulate+1","TimeWarp+1","Misdirection+1"],"relics":["SplendidAttire","Mercury Hourglass","downfall:HeartBlessingRed","StoneCalendar","downfall:GremlinWheel","WarpedTongs","Bird Faced Urn","The Courier","Matryoshka","downfall:HeartBlessingGreen","Toy Ornithopter","expansioncontent:StudyCardRelic","downfall:HeartBlessingBlue","KneeBrace","Shovel","Potion Belt","Blue Candle","Eternal Feather","Pen Nib","Frozen Egg 2","RomanBracelet","Incense Burner","Bottled Lightning","Pantograph","HornCleat"],"acts_visited":["TheEnding"],"potions_floor_usage":[55],"damage_taken":[{"damage":0.0,"enemies":"2 Louse","floor":2.0,"turns":4.0},{"damage":2.0,"enemies":"Jaw Worm","floor":4.0,"turns":6.0},{"damage":2.0,"enemies":"Cultist","floor":8.0,"turns":4.0},{"damage":4.0,"enemies":"Lagavulin","floor":10.0,"turns":6.0},{"damage":0.0,"enemies":"Exordium Wildlife","floor":12.0,"turns":2.0},{"damage":23.0,"enemies":"Exordium Wildlife","floor":13.0,"turns":5.0},{"damage":0.0,"enemies":"Gremlin Gang","floor":14.0,"turns":3.0},{"damage":0.0,"enemies":"Exordium Thugs","floor":15.0,"turns":5.0},{"damage":0.0,"enemies":"downfall:CharBossWatcher","floor":16.0,"turns":6.0},{"damage":30.0,"enemies":"Book of Stabbing","floor":20.0,"turns":7.0},{"damage":0.0,"enemies":"3 Byrds","floor":21.0,"turns":3.0},{"damage":1.0,"enemies":"Chosen","floor":22.0,"turns":5.0},{"damage":0.0,"enemies":"Shelled Parasite and Fungi","floor":25.0,"turns":4.0},{"damage":5.0,"enemies":"Gremlin Leader","floor":26.0,"turns":6.0},{"damage":1.0,"enemies":"Centurion and Healer","floor":29.0,"turns":2.0},{"damage":15.0,"enemies":"Snake Plant","floor":30.0,"turns":3.0},{"damage":11.0,"enemies":"Shelled Parasite and Fungi","floor":32.0,"turns":2.0},{"damage":13.0,"enemies":"downfall:CharBossSilent","floor":33.0,"turns":7.0},{"damage":36.0,"enemies":"Nemesis","floor":36.0,"turns":7.0},{"damage":0.0,"enemies":"Mind Bloom Boss Battle","floor":37.0,"turns":3.0},{"damage":4.0,"enemies":"Giant Head","floor":39.0,"turns":8.0},{"damage":5.0,"enemies":"downfall:FleeingMerchant","floor":40.0,"turns":4.0},{"damage":6.0,"enemies":"Orb Walker","floor":43.0,"turns":2.0},{"damage":0.0,"enemies":"Reptomancer","floor":44.0,"turns":4.0},{"damage":0.0,"enemies":"downfall:FleeingMerchant","floor":45.0,"turns":4.0},{"damage":0.0,"enemies":"downfall:FleeingMerchant","floor":46.0,"turns":4.0},{"damage":0,"enemies":"downfall:FleeingMerchant","floor":47,"turns":4},{"damage":2,"enemies":"3 Darklings","floor":48,"turns":3},{"damage":0,"enemies":"Writhing Mass","floor":49,"turns":6},{"damage":0,"enemies":"downfall:CharBossDefect","floor":50,"turns":8},{"damage":13,"enemies":"downfall:CharBossMerchant","floor":52,"turns":6},{"damage":0,"enemies":"downfall:NeowBoss","floor":55,"turns":19}],"seed_played":"-781484592678117740","potions_obtained":[{"floor":2.0,"key":"DuplicationPotion"},{"floor":13.0,"key":"SkillPotion"},{"floor":14.0,"key":"GamblersBrew"},{"floor":16.0,"key":"AttackPotion"},{"floor":20.0,"key":"Fire Potion"},{"floor":25.0,"key":"SpeedPotion"},{"floor":32.0,"key":"DistilledChaos"},{"floor":37.0,"key":"Swift Potion"},{"floor":44.0,"key":"LiquidBronze"},{"floor":49,"key":"FearPotion"}],"is_trial":false,"path_per_floor":["R","M","R","M","?","?","T","M","R","E","?","M","?","M","M","B",null,"R","?","E","M","M","R","T","M","E","R","T","M","M","?","M","B",null,"R","E","?","?","E","$","T","?","M","E","$","$","$","M","M","B",null,"E","$","R","B",null],"character_chosen":"THE_SERVANT","items_purchased":["Blue Candle","GearUp","BottledTime","RomanBracelet","StarChef+1","Incense Burner","Pantograph"],"campfire_rested":1,"item_purchase_floors":[40,40,40,45,47,47,53],"current_hp_per_floor":[65,65,65,63,63,68,68,66,66,62,62,62,39,39,39,39,70,70,70,40,44,49,49,49,53,54,70,70,69,59,59,48,41,70,80,46,50,70,66,65,65,65,61,69,70,70,70,68,70,70,70,59,59,70,70],"gold":31,"neow_bonus":"RANDOM_COLORLESS","is_daily":false,"chose_seed":false,"campfire_upgraded":5,"win_rate":0.0,"timestamp":1607704500,"path_taken":["R","M","R","M","?","?","T","M","R","E","?","M","?","?","M","BOSS","R","?","E","?","M","R","T","M","E","R","?","M","M","?","M","BOSS","R","E","?","?","E","$","T","?","M","E","?","$","$","?","M","BOSS","E","$","R","BOSS"],"items_purchased_type":["Relic","Card","Card","Relic","Card","Relic","Relic"],"build_version":"2020-11-30","purchased_purges":1,"victory":true,"max_hp_per_floor":[65,65,65,65,65,70,70,70,70,70,70,70,70,70,70,70,70,70,70,70,70,70,70,70,70,70,70,70,70,70,70,70,70,70,80,80,80,70,70,70,70,70,70,70,70,70,70,70,70,70,70,70,70,70,70],"relic_stats":{"Shovel":1,"counters":[32,160],"Bird Faced Urn":[51],"Blue Candle":[5],"Pantograph":0,"StoneCalendar":[215],"Eternal Feather":11,"Pen Nib":[15],"obtain_stats":[{"SplendidAttire":17,"KneeBrace":36,"StoneCalendar":10,"downfall:HeartBlessingGreen":27,"Uniform":0,"expansioncontent:StudyCardRelic":34,"Incense Burner":47,"RomanBracelet":45,"downfall:GremlinWheel":13,"Matryoshka":26,"Shovel":37,"HornCleat":54,"downfall:HeartBlessingBlue":35,"Pantograph":53,"Potion Belt":39,"downfall:HeartBlessingRed":9,"Blue Candle":40,"Eternal Feather":41,"The Courier":24,"Pen Nib":41,"Frozen Egg 2":44,"Mercury Hourglass":7,"WarpedTongs":19,"Bird Faced Urn":20,"Bottled Lightning":52,"Toy Ornithopter":28},{"SplendidAttire":9,"KneeBrace":19,"StoneCalendar":4,"downfall:HeartBlessingGreen":14,"Uniform":0,"expansioncontent:StudyCardRelic":18,"Incense Burner":27,"RomanBracelet":25,"downfall:GremlinWheel":6,"Matryoshka":14,"Shovel":20,"HornCleat":31,"downfall:HeartBlessingBlue":18,"Pantograph":31,"Potion Belt":21,"downfall:HeartBlessingRed":3,"Blue Candle":22,"Eternal Feather":22,"The Courier":12,"Pen Nib":22,"Frozen Egg 2":24,"Mercury Hourglass":2,"WarpedTongs":9,"Bird Faced Urn":10,"Bottled Lightning":31,"Toy Ornithopter":14},{"SplendidAttire":40,"KneeBrace":86,"StoneCalendar":20,"downfall:HeartBlessingGreen":65,"Uniform":0,"expansioncontent:StudyCardRelic":79,"Incense Burner":118,"RomanBracelet":111,"downfall:GremlinWheel":27,"Matryoshka":65,"Shovel":89,"HornCleat":141,"downfall:HeartBlessingBlue":79,"Pantograph":141,"Potion Belt":97,"downfall:HeartBlessingRed":14,"Blue Candle":101,"Eternal Feather":101,"The Courier":55,"Pen Nib":101,"Frozen Egg 2":107,"Mercury Hourglass":10,"WarpedTongs":40,"Bird Faced Urn":47,"Bottled Lightning":141,"Toy Ornithopter":65}],"Toy Ornithopter":5,"Mercury Hourglass":[404],"WarpedTongs":[117]},"card_choices":[{"not_picked":["expansioncontent:Chronoboost","expansioncontent:DarkVoid"],"picked":"expansioncontent:DefensiveStance","floor":0.0},{"not_picked":["Starlight","DoubleEdge"],"picked":"Ricochet","floor":2.0},{"not_picked":["Rewind","Revamp"],"picked":"TimeWarp","floor":4.0},{"not_picked":["Sabotage","Rewind","Revamp"],"picked":"SKIP","floor":8.0},{"not_picked":["Ricochet","Starlight"],"picked":"InstantArmor","floor":10.0},{"not_picked":["Alleviate","WasteNot"],"picked":"FloweringNight","floor":12.0},{"not_picked":["FastForward","Desolation"],"picked":"Advance","floor":14.0},{"not_picked":["Barrier","Comet"],"picked":"Potential","floor":15.0},{"not_picked":["Sunlight","TheWorld"],"picked":"FlawlessForm","floor":16.0},{"not_picked":["Unruled","DoubleEdge"],"picked":"Comet","floor":20.0},{"not_picked":["Moondial","Replace"],"picked":"Spin","floor":21.0},{"not_picked":["Ricochet","Revamp"],"picked":"TimeTheft+1","floor":22.0},{"not_picked":["Revamp","RealityMarble"],"picked":"Potential","floor":25.0},{"not_picked":["ShatteredReality","Revamp","Sabotage"],"picked":"SKIP","floor":26.0},{"not_picked":["Revamp","Collapse"],"picked":"FastForward+1","floor":29.0},{"not_picked":["Revamp","Spin"],"picked":"DancingSilver","floor":30.0},{"not_picked":["Spin","FastForward"],"picked":"ShatteredReality","floor":32.0},{"not_picked":["Dilation","Deny"],"picked":"PendulumOfEternity","floor":33.0},{"not_picked":["Unruled","Ricochet"],"picked":"Contraction","floor":36.0},{"not_picked":["Unruled+1","Ricochet"],"picked":"Potential+1","floor":37.0},{"not_picked":["Replace","TimeTheft"],"picked":"Duplication","floor":39.0},{"not_picked":["Alleviate","WasteNot+1"],"picked":"BottledTime+1","floor":43.0},{"not_picked":["TimeTheft","Revamp"],"picked":"ReturningBlade","floor":44.0},{"not_picked":["RealityMarble+1","Desolation+1"],"picked":"Manipulate+1","floor":48},{"not_picked":["DancingSilver+1","Rearm"],"picked":"TimeWarp+1","floor":49},{"not_picked":["Defy","Alleviate+1"],"picked":"Misdirection+1","floor":52}],"player_experience":422971,"relics_obtained":[{"floor":7.0,"key":"Mercury Hourglass"},{"floor":10.0,"key":"StoneCalendar"},{"floor":13.0,"key":"downfall:GremlinWheel"},{"floor":20.0,"key":"Bird Faced Urn"},{"floor":24.0,"key":"The Courier"},{"floor":26.0,"key":"Matryoshka"},{"floor":28.0,"key":"Toy Ornithopter"},{"floor":36.0,"key":"KneeBrace"},{"floor":37.0,"key":"Shovel"},{"floor":39.0,"key":"Potion Belt"},{"floor":41.0,"key":"Eternal Feather"},{"floor":41.0,"key":"Pen Nib"},{"floor":44.0,"key":"Frozen Egg 2"},{"floor":52,"key":"Bottled Lightning"},{"floor":54,"key":"HornCleat"}],"event_choices":[{"damage_healed":0.0,"max_hp_gain":5.0,"max_hp_loss":0.0,"gold_gain":0.0,"event_name":"Big Fish","player_choice":"Donut","floor":6.0,"gold_loss":0.0,"damage_taken":0.0},{"damage_healed":0.0,"max_hp_gain":0.0,"max_hp_loss":0.0,"gold_gain":0.0,"event_name":"Accursed Blacksmith","player_choice":"Rummage","floor":19.0,"gold_loss":0.0,"damage_taken":0.0,"relics_obtained":["WarpedTongs"],"cards_obtained":["Pain"]},{"cards_removed":["Regret"],"damage_healed":0.0,"max_hp_gain":0.0,"max_hp_loss":0.0,"gold_gain":0.0,"event_name":"Wheel of Change","player_choice":"Card Removal","floor":23.0,"gold_loss":0.0,"damage_taken":0.0}],"is_beta":false,"boss_relics":[{"not_picked":["StoneMask","Busted Crown"],"picked":"SplendidAttire"},{"not_picked":["Velvet Choker","Black Star"],"picked":"expansioncontent:StudyCardRelic"}],"items_purged_floors":[40],"is_endless":false,"potions_floor_spawned":[2,13,14,16,20,25,32,37,44,49],"ascension_level":0}}