{"host":"jm9833yuloeli2yd","time":1607723122,"event":{"mods":["AchievementEnabler","BaseMod","Better Altar","Better Match","Better Note","Better Sensory Stone","Better Skull","Better Vampires","Colored Map","Colored Powertips","DeckTracker","Minty Spire (QoL Compilation)","Permanent Neow","Quick Restart","StSLib","SuperFastMode"],"gold_per_floor":[119,135,155,174,18,43,43,70,70,84,84,24,58,77,77,153,153,127,144,144,156,156,156,175,208,208,123,158,173,38,58,58,133,133,149,165,165,165],"floor_reached":37,"playtime":1517,"items_purged":["Strike_G"],"score":827,"play_id":"905cd8dc-70fc-4c1f-96a4-b53852720a4c","local_time":"20201211164522","is_ascension_mode":true,"campfire_choices":[{"data":"Dash","floor":7.0,"key":"SMITH"},{"floor":11.0,"key":"REST"},{"floor":15.0,"key":"REST"},{"floor":23.0,"key":"REST"},{"floor":32,"key":"REST"}],"circlet_count":0,"master_deck":["AscendersBane","Defend_G","Defend_G","Defend_G","Defend_G","Defend_G","Survivor","Neutralize","Deadly Poison","All Out Attack","Bane","After Image","Poisoned Stab","Dash+1","Deadly Poison","Blade Dance","Backflip","Blade Dance","Glass Knife","Accuracy","Blade Dance+1","Bite","Bite","Bite","Bite","Noxious Fumes","Dash","Well Laid Plans+1","Footwork","Accuracy","Crippling Poison","Corpse Explosion"],"relics":["Ring of the Snake","PreservedInsect","Paper Crane","The Courier","Pear","SlaversCollar","Centennial Puzzle","White Beast Statue","Sundial","InkBottle","Busted Crown"],"acts_visited":["Exordium","TheCity","TheBeyond"],"potions_floor_usage":[31,33],"damage_taken":[{"damage":8.0,"enemies":"Small Slimes","floor":1.0,"turns":6.0},{"damage":2.0,"enemies":"Jaw Worm","floor":2.0,"turns":4.0},{"damage":0.0,"enemies":"2 Louse","floor":3.0,"turns":2.0},{"damage":6.0,"enemies":"Blue Slaver","floor":4.0,"turns":4.0},{"damage":10.0,"enemies":"Lagavulin","floor":6.0,"turns":6.0},{"damage":26.0,"enemies":"Gremlin Nob","floor":8.0,"turns":4.0},{"damage":2.0,"enemies":"Exordium Wildlife","floor":10.0,"turns":2.0},{"damage":13.0,"enemies":"3 Sentries","floor":13.0,"turns":4.0},{"damage":9.0,"enemies":"3 Louse","floor":14.0,"turns":2.0},{"damage":10.0,"enemies":"Hexaghost","floor":16.0,"turns":10.0},{"damage":28.0,"enemies":"2 Thieves","floor":18.0,"turns":5.0},{"damage":20.0,"enemies":"Spheric Guardian","floor":19.0,"turns":4.0},{"damage":16.0,"enemies":"Snecko","floor":21.0,"turns":6.0},{"damage":28.0,"enemies":"Shelled Parasite and Fungi","floor":24.0,"turns":7.0},{"damage":8.0,"enemies":"Book of Stabbing","floor":25.0,"turns":4.0},{"damage":0.0,"enemies":"Gremlin Leader","floor":28.0,"turns":5.0},{"damage":9.0,"enemies":"Sentry and Sphere","floor":29.0,"turns":5.0},{"damage":1,"enemies":"Snake Plant","floor":31,"turns":6},{"damage":25,"enemies":"Collector","floor":33,"turns":11},{"damage":8,"enemies":"3 Shapes","floor":35,"turns":8},{"damage":34,"enemies":"3 Darklings","floor":36,"turns":7},{"damage":47,"enemies":"Transient","floor":37,"turns":3}],"seed_played":"-1491494732848003710","potions_obtained":[{"floor":3.0,"key":"CunningPotion"},{"floor":13.0,"key":"ColorlessPotion"},{"floor":19.0,"key":"Block Potion"},{"floor":21.0,"key":"BlessingOfTheForge"},{"floor":24.0,"key":"Block Potion"},{"floor":28.0,"key":"ColorlessPotion"},{"floor":29.0,"key":"Weak Potion"},{"floor":31,"key":"Weak Potion"},{"floor":33,"key":"Energy Potion"},{"floor":36,"key":"CultistPotion"}],"is_trial":false,"path_per_floor":["M","M","M","M","$","E","R","E","T","M","R","$","E","M","R","B",null,"M","M","?","M","?","R","M","E","T","?","E","M","$","M","R","B",null,"M","M","M"],"character_chosen":"THE_SILENT","items_purchased":["Dash","Deadly Poison","SteroidPotion","Footwork","Accuracy","Dexterity Potion"],"campfire_rested":4,"item_purchase_floors":[5,5,5,30,30,30],"current_hp_per_floor":[51,49,49,43,43,33,33,7,7,5,24,24,21,12,34,24,63,35,15,30,14,14,31,13,7,7,7,15,8,8,11,28,19,48,48,20,0,0],"gold":165,"neow_bonus":"THREE_CARDS","is_daily":false,"chose_seed":false,"campfire_upgraded":1,"win_rate":0.0,"timestamp":1607723122,"path_taken":["M","M","M","M","$","E","R","E","T","M","R","$","E","M","R","BOSS","M","M","?","M","?","R","M","E","T","?","E","M","?","?","R","BOSS","M","M","M"],"items_purchased_type":["Card","Card","Potion","Card","Card","Potion"],"build_version":"2020-11-30","purchased_purges":1,"victory":false,"max_hp_per_floor":[66,66,66,66,66,66,66,66,66,66,66,66,76,76,76,76,76,76,76,76,76,57,57,57,57,57,57,57,57,57,57,57,57,57,57,57,57,57],"card_choices":[{"not_picked":["Well Laid Plans","Reflex"],"picked":"Deadly Poison","floor":0.0},{"not_picked":["Backflip","Catalyst"],"picked":"All Out Attack","floor":1.0},{"not_picked":["Poisoned Stab","Reflex"],"picked":"Bane","floor":2.0},{"not_picked":["Quick Slash","Flying Knee"],"picked":"After Image","floor":3.0},{"not_picked":["Deadly Poison","Sucker Punch"],"picked":"Poisoned Stab","floor":4.0},{"not_picked":["Dagger Spray","Expertise","Masterful Stab"],"picked":"SKIP","floor":6.0},{"not_picked":["Bane","Flying Knee","Prepared"],"picked":"SKIP","floor":8.0},{"not_picked":["Infinite Blades","Slice"],"picked":"Blade Dance","floor":10.0},{"not_picked":["Predator","Dagger Throw"],"picked":"Backflip","floor":13.0},{"not_picked":["Concentrate","Endless Agony"],"picked":"Blade Dance","floor":14.0},{"not_picked":["Unload","Storm of Steel"],"picked":"Glass Knife","floor":16.0},{"not_picked":["Blade Dance","Leg Sweep"],"picked":"Accuracy","floor":18.0},{"not_picked":["Slice","Backflip"],"picked":"Blade Dance+1","floor":19.0},{"not_picked":["Outmaneuver","Bane","Poisoned Stab"],"picked":"SKIP","floor":21.0},{"not_picked":["Acrobatics","Underhanded Strike"],"picked":"Noxious Fumes","floor":24.0},{"not_picked":["Blade Dance","Backflip"],"picked":"Dash","floor":25.0},{"not_picked":["Sucker Punch","Underhanded Strike"],"picked":"Well Laid Plans+1","floor":28.0},{"not_picked":["Quick Slash","Dash","Flechettes"],"picked":"SKIP","floor":29.0},{"not_picked":["Slice","Flechettes"],"picked":"Crippling Poison","floor":31},{"not_picked":["Die Die Die","Tools of the Trade"],"picked":"Corpse Explosion","floor":33},{"not_picked":["Dagger Spray"],"picked":"SKIP","floor":35},{"not_picked":["Predator"],"picked":"SKIP","floor":36}],"player_experience":1026204,"relics_obtained":[{"floor":6.0,"key":"PreservedInsect"},{"floor":8.0,"key":"Paper Crane"},{"floor":9.0,"key":"The Courier"},{"floor":13.0,"key":"Pear"},{"floor":25.0,"key":"Centennial Puzzle"},{"floor":26.0,"key":"White Beast Statue"},{"floor":28.0,"key":"InkBottle"}],"event_choices":[{"damage_healed":15.0,"max_hp_gain":0.0,"max_hp_loss":0.0,"gold_gain":0.0,"event_name":"The Library","player_choice":"Heal","floor":20.0,"gold_loss":0.0,"damage_taken":0.0},{"damage_healed":0.0,"max_hp_gain":0.0,"max_hp_loss":19.0,"gold_gain":0.0,"event_name":"Vampires","player_choice":"Became a vampire","floor":22.0,"gold_loss":0.0,"damage_taken":0.0,"cards_obtained":["Bite","Bite","Bite","Bite"]},{"damage_healed":0.0,"max_hp_gain":0.0,"max_hp_loss":0.0,"gold_gain":0.0,"event_name":"Addict","player_choice":"Obtained Relic","floor":27.0,"gold_loss":85.0,"damage_taken":0.0,"relics_obtained":["Sundial"]}],"is_beta":false,"boss_relics":[{"not_picked":["Ectoplasm","Velvet Choker"],"picked":"SlaversCollar"},{"not_picked":["Black Star","Sozu"],"picked":"Busted Crown"}],"items_purged_floors":[12],"is_endless":false,"potions_floor_spawned":[3,8,13,19,21,24,28,29,31,33,35,36],"killed_by":"Transient","ascension_level":15}}