{"host":"lehz9p79pih88cc3","time":1607662318,"event":{"mods":["AchievementEnabler","Act Like it!","Ascension Reborn","Aspiration","BaseMod","Better Note","Better Skull","Better Third Choice","CapriCore","Chen","Conspire","Defuse TimeMaze Blight","Disable Question Mark Monsters","Downfall","Emptier Cage","Gensokyo","GungeonMod","Infinite Spire","Koishi","KomeijiMod","Marisa????????","Minty Spire (QoL Compilation)","Permanent Neow","Quick Restart","Reimu??????","Relic Stats","Remilia_Scarlet Moed?????·?????3.3.5","Remilia??????","SacredBarkPlus","Shop Mod","StSLib","The Immortal","The Servant 0.9.4","Transform Curses","Uncapped","everything is the same but u backflip on backflip","thorton","???????????mod"],"gold_per_floor":[130,130,165,194,194,240,240,89,89,118,144,179,179,34,34,149,149,149,149],"floor_reached":18,"playtime":984,"items_purged":[],"score":170,"play_id":"5d99d838-18e8-4ec7-aa1b-9519098898df","local_time":"20201210235158","is_ascension_mode":true,"campfire_choices":[{"floor":7,"key":"REST"},{"data":"BarrageBoundary_PipeDream_purple","floor":15,"key":"SMITH"}],"circlet_count":0,"master_deck":["AT_purpleEX","AT_purpleEX","Defend_purpleEX","Defend_purpleEX","Observe_purple_1","Observe_purple_2","Mirror_Drifter_purple","AdvanceAttack_purple","DimensionStaggered_purple","BarrageBoundary_PipeDream_purple+1","CommonSense_AntiCommonSense_purple","Line_surface_state_purple","MNeedle_purple","Charmbait_purple","MeetDecomposer_purple","GluttonyofRealm_purpleEX","WangLiang_OokamiKakushi_purple+1","Bait_Toxicbait_purple+1","ButterflyHabitatTemple_purple+1"],"relics":["Boundary_crack","Memoryfragments_purpleEX","aspiration:Lifesprig","HoshigumaDish","Question Card","Meat on the Bone","DemoMod:GundromedaStrain","thethorton:BrokenCalculator","DemoMod:GlassGuonStoneRelic","Astrolabe"],"acts_visited":["Exordium","TheCity"],"potions_floor_usage":[6,10,16],"damage_taken":[{"damage":0,"enemies":"Small Slimes","floor":1,"turns":3},{"damage":2,"enemies":"Cultist","floor":3,"turns":6},{"damage":3,"enemies":"Jaw Worm","floor":4,"turns":3},{"damage":40,"enemies":"Gremlin Nob","floor":6,"turns":6},{"damage":26,"enemies":"Lagavulin","floor":10,"turns":6},{"damage":0,"enemies":"conspire:2 RoseBushes","floor":11,"turns":3},{"damage":11,"enemies":"Exordium Thugs","floor":12,"turns":7},{"damage":4,"enemies":"Hexaghost","floor":16,"turns":9},{"damage":0,"enemies":"conspire:FuzzyDice","floor":18,"turns":2}],"seed_played":"-620081101178031758","potions_obtained":[{"floor":3,"key":"SpeedPotion"},{"floor":6,"key":"hexamod:EctoCoolerPotion"},{"floor":12,"key":"Swift Potion"},{"floor":16,"key":"CalmPotion"}],"is_trial":false,"path_per_floor":["M","?","M","M","?","E","R","$","T","E","M","M","$","$","R","B",null,"M"],"character_chosen":"Youkari","items_purchased":["CommonSense_AntiCommonSense_purple","Line_surface_state_purple","MNeedle_purple","thethorton:BrokenCalculator"],"campfire_rested":1,"item_purchase_floors":[8,8,8,14],"current_hp_per_floor":[70,70,70,68,65,27,48,48,48,28,45,51,51,51,51,47,70,70,70],"gold":149,"neow_bonus":"RANDOM_COMMON_RELIC","is_daily":false,"chose_seed":false,"campfire_upgraded":1,"win_rate":0.0,"timestamp":1607662318,"path_taken":["M","?","?","M","?","E","R","$","T","E","M","M","?","$","R","BOSS","M"],"items_purchased_type":["Card","Card","Card","Relic"],"build_version":"2020-11-30","purchased_purges":0,"victory":false,"max_hp_per_floor":[70,70,70,70,70,70,70,70,70,70,70,70,70,70,70,70,70,70,70],"relic_stats":{"counters":[9,45],"Astrolabe":["WangLiang_OokamiKakushi_purple","Bait_Toxicbait_purple","ButterflyHabitatTemple_purple"],"Question Card":8,"obtain_stats":[{"thethorton:BrokenCalculator":14,"aspiration:Lifesprig":0,"DemoMod:GundromedaStrain":10,"Astrolabe":17,"HoshigumaDish":5,"DemoMod:GlassGuonStoneRelic":6,"Boundary_crack":0,"Question Card":6,"Memoryfragments_purpleEX":0,"Meat on the Bone":9},{"thethorton:BrokenCalculator":7,"aspiration:Lifesprig":0,"DemoMod:GundromedaStrain":5,"Astrolabe":8,"HoshigumaDish":3,"DemoMod:GlassGuonStoneRelic":4,"Boundary_crack":0,"Question Card":4,"Memoryfragments_purpleEX":0,"Meat on the Bone":4},{"thethorton:BrokenCalculator":34,"aspiration:Lifesprig":0,"DemoMod:GundromedaStrain":24,"Astrolabe":43,"HoshigumaDish":12,"DemoMod:GlassGuonStoneRelic":18,"Boundary_crack":0,"Question Card":18,"Memoryfragments_purpleEX":0,"Meat on the Bone":18}],"Meat on the Bone":24},"card_choices":[{"not_picked":["Shallow_ocean_purpleEX","Bait_HighSpeedFlying_purple"],"picked":"Mirror_Drifter_purple","floor":1},{"not_picked":["Mirror_Drifter_purple","ExistenceContinue_purple"],"picked":"AdvanceAttack_purple","floor":3},{"not_picked":["RuptureOfTimeAndSpace_purple","AdvanceAttack_purple"],"picked":"DimensionStaggered_purple","floor":4},{"not_picked":["AdvanceAttack_purple","Anti_communist_purple"],"picked":"BarrageBoundary_PipeDream_purple","floor":6},{"not_picked":["ExistenceContinue_purple","OpenedBox_purple","DarkRealmRedLine_purple","Boundary_DreamRealityDamnation_purple"],"picked":"SKIP","floor":10},{"not_picked":["DimensionStaggered_purple","ExistenceContinue_purple","Mirror_FormAndEmptin_purple"],"picked":"Charmbait_purple","floor":11},{"not_picked":["Realm_recovery_purpleEX","DarkRealmRedLine_purple","OmniscientAndOmnipotent_Monster_purple"],"picked":"MeetDecomposer_purple","floor":12},{"not_picked":["WangLiang_OokamiKakushi_purple","Price_of_realm_purpleEX","Theboundaryofcreation_purpleEX"],"picked":"GluttonyofRealm_purpleEX","floor":16}],"player_experience":254813,"relics_obtained":[{"floor":6,"key":"Question Card"},{"floor":9,"key":"Meat on the Bone"},{"floor":10,"key":"DemoMod:GundromedaStrain"}],"event_choices":[{"cards_removed":["AT_purpleEX"],"damage_healed":0,"gold_gain":0,"player_choice":"Purged","damage_taken":0,"max_hp_gain":0,"max_hp_loss":0,"event_name":"Purifier","floor":2,"gold_loss":0},{"damage_healed":0,"gold_gain":0,"player_choice":"Relic ","damage_taken":3,"max_hp_gain":0,"max_hp_loss":0,"event_name":"betterThird:BetterScrap","floor":5,"gold_loss":0,"cards_obtained":["Dropkick"]}],"is_beta":false,"boss_relics":[{"not_picked":["aspiration:MarisaSkillbook","SacredBark"],"picked":"Astrolabe"}],"items_purged_floors":[],"is_endless":false,"potions_floor_spawned":[3,6,12,16],"killed_by":"conspire:FuzzyDice","ascension_level":0}}