{"host":"1qw5suc8h0lmr1yi","time":1607688997,"event":{"mods":["2.2 Compatiblity","Act Like it!","BaseMod","Better Note","BetterRewards","Block Reminder","Colored Map","Custom Start","DeckTracker","GifTheSpireLib","Highlight Path","Hubris","Infinite Spire","Melee Mod","Mimic Mod","Minty Spire (QoL Compilation)","Quick Restart","Rare Cards Sparkle","Replay The Spire","Robot Space Explorer","Say the Spire","Shop Mod","StSLib","SuperFastMode","Td1madao Mod","The Animator","The Cursed","The Disciple","The Edgeheg","The Factory","The Jungle"],"gold_per_floor":[110,123,123,123,135,169,188,221,292,317,317,317,317,328,328,426,426,445,457,457,476,576,576,592,592,592,592,592,606,606,606,606,606,606],"floor_reached":33,"playtime":1878,"items_purged":[],"score":324,"play_id":"14c8e173-6980-4cd1-a5bb-b4c8ca6e14ac","local_time":"20201211041637","is_ascension_mode":true,"campfire_choices":[{"floor":11,"key":"REST"},{"data":"Eclipse","floor":13,"key":"SMITH"},{"data":"Armaments","floor":15,"key":"SMITH"},{"floor":23,"key":"REST"},{"floor":25,"key":"REST"},{"data":"Massacre","floor":27,"key":"SMITH"},{"floor":30,"key":"REST"},{"floor":32,"key":"DIG"}],"circlet_count":0,"master_deck":["Strike_R","Strike_R","Strike_R","Strike_R","Strike_R","Defend_R","Defend_R+1","Defend_R","Defend_R","Bash","Clash","Bloodletting+1","ReplayReversal","Eclipse+1","Armaments+1","Havoc","Life Link","Parasite","Feed","Offering","Reckless Charge","Combust","Shame","Twin Strike+1","Massacre+1","Twin Strike","Writhe"],"relics":["Burning Blood","Torii","Replay:Baseball","infinitespire:WardingShard","Darkstone Periapt","Runic Cube","theJungle:PaperFaux","Kunai","Shovel","Happy Flower"],"acts_visited":["Exordium","Exordium"],"potions_floor_usage":[1,6,8,10,10,21,28,33],"damage_taken":[{"damage":0,"enemies":"2 Louse","floor":1,"turns":3},{"damage":0,"enemies":"Small Slimes","floor":2,"turns":3},{"damage":1,"enemies":"Cultist","floor":5,"turns":3},{"damage":33,"enemies":"3 Sentries","floor":6,"turns":10},{"damage":7,"enemies":"Exordium Wildlife","floor":7,"turns":4},{"damage":61,"enemies":"Gremlin Nob","floor":8,"turns":5},{"damage":29,"enemies":"Lagavulin","floor":10,"turns":7},{"damage":13,"enemies":"Blue Slaver","floor":14,"turns":3},{"damage":69,"enemies":"The Guardian","floor":16,"turns":10},{"damage":15,"enemies":"theJungle:GiantWrat","floor":18,"turns":4},{"damage":14,"enemies":"Shell Parasite","floor":19,"turns":4},{"damage":37,"enemies":"theJungle:JungleHuntersEncounter","floor":21,"turns":6},{"damage":29,"enemies":"theJungle:Snecko_Cultist_And_Trap","floor":24,"turns":4},{"damage":10,"enemies":"theJungle:MamaSnecko","floor":28,"turns":4},{"damage":45,"enemies":"theJungle:2_Snecko_Cultists","floor":29,"turns":4},{"damage":105,"enemies":"theJungle:TotemBoss","floor":33,"turns":6}],"seed_played":"-866752731992453460","potions_obtained":[{"floor":0,"key":"Flashbang"},{"floor":0,"key":"Cursed Concoction"},{"floor":0,"key":"Reflective Coating"},{"floor":1,"key":"Fruit Juice"},{"floor":4,"key":"FairyPotion"},{"floor":4,"key":"BlessingOfTheForge"},{"floor":5,"key":"BloodPotion"},{"floor":7,"key":"SteroidPotion"},{"floor":8,"key":"CultistPotion"},{"floor":18,"key":"SpeedPotion"},{"floor":19,"key":"Swift Potion"},{"floor":24,"key":"SmokeBomb"},{"floor":29,"key":"BloodPotion"}],"is_trial":false,"path_per_floor":["M","M","?","?","M","E","M","E","T","E","R","?","R","M","R","B",null,"M","M","?","M","?","R","M","R","T","R","E","M","R","?","R","B"],"character_chosen":"IRONCLAD","items_purchased":[],"campfire_rested":4,"item_purchase_floors":[],"current_hp_per_floor":[85,85,68,68,73,46,45,7,7,38,63,90,90,83,83,20,91,82,74,80,49,43,72,52,82,82,82,78,39,69,75,75,0,0],"gold":606,"neow_bonus":"THREE_SMALL_POTIONS","is_daily":false,"chose_seed":false,"campfire_upgraded":3,"win_rate":0.0,"timestamp":1607688997,"path_taken":["M","M","?","?","M","E","?","E","T","E","R","?","R","M","R","BOSS","M","M","?","M","?","R","M","R","T","R","E","M","R","?","R","BOSS"],"items_purchased_type":[],"build_version":"2020-11-30","purchased_purges":0,"victory":false,"max_hp_per_floor":[85,85,85,85,85,85,85,85,85,85,85,91,91,91,91,91,91,91,91,97,97,97,97,100,100,100,100,100,100,100,106,106,106,106],"card_choices":[{"not_picked":["Twin Strike","Clothesline"],"picked":"Clash","floor":1},{"not_picked":["Sentinel","Abandon"],"picked":"Bloodletting","floor":2},{"not_picked":["Havoc","Warcry"],"picked":"ReplayReversal","floor":5},{"not_picked":["Wild Strike","Bloodletting"],"picked":"Eclipse","floor":6},{"not_picked":["Iron Wave","ReplayTheSpireMod:Strike From Hell"],"picked":"Armaments","floor":7},{"not_picked":["Headbutt","Power Through"],"picked":"Havoc","floor":8},{"not_picked":["Shrug It Off","Pummel"],"picked":"Life Link","floor":10},{"not_picked":["Anger","Cleave"],"picked":"Feed","floor":14},{"not_picked":["Barricade","Fiend Fire"],"picked":"Offering","floor":16},{"not_picked":["Headbutt+1","Perfected Strike"],"picked":"Reckless Charge","floor":18},{"not_picked":["Havoc+1","Cleave"],"picked":"Combust","floor":19},{"not_picked":["Perfected Strike+1","Body Slam+1"],"picked":"Twin Strike+1","floor":21},{"not_picked":["Cleave","Flex"],"picked":"Massacre","floor":24},{"not_picked":["Bloodletting","Perfected Strike"],"picked":"Twin Strike","floor":29}],"player_experience":114389,"relics_obtained":[{"floor":6,"key":"Torii"},{"floor":8,"key":"Replay:Baseball"},{"floor":9,"key":"infinitespire:WardingShard"},{"floor":10,"key":"Darkstone Periapt"},{"floor":26,"key":"Kunai"},{"floor":32,"key":"Happy Flower"}],"event_choices":[{"damage_healed":0,"gold_gain":0,"player_choice":"Entered Light","damage_taken":17,"max_hp_gain":0,"max_hp_loss":0,"event_name":"Shining Light","floor":3,"gold_loss":0,"cards_upgraded":["Defend_R","Bloodletting"]},{"damage_healed":0,"gold_gain":0,"player_choice":"Got Potions","damage_taken":0,"max_hp_gain":0,"max_hp_loss":0,"event_name":"Lab","floor":4,"gold_loss":0},{"damage_healed":21,"gold_gain":0,"player_choice":"Healed and dodged fight","damage_taken":0,"max_hp_gain":0,"max_hp_loss":0,"event_name":"Mushrooms","floor":12,"gold_loss":0,"cards_obtained":["Parasite"]}],"is_beta":false,"boss_relics":[{"not_picked":["Empty Cage","Kintsugi"],"picked":"Runic Cube"}],"items_purged_floors":[],"is_endless":false,"potions_floor_spawned":[1,5,7,8,18,19,24,29],"killed_by":"theJungle:TotemBoss","ascension_level":1}}