{"host":"49c2zf0lajbcs427","time":1607728530,"event":{"mods":["AchievementEnabler","BaseMod","Colored Map","Colored Powertips","Highlight Path","Minty Spire (QoL Compilation)","Relic Stats","StSLib"],"gold_per_floor":[118,129,143,14,31,66,66,101,154,154,66,77,92,118,118,196,196,216,216,242,260,260,301,310,350,350,392,392,430,452,491,491,637,637,657,356,382,391,391,480,565,607,607,692,323,323,339,339,339,339],"floor_reached":51,"playtime":3535,"items_purged":["Bite+1"],"score":1567,"play_id":"a564eae2-14aa-4902-8af8-03234e945be1","local_time":"20201212121530","is_ascension_mode":true,"campfire_choices":[{"data":"Prostrate","floor":7.0,"key":"SMITH"},{"data":"Omniscience","floor":10.0,"key":"SMITH"},{"data":"Meditate","floor":15.0,"key":"SMITH"},{"data":"Wireheading","floor":28.0,"key":"SMITH"},{"data":"Wish","floor":32.0,"key":"SMITH"},{"data":"1","floor":46,"key":"LIFT"},{"data":"2","floor":49,"key":"LIFT"}],"circlet_count":0,"master_deck":["AscendersBane","Defend_P","Defend_P+1","Defend_P+1","Defend_P","Eruption+1","Vigilance+1","SandsOfTime+1","Adaptation","WheelKick","Prostrate+1","Meditate+1","Prostrate+1","Omniscience+1","SandsOfTime+1","Prostrate+1","LessonLearned+1","Brilliance+1","Bite+1","Bite+1","Bite+1","Bite+1","Prostrate","Wireheading+1","Swivel","Ragnarok+1","Wish+1","WheelKick+1","Devotion+1","Omniscience+1","Prostrate+1","Master of Strategy","Meditate+1"],"relics":["PureWater","Whetstone","Molten Egg 2","Omamori","Bag of Marbles","Sozu","Red Mask","CeramicFish","Bag of Preparation","Blue Candle","Bottled Tornado","Calling Bell","Pen Nib","Ornamental Fan","Pocketwatch","DollysMirror","Happy Flower","Shuriken","Girya","Regal Pillow","Prayer Wheel","Meat on the Bone","Gambling Chip","Bronze Scales"],"acts_visited":["Exordium","TheCity","TheBeyond"],"potions_floor_usage":[],"damage_taken":[{"damage":0.0,"enemies":"2 Louse","floor":1.0,"turns":3.0},{"damage":2.0,"enemies":"Jaw Worm","floor":2.0,"turns":3.0},{"damage":3.0,"enemies":"Small Slimes","floor":3.0,"turns":4.0},{"damage":8.0,"enemies":"Blue Slaver","floor":5.0,"turns":4.0},{"damage":20.0,"enemies":"Gremlin Nob","floor":6.0,"turns":5.0},{"damage":0.0,"enemies":"Lagavulin","floor":8.0,"turns":4.0},{"damage":2.0,"enemies":"3 Louse","floor":12.0,"turns":4.0},{"damage":0.0,"enemies":"Looter","floor":13.0,"turns":1.0},{"damage":10.0,"enemies":"3 Sentries","floor":14.0,"turns":4.0},{"damage":14.0,"enemies":"The Guardian","floor":16.0,"turns":7.0},{"damage":15.0,"enemies":"2 Thieves","floor":18.0,"turns":4.0},{"damage":18.0,"enemies":"Masked Bandits","floor":20.0,"turns":3.0},{"damage":10.0,"enemies":"Shell Parasite","floor":21.0,"turns":4.0},{"damage":1.0,"enemies":"Gremlin Leader","floor":23.0,"turns":7.0},{"damage":27.0,"enemies":"Book of Stabbing","floor":25.0,"turns":4.0},{"damage":0.0,"enemies":"Gremlin Leader","floor":27.0,"turns":3.0},{"damage":4.0,"enemies":"3 Cultists","floor":29.0,"turns":3.0},{"damage":18.0,"enemies":"Snake Plant","floor":30.0,"turns":2.0},{"damage":1.0,"enemies":"Shelled Parasite and Fungi","floor":31.0,"turns":4.0},{"damage":50.0,"enemies":"Collector","floor":33.0,"turns":8.0},{"damage":0.0,"enemies":"Orb Walker","floor":35.0,"turns":2.0},{"damage":0.0,"enemies":"3 Shapes","floor":37.0,"turns":1.0},{"damage":17,"enemies":"Reptomancer","floor":40,"turns":5},{"damage":0,"enemies":"Mind Bloom Boss Battle","floor":41,"turns":1},{"damage":29,"enemies":"Nemesis","floor":42,"turns":3},{"damage":0,"enemies":"Reptomancer","floor":44,"turns":3},{"damage":0,"enemies":"Sphere and 2 Shapes","floor":47,"turns":2},{"damage":48,"enemies":"Awakened One","floor":50,"turns":6}],"seed_played":"4170611012596672226","potions_obtained":[{"floor":2.0,"key":"Fire Potion"},{"floor":5.0,"key":"Block Potion"},{"floor":6.0,"key":"LiquidMemories"},{"floor":8.0,"key":"DistilledChaos"},{"floor":13.0,"key":"Fruit Juice"},{"floor":16.0,"key":"StancePotion"}],"is_trial":false,"path_per_floor":["M","M","M","$","M","E","R","E","T","R","$","M","M","E","R","B",null,"M","?","?","M","?","E","?","E","T","E","R","M","M","M","R","B",null,"M","$","M","?","?","E","?","E","T","E","$","R","M","T","R","B",null],"character_chosen":"WATCHER","items_purchased":["WheelKick","Prostrate","SandsOfTime+1","Prostrate","DollysMirror","Happy Flower","Gambling Chip"],"campfire_rested":0,"item_purchase_floors":[4,4,11,11,36,36,45],"current_hp_per_floor":[67,65,62,62,54,34,34,34,34,34,34,32,37,27,27,13,63,48,48,36,44,44,55,55,28,28,37,37,42,36,44,44,12,44,47,47,47,37,51,52,52,29,29,38,38,38,47,47,47,20],"gold":339,"neow_bonus":"TEN_PERCENT_HP_BONUS","is_daily":false,"chose_seed":false,"campfire_upgraded":5,"win_rate":0.0,"timestamp":1607728530,"path_taken":["M","M","M","$","M","E","R","E","T","R","$","M","M","E","R","BOSS","M","?","?","M","?","E","?","E","T","E","R","M","?","M","R","BOSS","M","?","M","?","?","E","?","E","T","E","$","R","M","?","R","BOSS"],"items_purchased_type":["Card","Card","Card","Card","Relic","Relic","Relic"],"build_version":"2020-11-30","purchased_purges":1,"victory":true,"max_hp_per_floor":[74,74,74,74,74,74,74,74,74,74,74,74,79,79,79,79,79,79,55,55,55,55,55,55,55,55,55,55,55,55,55,55,55,55,55,55,55,55,55,55,55,55,55,55,55,55,55,55,55,55],"relic_stats":{"Regal Pillow":0,"Happy Flower":[7],"counters":[28,104],"CeramicFish":90,"Blue Candle":[0],"Pen Nib":[5],"Bag of Preparation":[26],"Whetstone":["SandsOfTime","Strike_P"],"Sozu":7,"Ornamental Fan":[32],"Shuriken":[6],"Gambling Chip":[8],"Bronze Scales":[21],"Prayer Wheel":1,"obtain_stats":[{"Girya":41,"Regal Pillow":42,"Happy Flower":36,"CeramicFish":23,"Blue Candle":26,"Pen Nib":34,"Omamori":9,"Bag of Preparation":25,"Whetstone":6,"Bottled Tornado":27,"Sozu":17,"Calling Bell":34,"Ornamental Fan":34,"DollysMirror":36,"Shuriken":40,"Gambling Chip":45,"Bronze Scales":48,"Molten Egg 2":8,"Prayer Wheel":43,"Bag of Marbles":14,"Red Mask":20,"PureWater":0,"Pocketwatch":34,"Meat on the Bone":44},{"Girya":24,"Regal Pillow":25,"Happy Flower":21,"CeramicFish":14,"Blue Candle":15,"Pen Nib":20,"Omamori":6,"Bag of Preparation":15,"Whetstone":5,"Bottled Tornado":16,"Sozu":10,"Calling Bell":20,"Ornamental Fan":20,"DollysMirror":21,"Shuriken":23,"Gambling Chip":26,"Bronze Scales":27,"Molten Egg 2":6,"Prayer Wheel":25,"Bag of Marbles":9,"Red Mask":12,"PureWater":0,"Pocketwatch":20,"Meat on the Bone":26},{"Girya":90,"Regal Pillow":93,"Happy Flower":83,"CeramicFish":57,"Blue Candle":61,"Pen Nib":81,"Omamori":23,"Bag of Preparation":61,"Whetstone":19,"Bottled Tornado":64,"Sozu":39,"Calling Bell":81,"Ornamental Fan":81,"DollysMirror":83,"Shuriken":89,"Gambling Chip":96,"Bronze Scales":98,"Molten Egg 2":23,"Prayer Wheel":93,"Bag of Marbles":32,"Red Mask":46,"PureWater":0,"Pocketwatch":81,"Meat on the Bone":96}],"Pocketwatch":[0],"Meat on the Bone":12},"card_choices":[{"not_picked":["ClearTheMind","Prostrate"],"picked":"SandsOfTime","floor":1.0},{"not_picked":["Indignation","ClearTheMind"],"picked":"CrushJoints","floor":2.0},{"not_picked":["EmptyMind","Fasting2"],"picked":"Adaptation","floor":3.0},{"not_picked":["SignatureMove","PathToVictory"],"picked":"Meditate","floor":5.0},{"not_picked":["FlyingSleeves","CutThroughFate"],"picked":"Prostrate","floor":6.0},{"not_picked":["Collect","Nirvana"],"picked":"Omniscience","floor":8.0},{"not_picked":["Crescendo","EmptyBody","CutThroughFate+1"],"picked":"SKIP","floor":12.0},{"not_picked":["FollowUp+1","DeceiveReality","FlurryOfBlows+1"],"picked":"SKIP","floor":13.0},{"not_picked":["FlyingSleeves+1","WaveOfTheHand"],"picked":"LessonLearned+1","floor":14.0},{"not_picked":["DeusExMachina","Judgement"],"picked":"Brilliance+1","floor":16.0},{"not_picked":["Halt","BowlingBash+1","FollowUp+1"],"picked":"SKIP","floor":18.0},{"not_picked":["Indignation","Swivel"],"picked":"Prostrate","floor":20.0},{"not_picked":["FollowUp+1","FlyingSleeves+1","Evaluate"],"picked":"SKIP","floor":21.0},{"not_picked":["ForeignInfluence","ThirdEye"],"picked":"Wireheading","floor":23.0},{"not_picked":["Fasting2","FollowUp+1"],"picked":"Ragnarok+1","floor":25.0},{"not_picked":["CrushJoints+1","FlyingSleeves+1"],"picked":"Wish","floor":27.0},{"not_picked":["ForeignInfluence","Weave+1","EmptyFist+1"],"picked":"SKIP","floor":29.0},{"not_picked":["FlurryOfBlows+1","Sanctity"],"picked":"WheelKick+1","floor":30.0},{"not_picked":["ClearTheMind","EmptyBody","WreathOfFlame"],"picked":"SKIP","floor":31.0},{"not_picked":["DevaForm","Establishment"],"picked":"Devotion","floor":33.0},{"not_picked":["ClearTheMind","FollowUp+1","Evaluate"],"picked":"SKIP","floor":35.0},{"not_picked":["Consecrate+1","ConjureBlade"],"picked":"Prostrate+1","floor":37},{"not_picked":["Swift Strike+1","Apotheosis"],"picked":"Master of Strategy","floor":38},{"not_picked":["Fasting2","WindmillStrike+1","EmptyBody+1"],"picked":"SKIP","floor":40},{"not_picked":["SpiritShield","ClearTheMind+1"],"picked":"Meditate+1","floor":42},{"not_picked":["SignatureMove+1","FlurryOfBlows+1","FlyingSleeves+1"],"picked":"SKIP","floor":44},{"not_picked":["WreathOfFlame","EmptyFist+1","CutThroughFate+1"],"picked":"SKIP","floor":47},{"not_picked":["JustLucky+1","Weave+1","Halt+1"],"picked":"SKIP","floor":47}],"player_experience":2068263,"relics_obtained":[{"floor":6.0,"key":"Whetstone"},{"floor":8.0,"key":"Molten Egg 2"},{"floor":9.0,"key":"Omamori"},{"floor":14.0,"key":"Bag of Marbles"},{"floor":20.0,"key":"Red Mask"},{"floor":23.0,"key":"CeramicFish"},{"floor":25.0,"key":"Bag of Preparation"},{"floor":26.0,"key":"Blue Candle"},{"floor":27.0,"key":"Bottled Tornado"},{"floor":34.0,"key":"Pen Nib"},{"floor":34.0,"key":"Ornamental Fan"},{"floor":34.0,"key":"Pocketwatch"},{"floor":40,"key":"Shuriken"},{"floor":41,"key":"Girya"},{"floor":42,"key":"Regal Pillow"},{"floor":43,"key":"Prayer Wheel"},{"floor":44,"key":"Meat on the Bone"},{"floor":48,"key":"Bronze Scales"}],"event_choices":[{"damage_healed":0.0,"max_hp_gain":0.0,"max_hp_loss":24.0,"gold_gain":0.0,"event_name":"Vampires","player_choice":"Became a vampire","floor":19.0,"gold_loss":0.0,"damage_taken":0.0,"cards_obtained":["Bite","Bite","Bite","Bite","Bite"]},{"damage_healed":0.0,"max_hp_gain":0.0,"max_hp_loss":0.0,"gold_gain":0.0,"event_name":"Masked Bandits","player_choice":"Fought Bandits","floor":20.0,"gold_loss":0.0,"damage_taken":0.0},{"damage_healed":0.0,"max_hp_gain":0.0,"max_hp_loss":0.0,"gold_gain":0.0,"event_name":"Beggar","player_choice":"Ignored","floor":22.0,"gold_loss":0.0,"damage_taken":0.0},{"damage_healed":0.0,"max_hp_gain":0.0,"max_hp_loss":0.0,"gold_gain":0.0,"cards_transformed":["CrushJoints"],"event_name":"Transmorgrifier","player_choice":"Transformed","floor":24.0,"gold_loss":0.0,"damage_taken":0.0,"cards_obtained":["Swivel"]},{"damage_healed":0,"gold_gain":0,"player_choice":"Memory 3","damage_taken":10,"max_hp_gain":0,"max_hp_loss":0,"event_name":"SensoryStone","floor":38,"gold_loss":0},{"damage_healed":14,"gold_gain":0,"player_choice":"Writhe","damage_taken":0,"max_hp_gain":0,"max_hp_loss":0,"event_name":"Winding Halls","floor":39,"gold_loss":0,"cards_obtained":["Writhe"]},{"damage_healed":0,"gold_gain":0,"player_choice":"Fight","damage_taken":0,"max_hp_gain":0,"max_hp_loss":0,"event_name":"MindBloom","floor":41,"gold_loss":0}],"is_beta":false,"boss_relics":[{"not_picked":["Runic Dome","Cursed Key"],"picked":"Sozu"},{"not_picked":["VioletLotus","SlaversCollar"],"picked":"Calling Bell"}],"items_purged_floors":[45],"is_endless":false,"potions_floor_spawned":[2,5,6,8,13,16,21,23,25,33,35,40,44],"ascension_level":14}}