{"host":"cglr1m0d8tytrlaz","time":1607675982,"event":{"mods":["2.2 Compatiblity","Alarm Clock","BaseMod","Bestiary","Block Reminder","Colored Powertips","Curses Come First","Hermit","Highlight Path","Jorbs\u0027s Wanderer Trilogy","Minty Spire (QoL Compilation)","Quick Restart","Relic Sorter","Relic Stats","StSLib","The Runesmith"],"gold_per_floor":[119,130,148,148,163,190,190,221,221,248,248,258,270,280,280,377,377,390,390,315,315,325,340,340,371,394,413,447,470,142,241,241,353,353,375,375,388,400,418,418,475,514,514,595,280,298,311,328,328,335,335,335,7,47,54],"floor_reached":56,"playtime":14949,"items_purged":["hermit:Horror","hermit:Defend_Hermit","hermit:Snapshot"],"score":1419,"play_id":"19b90b1b-5a38-4c7d-a593-d085993e42e8","local_time":"20201211023942","is_ascension_mode":true,"campfire_choices":[{"floor":7,"key":"REST"},{"data":"hermit:Dive","floor":11,"key":"SMITH"},{"data":"hermit:FlashPowder","floor":15,"key":"SMITH"},{"data":"hermit:Scavenge","floor":32,"key":"SMITH"},{"floor":40,"key":"RECALL"},{"data":"hermit:ShadowCloak","floor":49,"key":"SMITH"},{"data":"hermit:TakeAim","floor":52,"key":"SMITH"}],"circlet_count":0,"master_deck":["hermit:Defend_Hermit","hermit:Defend_Hermit","hermit:Covet","hermit:FinalCanter","hermit:Enervate","hermit:FlashPowder+1","hermit:ShadowCloak","hermit:Combo","hermit:Headshot","hermit:Enervate","hermit:Dive+1","hermit:CalledShot","hermit:GoldenBullet","hermit:GoldenBullet","hermit:Gambit","hermit:FinalCanter","CurseOfTheBell","hermit:TakeAim+1","hermit:Scavenge+1","Ghostly","Ghostly","Ghostly","Ghostly","Ghostly","hermit:LoneWolf+1","hermit:Dive+1","hermit:FinalCanter","hermit:HeroicBravado","hermit:ShadowCloak+1","hermit:Dive","hermit:Brawl","hermit:Deadeye","hermit:Adapt","hermit:Misfire+1","hermit:WideOpen","hermit:Midnight","hermit:FromBeyond","hermit:Dive","hermit:Spite+1","hermit:Dissolve","hermit:Manifest+1","hermit:Dive","hermit:BigShot","hermit:ShadowCloak"],"relics":["hermit:Momento","FossilizedHelix","HornCleat","Meat on the Bone","Kunai","Calling Bell","Bronze Scales","Question Card","Runesmith:Locket","hermit:Horseshoe","Toy Ornithopter","Happy Flower","Frozen Eye","Runesmith:UraniumAnvil","TungstenRod","hermit:RyeStalk","Bottled Tornado","War Paint"],"acts_visited":["Exordium","TheCity","TheBeyond","TheEnding"],"potions_floor_usage":[10,25,28,55,55],"damage_taken":[{"damage":3.0,"enemies":"Jaw Worm","floor":1.0,"turns":3.0},{"damage":0,"enemies":"Small Slimes","floor":2,"turns":2},{"damage":0,"enemies":"2 Louse","floor":3,"turns":2},{"damage":4,"enemies":"Exordium Wildlife","floor":5,"turns":5},{"damage":26,"enemies":"Gremlin Nob","floor":6,"turns":4},{"damage":3,"enemies":"Lagavulin","floor":8,"turns":8},{"damage":0,"enemies":"3 Sentries","floor":10,"turns":7},{"damage":0,"enemies":"Blue Slaver","floor":12,"turns":2},{"damage":0,"enemies":"2 Fungi Beasts","floor":13,"turns":5},{"damage":0,"enemies":"Red Slaver","floor":14,"turns":4},{"damage":14,"enemies":"Hexaghost","floor":16,"turns":15},{"damage":0,"enemies":"Shell Parasite","floor":18,"turns":4},{"damage":0,"enemies":"Spheric Guardian","floor":22,"turns":3},{"damage":0,"enemies":"Cultist and Chosen","floor":23,"turns":8},{"damage":11,"enemies":"Gremlin Leader","floor":25,"turns":14},{"damage":0,"enemies":"3 Cultists","floor":27,"turns":6},{"damage":2,"enemies":"Book of Stabbing","floor":28,"turns":6},{"damage":0,"enemies":"Sentry and Sphere","floor":29,"turns":7},{"damage":0,"enemies":"Automaton","floor":33,"turns":11},{"damage":9,"enemies":"3 Darklings","floor":35,"turns":7},{"damage":0,"enemies":"Orb Walker","floor":37,"turns":2},{"damage":0,"enemies":"3 Darklings","floor":38,"turns":5},{"damage":2,"enemies":"Sphere and 2 Shapes","floor":39,"turns":7},{"damage":0,"enemies":"Mind Bloom Boss Battle","floor":41,"turns":9},{"damage":31,"enemies":"Reptomancer","floor":42,"turns":7},{"damage":0,"enemies":"Writhing Mass","floor":46,"turns":9},{"damage":0,"enemies":"4 Shapes","floor":47,"turns":9},{"damage":0,"enemies":"Maw","floor":48,"turns":8},{"damage":9,"enemies":"Donu and Deca","floor":50,"turns":12},{"damage":0,"enemies":"Shield and Spear","floor":54,"turns":11},{"damage":56,"enemies":"The Heart","floor":55,"turns":11}],"seed_played":"6885142909785152741","potions_obtained":[{"floor":1,"key":"hermit:BlackBile"},{"floor":3,"key":"DistilledChaos"},{"floor":8,"key":"Swift Potion"},{"floor":10,"key":"BlessingOfTheForge"},{"floor":12,"key":"FairyPotion"},{"floor":25,"key":"hermit:Tonic"},{"floor":27,"key":"LiquidBronze"},{"floor":29,"key":"LiquidBronze"}],"is_trial":false,"path_per_floor":["M","M","M","?","M","E","R","E","T","E","R","M","M","M","R","B",null,"M","?","?","?","M","M","?","E","T","M","E","M","$","?","R","B",null,"M","?","M","M","M","R","?","E","T","T","$","M","M","M","R","B",null,"R","$","E","B",null],"character_chosen":"HERMIT","items_purchased":["hermit:Brawl","Frozen Eye","hermit:Deadeye","hermit:Dissolve","EssenceOfSteel","FairyPotion","hermit:Dive","hermit:BigShot"],"campfire_rested":1,"item_purchase_floors":[30,30,30,45,45,53,53,53],"current_hp_per_floor":[72,72,72,72,68,42,64,61,61,61,61,61,61,61,61,47,75,75,75,75,37,37,37,37,26,26,26,29,29,29,29,29,29,37,28,28,28,28,26,26,26,23,23,23,23,23,23,23,23,26,37,37,37,37,15],"gold":54,"neow_bonus":"ONE_RANDOM_RARE_CARD","is_daily":false,"chose_seed":false,"campfire_upgraded":5,"win_rate":0.0,"timestamp":1607675982,"path_taken":["M","M","M","?","M","E","R","E","T","E","R","M","M","M","R","BOSS","M","?","?","?","?","M","?","E","T","M","E","M","$","?","R","BOSS","M","?","M","?","M","R","?","E","T","?","?","M","?","?","R","BOSS","R","$","E","BOSS"],"items_purchased_type":["Card","Relic","Card","Card","Potion","Potion","Card","Card"],"build_version":"2020-11-30","purchased_purges":3,"victory":true,"max_hp_per_floor":[75,75,75,75,75,75,75,75,75,75,75,75,75,75,75,75,75,75,75,75,37,37,37,37,37,37,37,37,37,37,37,37,37,37,37,37,37,37,37,37,37,37,37,37,37,37,37,37,37,37,37,37,37,37,37],"relic_stats":{"Happy Flower":[38],"counters":[31,213],"Bronze Scales":[630],"Kunai":[57],"War Paint":["hermit:LoneWolf","hermit:Dive"],"Question Card":18,"obtain_stats":[{"Happy Flower":28,"Runesmith:Locket":17,"Bottled Tornado":44,"War Paint":54,"Question Card":17,"Calling Bell":17,"Frozen Eye":30,"hermit:RyeStalk":42,"HornCleat":8,"Bronze Scales":17,"Runesmith:UraniumAnvil":34,"Kunai":10,"hermit:Horseshoe":25,"hermit:Momento":0,"FossilizedHelix":6,"Toy Ornithopter":26,"TungstenRod":41,"Meat on the Bone":9},{"Happy Flower":17,"Runesmith:Locket":11,"Bottled Tornado":25,"War Paint":30,"Question Card":11,"Calling Bell":11,"Frozen Eye":18,"hermit:RyeStalk":25,"HornCleat":6,"Bronze Scales":11,"Runesmith:UraniumAnvil":19,"Kunai":7,"hermit:Horseshoe":15,"hermit:Momento":0,"FossilizedHelix":5,"Toy Ornithopter":15,"TungstenRod":24,"Meat on the Bone":6},{"Happy Flower":98,"Runesmith:Locket":57,"Bottled Tornado":153,"War Paint":202,"Question Card":57,"Calling Bell":57,"Frozen Eye":105,"hermit:RyeStalk":153,"HornCleat":24,"Bronze Scales":57,"Runesmith:UraniumAnvil":116,"Kunai":31,"hermit:Horseshoe":86,"hermit:Momento":0,"FossilizedHelix":16,"Toy Ornithopter":86,"TungstenRod":146,"Meat on the Bone":24}],"Toy Ornithopter":5,"TungstenRod":33,"Meat on the Bone":36},"card_choices":[{"not_picked":["hermit:TakeCover","hermit:Gestalt"],"picked":"hermit:Enervate","floor":1},{"not_picked":["hermit:TakeCover","hermit:Manifest"],"picked":"hermit:FlashPowder","floor":2},{"not_picked":["hermit:TakeCover","hermit:HighCaliber"],"picked":"hermit:ShadowCloak","floor":3},{"not_picked":["hermit:BodyArmor","hermit:FullyLoaded"],"picked":"hermit:Headshot","floor":5},{"not_picked":["hermit:TrackingShot","hermit:ItchyTrigger"],"picked":"hermit:Enervate","floor":6},{"not_picked":["hermit:ItchyTrigger","hermit:CalledShot"],"picked":"hermit:Dive","floor":8},{"not_picked":["hermit:LowProfile","hermit:Feint"],"picked":"hermit:CalledShot","floor":10},{"not_picked":["hermit:Combo","hermit:Ricochet"],"picked":"hermit:GoldenBullet","floor":12},{"not_picked":["hermit:Cheat","hermit:CalledShot"],"picked":"hermit:GoldenBullet","floor":13},{"not_picked":["hermit:NoHoldsBarred","hermit:HighCaliber"],"picked":"hermit:Gambit","floor":14},{"not_picked":["hermit:Purgatory","hermit:Gambit"],"picked":"hermit:FinalCanter","floor":16},{"not_picked":["hermit:CursedWeapon","hermit:Showdown","hermit:Vantage"],"picked":"hermit:TakeAim","floor":18},{"not_picked":["hermit:Headshot","hermit:Grudge+1","hermit:EyeOfTheStorm+1"],"picked":"hermit:LoneWolf","floor":22},{"not_picked":["hermit:ItchyTrigger","hermit:LowProfile+1","hermit:HighCaliber"],"picked":"hermit:Dive","floor":23},{"not_picked":["hermit:HighCaliber","hermit:Feint","hermit:LowProfile","hermit:Snipe+1"],"picked":"SKIP","floor":25},{"not_picked":["hermit:Feint","hermit:Determination","hermit:PistolWhip+1"],"picked":"hermit:HeroicBravado","floor":27},{"not_picked":["hermit:Headshot","hermit:Vantage","hermit:Desperado"],"picked":"hermit:ShadowCloak","floor":28},{"not_picked":["hermit:Desperado","hermit:TakeAim+1","hermit:HighCaliber"],"picked":"hermit:Dive","floor":29},{"not_picked":["hermit:DeadOrAlive","hermit:HeroicBravado","hermit:OverwhelmingPower"],"picked":"hermit:Adapt","floor":33},{"not_picked":["hermit:BodyArmor","hermit:CalledShot+1","hermit:Quickdraw+1"],"picked":"hermit:Misfire+1","floor":35},{"not_picked":["hermit:CalledShot","hermit:Combo","hermit:NoHoldsBarred"],"picked":"hermit:Midnight","floor":37},{"not_picked":["hermit:Glare+1","hermit:NoHoldsBarred+1","hermit:Vantage+1"],"picked":"hermit:FromBeyond","floor":38},{"not_picked":["hermit:Ricochet+1","hermit:Coalescence","hermit:HighCaliber+1"],"picked":"hermit:Dive","floor":39},{"not_picked":["hermit:FullyLoaded","hermit:SprayPray+1","hermit:TrackingShot"],"picked":"hermit:Spite+1","floor":41},{"not_picked":["hermit:EyeOfTheStorm","hermit:ItchyTrigger+1","hermit:Desperado","hermit:Deadeye+1"],"picked":"SKIP","floor":42},{"not_picked":["hermit:LoneWolf","hermit:Determination+1","hermit:HoleUp+1"],"picked":"hermit:Manifest+1","floor":46},{"not_picked":["hermit:Desperado+1","hermit:Feint+1","hermit:FinalCanter","hermit:PistolWhip"],"picked":"SKIP","floor":47},{"not_picked":["hermit:Desperado","hermit:Glare+1","hermit:Combo+1","hermit:Deadeye"],"picked":"SKIP","floor":48},{"not_picked":["hermit:PistolWhip","hermit:LowProfile+1","hermit:Glare"],"picked":"hermit:ShadowCloak","floor":54}],"player_experience":1193448,"relics_obtained":[{"floor":6,"key":"FossilizedHelix"},{"floor":8,"key":"HornCleat"},{"floor":9,"key":"Meat on the Bone"},{"floor":10,"key":"Kunai"},{"floor":17,"key":"Bronze Scales"},{"floor":17,"key":"Question Card"},{"floor":17,"key":"Runesmith:Locket"},{"floor":25,"key":"hermit:Horseshoe"},{"floor":26,"key":"Toy Ornithopter"},{"floor":28,"key":"Happy Flower"},{"floor":41,"key":"TungstenRod"},{"floor":42,"key":"hermit:RyeStalk"},{"floor":44,"key":"Bottled Tornado"},{"floor":54,"key":"War Paint"}],"event_choices":[{"damage_healed":0,"gold_gain":0,"cards_transformed":["hermit:Strike_Hermit"],"player_choice":"Change","damage_taken":0,"max_hp_gain":0,"max_hp_loss":0,"event_name":"Living Wall","floor":4,"gold_loss":0,"cards_obtained":["hermit:Combo"]},{"damage_healed":0,"gold_gain":0,"player_choice":"Read","damage_taken":0,"max_hp_gain":0,"max_hp_loss":0,"event_name":"The Library","floor":19,"gold_loss":0,"cards_obtained":["hermit:Scavenge"]},{"cards_removed":["hermit:Strike_Hermit"],"damage_healed":0,"gold_gain":0,"player_choice":"Gave Gold","damage_taken":0,"max_hp_gain":0,"max_hp_loss":0,"event_name":"Beggar","floor":20,"gold_loss":75},{"damage_healed":0,"gold_gain":0,"player_choice":"Became a Ghost","damage_taken":0,"max_hp_gain":0,"max_hp_loss":38,"event_name":"Ghosts","floor":21,"gold_loss":0,"cards_obtained":["Ghostly","Ghostly","Ghostly","Ghostly","Ghostly"]},{"damage_healed":0,"gold_gain":0,"cards_transformed":["hermit:Strike_Hermit","hermit:Strike_Hermit"],"player_choice":"Became Test Subject","damage_taken":0,"max_hp_gain":0,"max_hp_loss":0,"event_name":"Drug Dealer","floor":24,"gold_loss":0,"cards_obtained":["hermit:FinalCanter","hermit:Horror"]},{"damage_healed":0,"gold_gain":99,"player_choice":"Stole From Cult","damage_taken":0,"max_hp_gain":0,"max_hp_loss":0,"event_name":"Nest","floor":31,"gold_loss":0},{"damage_healed":0,"gold_gain":0,"cards_transformed":["hermit:Defend_Hermit"],"player_choice":"Transformed","damage_taken":0,"max_hp_gain":0,"max_hp_loss":0,"event_name":"Transmorgrifier","floor":36,"gold_loss":0,"cards_obtained":["hermit:WideOpen"]},{"damage_healed":0,"gold_gain":0,"player_choice":"Fight","damage_taken":0,"max_hp_gain":0,"max_hp_loss":0,"event_name":"MindBloom","floor":41,"gold_loss":0}],"is_beta":false,"boss_relics":[{"not_picked":["Velvet Choker","SlaversCollar"],"picked":"Calling Bell"},{"not_picked":["Tiny House","hermit:BartenderGlass"],"picked":"Runesmith:UraniumAnvil"}],"items_purged_floors":[30,45,53],"is_endless":false,"potions_floor_spawned":[1,3,8,10,12,25,27,29,33,37,39,47],"ascension_level":1}}