{"host":"q8o6l8eqnoevndy4","time":1607661981,"event":{"mods":["AchievementEnabler","Act Like it!","AlwaysNeverKeys","Bard","BaseMod","Bestiary","Better Altar","Better Match","Better Note","Better Sensory Stone","Better Skull","Better Third Choice","Better Vampires","Better-Laid Plans","Booster Modes","Colored Map","Colored Powertips","Custom Start","Disable Question Mark Monsters","Displayed Cursed Tome","Friendly Minions","GifTheSpireLib","Hermit","Highlight Path","Infinite Spire","Keyboard Shortcuts","Minty Spire (QoL Compilation)","Permanent Neow","Quick Restart","Random Character Button","Random Character Mod","Rare Cards Sparkle","Relic Sorter","Relic Stats","Reorder Act Four","Spicy Shops","StSLib","The Blackbeard","The Gatherer","Transform Curses","Virulent Crown"],"gold_per_floor":[111,125,125,137,152,152,168,178,178,178,195,208,225,87,87,87,187,187,201,201,213,213,213,213,213,213,213,230,159,159,172,188,188,286,286,301,201,215,215,234,234,234,234,234,234,252,252,252,32,32,32,32,32],"floor_reached":52,"playtime":1473,"items_purged":["Strike_R","Strike_R","Strike_R","Strike_R","Writhe"],"score":446,"play_id":"9683e297-3c91-4b27-a9ba-003a3cc2b620","local_time":"20201210234621","is_ascension_mode":false,"campfire_choices":[{"data":"Bash","floor":6.0,"key":"SMITH"},{"data":"Cleave","floor":10.0,"key":"SMITH"},{"data":"Twin Strike","floor":15.0,"key":"SMITH"},{"data":"Twin Strike","floor":16.0,"key":"SMITH"},{"data":"Sword Boomerang","floor":24.0,"key":"SMITH"},{"floor":26.0,"key":"REST"},{"floor":33.0,"key":"REST"},{"floor":41.0,"key":"REST"},{"data":"True Grit","floor":43.0,"key":"SMITH"},{"data":"Iron Wave","floor":45.0,"key":"SMITH"},{"data":"Armaments","floor":50.0,"key":"SMITH"},{"data":"Shrug It Off","floor":51.0,"key":"SMITH"}],"circlet_count":0,"master_deck":["Strike_R","Defend_R","Defend_R","Defend_R","Bash+1","Cleave+1","Shrug It Off","Twin Strike+1","Twin Strike+1","Flex+1","Iron Wave+1","Shrug It Off+1","Sword Boomerang+1","Cleave","Iron Wave+1","Twin Strike+1","True Grit+1","Headbutt","Armaments+1"],"relics":["Burning Blood"],"acts_visited":["Exordium","TheCity","TheBeyond"],"potions_floor_usage":[52,52],"damage_taken":[{"damage":4.0,"enemies":"Small Slimes","floor":1.0,"turns":3.0},{"damage":0.0,"enemies":"2 Louse","floor":2.0,"turns":3.0},{"damage":6.0,"enemies":"Jaw Worm","floor":4.0,"turns":3.0},{"damage":11.0,"enemies":"2 Fungi Beasts","floor":5.0,"turns":3.0},{"damage":8.0,"enemies":"Large Slime","floor":7.0,"turns":4.0},{"damage":8.0,"enemies":"Lots of Slimes","floor":8.0,"turns":2.0},{"damage":10.0,"enemies":"Looter","floor":11.0,"turns":2.0},{"damage":14.0,"enemies":"Exordium Thugs","floor":12.0,"turns":4.0},{"damage":0.0,"enemies":"Large Slime","floor":13.0,"turns":4.0},{"damage":58.0,"enemies":"The Guardian","floor":17.0,"turns":11.0},{"damage":15.0,"enemies":"Chosen","floor":19.0,"turns":4.0},{"damage":17.0,"enemies":"3 Byrds","floor":21.0,"turns":5.0},{"damage":29.0,"enemies":"Cultist and Chosen","floor":28.0,"turns":5.0},{"damage":9.0,"enemies":"3 Cultists","floor":31.0,"turns":5.0},{"damage":47.0,"enemies":"Snake Plant","floor":32.0,"turns":6.0},{"damage":63.0,"enemies":"Collector","floor":34.0,"turns":8.0},{"damage":49.0,"enemies":"3 Darklings","floor":36.0,"turns":7.0},{"damage":24.0,"enemies":"3 Shapes","floor":38.0,"turns":5.0},{"damage":20.0,"enemies":"Jaw Worm Horde","floor":40.0,"turns":4.0},{"damage":36.0,"enemies":"Sphere and 2 Shapes","floor":46.0,"turns":6.0},{"damage":80,"enemies":"Awakened One","floor":52,"turns":8}],"seed_played":"-8664270220347046177","potions_obtained":[{"floor":1.0,"key":"SpeedPotion"},{"floor":4.0,"key":"Fruit Juice"},{"floor":11.0,"key":"DistilledChaos"},{"floor":17.0,"key":"CultistPotion"},{"floor":28.0,"key":"PowerPotion"},{"floor":32.0,"key":"LiquidMemories"},{"floor":36.0,"key":"ColorlessPotion"}],"is_trial":false,"path_per_floor":["M","M","?","M","M","R","M","M","T","R","M","M","M","$","R","R","B",null,"M","AVR","M","?","?","R","?","R","T","M","?","?","M","M","R","B",null,"M","$","M","?","M","R","?","R","T","R","M","AVR","?","$","R","R","B"],"character_chosen":"IRONCLAD","items_purchased":["Shrug It Off","Armaments","BloodPotion"],"campfire_rested":3,"item_purchase_floors":[14,49,49],"current_hp_per_floor":[80,80,80,85,80,80,78,76,76,76,72,64,70,70,70,70,18,85,76,76,65,65,45,45,45,70,70,64,84,84,81,40,65,8,85,42,42,24,24,10,35,74,74,74,74,44,44,63,63,63,63,0,0],"gold":32,"neow_bonus":"THREE_CARDS","is_daily":false,"chose_seed":false,"campfire_upgraded":9,"win_rate":0.0,"timestamp":1607661981,"path_taken":["M","M","?","M","M","R","M","M","T","R","M","M","M","$","R","R","BOSS","M","AVR","M","?","?","R","?","R","T","?","?","?","M","?","R","BOSS","M","$","M","?","M","R","?","R","T","R","M","AVR","?","$","R","R","BOSS"],"items_purchased_type":["Card","Card","Potion"],"build_version":"2020-11-30","purchased_purges":5,"victory":false,"max_hp_per_floor":[80,80,80,85,85,85,85,85,85,85,85,85,85,85,85,85,85,85,85,85,85,85,85,85,85,85,85,85,85,85,85,85,85,85,85,85,85,85,85,85,85,74,74,74,74,74,74,74,74,74,74,74,74],"relic_stats":{"counters":[21,102],"obtain_stats":[{"Burning Blood":0},{"Burning Blood":0},{"Burning Blood":0}],"Burning Blood":112},"card_choices":[{"not_picked":["Rage","Clothesline"],"picked":"Cleave","floor":0.0},{"not_picked":["Cleave","Iron Wave"],"picked":"Shrug It Off","floor":1.0},{"not_picked":["Wild Strike","Burning Pact"],"picked":"Twin Strike","floor":2.0},{"not_picked":["Second Wind","Reckless Charge","Burning Pact"],"picked":"SKIP","floor":4.0},{"not_picked":["Clash","Sword Boomerang"],"picked":"Twin Strike","floor":5.0},{"not_picked":["Heavy Blade","Sentinel","Dropkick"],"picked":"SKIP","floor":7.0},{"not_picked":["Barricade","Disarm"],"picked":"Flex","floor":8.0},{"not_picked":["Heavy Blade","Blood for Blood","Warcry"],"picked":"SKIP","floor":11.0},{"not_picked":["Infernal Blade","Warcry","Power Through"],"picked":"SKIP","floor":12.0},{"not_picked":["Rupture","Havoc"],"picked":"Iron Wave","floor":13.0},{"not_picked":["Bloodletting","Entrench","Heavy Blade"],"picked":"SKIP","floor":19.0},{"not_picked":["Battle Trance","Second Wind"],"picked":"Sword Boomerang","floor":21.0},{"not_picked":["Bloodletting","Seeing Red"],"picked":"Cleave","floor":28.0},{"not_picked":["Shrug It Off","Body Slam"],"picked":"Iron Wave+1","floor":31.0},{"not_picked":["Dropkick","Anger+1","Evolve+1"],"picked":"SKIP","floor":32.0},{"not_picked":["Dropkick","Anger+1","Evolve+1"],"picked":"SKIP","floor":32.0},{"not_picked":["Seeing Red","Iron Wave"],"picked":"Twin Strike+1","floor":36.0},{"not_picked":["Wild Strike+1","Infernal Blade+1","Reckless Charge+1"],"picked":"SKIP","floor":38.0},{"not_picked":["Iron Wave","Dual Wield+1"],"picked":"True Grit","floor":40.0},{"not_picked":["Body Slam+1","Twin Strike+1"],"picked":"Headbutt","floor":46.0}],"player_experience":1136489,"relics_obtained":[],"event_choices":[{"cards_removed":["Defend_R"],"damage_healed":0.0,"max_hp_gain":0.0,"max_hp_loss":0.0,"gold_gain":0.0,"event_name":"Living Wall","player_choice":"Forget","floor":3.0,"gold_loss":0.0,"damage_taken":0.0},{"damage_healed":0.0,"max_hp_gain":0.0,"max_hp_loss":0.0,"gold_gain":0.0,"event_name":"betterNote:BetterNote","player_choice":"Ignored","floor":22.0,"gold_loss":0.0,"damage_taken":0.0,"cards_obtained":["Jack Of All Trades"]},{"damage_healed":0.0,"max_hp_gain":65.0,"max_hp_loss":45.0,"gold_gain":0.0,"event_name":"betterAltar:BetterAltar","player_choice":" Potion ","floor":23.0,"potions_obtained":["betterAltar:AltarPotion"],"relics_lost":[],"gold_loss":0.0,"damage_taken":20.0,"relics_obtained":[]},{"damage_healed":0.0,"max_hp_gain":0.0,"max_hp_loss":0.0,"gold_gain":0.0,"event_name":"Upgrade Shrine","player_choice":"Upgraded","floor":25.0,"gold_loss":0.0,"damage_taken":0.0,"cards_upgraded":["Flex"]},{"damage_healed":0.0,"max_hp_gain":0.0,"max_hp_loss":0.0,"gold_gain":2.0,"event_name":"betterStone:BetterStone","player_choice":"1","floor":30.0,"gold_loss":0.0,"damage_taken":0.0},{"damage_healed":0.0,"max_hp_gain":0.0,"max_hp_loss":0.0,"gold_gain":0.0,"event_name":"Mysterious Sphere","player_choice":"Ignored","floor":39.0,"gold_loss":0.0,"damage_taken":0.0},{"damage_healed":74.0,"max_hp_gain":0.0,"max_hp_loss":11.0,"gold_gain":0.0,"event_name":"The Moai Head","player_choice":"Heal","floor":42.0,"gold_loss":0.0,"damage_taken":0.0},{"damage_healed":19.0,"max_hp_gain":0.0,"max_hp_loss":0.0,"gold_gain":0.0,"event_name":"Winding Halls","player_choice":"Writhe","floor":48.0,"gold_loss":0.0,"damage_taken":0.0,"cards_obtained":["Writhe"]}],"is_beta":false,"boss_relics":[{"not_picked":["Fusion Hammer","Runic Dome","Ectoplasm"]},{"not_picked":["Tiny House","Coffee Dripper","infinitespire:Cupcake"]}],"items_purged_floors":[14,20,37,47,49],"is_endless":false,"potions_floor_spawned":[1,4,11,17,28,32,36],"killed_by":"Awakened One","ascension_level":0}}