{"host":"k6qwgpygxbgz06bg","time":1607714089,"event":{"mods":["BaseMod","Beaked The Cultist","Better Third Choice","BetterRewards","Colored Map","Friendly Minions","Marisa????????","Minty Spire (QoL Compilation)","Replay The Spire","StSLib","The Administrix","The Bug Knight","The Cursed","The Gatherer","The Mystic","The Witch"],"gold_per_floor":[10,37,51,68,168,168,187,218,242,242,270,289,289,289,289,306,306,403,403,415,427,177,195,120,145,161,161,216,216,246,246,171,190,190,190,190],"floor_reached":35,"playtime":1327,"items_purged":["Strike_P"],"score":332,"play_id":"f6444632-8ffa-434a-bb7a-9022fa3f95f5","local_time":"20201211201449","is_ascension_mode":false,"campfire_choices":[{"data":"Devotion","floor":6,"key":"SMITH"},{"data":"SashWhip","floor":10,"key":"SMITH"},{"data":"Eruption","floor":15,"key":"SMITH"},{"data":"JustLucky","floor":17,"key":"SMITH"},{"floor":27,"key":"REST"},{"data":"LikeWater","floor":31,"key":"SMITH"},{"data":"Replay:LoomingThreat","floor":34,"key":"SMITH"}],"circlet_count":0,"master_deck":["Defend_P","Defend_P+1","Defend_P","Eruption+1","Vigilance+1","Devotion+1","ClearTheMind","SashWhip+1","Prostrate","FlurryOfBlows","LikeWater+1","CutThroughFate","Indignation","JustLucky+1","Brilliance","FlyingSleeves+1","GremboGang","Sanctity+1","Protect","Fasting2+1","Bite","Bite","Bite","Bite","Bite","Collect","Replay:LoomingThreat+1"],"relics":["HolyWater","War Paint","Ice Cream","Replay:Mystery Machine","Vajra","ReplayFunnel","ReplayTheSpireMod:TigerMarble","Blue Doll"],"acts_visited":["Exordium","TheCity"],"potions_floor_usage":[8,20,20,21,25,25,30],"damage_taken":[{"damage":0,"enemies":"Cultist","floor":1,"turns":3},{"damage":5,"enemies":"Small Slimes","floor":3,"turns":4},{"damage":0,"enemies":"Jaw Worm","floor":4,"turns":2},{"damage":0,"enemies":"Large Slime","floor":7,"turns":4},{"damage":10,"enemies":"Gremlin Nob","floor":8,"turns":4},{"damage":1,"enemies":"3 Sentries","floor":11,"turns":8},{"damage":0,"enemies":"2 Fungi Beasts","floor":12,"turns":3},{"damage":16,"enemies":"Exordium Thugs","floor":16,"turns":2},{"damage":2,"enemies":"Slime Boss","floor":18,"turns":9},{"damage":0,"enemies":"2 Thieves","floor":20,"turns":3},{"damage":15,"enemies":"3 Byrds","floor":21,"turns":4},{"damage":0,"enemies":"Snecko","floor":23,"turns":4},{"damage":32,"enemies":"Slavers","floor":25,"turns":5},{"damage":9,"enemies":"Shelled Parasite and Fungi","floor":26,"turns":3},{"damage":32,"enemies":"Gremlin Leader","floor":30,"turns":5},{"damage":0,"enemies":"Centurion and Healer","floor":33,"turns":3},{"damage":31,"enemies":"Collector","floor":35,"turns":3}],"seed_played":"6896716627416071633","potions_obtained":[{"floor":1,"key":"SpeedPotion"},{"floor":3,"key":"SkillPotion"},{"floor":4,"key":"LifebloodPotion"},{"floor":11,"key":"Fire Potion"},{"floor":18,"key":"Venom Potion"},{"floor":20,"key":"PowerPotion"},{"floor":23,"key":"Block Potion"},{"floor":26,"key":"AttackPotion"}],"is_trial":false,"path_per_floor":["M","T","M","M","?","R","M","E","T","R","E","M","PTL","PTL","R","M","R","B",null,"M","M","?","M","$","E","M","R","T","?","E","R","?","M","R","B"],"character_chosen":"WATCHER","items_purchased":[],"campfire_rested":1,"item_purchase_floors":[],"current_hp_per_floor":[72,72,67,67,67,67,67,57,57,57,56,56,56,56,56,40,40,38,72,72,57,57,57,57,25,16,37,37,37,13,13,13,19,19,0,0],"gold":190,"neow_bonus":"THREE_RARE_CARDS","is_daily":false,"chose_seed":false,"campfire_upgraded":6,"win_rate":0.0,"timestamp":1607714089,"path_taken":["M","?","M","M","?","R","?","E","T","R","E","M","PTL","PTL","R","M","R","BOSS","M","M","?","M","$","E","M","R","T","?","E","R","?","M","R","BOSS"],"items_purchased_type":[],"build_version":"2020-11-30","purchased_purges":1,"victory":false,"max_hp_per_floor":[72,72,72,72,72,72,72,72,72,72,72,72,72,72,72,72,72,72,72,72,72,72,72,72,72,72,72,72,50,50,50,50,50,50,50,50],"card_choices":[{"not_picked":["ConjureBlade","Replay:AllIn"],"picked":"Devotion","floor":0},{"not_picked":["EmptyMind","CutThroughFate"],"picked":"ClearTheMind","floor":1},{"not_picked":["Replay:AtTheReady","WreathOfFlame"],"picked":"SashWhip","floor":3},{"not_picked":["Conclude","FollowUp"],"picked":"Prostrate","floor":4},{"not_picked":["Evaluate","Perseverance"],"picked":"FlurryOfBlows","floor":7},{"not_picked":["ClearTheMind","Halt"],"picked":"LikeWater","floor":8},{"not_picked":["Tantrum","EmptyFist"],"picked":"CutThroughFate","floor":11},{"not_picked":["BowlingBash","CutThroughFate"],"picked":"Indignation","floor":12},{"not_picked":["FlurryOfBlows","Replay:Anticipation"],"picked":"JustLucky","floor":16},{"not_picked":["Establishment","Replay:LoomingThreat"],"picked":"Brilliance","floor":18},{"not_picked":["Halt","FollowUp"],"picked":"FlyingSleeves+1","floor":20},{"not_picked":["BowlingBash","Halt","CutThroughFate"],"picked":"SKIP","floor":21},{"not_picked":["EmptyBody","LikeWater"],"picked":"Sanctity+1","floor":23},{"not_picked":["ForeignInfluence","JustLucky"],"picked":"Protect","floor":25},{"not_picked":["SashWhip","Replay:BluntJabs+1"],"picked":"Fasting2+1","floor":26},{"not_picked":["Evaluate","WreathOfFlame"],"picked":"Collect","floor":30},{"not_picked":["SashWhip","Fasting2"],"picked":"Replay:LoomingThreat","floor":33}],"player_experience":148257,"relics_obtained":[{"floor":2,"key":"War Paint"},{"floor":8,"key":"Ice Cream"},{"floor":9,"key":"Replay:Mystery Machine"},{"floor":11,"key":"Vajra"},{"floor":25,"key":"ReplayFunnel"},{"floor":28,"key":"ReplayTheSpireMod:TigerMarble"},{"floor":30,"key":"Blue Doll"}],"event_choices":[{"damage_healed":0,"gold_gain":100,"player_choice":"Pray","damage_taken":0,"max_hp_gain":0,"max_hp_loss":0,"event_name":"Golden Shrine","floor":5,"gold_loss":0},{"damage_healed":0,"gold_gain":0,"player_choice":"Became a vampire","damage_taken":0,"max_hp_gain":0,"max_hp_loss":22,"event_name":"Vampires","floor":29,"gold_loss":0,"cards_obtained":["Bite","Bite","Bite","Bite","Bite"]},{"cards_removed":["Defend_P"],"damage_healed":0,"gold_gain":0,"player_choice":"Gave Gold","damage_taken":0,"max_hp_gain":0,"max_hp_loss":0,"event_name":"Beggar","floor":32,"gold_loss":75}],"is_beta":false,"boss_relics":[{"not_picked":["Replay:Drink Me","Ring of Chaos"],"picked":"HolyWater"}],"items_purged_floors":[24],"is_endless":false,"potions_floor_spawned":[1,3,4,11,18,20,23,26],"killed_by":"Collector","ascension_level":0}}