{"host":"3xls0xm49ftugio7","time":1607682663,"event":{"mods":["2.2 Compatiblity","AchievementEnabler","Act Like it!","BaseMod","Colored Powertips","GifTheSpireLib","Hermit","Minty Spire (QoL Compilation)","Quick Restart","Relic Stats","StSLib","The Florist","The Hierophant"],"gold_per_floor":[215,195,212,227,70,70,70],"floor_reached":6,"playtime":180,"items_purged":[],"score":70,"play_id":"6f7eb00d-20b3-45c6-bdd9-02dc10e6e514","local_time":"20201211123103","is_ascension_mode":true,"campfire_choices":[],"circlet_count":0,"master_deck":["AscendersBane","hermit:Strike_Hermit","hermit:Strike_Hermit","hermit:Strike_Hermit","hermit:Strike_Hermit","hermit:Defend_Hermit","hermit:Defend_Hermit","hermit:Defend_Hermit","hermit:Defend_Hermit","hermit:Snapshot","hermit:Covet","hermit:FlashPowder","hermit:Manifest","hermit:Quickdraw","hermit:ShadowCloak","hermit:EyeOfTheStorm"],"relics":["hermit:Momento"],"acts_visited":["Exordium"],"potions_floor_usage":[],"damage_taken":[{"damage":0,"enemies":"2 Louse","floor":1,"turns":3},{"damage":4,"enemies":"Cultist","floor":3,"turns":4},{"damage":2,"enemies":"Jaw Worm","floor":4,"turns":4},{"damage":75,"enemies":"Gremlin Nob","floor":6,"turns":5}],"seed_played":"218797550869072867","potions_obtained":[{"floor":1,"key":"Strength Potion"},{"floor":2,"key":"Strength Potion"}],"is_trial":false,"path_per_floor":["M","?","M","M","$","E"],"character_chosen":"HERMIT","items_purchased":["hermit:ShadowCloak","hermit:EyeOfTheStorm"],"campfire_rested":0,"item_purchase_floors":[5,5],"current_hp_per_floor":[64,64,60,58,58,0,0],"gold":70,"neow_bonus":"HUNDRED_GOLD","is_daily":false,"chose_seed":false,"campfire_upgraded":0,"win_rate":0.0,"timestamp":1607682663,"path_taken":["M","?","M","?","$","E"],"items_purchased_type":["Card","Card"],"build_version":"2020-11-30","purchased_purges":0,"victory":false,"max_hp_per_floor":[71,71,71,71,71,71,71],"relic_stats":{"counters":[4,16],"obtain_stats":[{"hermit:Momento":0},{"hermit:Momento":0},{"hermit:Momento":0}]},"card_choices":[{"not_picked":["hermit:Scavenge","hermit:BodyArmor"],"picked":"hermit:FlashPowder","floor":1},{"not_picked":["hermit:Snipe","hermit:ItchyTrigger"],"picked":"hermit:Manifest","floor":3},{"not_picked":["hermit:Desperado","hermit:LuckOfTheDraw"],"picked":"hermit:Quickdraw","floor":4}],"player_experience":808962,"relics_obtained":[],"event_choices":[{"damage_healed":0,"gold_gain":0,"player_choice":"Bought 1 Potion","damage_taken":0,"max_hp_gain":0,"max_hp_loss":0,"event_name":"The Woman in Blue","floor":2,"gold_loss":0}],"is_beta":false,"boss_relics":[],"items_purged_floors":[],"is_endless":false,"potions_floor_spawned":[1],"killed_by":"Gremlin Nob","ascension_level":19}}