{"host":"9vk21r6l9dtkpvh9","time":1607691584,"event":{"mods":["2.2 Compatiblity","AchievementEnabler","Act Like it!","Astrologer","Bartender","BaseMod","Better Altar","Better Match","Better Note","Better Sensory Stone","Better Skull","Better Third Choice","CapriCore","CatGirl Mod","Colored Map","Colored Powertips","Conspire","DeckTracker","Downfall","Energized Spire","Fiend Mod","Gensokyo","GifTheSpireLib","Hermit","Hubris","Infinite Spire","Jorbs\u0027s Wanderer Trilogy","Koishi","Luminous","Mad Scientist","Marisa????????","Mimic Mod","Minty Spire (QoL Compilation)","Potionbrewer","Rare Cards Sparkle","Relic Stats","Replay The Spire","SOS???????","Shade Mod","Somnambulant","Spicy Shops","StSLib","SuperFastMode","Td1madao Mod","The Animator","The Construct","The Forsaken","The Gatherer","The Hierophant","The Immortal","The Jungle","The Mystic","The Necromancer","The Runesmith","The Senshi","The Servant 0.9.4","The Trickster","The Valiant","The Wild Card","TheBandit","TheSwordswoman","TheWitcher","vexMod","???Mod??????Boss"],"gold_per_floor":[117,117,132,132,149,181,181,198,235,260,278,231,259,259,259,259,259],"floor_reached":16,"playtime":916,"items_purged":[],"score":144,"play_id":"870b653b-f55c-4ca0-a9fe-6402689fe80c","local_time":"20201211075944","is_ascension_mode":true,"campfire_choices":[{"data":"Protect","floor":7,"key":"SMITH"},{"data":"Vigilance","floor":15,"key":"SMITH"}],"circlet_count":0,"master_deck":["Strike_P","Strike_P","Defend_P","Defend_P","Defend_P","Defend_P","Eruption+1","Vigilance+1","BowlingBash","CrushJoints","Protect+1","MentalFortress+1","Swivel","Halt"],"relics":["PureWater","infinitespire:Satchel","Gambling Chip","Chameleon Ring","betterThird:SlimedRelic","Prayer Wheel"],"acts_visited":["Exordium"],"potions_floor_usage":[6,10,13,13],"damage_taken":[{"damage":0,"enemies":"conspire:RoseBush","floor":1,"turns":5},{"damage":0,"enemies":"Cultist","floor":3,"turns":3},{"damage":0,"enemies":"Small Slimes","floor":5,"turns":2},{"damage":4,"enemies":"Gremlin Nob","floor":6,"turns":3},{"damage":1,"enemies":"3 Louse","floor":8,"turns":3},{"damage":1,"enemies":"Large Slime","floor":9,"turns":10},{"damage":30,"enemies":"3 Sentries","floor":10,"turns":9},{"damage":1,"enemies":"Large Slime","floor":11,"turns":5},{"damage":9,"enemies":"Lagavulin","floor":13,"turns":7},{"damage":52,"enemies":"Slime Boss","floor":16,"turns":9}],"seed_played":"164336919474589120","potions_obtained":[{"floor":5,"key":"Swift Potion"},{"floor":6,"key":"Regen Potion"},{"floor":8,"key":"Regen Potion"},{"floor":11,"key":"Weak Potion"}],"is_trial":false,"path_per_floor":["M","?","M","?","M","E","R","M","MIM","E","M","?","E","?","R","B"],"character_chosen":"WATCHER","items_purchased":[],"campfire_rested":0,"item_purchase_floors":[],"current_hp_per_floor":[72,72,72,72,72,68,68,67,66,51,50,39,55,50,50,0,0],"gold":259,"neow_bonus":"RANDOM_COMMON_RELIC","is_daily":false,"chose_seed":false,"campfire_upgraded":2,"win_rate":0.0,"timestamp":1607691584,"path_taken":["M","?","?","?","M","E","R","?","MIM","E","?","?","E","?","R","BOSS"],"items_purchased_type":[],"build_version":"2020-11-30","purchased_purges":0,"victory":false,"max_hp_per_floor":[72,72,72,72,72,72,72,72,72,72,72,72,72,72,72,72,72],"relic_stats":{"counters":[10,56],"Gambling Chip":[2],"Prayer Wheel":0,"obtain_stats":[{"Chameleon Ring":10,"Gambling Chip":6,"betterThird:SlimedRelic":12,"infinitespire:Satchel":0,"Prayer Wheel":13,"PureWater":0},{"Chameleon Ring":7,"Gambling Chip":4,"betterThird:SlimedRelic":8,"infinitespire:Satchel":0,"Prayer Wheel":9,"PureWater":0},{"Chameleon Ring":35,"Gambling Chip":13,"betterThird:SlimedRelic":40,"infinitespire:Satchel":0,"Prayer Wheel":47,"PureWater":0}]},"card_choices":[{"not_picked":["Pray","JustLucky"],"picked":"BowlingBash","floor":1},{"not_picked":["Replay:ManipulateFuture","Nirvana"],"picked":"CrushJoints","floor":3},{"not_picked":["Consecrate","Conclude"],"picked":"Protect","floor":5},{"not_picked":["Study","Replay:DivineShield","Replay:Battleflow"],"picked":"SKIP","floor":6},{"not_picked":["ClearTheMind","CrushJoints","Replay:BluntJabs"],"picked":"SKIP","floor":8},{"not_picked":["SpiritShield","WreathOfFlame"],"picked":"MentalFortress","floor":10},{"not_picked":["ClearTheMind","Worship"],"picked":"Swivel","floor":11},{"not_picked":["FearNoEvil","WindmillStrike"],"picked":"Halt","floor":13}],"player_experience":556511,"relics_obtained":[{"floor":6,"key":"Gambling Chip"},{"floor":10,"key":"Chameleon Ring"},{"floor":13,"key":"Prayer Wheel"}],"event_choices":[{"cards_removed":["Strike_P"],"damage_healed":0,"gold_gain":0,"player_choice":"Offered Basic","damage_taken":0,"max_hp_gain":0,"max_hp_loss":0,"event_name":"Bonfire Elementals","floor":2,"gold_loss":0},{"damage_healed":0,"gold_gain":0,"player_choice":"Forge","damage_taken":0,"max_hp_gain":0,"max_hp_loss":0,"event_name":"Accursed Blacksmith","floor":4,"gold_loss":0,"cards_upgraded":["Eruption"]},{"damage_healed":0,"gold_gain":0,"player_choice":"Slimed","damage_taken":11,"max_hp_gain":0,"max_hp_loss":0,"event_name":"betterThird:BetterGoop","floor":12,"gold_loss":47}],"is_beta":false,"boss_relics":[],"items_purged_floors":[],"is_endless":false,"potions_floor_spawned":[5,6,8,11],"killed_by":"Slime Boss","ascension_level":4}}