{"host":"6o1vh5lr98s0jjq7","time":1607648005,"event":{"mods":["2.2 Compatiblity","Act Like it!","Aspiration","BaseMod","Better Altar","Better Match","Better Note","Better Third Choice","Conspire","Downfall","Gensokyo","Hallownest","Infinite Spire","Marisa????????","Minty Spire (QoL Compilation)","Replay The Spire","StSLib","The Alterego","WarShipGirlsR/????R mod"],"gold_per_floor":[99,99,99,134,154,168,168,3,3,34,52,502,519,519,532,532,532],"floor_reached":16,"playtime":704,"items_purged":[],"score":158,"play_id":"ea511635-af67-4691-88a3-ac6498de90c1","local_time":"20201210185325","is_ascension_mode":true,"campfire_choices":[{"floor":1,"key":"RECALL"},{"floor":9,"key":"REST"}],"circlet_count":0,"master_deck":["Strike_MRS","Strike_MRS","Strike_MRS","Strike_MRS","Defend_MRS","Defend_MRS","Defend_MRS","Defend_MRS","MasterSpark","UpSweep","infinitespire:Punishment","MachineGunSpark","PowerUp","DC","6A","StarBarrage","SuperPerseids","Slimebound:Icky","Slimebound:Icky","Slimebound:Icky","PowerUp","GalacticHalo"],"relics":["MiniHakkero","downfall:HeartsMalice","Pen Nib","Juzu Bracelet","Strange Spoon","Kunai"],"acts_visited":["Exordium"],"potions_floor_usage":[10,14,16,16],"damage_taken":[{"damage":0,"enemies":"2 Louse","floor":3,"turns":1},{"damage":0,"enemies":"Replay:BlueRogue","floor":4,"turns":1},{"damage":1,"enemies":"conspire:RoseBush","floor":5,"turns":2},{"damage":7,"enemies":"Jaw Worm","floor":6,"turns":2},{"damage":5,"enemies":"downfall:FleeingMerchant","floor":8,"turns":4},{"damage":24,"enemies":"3 Sentries","floor":10,"turns":4},{"damage":0,"enemies":"Exordium Wildlife","floor":11,"turns":2},{"damage":10,"enemies":"conspire:2 RoseBushes","floor":13,"turns":3},{"damage":0,"enemies":"Gremlin Gang","floor":14,"turns":1},{"damage":8,"enemies":"Blue Slaver","floor":15,"turns":2},{"damage":27,"enemies":"downfall:CharBossWatcher","floor":16,"turns":6}],"seed_played":"725797527995057868","potions_obtained":[{"floor":4,"key":"Milkshake"},{"floor":6,"key":"sneckomod:MuddlingPotion"},{"floor":11,"key":"SpeedPotion"},{"floor":13,"key":"ShroomBrew"}],"is_trial":false,"path_per_floor":["R","?","M","E","M","M","T","$","R","E","M","?","M","M","M","B"],"character_chosen":"MARISA","items_purchased":["Strange Spoon"],"campfire_rested":1,"item_purchase_floors":[8],"current_hp_per_floor":[75,58,58,58,57,50,50,45,67,43,43,43,33,33,25,0,0],"gold":532,"neow_bonus":"THREE_ENEMY_KILL","is_daily":false,"chose_seed":false,"campfire_upgraded":0,"win_rate":0.0,"timestamp":1607648005,"path_taken":["R","?","M","E","M","M","T","$","R","E","M","?","M","M","M","BOSS"],"items_purchased_type":["Relic"],"build_version":"2020-11-30","purchased_purges":0,"victory":false,"max_hp_per_floor":[75,75,75,75,75,75,75,75,75,75,75,75,75,75,75,75,75],"card_choices":[{"not_picked":["ReplayTheSpireMod:Echoes of Time","infinitespire:Starlight"],"picked":"infinitespire:Punishment","floor":2},{"not_picked":["EnergyFlow","IllusionStar"],"picked":"MachineGunSpark","floor":3},{"not_picked":["DoubleSpark","IllusionStar"],"picked":"PowerUp","floor":4},{"not_picked":["ShootingEcho","DragonMeteor"],"picked":"DC","floor":5},{"not_picked":["GasGiant","WitchOfGreed"],"picked":"6A","floor":6},{"not_picked":["BlazeAway","FinalSpark"],"picked":"StarBarrage","floor":10},{"not_picked":["GalacticHalo","GravityBeat"],"picked":"SuperPerseids","floor":11},{"not_picked":["StarlightTyphoon","SporeBomb"],"picked":"PowerUp","floor":13},{"not_picked":["ChargingUp","OortCloud"],"picked":"GalacticHalo","floor":15}],"player_experience":175560,"relics_obtained":[{"floor":4,"key":"Pen Nib"},{"floor":7,"key":"Juzu Bracelet"},{"floor":10,"key":"Kunai"}],"event_choices":[],"is_beta":false,"boss_relics":[],"items_purged_floors":[],"is_endless":false,"potions_floor_spawned":[4,6,11,13],"killed_by":"downfall:CharBossWatcher","ascension_level":3}}