{"host":"q2j4ef1ti78v4imq","time":1607694385,"event":{"mods":["AchievementEnabler","BaseMod","Better Altar","Better Match","Better Note","Better Sensory Stone","Better Skull","Better Third Choice","Block Reminder","Hermit","Minty Spire (QoL Compilation)","Relic Stats","Replay The Spire","Shade Mod","StSLib"],"gold_per_floor":[116,416,427,438,457,482,482,516,516,516,541,556,571,571,571,648,648,661,675,600,203,220,247,266,284,284,318,318,318,393,430,430,531,531,591,684,684,727,766,766,840,840,867,936,986,1030,422,422,422,490,490,490,1,63,91],"floor_reached":56,"playtime":4326,"items_purged":["Defend_G"],"score":2204,"play_id":"59640aa3-0529-475e-8d9b-66a3aebe00a4","local_time":"20201211134625","is_ascension_mode":true,"campfire_choices":[{"data":"Blade Dance","floor":7.0,"key":"SMITH"},{"floor":10.0,"key":"REST"},{"floor":15.0,"key":"REST"},{"data":"Accuracy","floor":29,"key":"SMITH"},{"data":"ReplayTheSpireMod:Scrap Shanks","floor":29,"key":"SMITH"},{"data":"1","floor":32,"key":"LIFT"},{"data":"2","floor":40,"key":"LIFT"},{"data":"3","floor":42,"key":"LIFT"},{"floor":49,"key":"RECALL"},{"data":"Finisher","floor":52,"key":"SMITH"},{"data":"Well Laid Plans","floor":52,"key":"SMITH"}],"circlet_count":0,"master_deck":["AscendersBane","Strike_G","Strike_G","Strike_G","Strike_G","Defend_G","Defend_G","Defend_G","Survivor","Neutralize","Blade Dance+1","Accuracy+1","ReplayTheSpireMod:Scrap Shanks+1","PiercingWail","Cloak And Dagger","Bullet Time+1","Blade Dance","Dagger Throw","Apotheosis+1","After Image+1","Finisher+1","Forethought+1","Corpse Explosion","Phantasmal Killer","Well Laid Plans+1","Parasite","Infinite Blades","Madness","ReplayTheSpireMod:Brewmster","After Image"],"relics":["Ring of the Snake","Old Coin","Girya","Calipers","FossilizedHelix","Replay:Ringing Soul","Snecko Scales","Ninja Scroll","Guide Book","Replay:Arrowhead","Mummified Hand","Replay:Bandana","Meat on the Bone","Philosopher\u0027s Stone","Lizard Tail","Sundial","Singing Bowl","Durian","TheAbacus","Torii","HornCleat"],"acts_visited":["Exordium","TheCity","TheBeyond","TheEnding"],"potions_floor_usage":[55,55,55,55,55],"damage_taken":[{"damage":2.0,"enemies":"Jaw Worm","floor":1.0,"turns":5.0},{"damage":1.0,"enemies":"Cultist","floor":3.0,"turns":5.0},{"damage":1.0,"enemies":"2 Louse","floor":4.0,"turns":4.0},{"damage":0.0,"enemies":"Exordium Wildlife","floor":5.0,"turns":4.0},{"damage":30.0,"enemies":"3 Sentries","floor":6.0,"turns":8.0},{"damage":28.0,"enemies":"Gremlin Nob","floor":8.0,"turns":5.0},{"damage":26.0,"enemies":"Lagavulin","floor":11.0,"turns":9.0},{"damage":0.0,"enemies":"3 Louse","floor":12.0,"turns":2.0},{"damage":0.0,"enemies":"Gremlin Gang","floor":13.0,"turns":4.0},{"damage":16.0,"enemies":"Hexaghost","floor":16.0,"turns":8.0},{"damage":0,"enemies":"Shell Parasite","floor":18,"turns":3},{"damage":0,"enemies":"Spheric Guardian","floor":19,"turns":1},{"damage":0,"enemies":"Centurion and Healer","floor":22,"turns":4},{"damage":0,"enemies":"Book of Stabbing","floor":23,"turns":4},{"damage":0,"enemies":"Snake Plant","floor":24,"turns":4},{"damage":0,"enemies":"Snecko","floor":25,"turns":3},{"damage":0,"enemies":"Slavers","floor":27,"turns":5},{"damage":0,"enemies":"Gremlin Leader","floor":30,"turns":4},{"damage":0,"enemies":"3 Cultists","floor":31,"turns":4},{"damage":0,"enemies":"Champ","floor":33,"turns":7},{"damage":0,"enemies":"3 Darklings","floor":35,"turns":2},{"damage":5,"enemies":"2 Orb Walkers","floor":36,"turns":4},{"damage":0,"enemies":"3 Shapes","floor":38,"turns":4},{"damage":12,"enemies":"Jaw Worm Horde","floor":39,"turns":2},{"damage":6,"enemies":"Nemesis","floor":41,"turns":5},{"damage":0,"enemies":"R_Hoarder","floor":44,"turns":5},{"damage":0,"enemies":"3 Darklings","floor":45,"turns":3},{"damage":14,"enemies":"Writhing Mass","floor":46,"turns":4},{"damage":35,"enemies":"Donu and Deca","floor":50,"turns":5},{"damage":44,"enemies":"Shield and Spear","floor":54,"turns":3},{"damage":51,"enemies":"The Heart","floor":55,"turns":6}],"seed_played":"1923246884834455291","potions_obtained":[{"floor":3.0,"key":"Dexterity Potion"},{"floor":8.0,"key":"SteroidPotion"},{"floor":13.0,"key":"Cursed Concoction"},{"floor":18,"key":"Swift Potion"},{"floor":24,"key":"LifebloodPotion"},{"floor":44,"key":"PowerPotion"}],"is_trial":false,"path_per_floor":["M","?","M","M","M","E","R","E","T","R","E","M","M","?","R","B",null,"M","M","?","$","M","E","M","M","T","E","?","R","E","M","R","B",null,"M","?","?","M","M","R","E","R","T","E","M","M","$","?","R","B",null,"R","$","E","B",null],"character_chosen":"THE_SILENT","items_purchased":["Ninja Scroll","Guide Book","Durian","TheAbacus","Infinite Blades","Torii","ReplayTheSpireMod:Brewmster"],"campfire_rested":2,"item_purchase_floors":[21,21,47,47,47,53,53],"current_hp_per_floor":[68,68,67,66,66,36,36,8,8,31,8,11,14,17,43,30,77,77,77,77,77,80,80,80,80,80,80,83,83,86,86,86,89,100,100,95,95,95,86,86,80,80,80,82,84,75,83,88,88,65,113,113,116,75,36],"gold":91,"neow_bonus":"TEN_PERCENT_HP_BONUS","is_daily":false,"chose_seed":false,"campfire_upgraded":5,"win_rate":0.0,"timestamp":1607694385,"path_taken":["M","?","?","M","M","E","R","E","T","R","E","?","M","?","R","BOSS","M","M","?","$","M","E","M","M","T","E","?","R","E","M","R","BOSS","M","?","?","M","M","R","E","R","T","E","M","M","$","?","R","BOSS","R","$","E","BOSS"],"items_purchased_type":["Relic","Relic","Relic","Relic","Card","Relic","Card"],"build_version":"2020-11-30","purchased_purges":1,"victory":true,"max_hp_per_floor":[77,77,77,77,77,77,77,77,77,77,80,83,86,89,89,92,92,92,92,92,92,95,95,95,95,95,95,98,98,101,101,101,104,104,104,104,104,104,107,107,107,107,107,109,111,116,124,129,129,129,129,129,132,135,135],"relic_stats":{"Lizard Tail":0,"TheAbacus":[12],"Singing Bowl":8,"Torii":2,"counters":[31,136],"Mummified Hand":[49],"Sundial":[2],"obtain_stats":[{"Girya":6,"Calipers":8,"Singing Bowl":44,"Torii":53,"Guide Book":21,"Replay:Arrowhead":23,"Old Coin":2,"Replay:Ringing Soul":11,"Replay:Bandana":27,"Lizard Tail":36,"TheAbacus":47,"HornCleat":54,"Snecko Scales":17,"Ninja Scroll":21,"Mummified Hand":26,"Sundial":41,"Philosopher\u0027s Stone":34,"Durian":47,"FossilizedHelix":9,"Ring of the Snake":0,"Meat on the Bone":30},{"Girya":5,"Calipers":6,"Singing Bowl":26,"Torii":29,"Guide Book":12,"Replay:Arrowhead":14,"Old Coin":1,"Replay:Ringing Soul":7,"Replay:Bandana":17,"Lizard Tail":22,"TheAbacus":28,"HornCleat":30,"Snecko Scales":10,"Ninja Scroll":12,"Mummified Hand":16,"Sundial":25,"Philosopher\u0027s Stone":20,"Durian":28,"FossilizedHelix":6,"Ring of the Snake":0,"Meat on the Bone":18},{"Girya":26,"Calipers":31,"Singing Bowl":115,"Torii":127,"Guide Book":58,"Replay:Arrowhead":66,"Old Coin":5,"Replay:Ringing Soul":40,"Replay:Bandana":78,"Lizard Tail":99,"TheAbacus":122,"HornCleat":130,"Snecko Scales":54,"Ninja Scroll":58,"Mummified Hand":73,"Sundial":110,"Philosopher\u0027s Stone":93,"Durian":122,"FossilizedHelix":31,"Ring of the Snake":0,"Meat on the Bone":82}],"Ring of the Snake":[24],"Meat on the Bone":24},"card_choices":[{"not_picked":["Escape Plan","ReplayTheSpireMod:Exploit Weakness"],"picked":"Quick Slash","floor":1.0},{"not_picked":["Cloak And Dagger","Dagger Throw"],"picked":"Blade Dance","floor":3.0},{"not_picked":["Outmaneuver","Blade Dance"],"picked":"Accuracy","floor":4.0},{"not_picked":["Outmaneuver","Sucker Punch"],"picked":"ReplayTheSpireMod:Scrap Shanks","floor":5.0},{"not_picked":["Reflex","Backflip"],"picked":"PiercingWail","floor":6.0},{"not_picked":["Fluid Movement","Slice"],"picked":"Cloak And Dagger","floor":8.0},{"not_picked":["Acrobatics","Flechettes"],"picked":"Bullet Time","floor":11.0},{"not_picked":["Slice","Tactician"],"picked":"Blade Dance","floor":12.0},{"not_picked":["Underhanded Strike","Flying Knee"],"picked":"Dagger Throw","floor":13.0},{"not_picked":["Night Terror","ReplayTheSpireMod:From All Sides"],"picked":"After Image","floor":16.0},{"not_picked":["Quick Slash","Outmaneuver","Flying Knee"],"picked":"SKIP","floor":18},{"not_picked":["Cloak And Dagger","Dagger Spray","Backflip"],"picked":"SKIP","floor":19},{"not_picked":["Deflect","Noxious Fumes+1"],"picked":"Finisher","floor":22},{"not_picked":["Blur","Catalyst","Masterful Stab"],"picked":"SKIP","floor":23},{"not_picked":["Skewer","Replay:Bag of Tricks","Choke"],"picked":"SKIP","floor":24},{"not_picked":["Slice","Concentrate","ReplayTheSpireMod:Exploit Weakness"],"picked":"SKIP","floor":25},{"not_picked":["ReplayTheSpireMod:The Works","Underhanded Strike","Dodge and Roll"],"picked":"SKIP","floor":27},{"not_picked":["ReplayTheSpireMod:Private Reserves+1","PanicButton+1"],"picked":"Forethought+1","floor":28},{"not_picked":["Backstab","Dodge and Roll+1"],"picked":"Corpse Explosion","floor":30},{"not_picked":["ReplayTheSpireMod:Exploit Weakness","Sneak Up","Bane+1"],"picked":"SKIP","floor":31},{"not_picked":["Grand Finale","Die Die Die"],"picked":"Phantasmal Killer","floor":33},{"not_picked":["Cloak And Dagger","Acrobatics","Poisoned Stab"],"picked":"SKIP","floor":35},{"not_picked":["Fluid Movement","Terror","Dagger Spray+1"],"picked":"SKIP","floor":38},{"not_picked":["PiercingWail","Quick Slash"],"picked":"Well Laid Plans","floor":39},{"not_picked":["Quick Slash+1","Deflect","Fluid Movement"],"picked":"SKIP","floor":41},{"not_picked":["Backstab","PiercingWail+1","Draining Mist"],"picked":"Singing Bowl","floor":44},{"not_picked":["Bane","Deadly Poison","Hidden Blade"],"picked":"Singing Bowl","floor":45},{"not_picked":["Flying Knee+1","Prepared","PiercingWail"],"picked":"Singing Bowl","floor":46},{"not_picked":["Enlightenment","Jack Of All Trades"],"picked":"Madness","floor":48},{"not_picked":["Blind","Mind Blast","Purity"],"picked":"Singing Bowl","floor":48},{"not_picked":["Hidden Blade","Caltrops"],"picked":"After Image","floor":54}],"player_experience":802940,"relics_obtained":[{"floor":6.0,"key":"Girya"},{"floor":8.0,"key":"Calipers"},{"floor":9.0,"key":"FossilizedHelix"},{"floor":11.0,"key":"Replay:Ringing Soul"},{"floor":23,"key":"Replay:Arrowhead"},{"floor":26,"key":"Mummified Hand"},{"floor":27,"key":"Replay:Bandana"},{"floor":30,"key":"Meat on the Bone"},{"floor":36,"key":"Lizard Tail"},{"floor":41,"key":"Sundial"},{"floor":44,"key":"Singing Bowl"},{"floor":54,"key":"HornCleat"}],"event_choices":[{"cards_removed":["Quick Slash"],"damage_healed":0.0,"max_hp_gain":0.0,"max_hp_loss":0.0,"gold_gain":0.0,"event_name":"WeMeetAgain","player_choice":"Gave Card","floor":2.0,"gold_loss":0.0,"damage_taken":0.0,"relics_obtained":["Old Coin"]},{"damage_healed":14.0,"max_hp_gain":0.0,"max_hp_loss":86.0,"gold_gain":0.0,"event_name":"betterThird:BetterShining","player_choice":"Embrace","floor":14.0,"gold_loss":0.0,"damage_taken":0.0},{"cards_removed":["Defend_G"],"damage_healed":0,"gold_gain":0,"player_choice":"Gave Gold","damage_taken":0,"max_hp_gain":0,"max_hp_loss":0,"event_name":"Beggar","floor":20,"gold_loss":75},{"damage_healed":0,"gold_gain":0,"player_choice":"2","damage_taken":0,"max_hp_gain":0,"max_hp_loss":0,"event_name":"betterMatch:BetterMatch","floor":28,"gold_loss":0,"cards_obtained":["betterMatch:ColorlessUncommonCard"]},{"damage_healed":0,"gold_gain":0,"player_choice":"Fight","damage_taken":0,"max_hp_gain":0,"max_hp_loss":0,"event_name":"Mysterious Sphere","floor":36,"gold_loss":0},{"cards_removed":["Strike_G"],"damage_healed":0,"gold_gain":0,"player_choice":"Removed Attack","damage_taken":0,"max_hp_gain":0,"max_hp_loss":0,"event_name":"Falling","floor":37,"gold_loss":0},{"damage_healed":0,"gold_gain":3,"player_choice":"1","damage_taken":0,"max_hp_gain":0,"max_hp_loss":0,"event_name":"betterStone:BetterStone","floor":48,"gold_loss":0}],"is_beta":false,"boss_relics":[{"not_picked":["Ring of Chaos","Fusion Hammer"],"picked":"Snecko Scales"},{"not_picked":["Runic Dome","Runic Pyramid"],"picked":"Philosopher\u0027s Stone"}],"items_purged_floors":[47],"is_endless":false,"potions_floor_spawned":[3,8,13,18,24,30,31,33,41,44,45],"ascension_level":13}}