{"host":"iiglj9c36e8zluux","time":1607719390,"event":{"mods":["Aspiration","BaseMod","Conspire","Halation","Hubris","Infinite Spire","Minty Spire (QoL Compilation)","Replay The Spire","Retaliation","Shop Mod","Spikes Relics","StSLib","The Blue Laboratory","Uncapped","vexMod"],"gold_per_floor":[109,129,141,158,233,233,233,262,262,262,295,314,340,355,355,458,458,470,470,489,365,376,408,408,443,443,471,471,506,506,506,506,604,604,658,658,558,638,746,827,928,928,928,342,417,429,441,540,552,726,738,810,822,834,981,993,1073,1085,1496,1534,1661,1673,1822,1834,2009,2021,2255,2267,2417,2504,2696,2908,2690,2690,2858,2858,2936,2936,3141,3141,3356,3585,3585,3870,3870,4093,4093,4093,4101,3877,3877,3494,3494,3494,3722,3722,3800,3800,4043,4043,4396,4396,4686,4686,5003,5342,5097,5439,5439,5804,5830,5830,5830,5831,6270,6270,6270,6761,6761,7199,7199,7199,5207,5207,5207,5207,5566,5566,5566,5949,5949,5949,6358,6358,6848,6848,7304,6188,5315,5315,5315,5315,5315,5315,5315,5671,5671,6066,6066,6482,6491,6994,6994,6994,5822,6217,6752],"floor_reached":158,"playtime":12898,"items_purged":["Armaments","Pride","Pride","Pride","Pride","Pride","hubris:InfiniteBlow","DDmod:SpikeShotSkill","conspire:SpireCoStock","DDmod:SpikedSkill","Pommel Strike","DDmod:ScaleUpSkill","infinitespire:Collect+1"],"score":5194,"play_id":"67cd23f2-f58e-4412-baec-bedd0caceaa8","local_time":"20201211124310","daily_mods":["SealedDeck","Vintage","Heirloom","Flight","DeadlyEvents","Elite Swarm"],"is_ascension_mode":true,"campfire_choices":[{"data":"Armaments","floor":6.0,"key":"SMITH"},{"data":"Armaments","floor":7.0,"key":"SMITH"},{"data":"Envenom","floor":10.0,"key":"SMITH"},{"floor":15.0,"key":"REST"},{"data":"infinitespire:NeuralNetwork","floor":24.0,"key":"SMITH"},{"data":"DDmod:SpikedSkill","floor":28.0,"key":"SMITH"},{"data":"DDmod:SpikedSkill+1","floor":30.0,"key":"SMITH"},{"data":"Limit Break","floor":42.0,"key":"SMITH"},{"data":"DDmod:SpikedSkill+2","floor":47.0,"key":"SMITH"},{"data":"infinitespire:Collect","floor":49.0,"key":"SMITH"},{"data":"Demon Form","floor":58.0,"key":"SMITH"},{"data":"Limit Break","floor":64.0,"key":"SMITH"},{"data":"Demon Form","floor":66.0,"key":"SMITH"},{"data":"Limit Break","floor":74.0,"key":"SMITH"},{"data":"infinitespire:UltimateForm","floor":76.0,"key":"SMITH"},{"data":"infinitespire:UltimateForm+1","floor":78.0,"key":"SMITH"},{"data":"infinitespire:UltimateForm+2","floor":83.0,"key":"SMITH"},{"data":"Pride","floor":91.0,"key":"PURGE"},{"data":"infinitespire:UltimateForm+3","floor":93.0,"key":"SMITH"},{"data":"Barricade","floor":96.0,"key":"SMITH"},{"data":"Burst","floor":96.0,"key":"SMITH"},{"data":"infinitespire:UltimateForm+4","floor":98.0,"key":"SMITH"},{"data":"infinitespire:UltimateForm+5","floor":98.0,"key":"SMITH"},{"data":"infinitespire:UltimateForm+6","floor":100.0,"key":"SMITH"},{"data":"infinitespire:UltimateForm+7","floor":100.0,"key":"SMITH"},{"data":"Limit Break","floor":109.0,"key":"SMITH"},{"data":"infinitespire:UltimateForm+8","floor":109.0,"key":"SMITH"},{"data":"After Image","floor":112.0,"key":"SMITH"},{"data":"infinitespire:UltimateForm+9","floor":112.0,"key":"SMITH"},{"data":"infinitespire:UltimateForm+10","floor":113.0,"key":"SMITH"},{"data":"infinitespire:UltimateForm+11","floor":113.0,"key":"SMITH"},{"floor":117.0,"key":"DIG"},{"data":"infinitespire:UltimateForm+12","floor":129.0,"key":"SMITH"},{"data":"infinitespire:UltimateForm+13","floor":129.0,"key":"SMITH"},{"data":"infinitespire:UltimateForm+14","floor":131.0,"key":"SMITH"},{"data":"infinitespire:UltimateForm+15","floor":131.0,"key":"SMITH"},{"data":"infinitespire:UltimateForm+16","floor":132.0,"key":"SMITH"},{"data":"infinitespire:UltimateForm+17","floor":132.0,"key":"SMITH"},{"data":"Demonic Infusion","floor":134.0,"key":"PURGE"},{"data":"infinitespire:UltimateForm+18","floor":142,"key":"SMITH"},{"data":"infinitespire:UltimateForm+19","floor":142,"key":"SMITH"},{"data":"infinitespire:UltimateForm+20","floor":143,"key":"SMITH"},{"data":"infinitespire:UltimateForm+21","floor":143,"key":"SMITH"},{"data":"infinitespire:UltimateForm+22","floor":147,"key":"SMITH"},{"data":"infinitespire:UltimateForm+23","floor":147,"key":"SMITH"},{"data":"infinitespire:UltimateForm+24","floor":149,"key":"SMITH"},{"data":"infinitespire:UltimateForm+25","floor":149,"key":"SMITH"},{"floor":151,"key":"REST"},{"data":"infinitespire:UltimateForm+26","floor":154,"key":"SMITH"},{"data":"infinitespire:UltimateForm+27","floor":154,"key":"SMITH"}],"circlet_count":0,"master_deck":["Pommel Strike+1","Armaments+1","Armaments+1","Iron Wave+1","Iron Wave+1","DDmod:SpikedSkill+3","Envenom+1","Feed+2","Offering+1","infinitespire:NeuralNetwork+1","Hemogenesis","Offering+1","Demon Form+2","Juggernaut+1","Limit Break+1","conspire:Banana+1","Demon Form+1","Demonic Infusion+1","Double Tap+2","Invigoration+1","Limit Break+1","Demonic Infusion+1","Limit Break+1","ReplayTheSpireMod:Black Plague+1","ReplayReversal+1","infinitespire:UltimateForm+28","Burst+1","Demon Form+1","Barricade+1","Limit Break+1","After Image+1","Limit Break+1","Burst+1","Armaments+1"],"relics":["Burning Blood","conspire:InfiniteJournal","Darkstone Periapt","hubris:IronBody","hubris:DisguiseKit","Calipers","vexMod:InvisibilityCloak","conspire:DecoderRing","MiniBlackHole","vexMod:Dragonfruit","vexMod:BigBerry","Oddly Smooth Stone","ClockworkSouvenir","aspiration:VileToxins","MerchantsRug","ReplayTheSpireMod:Shallot","ReplayFunnel","Vajra","halation:Trompette","WizardHat","Ornamental Fan","hubris:Icosahedron","infinitespire:EvilPickle","LugNut","halation:PapillonHeart","BlackRope","Unceasing Top","Happy Flower","infinitespire:Beetle Shell","Sundial","infinitespire:Bottled Soul","Boot","Replay:PocketPolymizer","Nunchaku","Honey Jar","hubris:SphereOfDissonance","aspiration:BabyByrd","Paper Frog","Bird Faced Urn","aspiration:FrozenJewel","Membership Card","hubris:EvacipatedBox","hubris:FruitBowl","hubris:GlazedTorus","Orichalcum","infinitespire:CursedDice","infinitespire:Broken Mirror","Blood Vial","Rawhide","Gremlin Food","Pen Nib","Pear","Durian","Blue Candle","Replay:Multitool","Lee\u0027s Waffle","RoseTintedShades","Anchor","vexMod:TanglingVine","PreservedInsect","hubris:EmptyBottle","Iron Hammer","Guide Book","Akabeko","conspire:TreasureMap","FossilizedHelix","Centennial Puzzle","vexMod:MemoryStick","Replay:Arrowhead","infinitespire:BottledMercury","Prayer Wheel","conspire:RoyalGoblet","Charon\u0027s Ashes","GolemAmulet","Dream Catcher","Question Card","Lantern","Brimstone","Champion Belt","RollingBoulder","halation:IllGainedPizza","Replay:Ringing Soul","SpikesRelics:DaevaFist","hubris:Reverence","vexMod:ImprovementManual","Whetstone","The Courier","Dream Catcher","War Paint","Tiny Chest","Pondfish Scales","conspire:DeflatedDodgeball","Medical Kit","hubris:MysteriousPyramids","Replay:Bandana","Toxic Egg 2","hubris:MedicalManual","CrustySpines","King of Hearts","aspiration:ChemicalBlood","aspiration:ArtOfWarUpgrade","Bronze Scales","Lizard Tail","aspiration:Lifesprig","Replay:Bottled Eggs","Bottled Tornado","BicycleWheel","Omamori","halation:PromiseList","conspire:TopHat","halation:KoshaPiece","Mercury Hourglass","Pantograph","halation:HeavySnake","hubris:ToyBattleship","Strawberry","Mirror","RetroEgg","Bag of Preparation","MealTicket","Du-Vu Doll","aspiration:HatOfInfinitePower","Eternal Feather","infinitespire:WardingShard","Regal Pillow","CherryCoatedStake","Peace Pipe","ReplayTheSpireMod:Lightbulb","Snack Pack","SpikesRelics:DaevaFist","aspiration:TomeofQuesting","conspire:Dentures","Ancient Tea Set","CeramicFish","halation:WeightlessCrab","Singing Bowl","infinitespire:Joker Card","Replay:Wax Seal","vexMod:RetaliationKit","Potion Belt","aspiration:Nostalgia","infinitespire:DarkRift","infinitespire:Lucky Rock","infinitespire:Satchel","aspiration:StickyExplosives_weak","StrikeDummy","Toy Ornithopter","aspiration:FetidBarrel","Blue Doll","hubris:FunFungus","Bag of Marbles","Pantograph","halation:PenCase","halation:AfternoonTea","hubris:BundleOfHerbs"],"acts_visited":["Exordium","TheCity","TheBeyond","Exordium","TheCity","TheBeyond","Exordium","TheCity","TheBeyond","TheEnding"],"potions_floor_usage":[146],"damage_taken":[{"damage":2.0,"enemies":"Small Slimes","floor":1.0,"turns":4.0},{"damage":0.0,"enemies":"Cultist","floor":2.0,"turns":5.0},{"damage":0.0,"enemies":"2 Louse","floor":3.0,"turns":4.0},{"damage":2.0,"enemies":"2 Fungi Beasts","floor":4.0,"turns":5.0},{"damage":32.0,"enemies":"Gremlin Nob","floor":8.0,"turns":5.0},{"damage":0.0,"enemies":"Replay:BlueRogue","floor":11.0,"turns":5.0},{"damage":8.0,"enemies":"3 Louse","floor":12.0,"turns":5.0},{"damage":21.0,"enemies":"Gremlin Nob","floor":13.0,"turns":5.0},{"damage":7.0,"enemies":"Blue Slaver","floor":14.0,"turns":6.0},{"damage":19.0,"enemies":"Hexaghost","floor":16.0,"turns":9.0},{"damage":6.0,"enemies":"3 Byrds","floor":18.0,"turns":3.0},{"damage":6.0,"enemies":"Chosen","floor":20.0,"turns":5.0},{"damage":12.0,"enemies":"3 Cultists","floor":22.0,"turns":6.0},{"damage":12.0,"enemies":"Nightmare","floor":23.0,"turns":9.0},{"damage":6.0,"enemies":"conspire:SneckoGhost","floor":25.0,"turns":6.0},{"damage":6.0,"enemies":"Replay:Snechameleon","floor":27.0,"turns":5.0},{"damage":21.0,"enemies":"conspire:Head Lice","floor":29.0,"turns":7.0},{"damage":12.0,"enemies":"Pondfish","floor":33.0,"turns":8.0},{"damage":2.0,"enemies":"3 Shapes","floor":35.0,"turns":4.0},{"damage":6.0,"enemies":"Orb Walker","floor":38.0,"turns":4.0},{"damage":18.0,"enemies":"Giant Head","floor":39.0,"turns":5.0},{"damage":1.0,"enemies":"R_Hoarder","floor":40.0,"turns":4.0},{"damage":31.0,"enemies":"Nightmare","floor":41.0,"turns":5.0},{"damage":6.0,"enemies":"R_Hoarder","floor":45.0,"turns":4.0},{"damage":18.0,"enemies":"Nemesis","floor":48.0,"turns":3.0},{"damage":24.0,"enemies":"Time Eater","floor":50.0,"turns":6.0},{"damage":18.0,"enemies":"Cultist","floor":52.0,"turns":3.0},{"damage":12.0,"enemies":"Small Slimes","floor":55.0,"turns":2.0},{"damage":12.0,"enemies":"3 Sentries","floor":57.0,"turns":4.0},{"damage":28.0,"enemies":"Nightmare","floor":59.0,"turns":4.0},{"damage":14.0,"enemies":"Replay:BlueRogue","floor":61.0,"turns":4.0},{"damage":0.0,"enemies":"Jaw Worm","floor":63.0,"turns":3.0},{"damage":6.0,"enemies":"Gremlin Nob","floor":65.0,"turns":2.0},{"damage":327.0,"enemies":"Hexaghost","floor":67.0,"turns":3.0},{"damage":18.0,"enemies":"2 Thieves","floor":69.0,"turns":2.0},{"damage":0.0,"enemies":"3 Byrds","floor":71.0,"turns":2.0},{"damage":42.0,"enemies":"Nightmare_Alpha","floor":75.0,"turns":7.0},{"damage":13.0,"enemies":"Slavers","floor":79.0,"turns":5.0},{"damage":24.0,"enemies":"Centurion and Healer","floor":81.0,"turns":6.0},{"damage":11.0,"enemies":"Book of Stabbing","floor":82.0,"turns":4.0},{"damage":15.0,"enemies":"Automaton","floor":84.0,"turns":6.0},{"damage":34.0,"enemies":"3 Darklings","floor":86.0,"turns":4.0},{"damage":24.0,"enemies":"conspire:MimicChest","floor":89.0,"turns":3.0},{"damage":0.0,"enemies":"Nightmare","floor":95.0,"turns":5.0},{"damage":6.0,"enemies":"Nemesis","floor":99.0,"turns":5.0},{"damage":18.0,"enemies":"conspire:OrnateMirror","floor":101.0,"turns":4.0},{"damage":0.0,"enemies":"Small Slimes","floor":103.0,"turns":2.0},{"damage":0.0,"enemies":"Cultist","floor":105.0,"turns":1.0},{"damage":0.0,"enemies":"3 Sentries","floor":106.0,"turns":2.0},{"damage":0.0,"enemies":"Gremlin Nob","floor":108.0,"turns":2.0},{"damage":0.0,"enemies":"3 Sentries","floor":110.0,"turns":3.0},{"damage":6.0,"enemies":"Nightmare","floor":115.0,"turns":3.0},{"damage":0.0,"enemies":"Slime Boss","floor":118.0,"turns":2.0},{"damage":0.0,"enemies":"Shell Parasite","floor":120.0,"turns":1.0},{"damage":0.0,"enemies":"Book of Stabbing","floor":127.0,"turns":2.0},{"damage":0.0,"enemies":"Gremlin Leader","floor":130.0,"turns":2.0},{"damage":0.0,"enemies":"conspire:SneckoGhost","floor":133.0,"turns":2.0},{"damage":12.0,"enemies":"infinitespire:LordOfFortification","floor":135.0,"turns":3.0},{"damage":0,"enemies":"Orb Walker","floor":137,"turns":2},{"damage":12,"enemies":"R_Hoarder","floor":146,"turns":2},{"damage":6,"enemies":"Reptomancer","floor":148,"turns":2},{"damage":12,"enemies":"Nightmare","floor":150,"turns":2},{"damage":24,"enemies":"infinitespire:LordOfFortification","floor":152,"turns":3},{"damage":6,"enemies":"Shield and Spear","floor":156,"turns":2},{"damage":25,"enemies":"The Heart","floor":157,"turns":6}],"seed_played":"5457038922637596318","potions_obtained":[{"floor":1.0,"key":"Milkshake"},{"floor":2.0,"key":"DistilledChaos"},{"floor":13.0,"key":"blueLaboratory:StoneskinPotion"},{"floor":22.0,"key":"SpeedPotion"},{"floor":25.0,"key":"blueLaboratory:FruitPunch"},{"floor":27.0,"key":"Venom Potion"},{"floor":33.0,"key":"Energy Potion"},{"floor":39.0,"key":"blueLaboratory:RecallPotion"},{"floor":40.0,"key":"Fire Potion"},{"floor":45.0,"key":"blueLaboratory:BubblePotion"},{"floor":48.0,"key":"blueLaboratory:ConflagurationPotion"},{"floor":61.0,"key":"ElixirPotion"},{"floor":63.0,"key":"blueLaboratory:ExaltedPotion"},{"floor":65.0,"key":"blueLaboratory:FruitPunch"},{"floor":81.0,"key":"Elixir"},{"floor":82.0,"key":"blueLaboratory:RecallPotion"},{"floor":137,"key":"SteroidPotion"}],"is_trial":true,"path_per_floor":["M","M","M","M","?","R","R","E","T","R","E","M","E","M","R","B",null,"M","AVR","M","$","M","NM","R","E","T","E","R","E","R","?","R","B",null,"M","?","?","M","E","E","NM","R","T","$","E","T","R","E","R","B",null,"M","?","?","M","$","E","R","NM","T","E","$","M","R","E","R","B",null,"M","?","M","$","$","R","NM","R","T","R","E","AVR","M","E","R","B",null,"M","AVR","?","?","$","R","$","R","T","NM","R","T","R","E","R","B",null,"M","?","M","E","$","E","R","E","T","R","R","?","NM","AVR","R","B",null,"M","?","AVR","$","?","R","R","E","T","R","E","R","R","E","R","B",null,"M","$","$","?","AVR","R","R","T","T","E","R","E","R","NM","R","B",null,"R","$","E","B",null],"character_chosen":"IRONCLAD","items_purchased":["MerchantsRug","conspire:Banana","infinitespire:Bottled Soul","Bottled Lightning","Bird Faced Urn","aspiration:FrozenJewel","Membership Card","hubris:EvacipatedBox","hubris:FruitBowl","Gremlin Food","Pen Nib","ReplayReversal","Pear","DDmod:SpikedSkill","Guide Book","Akabeko","conspire:TreasureMap","FossilizedHelix","Centennial Puzzle","Lantern","Brimstone","Dream Catcher","War Paint","Tiny Chest","Pondfish Scales","conspire:DeflatedDodgeball","Medical Kit","hubris:MysteriousPyramids","Replay:Bandana","Toxic Egg 2","hubris:MedicalManual","CrustySpines","King of Hearts","aspiration:ChemicalBlood","Art of War","Bronze Scales","Lizard Tail","aspiration:Lifesprig","Replay:Bottled Eggs","Bottled Tornado","BicycleWheel","Omamori","halation:PromiseList","conspire:TopHat","Strawberry","Mirror","RetroEgg","Bag of Preparation","MealTicket","Du-Vu Doll","aspiration:HatOfInfinitePower","Eternal Feather","infinitespire:WardingShard","Regal Pillow","CherryCoatedStake","Peace Pipe","ReplayTheSpireMod:Lightbulb","Snack Pack","SpikesRelics:DaevaFist","aspiration:TomeofQuesting","conspire:Dentures","Ancient Tea Set","CeramicFish","halation:WeightlessCrab","Singing Bowl","aspiration:Nostalgia","infinitespire:Lucky Rock","infinitespire:Satchel","aspiration:StickyExplosives_weak","StrikeDummy","Toy Ornithopter","aspiration:FetidBarrel","Blue Doll","hubris:FunFungus","Bag of Marbles","Pantograph","halation:PenCase","halation:AfternoonTea","hubris:BundleOfHerbs"],"campfire_rested":2,"item_purchase_floors":[21,44,44,44,56,56,56,56,56,72,72,72,73,73,90,90,92,92,92,107,107,123,123,123,123,123,123,123,123,123,123,123,123,123,123,123,123,123,123,123,123,123,123,123,138,138,138,138,138,138,138,138,138,138,138,138,139,139,139,139,139,139,139,139,139,155,155,155,155,155,155,155,155,155,155,155,155,155,155],"current_hp_per_floor":[80,80,80,80,72,72,72,46,46,46,52,50,35,46,73,60,122,122,122,134,134,134,144,144,144,144,158,158,161,161,161,161,166,172,176,167,167,167,165,170,150,150,150,150,156,156,156,164,164,237,289,309,309,309,309,225,252,252,283,283,309,309,335,335,364,364,163,513,514,462,472,472,487,487,546,546,546,546,574,663,703,709,709,748,752,783,783,783,783,783,783,783,783,783,813,813,813,813,862,862,868,874,881,878,881,891,891,891,891,904,904,904,904,725,765,765,765,804,929,936,936,936,936,920,920,920,943,943,943,943,943,943,943,943,943,943,949,959,959,723,723,741,759,759,759,799,817,852,870,889,1019,1010,1022,1022,1022,1031,1085],"gold":6752,"neow_bonus":"","is_daily":false,"chose_seed":false,"campfire_upgraded":45,"win_rate":0.0,"timestamp":1607719390,"path_taken":["M","M","M","M","?","R","R","E","T","R","E","M","E","M","R","BOSS","M","AVR","M","$","M","NM","R","E","T","E","R","E","R","?","R","BOSS","M","?","?","?","?","E","NM","R","T","$","E","?","R","E","R","BOSS","M","?","?","?","?","E","R","NM","T","?","$","?","R","?","R","BOSS","M","?","?","$","$","R","NM","R","T","R","?","AVR","?","E","R","BOSS","M","AVR","?","?","$","R","$","R","T","NM","R","?","R","?","R","BOSS","M","?","?","?","$","E","R","E","T","R","R","?","NM","AVR","R","BOSS","M","?","AVR","$","?","R","R","E","T","R","?","R","R","E","R","BOSS","M","$","$","?","AVR","R","R","?","T","E","R","?","R","NM","R","BOSS","R","$","E","BOSS"],"items_purchased_type":["Relic","Card","Relic","Relic","Relic","Relic","Relic","Relic","Relic","Relic","Relic","Card","Relic","Card","Relic","Relic","Relic","Relic","Relic","Relic","Relic","Relic","Relic","Relic","Relic","Relic","Relic","Relic","Relic","Relic","Relic","Relic","Relic","Relic","Relic","Relic","Relic","Relic","Relic","Relic","Relic","Relic","Relic","Relic","Relic","Relic","Relic","Relic","Relic","Relic","Relic","Relic","Relic","Relic","Relic","Relic","Relic","Relic","Relic","Relic","Relic","Relic","Relic","Relic","Relic","Relic","Relic","Relic","Relic","Relic","Relic","Relic","Relic","Relic","Relic","Relic","Relic","Relic","Relic"],"build_version":"2020-11-30","purchased_purges":13,"victory":true,"max_hp_per_floor":[80,80,80,80,80,80,80,80,80,80,80,80,80,92,92,92,122,122,122,134,134,140,156,156,156,156,161,161,161,161,161,161,172,172,176,167,167,167,177,177,177,177,177,177,183,183,183,198,198,289,289,309,309,309,315,315,327,327,342,342,366,366,382,382,407,407,513,513,526,526,526,526,541,541,628,628,628,628,653,663,711,714,714,752,752,800,800,800,806,806,806,806,806,806,814,814,814,814,862,862,874,874,881,881,881,891,891,891,891,904,904,904,904,904,925,925,925,929,929,936,936,936,936,936,936,936,943,943,943,943,943,943,943,943,943,943,949,959,959,962,962,962,962,962,962,998,998,1008,1008,1015,1019,1022,1022,1022,1022,1031,1085],"card_choices":[{"not_picked":["Limit Break","DDmod:SpikeShotSkill","Demonic Infusion"],"picked":"Envenom","floor":8.0},{"not_picked":["Replay:Many Hands","Bludgeon","DDmod:GrandUltimatumAttack","Malaise"],"picked":"SKIP","floor":11.0},{"not_picked":["DDmod:RechargeSkill","Exhume","Die Die Die"],"picked":"Feed","floor":13.0},{"not_picked":["Reaper","conspire:Purge","Doppelganger"],"picked":"Offering","floor":16.0},{"not_picked":["hubris:Rewind","infinitespire:Starlight"],"picked":"infinitespire:NeuralNetwork","floor":23.0},{"not_picked":["Limit Break","Eclipse","Immolate","infinitespire:Neurotoxin"],"picked":"SKIP","floor":23.0},{"not_picked":["DDmod:PlatedThornsSkill","Limit Break","Phantasmal Killer"],"picked":"Hemogenesis","floor":25.0},{"not_picked":["DDmod:AllInSkill","Replay:Many Hands","Die Die Die"],"picked":"Offering","floor":27.0},{"not_picked":["Corruption","DDmod:AllInSkill","Eclipse","Poison Darts"],"picked":"SKIP","floor":29.0},{"not_picked":["Demonic Infusion","Berserk","Die Die Die"],"picked":"Demon Form","floor":33.0},{"not_picked":["conspire:Purge","Replay:Many Hands","Storm of Steel"],"picked":"Juggernaut","floor":39.0},{"not_picked":["Demonic Infusion","Brutality","DDmod:RechargeSkill","Storm of Steel"],"picked":"SKIP","floor":40.0},{"not_picked":["hubris:StunningStrike","Brutality","Malaise"],"picked":"Limit Break","floor":41.0},{"not_picked":["Exhume","Limit Break","After Image"],"picked":"Demon Form","floor":45.0},{"not_picked":["Bludgeon","DDmod:AllInSkill","Tools of the Trade"],"picked":"Demonic Infusion","floor":48.0},{"not_picked":["Hemogenesis","DDmod:PlatedThornsSkill","Doppelganger"],"picked":"Double Tap","floor":50.0},{"not_picked":["Fiend Fire","Offering","Corruption","Corpse Explosion"],"picked":"DDmod:SpikeShotSkill","floor":57.0},{"not_picked":["Demonic Infusion","Eclipse","Brutality","ReplayTheSpireMod:From All Sides"],"picked":"Limit Break","floor":59.0},{"not_picked":["Impervious","hubris:StunningStrike","Exhume","Malaise"],"picked":"Demonic Infusion","floor":61.0},{"not_picked":["Juggernaut","hubris:StunningStrike","Replay:Many Hands","infinitespire:Neurotoxin"],"picked":"Demonic Infusion","floor":65.0},{"not_picked":["conspire:HitWhereItHurts","Demonic Infusion","DDmod:SpikeShotSkill","Doppelganger"],"picked":"Limit Break","floor":67.0},{"not_picked":["hubris:Fate","ReplayTheSpireMod:??????????????????????"],"picked":"ReplayTheSpireMod:Black Plague","floor":68.0},{"not_picked":["ReplayTheSpireMod:??????????????????????","ReplayTheSpireMod:Chaos Vortex"],"picked":"infinitespire:UltimateForm","floor":75.0},{"not_picked":["Eclipse","DDmod:GrandUltimatumAttack","DDmod:AllInSkill","DDmod:PlatedThornsSkill","Wraith Form v2"],"picked":"SKIP","floor":75.0},{"not_picked":["DDmod:RechargeSkill","DDmod:PlatedThornsSkill","Exhume","DDmod:AllInSkill"],"picked":"Burst","floor":79.0},{"not_picked":["Fiend Fire","conspire:HitWhereItHurts","Demonic Infusion","Hemogenesis","Night Terror"],"picked":"SKIP","floor":82.0},{"not_picked":["Feed","Juggernaut","conspire:HitWhereItHurts","Phantasmal Killer"],"picked":"Demon Form","floor":84.0},{"not_picked":["Juggernaut","Fiend Fire","DDmod:SpikeShotSkill","A Thousand Cuts"],"picked":"Barricade","floor":95.0},{"not_picked":["Bludgeon","DDmod:PlatedThornsSkill","Exhume","Immolate","Replay:Bag of Tricks"],"picked":"SKIP","floor":99.0},{"not_picked":["hubris:StunningStrike","Barricade","conspire:Purge","Hemogenesis","Corpse Explosion"],"picked":"SKIP","floor":106.0},{"not_picked":["Bludgeon","hubris:StunningStrike","Berserk","conspire:Purge","Night Terror"],"picked":"Limit Break","floor":108.0},{"not_picked":["DDmod:SpikeShotSkill","Impervious","Berserk","DDmod:PlatedThornsSkill","Offering"],"picked":"After Image","floor":110.0},{"not_picked":["Brutality","Feed","Bludgeon","Demonic Infusion","Exhume","Unload"],"picked":"SKIP","floor":115.0},{"not_picked":["DDmod:GrandUltimatumAttack","DDmod:RechargeSkill","Immolate","DDmod:PlatedThornsSkill","Replay:Bag of Tricks"],"picked":"Limit Break","floor":118.0},{"not_picked":["Barricade","Demonic Infusion+1","Double Tap+1","DDmod:AllInSkill+1","conspire:Purge+1","Storm of Steel"],"picked":"SKIP","floor":127.0},{"not_picked":["Hemogenesis","Double Tap+1","Corruption","DDmod:SpikeShotSkill+1","DDmod:AllInSkill+1","Grand Finale"],"picked":"SKIP","floor":130.0},{"not_picked":["Fiend Fire","Reaper","Feed","Juggernaut","Barricade","ReplayTheSpireMod:From All Sides"],"picked":"SKIP","floor":133.0},{"not_picked":["infinitespire:Collect","infinitespire:Punishment","infinitespire:Fortify"],"picked":"Singing Bowl","floor":140},{"not_picked":["DDmod:PlatedThornsSkill+1","DDmod:SpikeShotSkill+1","DDmod:AllInSkill+1","Bludgeon","conspire:Purge+1","Phantasmal Killer"],"picked":"Singing Bowl","floor":146},{"not_picked":["DDmod:AllInSkill+1","Limit Break+1","Corruption","Demonic Infusion+1","Impervious+1"],"picked":"Burst","floor":148},{"not_picked":["Feed","DDmod:SpikeShotSkill+1","Replay:Many Hands+1","Eclipse+1","Limit Break+1","Replay:Bag of Tricks"],"picked":"Singing Bowl","floor":150},{"not_picked":["Disarm+1","ReplayTheSpireMod:Muscle Training+1","DDmod:SpikedSkill+1","hubris:CleavingFinish+1","Dagger Throw"],"picked":"Armaments+1","floor":151},{"not_picked":["Fiend Fire","DDmod:GrandUltimatumAttack","Barricade","Replay:Many Hands+1","Reaper","Glass Knife"],"picked":"Singing Bowl","floor":152},{"not_picked":["DDmod:PlatedThornsSkill+1","Immolate","Hemogenesis","Brutality","Impervious+1","Tools of the Trade"],"picked":"Singing Bowl","floor":156},{"not_picked":["Eclipse+1","Immolate","hubris:StunningStrike","Fiend Fire","Bludgeon","Doppelganger"],"picked":"Singing Bowl","floor":157}],"player_experience":78169,"relics_obtained":[{"floor":1.0,"key":"Darkstone Periapt"},{"floor":2.0,"key":"hubris:IronBody"},{"floor":3.0,"key":"Prayer Wheel"},{"floor":4.0,"key":"hubris:DisguiseKit"},{"floor":8.0,"key":"Calipers"},{"floor":9.0,"key":"vexMod:InvisibilityCloak"},{"floor":11.0,"key":"conspire:DecoderRing"},{"floor":12.0,"key":"Replay:Bottled Flurry"},{"floor":13.0,"key":"MiniBlackHole"},{"floor":14.0,"key":"vexMod:Dragonfruit"},{"floor":18.0,"key":"Oddly Smooth Stone"},{"floor":20.0,"key":"aspiration:VileToxins"},{"floor":22.0,"key":"ReplayTheSpireMod:Shallot"},{"floor":23.0,"key":"ReplayFunnel"},{"floor":25.0,"key":"Vajra"},{"floor":26.0,"key":"halation:Trompette"},{"floor":27.0,"key":"WizardHat"},{"floor":29.0,"key":"Ornamental Fan"},{"floor":35.0,"key":"LugNut"},{"floor":38.0,"key":"Matryoshka"},{"floor":39.0,"key":"BlackRope"},{"floor":40.0,"key":"Unceasing Top"},{"floor":41.0,"key":"Happy Flower"},{"floor":43.0,"key":"infinitespire:Beetle Shell"},{"floor":43.0,"key":"Sundial"},{"floor":45.0,"key":"MawBank"},{"floor":46.0,"key":"Boot"},{"floor":46.0,"key":"Replay:PocketPolymizer"},{"floor":48.0,"key":"Nunchaku"},{"floor":52.0,"key":"hubris:SphereOfDissonance"},{"floor":55.0,"key":"Paper Frog"},{"floor":57.0,"key":"hubris:GlazedTorus"},{"floor":59.0,"key":"Old Coin"},{"floor":60.0,"key":"Orichalcum"},{"floor":61.0,"key":"infinitespire:CursedDice"},{"floor":63.0,"key":"infinitespire:Broken Mirror"},{"floor":65.0,"key":"Blood Vial"},{"floor":69.0,"key":"Pocketwatch"},{"floor":71.0,"key":"Rawhide"},{"floor":75.0,"key":"Durian"},{"floor":77.0,"key":"Blue Candle"},{"floor":79.0,"key":"Replay:Multitool"},{"floor":81.0,"key":"RoseTintedShades"},{"floor":82.0,"key":"Anchor"},{"floor":86.0,"key":"PreservedInsect"},{"floor":89.0,"key":"Iron Hammer"},{"floor":94.0,"key":"vexMod:MemoryStick"},{"floor":95.0,"key":"Replay:Arrowhead"},{"floor":97.0,"key":"infinitespire:BottledMercury"},{"floor":99.0,"key":"Prayer Wheel"},{"floor":103.0,"key":"Charon\u0027s Ashes"},{"floor":105.0,"key":"Dream Catcher"},{"floor":106.0,"key":"Question Card"},{"floor":108.0,"key":"Champion Belt"},{"floor":110.0,"key":"RollingBoulder"},{"floor":111.0,"key":"halation:IllGainedPizza"},{"floor":115.0,"key":"Replay:Ringing Soul"},{"floor":117.0,"key":"hubris:Reverence"},{"floor":120.0,"key":"Whetstone"},{"floor":127.0,"key":"halation:KoshaPiece"},{"floor":128.0,"key":"Mercury Hourglass"},{"floor":133.0,"key":"Pantograph"},{"floor":137,"key":"hubris:ToyBattleship"},{"floor":144,"key":"infinitespire:Joker Card"},{"floor":145,"key":"Replay:Wax Seal"},{"floor":146,"key":"vexMod:RetaliationKit"},{"floor":150,"key":"Potion Belt"}],"event_choices":[{"damage_healed":0.0,"max_hp_gain":0.0,"max_hp_loss":0.0,"gold_gain":75.0,"event_name":"FaceTrader","player_choice":"Touch","floor":5.0,"gold_loss":0.0,"damage_taken":8.0},{"cards_removed":["Armaments"],"damage_healed":0.0,"max_hp_gain":0.0,"max_hp_loss":0.0,"gold_gain":0.0,"event_name":"Back to Basics","player_choice":"Elegance","floor":32.0,"gold_loss":0.0,"damage_taken":0.0},{"damage_healed":0.0,"max_hp_gain":0.0,"max_hp_loss":0.0,"gold_gain":0.0,"event_name":"conspire:Investor","player_choice":"Invest 2","floor":37.0,"gold_loss":0.0,"damage_taken":0.0},{"damage_healed":0.0,"max_hp_gain":0.0,"max_hp_loss":0.0,"gold_gain":75.0,"event_name":"FaceTrader","player_choice":"Touch","floor":70.0,"gold_loss":0.0,"damage_taken":52.0},{"damage_healed":0.0,"max_hp_gain":0.0,"max_hp_loss":0.0,"gold_gain":0.0,"event_name":"Scrap Ooze","player_choice":"Success","floor":104.0,"gold_loss":0.0,"damage_taken":3.0,"relics_obtained":["GolemAmulet"]},{"damage_healed":0.0,"max_hp_gain":0.0,"max_hp_loss":0.0,"gold_gain":0.0,"event_name":"Shining Light","player_choice":"Entered Light","floor":114.0,"gold_loss":0.0,"damage_taken":181.0,"cards_upgraded":["Iron Wave","Demonic Infusion"]},{"cards_removed":["conspire:SpireCoStock"],"damage_healed":0.0,"max_hp_gain":0.0,"max_hp_loss":0.0,"gold_gain":0.0,"event_name":"Back to Basics","player_choice":"Elegance","floor":121.0,"gold_loss":0.0,"damage_taken":0.0},{"damage_healed":0.0,"max_hp_gain":0.0,"max_hp_loss":0.0,"gold_gain":0.0,"event_name":"Cursed Tome","player_choice":"Obtained Book","floor":124.0,"gold_loss":0.0,"damage_taken":16.0}],"is_beta":false,"boss_relics":[{"not_picked":["halation:SmartPhone","Black Blood"],"picked":"vexMod:BigBerry"},{"not_picked":["SlaversCollar","vexMod:ImprovementManual"],"picked":"Ooze Armor"},{"not_picked":["Replay:Drink Me","hubris:ScarierMask"],"picked":"Honey Jar"},{"not_picked":["Calling Bell","halation:MonkeysPaw","Busted Crown"],"picked":"Runic Pyramid"},{"not_picked":["vexMod:EndlessSickness","ReplayTheSpireMod:SealedPack","Kintsugi"],"picked":"vexMod:TanglingVine"},{"not_picked":["hubris:CrackedHourglass","Cursed Key","Replay:Drink Me"],"picked":"conspire:RoyalGoblet"},{"not_picked":["Painkiller Herb","hubris:ScarierMask","Runic Pyramid"],"picked":"vexMod:ImprovementManual"},{"not_picked":["Replay:Wanted Poster","halation:CatFaceCupcake","aspiration:RunicSpoon"],"picked":"halation:HeavySnake"},{"not_picked":["Replay:Drink Me","HailfireSword","aspiration:SecretTechniqueScroll","halation:PinkAlligatorPlush"]}],"items_purged_floors":[21,72,73,80,87,90,92,107,116,122,123,138,139],"is_endless":true,"potions_floor_spawned":[1,2,13,22,25,27,33,39,40,41,45,48,61,63,65,81,82,84,86,99,105,106,118,127,130,133,137],"ascension_level":1}}