{"host":"a3gl5es7j3fsfxu2","time":1607685919,"event":{"mods":["A Magickal Journey","AchievementEnabler","BaseMod","Better Third Choice","BetterRewards","Conspire","Custom Start","DeckTracker","Dio Mod","Gold Saver","GungeonMod","Halation","Hermit","Hubris","Infinite Spire","Jedi Mod","Jorbs\u0027s Wanderer Trilogy","Minty Spire (QoL Compilation)","Permanent Neow","Potionbrewer","Quick Restart","Relic Filter","Relic Sorter","Remove Card Discount Mod","Replay The Spire","Robot Space Explorer","Spicy Shops","StSLib","The Animator","The Bladedancer","The Dragon Tamer","The Exalted","The Poker Player","The Problem Sleuth","vexMod"],"gold_per_floor":[452,532,8,24,36,36,32,32,59,92,105,120,120,135,135,234,234,251,271,79,101,113,113,113],"floor_reached":23,"playtime":2334,"items_purged":["Writhe","DemoMod:Strike_Huntress","DemoMod:Defend_Huntress","DemoMod:Strike_Huntress","DemoMod:Defend_Huntress","Voices","CommonCold","DemoMod:Strike_Huntress"],"score":195,"play_id":"52919c5d-8e5b-4c82-bb7c-e785a220d016","local_time":"20201211122519","is_ascension_mode":false,"campfire_choices":[{"data":"DemoMod:CursedBullets","floor":6,"key":"SMITH"},{"data":"DemoMod:HardPowerCard","floor":8,"key":"SMITH"},{"floor":15,"key":"REST"}],"circlet_count":0,"master_deck":["DemoMod:Defend_Huntress","DemoMod:Defend_Huntress","DemoMod:Roll","DemoMod:ManualReload","DemoMod:RustySidearm","DemoMod:CrossBow","DemoMod:HardPowerCard+1","DemoMod:BlankBullets","DemoMod:RadGun","DemoMod:CursedBullets+1","DemoMod:HuntsMan","DemoMod:TeaPot","DemoMod:AbyssalTentacle","infinitespire:TheBestDefense","DemoMod:SniperShot","DemoMod:PotionOfGunFriendShip","DemoMod:GunslingerForm","CurseOfTheBell","DemoMod:DoubleSwitch","DemoMod:StickyCrossBow","DemoMod:HuntsMan+1","DemoMod:ManualReload","DemoMod:GunShield","DemoMod:Unity"],"relics":["DemoMod:Dog","DemoMod:WhiteGuonStone","Toy Ornithopter","halation:AfternoonTea","Bromod:ArcaneGuardian","Calling Bell","Gremlin Food","DemoMod:CrisisStone","conspire:Boomerang","vexMod:BarristanHead","DollysMirror"],"acts_visited":["Exordium","TheCity"],"potions_floor_usage":[12,23,23,23],"damage_taken":[{"damage":1,"enemies":"2 Louse","floor":1,"turns":3},{"damage":7,"enemies":"Jaw Worm","floor":4,"turns":6},{"damage":0,"enemies":"Cultist","floor":5,"turns":4},{"damage":25,"enemies":"Replay:BlueRogue","floor":10,"turns":7},{"damage":0,"enemies":"Looter","floor":11,"turns":3},{"damage":4,"enemies":"Blue Slaver","floor":12,"turns":3},{"damage":2,"enemies":"2 Fungi Beasts","floor":14,"turns":3},{"damage":37,"enemies":"The Guardian","floor":16,"turns":12},{"damage":13,"enemies":"3 Byrds","floor":18,"turns":5},{"damage":6,"enemies":"Spheric Guardian","floor":19,"turns":4},{"damage":27,"enemies":"Shelled Parasite and Fungi","floor":21,"turns":4},{"damage":4,"enemies":"Snecko","floor":22,"turns":4},{"damage":35,"enemies":"Gremlin Leader","floor":23,"turns":5}],"seed_played":"5066710250979147008","potions_obtained":[{"floor":11,"key":"potionbrewer:FreezingPotion"},{"floor":12,"key":"DuplicationPotion"},{"floor":16,"key":"potionbrewer:HastePotion"},{"floor":18,"key":"DuplicationPotion"},{"floor":19,"key":"Strength Potion"}],"is_trial":false,"path_per_floor":["M","?","$","M","M","R","$","R","T","E","M","M","?","M","R","B",null,"M","M","$","M","M","E"],"character_chosen":"HUNTRESS","items_purchased":["DemoMod:BlankBullets","DemoMod:WhiteGuonStone","Toy Ornithopter","halation:AfternoonTea","DemoMod:HuntsMan+1","DollysMirror"],"campfire_rested":1,"item_purchase_floors":[3,3,3,3,20,20],"current_hp_per_floor":[69,69,69,62,62,62,62,62,62,37,37,38,38,36,57,33,70,57,51,51,24,20,0,0],"gold":113,"neow_bonus":"HUNDRED_GOLD","is_daily":false,"chose_seed":false,"campfire_upgraded":2,"win_rate":0.0,"timestamp":1607685919,"path_taken":["M","?","$","M","M","R","?","R","T","E","M","M","?","M","R","BOSS","M","M","$","M","M","E"],"items_purchased_type":["Card","Relic","Relic","Relic","Potion","Relic"],"build_version":"2020-11-30","purchased_purges":8,"victory":false,"max_hp_per_floor":[70,70,70,70,70,70,70,70,70,70,70,70,70,70,70,70,70,70,70,70,70,70,70,70],"card_choices":[{"not_picked":["DemoMod:Ejector","DemoMod:BattleInHaste"],"picked":"DemoMod:HardPowerCard","floor":1},{"not_picked":["DemoMod:AbyssalTentacle","DemoMod:AWP"],"picked":"DemoMod:RadGun","floor":4},{"not_picked":["DemoMod:JK47","DemoMod:DirectionalPad"],"picked":"DemoMod:CursedBullets","floor":5},{"not_picked":["DemoMod:Unity","DemoMod:MachoBrace"],"picked":"DemoMod:HuntsMan","floor":10},{"not_picked":["DemoMod:AC15","DemoMod:SAA"],"picked":"DemoMod:TeaPot","floor":11},{"not_picked":["DemoMod:TeaPot","DemoMod:EasyReloadBullets"],"picked":"DemoMod:AbyssalTentacle","floor":12},{"not_picked":["infinitespire:Gouge","infinitespire:Execution"],"picked":"infinitespire:TheBestDefense","floor":13},{"not_picked":["DemoMod:Camera","DemoMod:HuntsMan"],"picked":"DemoMod:SniperShot","floor":14},{"not_picked":["DemoMod:Unity","DemoMod:AbyssalTentacle"],"picked":"DemoMod:PotionOfGunFriendShip","floor":14},{"not_picked":["DemoMod:BalloonGun","DemoMod:Desperate"],"picked":"DemoMod:GunslingerForm","floor":16},{"not_picked":["DemoMod:StickyCrossBow","DemoMod:BoxingGlove"],"picked":"DemoMod:DoubleSwitch","floor":18},{"not_picked":["DemoMod:ZorGun","DemoMod:GunstockTap"],"picked":"DemoMod:StickyCrossBow","floor":19},{"not_picked":["DemoMod:PotionOfGunFriendShip","DemoMod:SAA+1"],"picked":"DemoMod:GunShield","floor":21},{"not_picked":["DemoMod:Unmoved","DemoMod:ConditionalReflex"],"picked":"DemoMod:Unity","floor":22}],"player_experience":358310,"relics_obtained":[{"floor":10,"key":"Bromod:ArcaneGuardian"},{"floor":17,"key":"Gremlin Food"},{"floor":17,"key":"DemoMod:CrisisStone"},{"floor":17,"key":"conspire:Boomerang"},{"floor":19,"key":"vexMod:BarristanHead"}],"event_choices":[],"is_beta":false,"boss_relics":[{"not_picked":["jedi:hotpepper","hubris:GrandSneckoEye"],"picked":"Calling Bell"}],"items_purged_floors":[3,3,3,7,7,20,20,20],"is_endless":false,"potions_floor_spawned":[11,12,16,18,19],"killed_by":"Gremlin Leader","ascension_level":0}}