{"host":"y3h3n3f7seyagppx","time":1607697618,"event":{"mods":["AlwaysNeverKeys","BaseMod","Better Vampires","Colored Powertips","DeckTracker","Emptier Cage","Minty Spire (QoL Compilation)","Permanent Neow","Quick Restart","Rare Cards Sparkle","Relic Sorter","Relic Stats","StSLib","Transform Curses"],"gold_per_floor":[109,119,119,119,132,166,166,209,209,209,240,240,108,131,131,221,221,240,284,284,298,23,64,64,105,105,128,128,39,39,57,57,147,147,171,171,171],"floor_reached":36,"playtime":2712,"items_purged":["Strike_R"],"score":886,"play_id":"f4aca25d-ec3d-450e-9c26-fc7be26cc909","local_time":"20201211094018","is_ascension_mode":true,"campfire_choices":[{"data":"Anger","floor":7.0,"key":"SMITH"},{"data":"Demon Form","floor":10.0,"key":"SMITH"},{"data":"Immolate","floor":12.0,"key":"SMITH"},{"floor":15.0,"key":"REST"},{"data":"Corruption","floor":24.0,"key":"SMITH"},{"floor":32,"key":"REST"}],"circlet_count":0,"master_deck":["AscendersBane","Bash","Battle Trance","Anger+1","Demon Form+1","Rage","Immolate+1","Corruption+1","Headbutt+1","Intimidate+1","Ghostly","Ghostly","Ghostly","Feel No Pain","Reaper","Clumsy","Evolve+1","RitualDagger","Pummel+1","Feed","Fire Breathing","Warcry","Sentinel","Thunderclap","Shockwave","Feed","Feed","Disarm","Burning Pact"],"relics":["SacredBark","Golden Idol","Darkstone Periapt","Lantern","Matryoshka","Dream Catcher","Cursed Key","Red Mask","Mummified Hand","Incense Burner","The Courier","Nunchaku","Mercury Hourglass","Pandora\u0027s Box"],"acts_visited":["Exordium","TheCity","TheBeyond"],"potions_floor_usage":[36],"damage_taken":[{"damage":9.0,"enemies":"Jaw Worm","floor":1.0,"turns":5.0},{"damage":8.0,"enemies":"2 Louse","floor":2.0,"turns":3.0},{"damage":0.0,"enemies":"Small Slimes","floor":5.0,"turns":3.0},{"damage":35.0,"enemies":"3 Sentries","floor":6.0,"turns":8.0},{"damage":15.0,"enemies":"Lagavulin","floor":8.0,"turns":5.0},{"damage":34.0,"enemies":"3 Sentries","floor":11.0,"turns":7.0},{"damage":9.0,"enemies":"3 Louse","floor":14.0,"turns":2.0},{"damage":24.0,"enemies":"The Guardian","floor":16.0,"turns":9.0},{"damage":8.0,"enemies":"Chosen","floor":18.0,"turns":4.0},{"damage":9.0,"enemies":"Masked Bandits","floor":19.0,"turns":2.0},{"damage":2.0,"enemies":"Spheric Guardian","floor":21.0,"turns":4.0},{"damage":11.0,"enemies":"Gremlin Leader","floor":23.0,"turns":5.0},{"damage":0.0,"enemies":"Slavers","floor":25.0,"turns":4.0},{"damage":3,"enemies":"Snake Plant","floor":27,"turns":4},{"damage":28,"enemies":"Centurion and Healer","floor":31,"turns":7},{"damage":32,"enemies":"Collector","floor":33,"turns":7},{"damage":7,"enemies":"Orb Walker","floor":35,"turns":4},{"damage":35,"enemies":"3 Darklings","floor":36,"turns":2}],"seed_played":"5002981140882993890","potions_obtained":[{"floor":1.0,"key":"FearPotion"},{"floor":5.0,"key":"LiquidBronze"},{"floor":6.0,"key":"FairyPotion"},{"floor":14.0,"key":"SpeedPotion"},{"floor":18.0,"key":"AttackPotion"},{"floor":19.0,"key":"GamblersBrew"},{"floor":33,"key":"EssenceOfSteel"}],"is_trial":false,"path_per_floor":["M","M","?","?","M","E","R","E","T","R","E","R","$","M","R","B",null,"M","?","?","M","$","E","R","E","T","M","?","$","?","M","R","B",null,"M","M"],"character_chosen":"IRONCLAD","items_purchased":["SkillPotion","Mummified Hand","FairyPotion"],"campfire_rested":2,"item_purchase_floors":[13,22,29],"current_hp_per_floor":[59,51,51,51,51,16,16,1,1,1,16,16,16,7,27,3,52,44,35,34,32,32,21,21,21,27,24,24,24,18,4,16,40,40,34,0,0],"gold":171,"neow_bonus":"BOSS_RELIC","is_daily":false,"chose_seed":false,"campfire_upgraded":4,"win_rate":0.0,"timestamp":1607697618,"path_taken":["M","M","?","?","M","E","R","E","T","R","E","R","$","M","R","BOSS","M","?","?","M","$","E","R","E","T","M","?","$","?","M","R","BOSS","M","M"],"items_purchased_type":["Potion","Relic","Potion"],"build_version":"2020-11-30","purchased_purges":1,"victory":false,"max_hp_per_floor":[75,75,75,68,68,68,68,68,68,68,68,68,68,68,68,68,68,68,68,34,34,34,34,34,34,40,40,40,40,40,40,40,40,40,40,40,40],"relic_stats":{"Darkstone Periapt":6,"Dream Catcher":2,"Nunchaku":[4],"counters":[18,84],"Golden Idol":112,"Mummified Hand":[23],"Pandora\u0027s Box":["Fire Breathing","Warcry","Sentinel","Thunderclap","Shockwave","Feed","Feed","Disarm"],"Cursed Key":1,"obtain_stats":[{"Darkstone Periapt":6,"Lantern":8,"Golden Idol":4,"SacredBark":0,"The Courier":25,"Incense Burner":23,"Cursed Key":17,"Burning Blood":0,"Mercury Hourglass":26,"Dream Catcher":11,"Nunchaku":26,"Matryoshka":9,"Mummified Hand":22,"Pandora\u0027s Box":34,"Red Mask":19},{"Darkstone Periapt":4,"Lantern":5,"Golden Idol":2,"SacredBark":0,"The Courier":13,"Incense Burner":12,"Cursed Key":8,"Burning Blood":0,"Mercury Hourglass":13,"Dream Catcher":6,"Nunchaku":13,"Matryoshka":5,"Mummified Hand":11,"Pandora\u0027s Box":16,"Red Mask":10},{"Darkstone Periapt":19,"Lantern":24,"Golden Idol":8,"SacredBark":0,"The Courier":61,"Incense Burner":57,"Cursed Key":42,"Burning Blood":0,"Mercury Hourglass":61,"Dream Catcher":31,"Nunchaku":61,"Matryoshka":24,"Mummified Hand":52,"Pandora\u0027s Box":78,"Red Mask":48}],"Mercury Hourglass":[118]},"card_choices":[{"not_picked":["Dark Embrace","Perfected Strike"],"picked":"Battle Trance","floor":1.0},{"not_picked":["Clothesline","Sword Boomerang"],"picked":"Anger","floor":2.0},{"not_picked":["True Grit","Warcry","Reckless Charge"],"picked":"SKIP","floor":5.0},{"not_picked":["Anger","Twin Strike"],"picked":"Demon Form","floor":6.0},{"not_picked":["Havoc","Rage","Sword Boomerang"],"picked":"SKIP","floor":8.0},{"not_picked":["Havoc","Sword Boomerang"],"picked":"Rage","floor":8.0},{"not_picked":["Dropkick","Body Slam"],"picked":"Immolate","floor":11.0},{"not_picked":["Thunderclap","Twin Strike","Hemokinesis"],"picked":"SKIP","floor":14.0},{"not_picked":["Juggernaut","Brutality"],"picked":"Corruption","floor":16.0},{"not_picked":["Dual Wield","Anger"],"picked":"Headbutt+1","floor":18.0},{"not_picked":["Uppercut","Body Slam"],"picked":"Intimidate+1","floor":19.0},{"not_picked":["Entrench","Shrug It Off"],"picked":"Feel No Pain","floor":21.0},{"not_picked":["Sword Boomerang","Body Slam","Pummel"],"picked":"SKIP","floor":23.0},{"not_picked":["True Grit","Ghostly Armor+1"],"picked":"Reaper","floor":25.0},{"not_picked":["Seeing Red","Rage"],"picked":"Evolve+1","floor":27},{"not_picked":["Hemokinesis","Clash","Headbutt"],"picked":"SKIP","floor":31},{"not_picked":["Cleave","Clash"],"picked":"Pummel+1","floor":32},{"not_picked":["Brutality","Barricade"],"picked":"Feed","floor":33},{"not_picked":["Perfected Strike","Inflame"],"picked":"Burning Pact","floor":35}],"player_experience":19901368,"relics_obtained":[{"floor":6.0,"key":"Darkstone Periapt"},{"floor":8.0,"key":"Lantern"},{"floor":9.0,"key":"Matryoshka"},{"floor":11.0,"key":"Dream Catcher"},{"floor":19.0,"key":"Red Mask"},{"floor":23.0,"key":"Incense Burner"},{"floor":25.0,"key":"The Courier"},{"floor":26.0,"key":"Nunchaku"},{"floor":26.0,"key":"Mercury Hourglass"}],"event_choices":[{"damage_healed":0.0,"max_hp_gain":0.0,"max_hp_loss":0.0,"gold_gain":0.0,"event_name":"Liars Game","player_choice":"Ignored","floor":3.0,"gold_loss":0.0,"damage_taken":0.0},{"damage_healed":0.0,"max_hp_gain":0.0,"max_hp_loss":7.0,"gold_gain":0.0,"event_name":"Golden Idol","player_choice":"Lose Max HP","floor":4.0,"gold_loss":0.0,"damage_taken":0.0,"relics_obtained":["Golden Idol"]},{"damage_healed":0.0,"max_hp_gain":0.0,"max_hp_loss":0.0,"gold_gain":0.0,"event_name":"Masked Bandits","player_choice":"Fought Bandits","floor":19.0,"gold_loss":0.0,"damage_taken":0.0},{"damage_healed":0.0,"max_hp_gain":0.0,"max_hp_loss":34.0,"gold_gain":0.0,"event_name":"Ghosts","player_choice":"Became a Ghost","floor":20.0,"gold_loss":0.0,"damage_taken":0.0,"cards_obtained":["Ghostly","Ghostly","Ghostly"]},{"damage_healed":0,"gold_gain":0,"player_choice":"Ignored","damage_taken":0,"max_hp_gain":0,"max_hp_loss":0,"event_name":"Vampires","floor":28,"gold_loss":0},{"damage_healed":0,"gold_gain":0,"player_choice":"Joined the Cult","damage_taken":6,"max_hp_gain":0,"max_hp_loss":0,"event_name":"Nest","floor":30,"gold_loss":0,"cards_obtained":["RitualDagger"]}],"is_beta":false,"boss_relics":[{"not_picked":["SlaversCollar","Runic Cube"],"picked":"Cursed Key"},{"not_picked":["Mark of Pain","Tiny House"],"picked":"Pandora\u0027s Box"}],"items_purged_floors":[13],"is_endless":false,"potions_floor_spawned":[1,5,6,14,18,19,33],"killed_by":"3 Darklings","ascension_level":20}}