{"host":"qcz3z4ma7bhmfwsc","time":1607657116,"event":{"mods":["AchievementEnabler","BaseMod","BetterRewards","Colored Map","Highlight Path","Infinite Spire","Minty Spire (QoL Compilation)","Replay The Spire","StSLib"],"gold_per_floor":[116,41,55,55,70,70,99,99,126,157,169,187,197,225,225,321,321,338,356,356,406,456,490,490,507,532,582,632,700,750,457,457,554,554,572,591,608,618,470,470,489,489,489,489,589,607,22,38,38,40],"floor_reached":51,"playtime":3084,"items_purged":["Defend_B"],"score":1384,"play_id":"4b58d61e-ffd3-4808-8baf-a2d915b22467","local_time":"20201210222516","is_ascension_mode":true,"campfire_choices":[{"data":"Zap","floor":6,"key":"SMITH"},{"floor":8,"key":"REST"},{"floor":15,"key":"REST"},{"floor":24,"key":"REST"},{"data":"Echo Form","floor":32,"key":"SMITH"},{"data":"infinitespire:Oblivion","floor":40,"key":"SMITH"},{"data":"Sunder","floor":44,"key":"SMITH"},{"data":"infinitespire:Punishment","floor":49,"key":"SMITH"}],"circlet_count":0,"master_deck":["AscendersBane","Strike_B+1","Defend_B+1","Defend_B+1","Zap+1","Dualcast","Conserve Battery","White Noise","Gash","Dramatic Entrance","Conserve Battery","Consume","Beam Cell","Double Energy","Genetic Algorithm","Streamline","Reboot","Echo Form+1","BasicCrystalCard","Ball Lightning","infinitespire:Punishment+1","infinitespire:Oblivion+1","Ball Lightning","Sweeping Beam","Sunder+1","Ball Lightning","Electrodynamics","Gash","Rebound+1","Go for the Eyes","Sweeping Beam+1","Reboot","Redo+1","Double Energy+1","Leap","infinitespire:Starlight","Rip and Tear+1","Compile Driver","Conserve Battery+1"],"relics":["Cracked Core","Bag of Preparation","ClockworkSouvenir","SsserpentHead","Oddly Smooth Stone","infinitespire:Beetle Shell","ReplayTheSpireMod:TigerMarble","StrikeDummy","Sozu","Counterbalance","Ancient Tea Set","Anchor","Pear","WingedGreaves","Empty Cage","Orrery","Prayer Wheel","Mango","infinitespire:Midas Blood","Turnip","infinitespire:Bottled Soul","Gremlin Food","Replay:Frozen Program"],"acts_visited":["Exordium","TheCity","TheBeyond"],"potions_floor_usage":[10,16,16,16],"damage_taken":[{"damage":0,"enemies":"Small Slimes","floor":1,"turns":2},{"damage":0,"enemies":"Cultist","floor":3,"turns":4},{"damage":7,"enemies":"Jaw Worm","floor":5,"turns":3},{"damage":24,"enemies":"3 Sentries","floor":7,"turns":7},{"damage":20,"enemies":"Lagavulin","floor":10,"turns":5},{"damage":0,"enemies":"3 Louse","floor":11,"turns":3},{"damage":0,"enemies":"Blue Slaver","floor":12,"turns":3},{"damage":8,"enemies":"Red Slaver","floor":13,"turns":3},{"damage":6,"enemies":"3 Sentries","floor":14,"turns":5},{"damage":32,"enemies":"Hexaghost","floor":16,"turns":9},{"damage":18,"enemies":"3 Byrds","floor":18,"turns":5},{"damage":4,"enemies":"Shell Parasite","floor":19,"turns":4},{"damage":12,"enemies":"Book of Stabbing","floor":23,"turns":5},{"damage":0,"enemies":"Snecko","floor":25,"turns":2},{"damage":13,"enemies":"Centurion and Healer","floor":29,"turns":5},{"damage":2,"enemies":"Collector","floor":33,"turns":6},{"damage":0,"enemies":"3 Shapes","floor":35,"turns":2},{"damage":0,"enemies":"Orb Walker","floor":36,"turns":2},{"damage":0,"enemies":"Spire Growth","floor":37,"turns":3},{"damage":0,"enemies":"4 Shapes","floor":38,"turns":4},{"damage":25,"enemies":"Transient","floor":41,"turns":5},{"damage":0,"enemies":"Mind Bloom Boss Battle","floor":45,"turns":2},{"damage":1,"enemies":"Maw","floor":46,"turns":7},{"damage":10,"enemies":"Jaw Worm Horde","floor":48,"turns":3},{"damage":8,"enemies":"Donu and Deca","floor":50,"turns":6}],"seed_played":"-7092521009594381164","potions_obtained":[{"floor":1,"key":"SteroidPotion"},{"floor":11,"key":"LiquidBronze"},{"floor":12,"key":"Block Potion"},{"floor":13,"key":"Block Potion"}],"is_trial":false,"path_per_floor":["M","$","M","?","M","R","E","R","T","E","M","M","M","E","R","B",null,"M","M","AVR","?","?","E","R","M","T","T","?","M","?","$","R","B",null,"M","M","M","M","$","R","M","AVR","T","R","?","M","$","M","R_BF","B",null],"character_chosen":"DEFECT","items_purchased":["Conserve Battery","White Noise","Gash","Dramatic Entrance","Bag of Preparation","ClockworkSouvenir","WingedGreaves","Orrery","infinitespire:Bottled Soul","Gremlin Food","Replay:Frozen Program","Compile Driver"],"campfire_rested":3,"item_purchase_floors":[0,0,0,0,0,0,31,39,47,47,47,47],"current_hp_per_floor":[68,68,68,68,61,61,37,59,59,39,39,39,31,25,47,15,60,42,38,38,38,38,26,48,48,48,58,58,45,95,95,95,93,95,95,95,95,95,95,95,70,84,84,84,84,93,93,83,83,85],"gold":40,"neow_bonus":"","is_daily":false,"chose_seed":false,"campfire_upgraded":5,"win_rate":0.0,"timestamp":1607657116,"path_taken":["M","$","M","?","M","R","E","R","T","E","M","M","M","E","R","BOSS","M","M","AVR","?","?","E","R","M","T","?","?","?","?","$","R","BOSS","M","M","M","M","$","R","M","AVR","T","R","?","M","$","M","R_BF","BOSS"],"items_purchased_type":["Card","Card","Card","Card","Relic","Relic","Relic","Relic","Relic","Relic","Relic","Card"],"build_version":"2020-11-30","purchased_purges":1,"victory":true,"max_hp_per_floor":[75,75,75,75,75,75,75,75,75,75,75,75,75,75,75,75,75,75,75,75,75,75,75,75,75,75,85,85,85,95,95,95,95,95,95,95,95,95,95,95,95,109,109,109,109,109,109,109,109,109],"card_choices":[{"not_picked":["Coolheaded","Cold Snap"],"picked":"Conserve Battery","floor":1},{"not_picked":["Coolheaded","ReplayTheSpireMod:Repulse"],"picked":"Consume","floor":3},{"not_picked":["Stack","BasicCrystalCard"],"picked":"Beam Cell","floor":5},{"not_picked":["Coolheaded","Steam Power"],"picked":"Double Energy","floor":7},{"not_picked":["Barrage","Recycle"],"picked":"Genetic Algorithm","floor":10},{"not_picked":["Redo","Conserve Battery"],"picked":"Streamline","floor":11},{"not_picked":["Beam Cell","Fusion","Redo"],"picked":"SKIP","floor":12},{"not_picked":["Conserve Battery","BasicCrystalCard"],"picked":"Reboot","floor":13},{"not_picked":["Conserve Battery","Tempest","ReplayGash"],"picked":"SKIP","floor":14},{"not_picked":["Seek","Core Surge"],"picked":"Echo Form","floor":16},{"not_picked":["Cold Snap","Chill"],"picked":"BasicCrystalCard","floor":18},{"not_picked":["Leap","Compile Driver"],"picked":"Ball Lightning","floor":19},{"not_picked":["Coolheaded","Genetic Algorithm"],"picked":"Ball Lightning","floor":23},{"not_picked":["Compile Driver","Lockon"],"picked":"Sweeping Beam","floor":25},{"not_picked":["ReplayTheSpireMod:GoodbyeWorld","Streamline+1"],"picked":"Ball Lightning","floor":29},{"not_picked":["Seek","Fission"],"picked":"Electrodynamics","floor":33},{"not_picked":["Beam Cell","Rebound","Streamline+1"],"picked":"SKIP","floor":35},{"not_picked":["BootSequence+1","Glacier+1"],"picked":"Gash","floor":36},{"not_picked":["Coolheaded","Panic Button"],"picked":"Rebound+1","floor":37},{"not_picked":["Panic Button","Sweeping Beam"],"picked":"ReplayTheSpireMod:Fabricate Wheel","floor":38},{"not_picked":["Blizzard+1","Cold Snap"],"picked":"Go for the Eyes","floor":39},{"not_picked":["Beam Cell+1","Coolheaded"],"picked":"Sweeping Beam+1","floor":39},{"not_picked":["Undo","Stack"],"picked":"Reboot","floor":39},{"not_picked":["Turbo+1","Reprogram"],"picked":"Redo+1","floor":39},{"not_picked":["Crystallizer+1","BootSequence"],"picked":"Double Energy+1","floor":41},{"not_picked":["Stack","Tempest+1"],"picked":"Leap","floor":41},{"not_picked":["Steam Power","Hyperbeam"],"picked":"Rip and Tear+1","floor":46},{"not_picked":["Rebound","Sweeping Beam","ReplayTheSpireMod:Reroute Power+1"],"picked":"SKIP","floor":46},{"not_picked":["Darkness+1","Time Bomb+1"],"picked":"Conserve Battery+1","floor":48},{"not_picked":["Tempest","Leap+1","ReplaySort+1"],"picked":"SKIP","floor":48}],"player_experience":635802,"relics_obtained":[{"floor":7,"key":"Oddly Smooth Stone"},{"floor":9,"key":"infinitespire:Beetle Shell"},{"floor":10,"key":"ReplayTheSpireMod:TigerMarble"},{"floor":14,"key":"StrikeDummy"},{"floor":23,"key":"Ancient Tea Set"},{"floor":26,"key":"Anchor"},{"floor":27,"key":"Pear"},{"floor":43,"key":"infinitespire:Midas Blood"},{"floor":45,"key":"Turnip"}],"event_choices":[{"damage_healed":0,"gold_gain":0,"player_choice":"Trade","damage_taken":0,"relics_obtained":["SsserpentHead"],"max_hp_gain":0,"max_hp_loss":0,"event_name":"FaceTrader","floor":4,"gold_loss":0},{"damage_healed":0,"gold_gain":0,"player_choice":"Simplicity","damage_taken":0,"max_hp_gain":0,"max_hp_loss":0,"event_name":"Back to Basics","floor":22,"gold_loss":0,"cards_upgraded":["Strike_B","Strike_B","Strike_B","Strike_B","Defend_B","Defend_B","Defend_B"]},{"damage_healed":0,"gold_gain":0,"cards_transformed":["Strike_B","Strike_B"],"player_choice":"Became Test Subject","damage_taken":0,"max_hp_gain":0,"max_hp_loss":0,"event_name":"Drug Dealer","floor":28,"gold_loss":0,"cards_obtained":["Sunder","Amplify"]},{"cards_removed":["Amplify"],"damage_healed":40,"gold_gain":0,"player_choice":"Offered Rare","damage_taken":0,"max_hp_gain":10,"max_hp_loss":0,"event_name":"Bonfire Elementals","floor":30,"gold_loss":0},{"damage_healed":0,"gold_gain":0,"player_choice":"Fight","damage_taken":0,"max_hp_gain":0,"max_hp_loss":0,"event_name":"MindBloom","floor":45,"gold_loss":0}],"is_beta":false,"boss_relics":[{"not_picked":["FrozenCore","Ring of Chaos"],"picked":"Sozu"},{"not_picked":["Kintsugi","Coffee Dripper"],"picked":"Empty Cage"}],"items_purged_floors":[2],"is_endless":false,"potions_floor_spawned":[1,11,12,13,18,33,37,41,45,46],"ascension_level":10}}