{"host":"nj06ypb01n3s9mn8","time":1607723704,"event":{"mods":["BaseMod","Colored Map","Downfall","Highlight Path","Minty Spire (QoL Compilation)","Replay The Spire","Shade Mod","StSLib","The Animator","The Bug Knight","The Necromancer","The Servant 0.9.4","Waifu the Spire"],"gold_per_floor":[113,113,63,77,95,120,120,148,172,189,7,7,7,7,7,126,126,120,120,138,138,163,196,196,121,146,146,146,162,62,161,161,197,197,328,328,351,351,351],"floor_reached":38,"playtime":2537,"items_purged":["Exploit+1","Strike_W"],"score":418,"play_id":"728f6d49-26f4-4edb-95e6-e02f56f506d4","local_time":"20201211185504","is_ascension_mode":false,"campfire_choices":[{"data":"Finger_Of_Death","floor":7,"key":"SMITH"},{"data":"Shade_Step","floor":12,"key":"SMITH"},{"floor":32,"key":"REST"},{"floor":34,"key":"REST"}],"circlet_count":0,"master_deck":["Defend_W","Bone_Wall","Toxic_Smoke_Screen","Blood_Shield","Finger_Of_Death+1","Summon_Lich","Shade_Step+1","Bone_Shift+1","Bone_Shift","Skeleton_Dragon","Summon_Vampire_Lady","Finger_Of_Death+1","Consume_Illness","Summon_Undead_Army","Stop_Heart","Summon_Undead_Army","Shade_Step","Siphon_Strength","Spectral_Walk","Summon_Death_Knight"],"relics":["Vampire_Amulet","NeowsBlessing","HollowMod:PaleOreRelic","Potion Belt","Golden Idol","Replay:Bronze Core","Pen Nib","Blue Doll","MealTicket","Replay:Drink Me"],"acts_visited":["Exordium","TheCity","TheBeyond"],"potions_floor_usage":[16,33,33,33,35],"damage_taken":[{"damage":0.0,"enemies":"2 Louse","floor":1.0,"turns":1.0},{"damage":0.0,"enemies":"Jaw Worm","floor":4.0,"turns":1.0},{"damage":0.0,"enemies":"Cultist","floor":5.0,"turns":1.0},{"damage":21,"enemies":"HollowMod:MossKnight","floor":6,"turns":14},{"damage":8,"enemies":"Replay:BlueRogue","floor":8,"turns":5},{"damage":3,"enemies":"Blue Slaver","floor":10,"turns":4},{"damage":42,"enemies":"The Guardian","floor":16,"turns":12},{"damage":6,"enemies":"2 Thieves","floor":18,"turns":5},{"damage":17,"enemies":"3 Byrds","floor":20,"turns":4},{"damage":44,"enemies":"Sentry and Sphere","floor":22,"turns":7},{"damage":23,"enemies":"HollowMod:Nosk","floor":23,"turns":8},{"damage":20,"enemies":"Snake Plant","floor":29,"turns":4},{"damage":54,"enemies":"Slavers","floor":33,"turns":8},{"damage":14,"enemies":"Champ","floor":35,"turns":10},{"damage":4,"enemies":"Orb Walker","floor":37,"turns":5},{"damage":62,"enemies":"2 Orb Walkers","floor":38,"turns":5}],"seed_played":"-5863683115320508099","potions_obtained":[{"floor":1.0,"key":"Weak Potion"},{"floor":8,"key":"Explosive Potion"},{"floor":22,"key":"Block Potion"},{"floor":29,"key":"Languid Potion"},{"floor":33,"key":"hexamod:EctoCoolerPotion"},{"floor":35,"key":"sneckomod:MuddlingPotion"}],"is_trial":false,"path_per_floor":["M","?","?","M","M","E","R","E","T","M","$","R","?","?","R_BF","B",null,"M","?","M","?","M","E","?","$","T","PTL","PTL","M","$","?","R","E","R","B",null,"M","?"],"character_chosen":"NECROMANCER","items_purchased":["Bone_Shift","Skeleton_Dragon"],"campfire_rested":2,"item_purchase_floors":[11,11],"current_hp_per_floor":[75,75,75,75,75,58,58,52,52,51,51,51,51,37,57,17,69,67,67,65,65,30,38,38,38,38,38,38,31,31,31,51,8,28,51,52,52,0,0],"gold":351,"neow_bonus":"THREE_ENEMY_KILL","is_daily":false,"chose_seed":false,"campfire_upgraded":2,"win_rate":0.0,"timestamp":1607723704,"path_taken":["M","?","?","M","?","E","R","E","T","M","?","R","?","?","R_BF","BOSS","M","?","M","?","?","E","?","?","T","PTL","PTL","M","$","?","R","E","R","BOSS","M","?"],"items_purchased_type":["Card","Card"],"build_version":"2020-11-29","purchased_purges":2,"victory":false,"max_hp_per_floor":[75,75,75,75,75,75,75,75,75,75,75,75,69,69,69,69,69,69,69,69,69,69,69,69,69,69,69,69,69,69,69,69,69,69,69,52,52,52,52],"card_choices":[{"not_picked":["Vampiric_Strike","Death_Coil"],"picked":"Toxic_Smoke_Screen","floor":1.0},{"not_picked":["Bone_Armory","Necrotic_Claws"],"picked":"Finger_Of_Death","floor":4.0},{"not_picked":["Chill_Blood","Bone_Armor"],"picked":"Summon_Lich","floor":5.0},{"not_picked":["Negative_Energy_Javelin","Necrotic_Claws"],"picked":"Exploit","floor":6},{"not_picked":["Scare","Bone_Shift"],"picked":"Shade_Step","floor":8},{"not_picked":["Necrotic_Claws","Toxic_Smoke_Screen","Consume_Illness"],"picked":"SKIP","floor":10},{"not_picked":["Reap_The_Weak","Cloudkill"],"picked":"Summon_Vampire_Lady","floor":16},{"not_picked":["Slay_Living","Corrupt"],"picked":"Finger_Of_Death+1","floor":18},{"not_picked":["Chill_Blood","Necromantic_Selection+1"],"picked":"Stop_Heart","floor":20},{"not_picked":["Death_Coil","Negative_Energy_Sphere"],"picked":"Summon_Undead_Army","floor":22},{"not_picked":["Scare+1","Bone_Bullets"],"picked":"Shade_Step","floor":23},{"not_picked":["Chill_Blood","Scare+1"],"picked":"Siphon_Strength","floor":29},{"not_picked":["Bone_Armory","Thousand_Bone_Knives"],"picked":"Spectral_Walk","floor":33},{"not_picked":["Detonate_Bones","Hellfire"],"picked":"Summon_Death_Knight","floor":35},{"not_picked":["Bone_Spikes","Vampiric_Strike+1","Death_Coil+1"],"picked":"SKIP","floor":37}],"player_experience":0,"relics_obtained":[{"floor":6,"key":"HollowMod:PaleOreRelic"},{"floor":8,"key":"Potion Belt"},{"floor":23,"key":"Pen Nib"},{"floor":26,"key":"Blue Doll"},{"floor":33,"key":"MealTicket"}],"event_choices":[{"damage_healed":0.0,"max_hp_gain":0.0,"max_hp_loss":0.0,"gold_gain":0.0,"cards_transformed":["Defend_W"],"event_name":"Living Wall","player_choice":"Change","floor":2.0,"gold_loss":0.0,"damage_taken":0.0,"cards_obtained":["Blood_Shield"]},{"cards_removed":["Strike_W"],"damage_healed":0.0,"max_hp_gain":0.0,"max_hp_loss":0.0,"gold_gain":0.0,"event_name":"The Cleric","player_choice":"Card Removal","floor":3.0,"gold_loss":50.0,"damage_taken":0.0},{"damage_healed":0,"gold_gain":0,"player_choice":"Lose Max HP","damage_taken":0,"relics_obtained":["Golden Idol"],"max_hp_gain":0,"max_hp_loss":6,"event_name":"Golden Idol","floor":13,"gold_loss":0},{"damage_healed":0,"gold_gain":0,"player_choice":"Entered Light","damage_taken":14,"max_hp_gain":0,"max_hp_loss":0,"event_name":"Shining Light","floor":14,"gold_loss":0,"cards_upgraded":["Strike_W","Exploit"]},{"damage_healed":0,"gold_gain":0,"cards_transformed":["Defend_W","Strike_W"],"player_choice":"Became Test Subject","damage_taken":0,"max_hp_gain":0,"max_hp_loss":0,"event_name":"Drug Dealer","floor":19,"gold_loss":0,"cards_obtained":["Consume_Illness","Summon_Undead_Army"]},{"damage_healed":0,"gold_gain":0,"player_choice":"Ignored","damage_taken":0,"max_hp_gain":0,"max_hp_loss":0,"event_name":"Ghosts","floor":24,"gold_loss":0},{"damage_healed":0,"gold_gain":99,"player_choice":"Stole From Cult","damage_taken":0,"max_hp_gain":0,"max_hp_loss":0,"event_name":"Nest","floor":31,"gold_loss":0},{"damage_healed":0,"gold_gain":0,"player_choice":"Fight","damage_taken":0,"max_hp_gain":0,"max_hp_loss":0,"event_name":"Mysterious Sphere","floor":38,"gold_loss":0}],"is_beta":false,"boss_relics":[{"not_picked":["Painkiller Herb","Ring of Chaos"],"picked":"Replay:Bronze Core"},{"not_picked":["Astrolabe","Honey Jar"],"picked":"Replay:Drink Me"}],"items_purged_floors":[25,30],"is_endless":false,"potions_floor_spawned":[1,8,22,29,33,35],"killed_by":"2 Orb Walkers","ascension_level":0}}