{"host":"ueef25wtkg2eer3h","time":1607675866,"event":{"mods":["AchievementEnabler","BaseMod","Colored Map","Colored Powertips","DeckTracker","Displayed Cursed Tome","Googly Eyes","Highlight Path","Minty Spire (QoL Compilation)","Slay the Relics Exporter","StSLib"],"gold_per_floor":[114,127,137,151,22,22,22,51,51,51,51],"floor_reached":10,"playtime":288,"items_purged":[],"score":99,"play_id":"d8121011-6925-4f21-88ce-51809ec849dd","local_time":"20201211093746","is_ascension_mode":true,"campfire_choices":[{"data":"Echo Form","floor":6,"key":"SMITH"}],"circlet_count":0,"master_deck":["Strike_B","Strike_B","Strike_B","Defend_B","Defend_B","Defend_B","Zap","Dualcast","Ball Lightning","Ball Lightning","Defragment","Echo Form+1","Sunder","Turbo","Biased Cognition"],"relics":["Cracked Core","HornCleat","Du-Vu Doll"],"acts_visited":["Exordium"],"potions_floor_usage":[4,8],"damage_taken":[{"damage":1,"enemies":"Cultist","floor":1,"turns":4},{"damage":0,"enemies":"Small Slimes","floor":2,"turns":2},{"damage":2,"enemies":"Jaw Worm","floor":3,"turns":3},{"damage":10,"enemies":"Gremlin Gang","floor":4,"turns":3},{"damage":32,"enemies":"Gremlin Nob","floor":8,"turns":4},{"damage":30,"enemies":"Lagavulin","floor":10,"turns":4}],"seed_played":"-6214909377909807552","potions_obtained":[{"floor":1,"key":"LiquidMemories"},{"floor":2,"key":"CultistPotion"},{"floor":3,"key":"Explosive Potion"}],"is_trial":false,"path_per_floor":["M","M","M","M","$","R","$","E","T","E"],"character_chosen":"DEFECT","items_purchased":["Sunder","Turbo"],"campfire_rested":0,"item_purchase_floors":[5,5],"current_hp_per_floor":[67,67,65,55,55,55,55,23,23,0,0],"gold":51,"neow_bonus":"REMOVE_TWO","is_daily":false,"chose_seed":false,"campfire_upgraded":1,"win_rate":0.0,"timestamp":1607675866,"path_taken":["M","M","M","M","?","R","$","E","T","E"],"items_purchased_type":["Card","Card"],"build_version":"2020-11-30","purchased_purges":0,"victory":false,"max_hp_per_floor":[68,68,68,68,68,68,68,68,68,68,68],"card_choices":[{"not_picked":["Cold Snap","Hologram"],"picked":"Ball Lightning","floor":1},{"not_picked":["Aggregate","Go for the Eyes"],"picked":"Ball Lightning","floor":2},{"not_picked":["Go for the Eyes","Reprogram"],"picked":"Defragment","floor":3},{"not_picked":["Undo","Loop"],"picked":"Echo Form","floor":4},{"not_picked":["Hyperbeam","Streamline"],"picked":"Biased Cognition","floor":8}],"player_experience":239097,"relics_obtained":[{"floor":8,"key":"HornCleat"},{"floor":9,"key":"Du-Vu Doll"}],"event_choices":[],"is_beta":false,"boss_relics":[],"items_purged_floors":[],"is_endless":false,"potions_floor_spawned":[1,2,3],"killed_by":"Lagavulin","ascension_level":9}}