{"host":"2cg6xoexl1he7zus","time":1607666286,"event":{"mods":["AchievementEnabler","BaseMod","Colored Map","Minty Spire (QoL Compilation)","Quick Restart","StSLib","SuperFastMode","everything is the same but u backflip on backflip"],"gold_per_floor":[119,131,131,131,131,131,163,36,83,102,102,112,131,163,163,266,266,282,294,294,309,9,99,99,125,125,43,43,61,76,89,89,194,194,212,228,106,118,118,118,118,129,129,139,47,71,91,116,116,116],"floor_reached":51,"playtime":2573,"items_purged":["Defend_B","Strike_B"],"score":905,"play_id":"e8f46a8c-9881-4d0c-9937-c0594b725e25","local_time":"20201211145806","is_ascension_mode":true,"campfire_choices":[{"data":"Dualcast","floor":6.0,"key":"SMITH"},{"floor":11.0,"key":"REST"},{"data":"Biased Cognition","floor":15.0,"key":"SMITH"},{"data":"White Noise","floor":24.0,"key":"SMITH"},{"floor":28.0,"key":"REST"},{"floor":32.0,"key":"REST"},{"floor":40.0,"key":"REST"},{"floor":49.0,"key":"REST"}],"circlet_count":0,"master_deck":["Strike_B","Defend_B","Defend_B","Defend_B","Zap","Dualcast+1","Turbo","Glacier","Scrape","Reinforced Body","Biased Cognition+1","Steam","Streamline","Tempest","Sunder","Reboot","White Noise+1","Conserve Battery","Flash of Steel","Steam Power","Core Surge","Heatsinks+1","BootSequence","Consume","Madness","Madness","Bandage Up","Finesse","Deep Breath","Coolheaded","Finesse+1","Seek+1"],"relics":["Cracked Core","Smiling Mask","Gremlin Horn","Ancient Tea Set","PreservedInsect","Anchor","Nuclear Battery","Omamori","Calipers","Art of War","Bottled Flame","Inserter","Toxic Egg 2","Akabeko","Centennial Puzzle"],"acts_visited":["Exordium","TheCity","TheBeyond"],"potions_floor_usage":[50,50],"damage_taken":[{"damage":0.0,"enemies":"Small Slimes","floor":1.0,"turns":4.0},{"damage":0.0,"enemies":"2 Louse","floor":2.0,"turns":2.0},{"damage":32.0,"enemies":"Gremlin Nob","floor":7.0,"turns":4.0},{"damage":0.0,"enemies":"Jaw Worm","floor":10.0,"turns":2.0},{"damage":1.0,"enemies":"Large Slime","floor":12.0,"turns":7.0},{"damage":0.0,"enemies":"Exordium Thugs","floor":13.0,"turns":4.0},{"damage":0.0,"enemies":"Lagavulin","floor":14.0,"turns":4.0},{"damage":15.0,"enemies":"The Guardian","floor":16.0,"turns":14.0},{"damage":0.0,"enemies":"3 Byrds","floor":18.0,"turns":4.0},{"damage":2.0,"enemies":"Spheric Guardian","floor":19.0,"turns":4.0},{"damage":14.0,"enemies":"Shelled Parasite and Fungi","floor":21.0,"turns":5.0},{"damage":17.0,"enemies":"Book of Stabbing","floor":25.0,"turns":8.0},{"damage":0.0,"enemies":"Snake Plant","floor":29.0,"turns":2.0},{"damage":0.0,"enemies":"3 Cultists","floor":30.0,"turns":4.0},{"damage":15.0,"enemies":"Shelled Parasite and Fungi","floor":31.0,"turns":4.0},{"damage":19.0,"enemies":"Automaton","floor":33.0,"turns":14.0},{"damage":4.0,"enemies":"Orb Walker","floor":35.0,"turns":5.0},{"damage":0.0,"enemies":"3 Shapes","floor":36.0,"turns":6.0},{"damage":10.0,"enemies":"Transient","floor":38.0,"turns":5.0},{"damage":2.0,"enemies":"4 Shapes","floor":42.0,"turns":5.0},{"damage":16.0,"enemies":"Sphere and 2 Shapes","floor":44.0,"turns":7.0},{"damage":5.0,"enemies":"Spire Growth","floor":47.0,"turns":9.0},{"damage":11.0,"enemies":"Reptomancer","floor":48.0,"turns":7.0},{"damage":47,"enemies":"Time Eater","floor":50,"turns":17}],"seed_played":"7382216577359258939","potions_obtained":[{"floor":2.0,"key":"Ancient Potion"},{"floor":7.0,"key":"BlessingOfTheForge"},{"floor":14.0,"key":"AttackPotion"},{"floor":16.0,"key":"FearPotion"},{"floor":18.0,"key":"PowerPotion"},{"floor":31.0,"key":"BlessingOfTheForge"},{"floor":42.0,"key":"FearPotion"},{"floor":47.0,"key":"Block Potion"}],"is_trial":false,"path_per_floor":["M","M","?","?","?","R","E","$","T","M","R","M","M","E","R","B",null,"M","M","?","M","$","?","R","E","T","$","R","M","M","M","R","B",null,"M","M","$","M","?","R","?","M","T","M","$","T","M","E","R","B",null],"character_chosen":"DEFECT","items_purchased":["Biased Cognition","Calipers","Flash of Steel","BootSequence","Finesse+1"],"campfire_rested":5,"item_purchase_floors":[8,22,27,37,45],"current_hp_per_floor":[75,75,68,68,50,50,18,18,18,18,40,39,39,39,39,24,62,62,60,60,46,46,34,34,17,17,17,39,39,39,24,46,27,63,59,59,59,49,40,62,52,54,54,42,42,42,41,34,56,13],"gold":116,"neow_bonus":"RANDOM_COMMON_RELIC","is_daily":false,"chose_seed":false,"campfire_upgraded":3,"win_rate":0.0,"timestamp":1607666286,"path_taken":["M","M","?","?","?","R","E","?","T","M","R","M","M","E","R","BOSS","M","M","?","M","?","?","R","E","T","$","R","?","M","M","R","BOSS","M","M","$","M","?","R","?","M","T","M","$","?","M","E","R","BOSS"],"items_purchased_type":["Card","Relic","Card","Card","Undefined"],"build_version":"2020-11-30","purchased_purges":2,"victory":true,"max_hp_per_floor":[75,75,75,75,75,75,75,75,75,75,75,75,75,75,75,75,75,75,75,75,75,75,75,75,75,75,75,75,75,75,75,75,75,75,75,75,75,75,75,75,75,75,75,75,75,75,75,75,75,75],"card_choices":[{"not_picked":["Sweeping Beam","Auto Shields"],"picked":"Turbo","floor":1.0},{"not_picked":["Consume","Beam Cell"],"picked":"Glacier","floor":2.0},{"not_picked":["Sweeping Beam","Barrage"],"picked":"Reinforced Body","floor":7.0},{"not_picked":["Scrape","Glacier"],"picked":"Steam","floor":10.0},{"not_picked":["Glacier","Steam Power"],"picked":"Streamline","floor":12.0},{"not_picked":["Streamline","Redo"],"picked":"Tempest","floor":13.0},{"not_picked":["Stack","Chaos"],"picked":"Sunder","floor":14.0},{"not_picked":["Creative AI","Multi-Cast"],"picked":"Reboot","floor":16.0},{"not_picked":["Blizzard","Cold Snap","Lockon+1"],"picked":"SKIP","floor":18.0},{"not_picked":["Doom and Gloom","Sweeping Beam"],"picked":"White Noise","floor":19.0},{"not_picked":["Leap","Aggregate","Turbo+1"],"picked":"SKIP","floor":21.0},{"not_picked":["Reinforced Body+1","Capacitor"],"picked":"Conserve Battery","floor":25.0},{"not_picked":["Ball Lightning+1","Conserve Battery","Rebound"],"picked":"SKIP","floor":29.0},{"not_picked":["Beam Cell","Leap+1","Redo+1"],"picked":"SKIP","floor":30.0},{"not_picked":["Barrage","Compile Driver"],"picked":"Steam Power","floor":31.0},{"not_picked":["Machine Learning","Reboot"],"picked":"Core Surge","floor":33.0},{"not_picked":["Darkness","Stack"],"picked":"Heatsinks+1","floor":35.0},{"not_picked":["Cold Snap+1","Reprogram","Conserve Battery"],"picked":"SKIP","floor":36.0},{"not_picked":["Conserve Battery","Self Repair"],"picked":"Consume","floor":38.0},{"not_picked":["Impatience","Forethought"],"picked":"Bandage Up","floor":41.0},{"not_picked":["Dramatic Entrance","Swift Strike"],"picked":"Finesse","floor":41.0},{"not_picked":["Jack Of All Trades","Purity"],"picked":"Deep Breath","floor":41.0},{"not_picked":["Force Field","Compile Driver"],"picked":"Coolheaded","floor":42.0},{"not_picked":["Turbo+1","Self Repair","Static Discharge"],"picked":"SKIP","floor":44.0},{"not_picked":["Undo+1","Steam Power+1","Compile Driver+1"],"picked":"SKIP","floor":47.0},{"not_picked":["Aggregate+1","Auto Shields+1"],"picked":"Seek+1","floor":48.0}],"player_experience":234958,"relics_obtained":[{"floor":7.0,"key":"Ancient Tea Set"},{"floor":9.0,"key":"PreservedInsect"},{"floor":14.0,"key":"Anchor"},{"floor":25.0,"key":"Art of War"},{"floor":26.0,"key":"Bottled Flame"},{"floor":43.0,"key":"Toxic Egg 2"},{"floor":46.0,"key":"Akabeko"},{"floor":48.0,"key":"Centennial Puzzle"}],"event_choices":[{"cards_removed":["Strike_B"],"damage_healed":0.0,"max_hp_gain":0.0,"max_hp_loss":0.0,"gold_gain":0.0,"event_name":"Golden Wing","player_choice":"Card Removal","floor":3.0,"gold_loss":0.0,"damage_taken":7.0},{"damage_healed":0.0,"max_hp_gain":0.0,"max_hp_loss":0.0,"gold_gain":0.0,"cards_transformed":["Strike_B"],"event_name":"Living Wall","player_choice":"Change","floor":4.0,"gold_loss":0.0,"damage_taken":0.0,"cards_obtained":["Scrape"]},{"damage_healed":0.0,"max_hp_gain":0.0,"max_hp_loss":0.0,"gold_gain":0.0,"event_name":"Scrap Ooze","player_choice":"Success","floor":5.0,"gold_loss":0.0,"damage_taken":18.0,"relics_obtained":["Gremlin Horn"]},{"damage_healed":0.0,"max_hp_gain":0.0,"max_hp_loss":0.0,"gold_gain":0.0,"event_name":"WeMeetAgain","player_choice":"Gave Potion","floor":20.0,"gold_loss":0.0,"damage_taken":0.0,"relics_obtained":["Omamori"]},{"damage_healed":0.0,"max_hp_gain":0.0,"max_hp_loss":0.0,"gold_gain":90.0,"event_name":"Knowing Skull","player_choice":"GOLD ","floor":23.0,"potions_obtained":[],"gold_loss":0.0,"damage_taken":12.0,"cards_obtained":[]},{"damage_healed":0.0,"max_hp_gain":0.0,"max_hp_loss":0.0,"gold_gain":0.0,"event_name":"Winding Halls","player_choice":"Embrace Madness","floor":39.0,"gold_loss":0.0,"damage_taken":9.0,"cards_obtained":["Madness","Madness"]},{"damage_healed":0.0,"max_hp_gain":0.0,"max_hp_loss":0.0,"gold_gain":0.0,"event_name":"SensoryStone","player_choice":"Memory 3","floor":41.0,"gold_loss":0.0,"damage_taken":10.0}],"is_beta":false,"boss_relics":[{"not_picked":["Black Star","FrozenCore"],"picked":"Nuclear Battery"},{"not_picked":["Cursed Key","Calling Bell"],"picked":"Inserter"}],"items_purged_floors":[8,37],"is_endless":false,"potions_floor_spawned":[2,7,14,16,18,19,31,42,47],"ascension_level":5}}