{"host":"2461dio7vetlq1z3","time":1607698799,"event":{"mods":["AchievementEnabler","BaseMod","Hermit","Lobotomy","Minty Spire (QoL Compilation)","Relic Stats","StSLib","Waifu the Spire"],"gold_per_floor":[277,288,288,307,41,41,69,69,96,107,134,134,144,174,174,247,247,257,268,22,32,32,62,62,92,115,115,115,154,29,58,58,141,141,170,189,127,144,156,189,201,216,216,244,261,287,296,322,322,322,322],"floor_reached":50,"playtime":4088,"items_purged":["Strike_G","Strike_G","DreamingCurrent"],"score":1164,"play_id":"fbf77d87-29c0-47c3-b619-e455e2b8c9e0","local_time":"20201211155959","is_ascension_mode":true,"campfire_choices":[{"data":"Sadistic Nature","floor":6,"key":"SMITH"},{"data":"Noxious Fumes","floor":12,"key":"SMITH"},{"data":"Footwork","floor":15,"key":"SMITH"},{"data":"Footwork","floor":24,"key":"SMITH"},{"floor":27,"key":"REST"},{"data":"Envenom","floor":32,"key":"SMITH"},{"floor":47,"key":"REST"},{"floor":49,"key":"RECALL"}],"circlet_count":0,"master_deck":["AscendersBane","Strike_G","Defend_G","Defend_G","Defend_G","Survivor","Neutralize","Noxious Fumes+1","Blade Dance","Deadly Poison","WallGazer","Sadistic Nature+1","HappyTeddy","Quick Slash+1","Well Laid Plans","Footwork+1","BeautyBeast","Backflip","Deflect","Sucker Punch+1","Footwork+1","Footwork+1","Blade Dance","Envenom+1","Escape Plan","Scarecrow","Cloak And Dagger","Noxious Fumes","Noxious Fumes"],"relics":["Ring of the Snake","CogitoBucket","MealTicket","Pen Nib","Kunai","TreeSap","Orichalcum","Black Star","DollysMirror","FleshIdol","Whetstone","Akabeko","Centennial Puzzle","Blue Candle","Boot","Toy Ornithopter","CeramicFish","Shuriken","Dream Catcher","Busted Crown","HellTrain","AtMidnight","Potion Belt","Snake Skull","Regal Pillow","The Courier","Vajra","Calipers","Bottled Tornado","Mango"],"acts_visited":["Exordium","TheCity","TheBeyond"],"potions_floor_usage":[11,21,21,44,44,50,50],"damage_taken":[{"damage":0,"enemies":"Small Slimes","floor":1,"turns":3},{"damage":14,"enemies":"2 Louse","floor":2,"turns":4},{"damage":18,"enemies":"Cultist","floor":4,"turns":4},{"damage":31,"enemies":"Lagavulin","floor":7,"turns":7},{"damage":26,"enemies":"Gremlin Gang","floor":10,"turns":5},{"damage":41,"enemies":"Gremlin Nob","floor":11,"turns":4},{"damage":35,"enemies":"Blue Slaver","floor":13,"turns":4},{"damage":12,"enemies":"Lagavulin","floor":14,"turns":6},{"damage":41,"enemies":"Slime Boss","floor":16,"turns":9},{"damage":22,"enemies":"Shell Parasite","floor":18,"turns":6},{"damage":16,"enemies":"3 Byrds","floor":19,"turns":4},{"damage":96,"enemies":"3 Cultists","floor":21,"turns":7},{"damage":65,"enemies":"Book of Stabbing","floor":23,"turns":8},{"damage":64,"enemies":"Slavers","floor":25,"turns":7},{"damage":39,"enemies":"Book of Stabbing","floor":29,"turns":8},{"damage":14,"enemies":"Gremlin Leader","floor":31,"turns":7},{"damage":18,"enemies":"Champ","floor":33,"turns":8},{"damage":7,"enemies":"Orb Walker","floor":35,"turns":4},{"damage":9,"enemies":"3 Shapes","floor":36,"turns":3},{"damage":37,"enemies":"Spire Growth","floor":38,"turns":5},{"damage":21,"enemies":"Sphere and 2 Shapes","floor":39,"turns":5},{"damage":37,"enemies":"Nemesis","floor":40,"turns":6},{"damage":4,"enemies":"Maw","floor":41,"turns":5},{"damage":7,"enemies":"Spire Growth","floor":42,"turns":4},{"damage":72,"enemies":"Reptomancer","floor":44,"turns":5},{"damage":23,"enemies":"Jaw Worm Horde","floor":45,"turns":3},{"damage":41,"enemies":"Giant Head","floor":46,"turns":6},{"damage":12,"enemies":"Nemesis","floor":48,"turns":5},{"damage":127,"enemies":"Time Eater","floor":50,"turns":4}],"seed_played":"-3590530127395062352","potions_obtained":[{"floor":1,"key":"PowerPotion"},{"floor":2,"key":"FearPotion"},{"floor":16,"key":"Energy Potion"},{"floor":33,"key":"PowerPotion"},{"floor":39,"key":"ColorlessPotion"},{"floor":41,"key":"Explosive Potion"},{"floor":42,"key":"PowerPotion"}],"is_trial":false,"path_per_floor":["M","M","?","M","$","R","E","?","T","M","E","R","M","E","R","B",null,"M","M","$","M","?","E","R","E","T","R","?","E","$","E","R","B",null,"M","M","$","M","M","E","M","M","T","E","M","E","R","E","R","B"],"character_chosen":"THE_SILENT","items_purchased":["Sadistic Nature","DollysMirror","Noxious Fumes"],"campfire_rested":2,"item_purchase_floors":[5,20,37],"current_hp_per_floor":[63,67,67,64,64,64,61,61,61,65,43,43,32,50,50,63,68,70,68,70,70,70,51,51,27,27,48,35,52,67,57,57,45,68,72,72,75,42,47,40,64,72,72,20,25,16,53,83,83,0,0],"gold":322,"neow_bonus":"","is_daily":false,"chose_seed":false,"campfire_upgraded":5,"win_rate":0.0,"timestamp":1607698799,"path_taken":["M","M","?","M","$","R","E","?","T","M","E","R","M","E","R","BOSS","M","M","$","?","?","E","R","E","T","R","?","E","?","E","R","BOSS","M","M","?","M","M","E","M","M","T","E","M","E","R","E","R","BOSS"],"items_purchased_type":["Card","Relic","Card"],"build_version":"2020-11-30","purchased_purges":3,"victory":false,"max_hp_per_floor":[70,70,70,70,70,70,70,70,70,70,70,70,70,70,70,70,70,70,70,70,70,70,70,70,70,70,70,75,75,75,75,75,75,75,75,75,75,75,75,75,75,75,75,75,75,75,75,89,89,89,89],"relic_stats":{"Regal Pillow":15,"counters":[33,160],"Blue Candle":[0],"CeramicFish":45,"Pen Nib":[25],"Snake Skull":[137],"Whetstone":["Sucker Punch","Quick Slash"],"Orichalcum":[90],"Boot":[108],"Centennial Puzzle":[43],"Dream Catcher":1,"Busted Crown":50,"Shuriken":[32],"MealTicket":20,"Black Star":8,"Kunai":[47],"obtain_stats":[{"Regal Pillow":44,"Calipers":46,"CeramicFish":29,"Vajra":46,"FleshIdol":21,"Mango":48,"Snake Skull":40,"Whetstone":23,"Bottled Tornado":48,"Boot":26,"CogitoBucket":0,"Centennial Puzzle":25,"Dream Catcher":31,"DollysMirror":20,"TreeSap":13,"MealTicket":7,"Kunai":11,"Ring of the Snake":0,"Potion Belt":40,"Blue Candle":25,"Pen Nib":9,"The Courier":44,"Orichalcum":14,"Akabeko":23,"Busted Crown":34,"Shuriken":31,"AtMidnight":35,"Black Star":17,"HellTrain":35,"Toy Ornithopter":29},{"Regal Pillow":28,"Calipers":30,"CeramicFish":17,"Vajra":30,"FleshIdol":14,"Mango":31,"Snake Skull":25,"Whetstone":15,"Bottled Tornado":31,"Boot":16,"CogitoBucket":0,"Centennial Puzzle":16,"Dream Catcher":18,"DollysMirror":12,"TreeSap":8,"MealTicket":4,"Kunai":6,"Ring of the Snake":0,"Potion Belt":25,"Blue Candle":16,"Pen Nib":4,"The Courier":28,"Orichalcum":9,"Akabeko":15,"Busted Crown":19,"Shuriken":18,"AtMidnight":21,"Black Star":10,"HellTrain":21,"Toy Ornithopter":17},{"Regal Pillow":141,"Calipers":150,"CeramicFish":88,"Vajra":150,"FleshIdol":65,"Mango":155,"Snake Skull":127,"Whetstone":73,"Bottled Tornado":155,"Boot":80,"CogitoBucket":0,"Centennial Puzzle":80,"Dream Catcher":95,"DollysMirror":57,"TreeSap":32,"MealTicket":18,"Kunai":27,"Ring of the Snake":0,"Potion Belt":127,"Blue Candle":80,"Pen Nib":18,"The Courier":141,"Orichalcum":38,"Akabeko":73,"Busted Crown":103,"Shuriken":95,"AtMidnight":108,"Black Star":47,"HellTrain":108,"Toy Ornithopter":88}],"Toy Ornithopter":9,"Ring of the Snake":[66]},"card_choices":[{"not_picked":["Sucker Punch","Heel Hook"],"picked":"Noxious Fumes","floor":1},{"not_picked":["SpiderBud","MeltingLove"],"picked":"DreamingCurrent","floor":1},{"not_picked":["Slice","Flying Knee"],"picked":"Blade Dance","floor":2},{"not_picked":["Blur","Calculated Gamble"],"picked":"Deadly Poison","floor":4},{"not_picked":["Woodsman","MeatLantern"],"picked":"WallGazer","floor":4},{"not_picked":["Mercenary","MeatLantern"],"picked":"HappyTeddy","floor":7},{"not_picked":["Dagger Spray","Infinite Blades","Heel Hook"],"picked":"SKIP","floor":7},{"not_picked":["All Out Attack","Calculated Gamble","Tools of the Trade"],"picked":"SKIP","floor":10},{"not_picked":["Setup","Underhanded Strike"],"picked":"Well Laid Plans","floor":11},{"not_picked":["Escape Plan","Eviscerate"],"picked":"Footwork","floor":13},{"not_picked":["VoidDream","OSAHOGD"],"picked":"BeautyBeast","floor":13},{"not_picked":["Riddle With Holes","Acrobatics"],"picked":"Backflip","floor":14},{"not_picked":["Slice","Acrobatics+1"],"picked":"Deflect","floor":18},{"not_picked":["Deflect+1","Poisoned Stab"],"picked":"Sucker Punch","floor":19},{"not_picked":["Cloak And Dagger","Dagger Spray"],"picked":"Footwork","floor":21},{"not_picked":["Outmaneuver","Poisoned Stab"],"picked":"Blade Dance","floor":23},{"not_picked":["PiercingWail","Blade Dance"],"picked":"Envenom","floor":25},{"not_picked":["Slice","Blade Dance"],"picked":"Escape Plan","floor":29},{"not_picked":["Blade Dance","Envenom","Flechettes"],"picked":"SKIP","floor":31},{"not_picked":["OSAHOGD","LittlePrince"],"picked":"Scarecrow","floor":33},{"not_picked":[],"picked":"Cloak And Dagger","floor":35},{"not_picked":["Prepared"],"picked":"SKIP","floor":36},{"not_picked":["Dagger Throw"],"picked":"SKIP","floor":38},{"not_picked":["Cloak And Dagger"],"picked":"SKIP","floor":39},{"not_picked":["Cloak And Dagger"],"picked":"SKIP","floor":39},{"not_picked":["Slice"],"picked":"SKIP","floor":40},{"not_picked":["Quick Slash"],"picked":"SKIP","floor":41},{"not_picked":["Dagger Throw"],"picked":"SKIP","floor":42},{"not_picked":["Grand Finale"],"picked":"SKIP","floor":44},{"not_picked":["Sucker Punch"],"picked":"SKIP","floor":45},{"not_picked":["Phantasmal Killer"],"picked":"SKIP","floor":46},{"not_picked":[],"picked":"Noxious Fumes","floor":47},{"not_picked":["Blade Dance+1"],"picked":"SKIP","floor":48}],"player_experience":625230,"relics_obtained":[{"floor":7,"key":"MealTicket"},{"floor":9,"key":"Pen Nib"},{"floor":11,"key":"Kunai"},{"floor":14,"key":"Orichalcum"},{"floor":23,"key":"Whetstone"},{"floor":23,"key":"Akabeko"},{"floor":25,"key":"Centennial Puzzle"},{"floor":25,"key":"Blue Candle"},{"floor":26,"key":"Boot"},{"floor":29,"key":"Toy Ornithopter"},{"floor":29,"key":"CeramicFish"},{"floor":31,"key":"Shuriken"},{"floor":31,"key":"Dream Catcher"},{"floor":35,"key":"AtMidnight"},{"floor":40,"key":"Potion Belt"},{"floor":40,"key":"Snake Skull"},{"floor":44,"key":"Regal Pillow"},{"floor":44,"key":"The Courier"},{"floor":46,"key":"Vajra"},{"floor":46,"key":"Calipers"},{"floor":48,"key":"Bottled Tornado"},{"floor":48,"key":"Mango"}],"event_choices":[{"damage_healed":0,"gold_gain":0,"player_choice":"Ignored","damage_taken":0,"max_hp_gain":0,"max_hp_loss":0,"event_name":"Liars Game","floor":3,"gold_loss":0},{"damage_healed":0,"gold_gain":0,"cards_transformed":["Strike_G"],"player_choice":"Transformed","damage_taken":0,"max_hp_gain":0,"max_hp_loss":0,"event_name":"Transmorgrifier","floor":8,"gold_loss":0,"cards_obtained":["Quick Slash"]},{"cards_removed":["Strike_G"],"damage_healed":0,"gold_gain":0,"player_choice":"Elegance","damage_taken":0,"max_hp_gain":0,"max_hp_loss":0,"event_name":"Back to Basics","floor":22,"gold_loss":0},{"damage_healed":0,"gold_gain":0,"player_choice":"Shed Blood","damage_taken":18,"max_hp_gain":5,"max_hp_loss":0,"event_name":"Forgotten Altar","floor":28,"gold_loss":0}],"is_beta":false,"boss_relics":[{"not_picked":["Sozu","SlaversCollar"],"picked":"Black Star"},{"not_picked":["WristBlade","Tiny House"],"picked":"Busted Crown"}],"items_purged_floors":[5,20,30],"is_endless":false,"potions_floor_spawned":[1,2,10,16,19,33,39,41,42],"killed_by":"Time Eater","ascension_level":13}}