{"host":"kw4o7b3ro2ktmmbe","time":1607665203,"event":{"mods":["BaseMod","Minty Spire (QoL Compilation)","StSLib","TheBandit","Treasure Hunter"],"gold_per_floor":[118,130,145,162,175,175,191,191,191,191,210,210,224,234,234,330,330,347,347,347,358,387,413,413,413,413],"floor_reached":24,"playtime":7480,"items_purged":[],"score":237,"play_id":"6233c016-30c8-4259-b1f2-cfd53cd5b646","local_time":"20201211184003","is_ascension_mode":false,"campfire_choices":[{"data":"wariomod:TreasureDig","floor":6.0,"key":"SMITH"},{"data":"wariomod:WhirlwindBurst","floor":8.0,"key":"SMITH"},{"data":"TH:BikiniMail","floor":10.0,"key":"SMITH"},{"data":"wariomod:MassiveParty","floor":12.0,"key":"SMITH"},{"data":"wariomod:Step","floor":15.0,"key":"SMITH"}],"circlet_count":0,"master_deck":["wariomod:Strike","wariomod:Strike","wariomod:Strike","wariomod:Strike","wariomod:Defend+1","wariomod:Defend","wariomod:Defend","wariomod:Defend","wariomod:Step+1","wariomod:Leap","wariomod:Bombshield+1","wariomod:WhirlwindBurst+1","wariomod:RacingSpeed","wariomod:TreasureDig+1","wariomod:MassiveParty+1","TH:BikiniMail+1","wariomod:EmptyMind","wariomod:Immortalize+1","wariomod:DeepDig+1","TH:PixieDust","wariomod:PoisonBombs","wariomod:DropBash+1","Normality","TH:BikiniMail","wariomod:EmptyMind+1","wariomod:BumRush","TH:TreasureMap","wariomod:WhirlwindBurst+1"],"relics":["wariomod:TheHat","Toxic Egg 2","Cursed Key","MutagenicStrength","Pear","Red Mask","War Paint"],"acts_visited":["Exordium","TheCity"],"potions_floor_usage":[23],"damage_taken":[{"damage":0.0,"enemies":"Small Slimes","floor":1.0,"turns":2.0},{"damage":0.0,"enemies":"Jaw Worm","floor":2.0,"turns":3.0},{"damage":0.0,"enemies":"Cultist","floor":3.0,"turns":3.0},{"damage":7.0,"enemies":"Blue Slaver","floor":4.0,"turns":4.0},{"damage":19.0,"enemies":"Exordium Wildlife","floor":5.0,"turns":5.0},{"damage":1.0,"enemies":"Large Slime","floor":7.0,"turns":7.0},{"damage":20.0,"enemies":"Blue Slaver","floor":11.0,"turns":4.0},{"damage":10.0,"enemies":"Red Slaver","floor":13.0,"turns":5.0},{"damage":0.0,"enemies":"Large Slime","floor":14.0,"turns":6.0},{"damage":42.0,"enemies":"The Guardian","floor":16.0,"turns":7.0},{"damage":11.0,"enemies":"2 Thieves","floor":18.0,"turns":3.0},{"damage":14.0,"enemies":"Shell Parasite","floor":21.0,"turns":5.0},{"damage":14.0,"enemies":"Masked Bandits","floor":22.0,"turns":4.0},{"damage":38,"enemies":"Slavers","floor":23,"turns":6},{"damage":26,"enemies":"Snake Plant","floor":24,"turns":2}],"seed_played":"3407045987821174312","potions_obtained":[{"floor":2.0,"key":"Regen Potion"},{"floor":11.0,"key":"ColorlessPotion"},{"floor":13.0,"key":"AttackPotion"},{"floor":14.0,"key":"BlessingOfTheForge"},{"floor":16.0,"key":"Swift Potion"},{"floor":18.0,"key":"GamblersBrew"}],"is_trial":false,"path_per_floor":["M","M","M","M","M","R","M","R","T","R","M","R","M","M","R","B",null,"M","?","T","M","?","E","M"],"character_chosen":"THE_BANDIT","items_purchased":[],"campfire_rested":0,"item_purchase_floors":[],"current_hp_per_floor":[88,88,88,81,62,62,73,73,73,73,53,53,43,43,43,1,88,77,77,87,73,59,21,0,0,0],"gold":413,"neow_bonus":"TEN_PERCENT_HP_BONUS","is_daily":false,"chose_seed":false,"campfire_upgraded":5,"win_rate":0.0,"timestamp":1607665203,"path_taken":["M","M","M","M","M","R","M","R","T","R","M","R","M","M","R","BOSS","M","?","?","?","?","E","M"],"items_purchased_type":[],"build_version":"2020-11-30","purchased_purges":0,"victory":false,"max_hp_per_floor":[88,88,88,88,88,88,88,88,88,88,88,88,88,88,88,88,88,88,88,98,98,98,98,98,98,98],"card_choices":[{"not_picked":["wariomod:Smackflip","wariomod:Leapslam"],"picked":"wariomod:Bombshield","floor":1.0},{"not_picked":["wariomod:Goblast","wariomod:Bombshield"],"picked":"wariomod:WhirlwindBurst","floor":2.0},{"not_picked":["wariomod:ThatsNotAll","wariomod:Goblast","wariomod:BlastDash"],"picked":"SKIP","floor":3.0},{"not_picked":["wariomod:ChargeForth","wariomod:Purify"],"picked":"wariomod:RacingSpeed","floor":4.0},{"not_picked":["wariomod:Bombshield","wariomod:ThatsNotAll"],"picked":"wariomod:TreasureDig","floor":5.0},{"not_picked":["wariomod:DamnedStrength","wariomod:ChargeForth"],"picked":"wariomod:MassiveParty","floor":7.0},{"not_picked":["TH:DeckOfManyThings"],"picked":"TH:BikiniMail","floor":9.0},{"not_picked":["wariomod:Boomsmack","wariomod:ChargeForth+1"],"picked":"wariomod:EmptyMind","floor":11.0},{"not_picked":["wariomod:OctoJump+1","wariomod:SmallSprint"],"picked":"wariomod:Immortalize+1","floor":13.0},{"not_picked":["wariomod:TheGrandJourney+1","wariomod:CursedSpaces+1"],"picked":"wariomod:DeepDig+1","floor":14.0},{"not_picked":["TH:EnergyPotion"],"picked":"TH:PixieDust","floor":16.0},{"not_picked":["wariomod:Enshrine+1","wariomod:VeryLongJump"],"picked":"wariomod:PoisonBombs","floor":16.0},{"not_picked":["wariomod:BlastDash","wariomod:SpikeSlash"],"picked":"wariomod:DropBash+1","floor":18.0},{"not_picked":["TH:DeckOfManyThings"],"picked":"TH:BikiniMail","floor":20.0},{"not_picked":["wariomod:BodyBlock+1","wariomod:Immortalize+1"],"picked":"wariomod:EmptyMind+1","floor":21.0},{"not_picked":["wariomod:f+1","wariomod:ThatsNotAll"],"picked":"wariomod:BumRush","floor":22.0},{"not_picked":["TH:CursedSword"],"picked":"TH:TreasureMap","floor":23},{"not_picked":["wariomod:EndlessBlast","wariomod:DoubleDash"],"picked":"wariomod:WhirlwindBurst+1","floor":23}],"player_experience":1723902,"relics_obtained":[{"floor":9.0,"key":"Toxic Egg 2"},{"floor":20.0,"key":"Pear"},{"floor":22.0,"key":"Red Mask"},{"floor":23,"key":"War Paint"}],"event_choices":[{"damage_healed":0.0,"max_hp_gain":0.0,"max_hp_loss":0.0,"gold_gain":0.0,"event_name":"Drug Dealer","player_choice":"Inject Mutagens","floor":19.0,"gold_loss":0.0,"damage_taken":0.0,"relics_obtained":["MutagenicStrength"]},{"damage_healed":0.0,"max_hp_gain":0.0,"max_hp_loss":0.0,"gold_gain":0.0,"event_name":"Masked Bandits","player_choice":"Fought Bandits","floor":22.0,"gold_loss":0.0,"damage_taken":0.0}],"is_beta":false,"boss_relics":[{"not_picked":["Fusion Hammer","wariomod:DoomHat"],"picked":"Cursed Key"}],"items_purged_floors":[],"is_endless":false,"potions_floor_spawned":[2,11,13,14,16,18],"killed_by":"Snake Plant","ascension_level":0}}