{"host":"f1miojwxaupu79sp","time":1607679273,"event":{"mods":["BaseMod","Minty Spire (QoL Compilation)","Better Vampires","Shop Mod","StSLib"],"gold_per_floor":[113,113,188,188,188,213,213,231,257,273,289,289,304,336,336,336,336],"floor_reached":16,"playtime":852,"items_purged":[],"score":142,"play_id":"8ff56277-944b-4cf7-b1ae-2f7b6c55d579","local_time":"20201211043433","is_ascension_mode":true,"campfire_choices":[{"data":"Deflect","floor":7,"key":"SMITH"},{"data":"Venomology","floor":12,"key":"SMITH"},{"data":"Deadly Poison","floor":15,"key":"SMITH"}],"circlet_count":0,"master_deck":["Strike_G","Strike_G","Strike_G","Strike_G","Strike_G","Defend_G","Defend_G","Defend_G","Defend_G","Defend_G","Survivor","Neutralize","Glass Knife+1","Deadly Poison+1","Deflect+1","Infinite Blades","Venomology+1","Escape Plan","Backflip"],"relics":["Ring of the Snake","The Courier","Oddly Smooth Stone","Juzu Bracelet","Tiny Chest"],"acts_visited":["Exordium"],"potions_floor_usage":[14,14],"damage_taken":[{"damage":0,"enemies":"Jaw Worm","floor":1,"turns":3},{"damage":36,"enemies":"3 Sentries","floor":6,"turns":11},{"damage":0,"enemies":"Small Slimes","floor":8,"turns":1},{"damage":0,"enemies":"2 Louse","floor":10,"turns":2},{"damage":0,"enemies":"Looter","floor":11,"turns":3},{"damage":0,"enemies":"Lots of Slimes","floor":13,"turns":4},{"damage":0,"enemies":"Gremlin Nob","floor":14,"turns":3},{"damage":0,"enemies":"Hexaghost","floor":16,"turns":2}],"seed_played":"-802616452327081099","potions_obtained":[{"floor":1,"key":"FearPotion"},{"floor":8,"key":"Strength Potion"},{"floor":13,"key":"FairyPotion"},{"floor":14,"key":"Fire Potion"}],"is_trial":false,"path_per_floor":["M","?","?","?","T","E","R","M","T","M","M","R","M","E","R","B"],"character_chosen":"THE_SILENT","items_purchased":[],"campfire_rested":0,"item_purchase_floors":[],"current_hp_per_floor":[70,70,59,59,59,23,23,23,23,23,23,23,23,23,23,23,23],"gold":336,"neow_bonus":"ONE_RANDOM_RARE_CARD","is_daily":false,"chose_seed":false,"campfire_upgraded":3,"win_rate":0,"timestamp":1607679273,"path_taken":["M","?","?","?","?","E","R","M","T","M","M","R","M","E","R","BOSS"],"build_version":"2020-11-30","purchased_purges":0,"victory":false,"max_hp_per_floor":[70,70,70,70,70,70,70,70,70,70,70,70,70,70,70,70,70],"card_choices":[{"not_picked":["Terror","Flying Knee"],"picked":"Deadly Poison","floor":1},{"not_picked":["Acrobatics","Flying Knee"],"picked":"Deflect","floor":6},{"not_picked":["Dodge and Roll","Quick Slash","Distraction"],"picked":"SKIP","floor":8},{"not_picked":["Slice","Deflect"],"picked":"Infinite Blades","floor":10},{"not_picked":["Acrobatics","Noxious Fumes"],"picked":"Venomology","floor":11},{"not_picked":["Dagger Throw","Acrobatics"],"picked":"Escape Plan","floor":13},{"not_picked":["Well Laid Plans","Catalyst"],"picked":"Backflip","floor":14}],"player_experience":367280,"relics_obtained":[{"floor":5,"key":"The Courier"},{"floor":6,"key":"Oddly Smooth Stone"},{"floor":9,"key":"Juzu Bracelet"},{"floor":14,"key":"Tiny Chest"}],"event_choices":[{"damage_healed":0,"gold_gain":0,"player_choice":"Ignored","damage_taken":0,"max_hp_gain":0,"max_hp_loss":0,"event_name":"Liars Game","floor":2,"gold_loss":0},{"damage_healed":0,"gold_gain":75,"player_choice":"Gather Gold","damage_taken":11,"max_hp_gain":0,"max_hp_loss":0,"event_name":"World of Goop","floor":3,"gold_loss":0},{"damage_healed":0,"gold_gain":0,"player_choice":"Grow","damage_taken":0,"max_hp_gain":0,"max_hp_loss":0,"event_name":"Living Wall","floor":4,"gold_loss":0,"cards_upgraded":["Glass Knife"]}],"is_beta":false,"boss_relics":[],"items_purged_floors":[],"is_endless":false,"potions_floor_spawned":[1,8,13,14],"killed_by":"Hexaghost","ascension_level":1}}