{"host":"00f1p9ihhzi7hxfk","time":1607693818,"event":{"mods":["BaseMod","Colored Map","Colored Powertips","Minty Spire (QoL Compilation)","Rare Cards Sparkle","Relic Stats"],"gold_per_floor":[113,288,288,298,14,29,46,46,100,100,110,35,35,45,45,45,45],"floor_reached":16,"playtime":1185,"items_purged":["Doubt"],"score":92,"play_id":"c82aceea-6070-4f81-9b39-be94f7dcac00","local_time":"20201211143658","is_ascension_mode":false,"campfire_choices":[{"data":"Defragment","floor":10.0,"key":"SMITH"},{"data":"Beam Cell","floor":13.0,"key":"SMITH"},{"floor":15.0,"key":"REST"}],"circlet_count":0,"master_deck":["Strike_B","Strike_B","Strike_B","Strike_B","Defend_B","Defend_B","Defend_B","Defend_B","Zap","Dualcast","Barrage","Conserve Battery","Defragment+1","Capacitor","Double Energy","Beam Cell+1","Streamline"],"relics":["Cracked Core","Centennial Puzzle","PreservedInsect"],"acts_visited":[],"potions_floor_usage":[16,16],"damage_taken":[{"damage":1.0,"enemies":"Cultist","floor":1.0,"turns":3.0},{"damage":5.0,"enemies":"Small Slimes","floor":4.0,"turns":4.0},{"damage":4.0,"enemies":"Jaw Worm","floor":6.0,"turns":2.0},{"damage":1.0,"enemies":"Red Slaver","floor":7.0,"turns":4.0},{"damage":17.0,"enemies":"Lots of Slimes","floor":11.0,"turns":6.0},{"damage":8.0,"enemies":"2 Fungi Beasts","floor":14.0,"turns":3.0},{"damage":66,"enemies":"The Guardian","floor":16,"turns":11}],"seed_played":"-7312073054829997639","potions_obtained":[{"floor":6.0,"key":"SteroidPotion"},{"floor":8.0,"key":"Explosive Potion"}],"is_trial":false,"path_per_floor":["M","?","?","M","$","M","M","?","T","R","M","$","R","M","R","B"],"character_chosen":"DEFECT","items_purchased":["Centennial Puzzle","Strength Potion","SpeedPotion","Beam Cell"],"campfire_rested":1,"item_purchase_floors":[5,5,12,12],"current_hp_per_floor":[81,81,73,68,68,64,63,63,63,63,46,46,46,38,62,0,0],"gold":45,"neow_bonus":"TEN_PERCENT_HP_BONUS","is_daily":false,"chose_seed":false,"campfire_upgraded":2,"win_rate":0.0,"timestamp":1607693818,"path_taken":["M","?","?","?","$","M","M","?","T","R","?","?","R","M","R","BOSS"],"items_purchased_type":["Relic","Potion","Potion","Card"],"build_version":"2020-11-30","purchased_purges":1,"victory":false,"max_hp_per_floor":[82,82,82,82,82,82,82,82,82,82,82,82,82,82,82,82,82],"relic_stats":{"Centennial Puzzle":[15],"counters":[7,33],"PreservedInsect":0,"obtain_stats":[{"Centennial Puzzle":5,"PreservedInsect":9,"Cracked Core":0},{"Centennial Puzzle":2,"PreservedInsect":4,"Cracked Core":0},{"Centennial Puzzle":7,"PreservedInsect":13,"Cracked Core":0}]},"card_choices":[{"not_picked":["Gash","Rebound"],"picked":"Barrage","floor":1.0},{"not_picked":["Compile Driver","Glacier"],"picked":"Conserve Battery","floor":4.0},{"not_picked":["Leap","Sweeping Beam"],"picked":"Defragment","floor":6.0},{"not_picked":["Leap","Melter"],"picked":"Capacitor","floor":7.0},{"not_picked":["Sweeping Beam","Rebound"],"picked":"Double Energy","floor":11.0},{"not_picked":["Stack","Compile Driver"],"picked":"Streamline","floor":14.0}],"player_experience":29978,"relics_obtained":[{"floor":9.0,"key":"PreservedInsect"}],"event_choices":[{"damage_healed":0.0,"max_hp_gain":0.0,"max_hp_loss":0.0,"gold_gain":175.0,"event_name":"Liars Game","player_choice":"AGREE","floor":2.0,"gold_loss":0.0,"damage_taken":0.0,"cards_obtained":["Doubt"]},{"damage_healed":0.0,"max_hp_gain":0.0,"max_hp_loss":0.0,"gold_gain":0.0,"event_name":"Wheel of Change","player_choice":"Damaged","floor":3.0,"gold_loss":0.0,"damage_taken":8.0},{"damage_healed":0.0,"max_hp_gain":0.0,"max_hp_loss":0.0,"gold_gain":0.0,"event_name":"Lab","player_choice":"Got Potions","floor":8.0,"gold_loss":0.0,"damage_taken":0.0}],"is_beta":false,"boss_relics":[],"items_purged_floors":[5],"is_endless":false,"potions_floor_spawned":[6,11],"killed_by":"The Guardian","ascension_level":0}}