{"host":"2ttsipbxjlhedj1t","time":1607730448,"event":{"mods":["2.2 Compatiblity","Act Like it!","BaseMod","Better Altar","Better Note","Better Sensory Stone","Better Skull","Better Third Choice","Colored Map","Colored Powertips","Hermit","Highlight Path","Minty Spire (QoL Compilation)","Quick Restart","Shop Mod","StSLib","The Blue Laboratory","The Disciple"],"gold_per_floor":[111,76,46,57,57,57,85,85,85,102,113,124,124,138,138,236,236,203,230,230,246,246,246],"floor_reached":22,"playtime":1230,"items_purged":[],"score":223,"play_id":"e771bcc6-20bd-4952-91b5-73fa7e7c3253","local_time":"20201211184728","is_ascension_mode":true,"campfire_choices":[{"data":"Zap","floor":6,"key":"SMITH"},{"data":"Recycle","floor":8,"key":"SMITH"},{"data":"Dualcast","floor":15,"key":"SMITH"}],"circlet_count":0,"master_deck":["Strike_B","Strike_B","Strike_B","Strike_B","Defend_B","Defend_B","Defend_B","Defend_B","Zap+1","Dualcast+1","Machine Learning","Recycle+1","Capacitor","Sweeping Beam","Darkness+1","Chill"],"relics":["FrozenCore","Lantern","Gremlin Horn","Red Mask","MutagenicStrength"],"acts_visited":["Exordium","TheCity"],"potions_floor_usage":[7,16,16,18,19,22,22,22],"damage_taken":[{"damage":11,"enemies":"2 Louse","floor":1,"turns":3},{"damage":0,"enemies":"Small Slimes","floor":4,"turns":2},{"damage":8,"enemies":"Lagavulin","floor":7,"turns":9},{"damage":0,"enemies":"Cultist","floor":10,"turns":2},{"damage":5,"enemies":"2 Fungi Beasts","floor":11,"turns":3},{"damage":0,"enemies":"Exordium Thugs","floor":12,"turns":4},{"damage":1,"enemies":"Exordium Wildlife","floor":14,"turns":2},{"damage":21,"enemies":"Slime Boss","floor":16,"turns":8},{"damage":25,"enemies":"2 Thieves","floor":18,"turns":5},{"damage":33,"enemies":"Masked Bandits","floor":19,"turns":6},{"damage":0,"enemies":"3 Byrds","floor":21,"turns":4},{"damage":29,"enemies":"Centurion and Healer","floor":22,"turns":6}],"seed_played":"-5962712514342551365","potions_obtained":[{"floor":1,"key":"FearPotion"},{"floor":3,"key":"blueLaboratory:CreativityPotion"},{"floor":3,"key":"blueLaboratory:SystemWipe"},{"floor":12,"key":"Block Potion"},{"floor":16,"key":"AttackPotion"},{"floor":18,"key":"Energy Potion"},{"floor":19,"key":"blueLaboratory:BottleOfVodka"},{"floor":21,"key":"Dexterity Potion"}],"is_trial":false,"path_per_floor":["M","?","?","M","?","R","E","R","T","M","M","M","?","M","R","B",null,"M","?","?","M","M"],"character_chosen":"DEFECT","items_purchased":[],"campfire_rested":0,"item_purchase_floors":[],"current_hp_per_floor":[43,61,61,61,66,66,58,58,58,58,53,53,80,79,79,58,80,55,22,22,22,0,0],"gold":246,"neow_bonus":"THREE_RARE_CARDS","is_daily":false,"chose_seed":false,"campfire_upgraded":3,"win_rate":0.0,"timestamp":1607730448,"path_taken":["M","?","?","?","?","R","E","R","T","M","M","M","?","M","R","BOSS","M","?","?","M","?"],"items_purchased_type":[],"build_version":"2020-11-30","purchased_purges":0,"victory":false,"max_hp_per_floor":[75,75,75,75,80,80,80,80,80,80,80,80,80,80,80,80,80,80,80,80,80,80,80],"card_choices":[{"not_picked":["Multi-Cast","Fission"],"picked":"Machine Learning","floor":0},{"not_picked":["Blizzard","Ball Lightning"],"picked":"Glacier","floor":1},{"not_picked":["Stack","Undo","Ball Lightning"],"picked":"SKIP","floor":4},{"not_picked":["Steam Power","White Noise"],"picked":"Recycle","floor":7},{"not_picked":["Lockon","Skim","Compile Driver"],"picked":"SKIP","floor":10},{"not_picked":["Redo","Steam","Reprogram"],"picked":"SKIP","floor":11},{"not_picked":["Gash","Go for the Eyes"],"picked":"Capacitor","floor":12},{"not_picked":["Loop","Rebound"],"picked":"Sweeping Beam","floor":14},{"not_picked":["Glacier+1","Aggregate"],"picked":"Darkness+1","floor":18},{"not_picked":["Heatsinks","Glacier"],"picked":"Chill","floor":21}],"player_experience":356586,"relics_obtained":[{"floor":7,"key":"Lantern"},{"floor":9,"key":"Gremlin Horn"},{"floor":19,"key":"Red Mask"}],"event_choices":[{"damage_healed":18,"gold_gain":0,"player_choice":"Healed","damage_taken":0,"max_hp_gain":0,"max_hp_loss":0,"event_name":"The Cleric","floor":2,"gold_loss":35},{"damage_healed":0,"gold_gain":0,"player_choice":"Bought 2 Potions","damage_taken":0,"max_hp_gain":0,"max_hp_loss":0,"event_name":"The Woman in Blue","floor":3,"gold_loss":0},{"damage_healed":0,"gold_gain":0,"player_choice":"Donut","damage_taken":0,"max_hp_gain":5,"max_hp_loss":0,"event_name":"Big Fish","floor":5,"gold_loss":0},{"cards_removed":["Glacier"],"damage_healed":27,"gold_gain":0,"player_choice":"Offered Uncommon","damage_taken":0,"max_hp_gain":0,"max_hp_loss":0,"event_name":"Bonfire Elementals","floor":13,"gold_loss":0},{"damage_healed":0,"gold_gain":0,"player_choice":"Fought Bandits","damage_taken":0,"max_hp_gain":0,"max_hp_loss":0,"event_name":"Masked Bandits","floor":19,"gold_loss":0},{"damage_healed":0,"gold_gain":0,"player_choice":"Inject Mutagens","damage_taken":0,"relics_obtained":["MutagenicStrength"],"max_hp_gain":0,"max_hp_loss":0,"event_name":"Drug Dealer","floor":20,"gold_loss":0}],"is_beta":false,"boss_relics":[{"not_picked":["Ectoplasm","Tiny House"],"picked":"FrozenCore"}],"items_purged_floors":[],"is_endless":false,"potions_floor_spawned":[1,12,16,18,19,21],"killed_by":"Centurion and Healer","ascension_level":4}}