{"host":"y76clbnovzmw9ubx","time":1607695919,"event":{"mods":["AchievementEnabler","BaseMod","Minty Spire (QoL Compilation)","Permanent Neow","Relic Stats"],"gold_per_floor":[116,135,145,110,121,150,150,179,179,198,198,226,226,261,261,261,261],"floor_reached":16,"playtime":784,"items_purged":[],"score":260,"play_id":"cf8e24ef-86fa-4228-a48e-726cb78174ae","local_time":"20201211091159","is_ascension_mode":true,"campfire_choices":[{"floor":11,"key":"REST"},{"floor":13,"key":"REST"},{"floor":15,"key":"REST"}],"circlet_count":0,"master_deck":["AscendersBane","Strike_B","Strike_B","Strike_B","Defend_B","Defend_B","Defend_B","Defend_B","Zap","Dualcast","Ball Lightning","BootSequence","Melter","Beam Cell","Leap","Tempest","Capacitor","Capacitor","Sunder","Cold Snap"],"relics":["Cracked Core","Centennial Puzzle","Calipers","Mummified Hand","Sundial"],"acts_visited":["Exordium"],"potions_floor_usage":[6,8,16],"damage_taken":[{"damage":0,"enemies":"2 Louse","floor":1,"turns":3},{"damage":5,"enemies":"Small Slimes","floor":2,"turns":3},{"damage":0,"enemies":"Cultist","floor":3,"turns":3},{"damage":16,"enemies":"Exordium Thugs","floor":5,"turns":3},{"damage":25,"enemies":"3 Sentries","floor":6,"turns":6},{"damage":11,"enemies":"Lagavulin","floor":8,"turns":6},{"damage":0,"enemies":"3 Louse","floor":10,"turns":3},{"damage":35,"enemies":"3 Sentries","floor":12,"turns":7},{"damage":11,"enemies":"Gremlin Nob","floor":14,"turns":3},{"damage":53,"enemies":"Slime Boss","floor":16,"turns":8}],"seed_played":"6110839196105771232","potions_obtained":[{"floor":3,"key":"LiquidMemories"},{"floor":5,"key":"SmokeBomb"},{"floor":6,"key":"Block Potion"},{"floor":14,"key":"Weak Potion"}],"is_trial":false,"path_per_floor":["M","M","M","?","M","E","?","E","T","M","R","E","R","E","R","B"],"character_chosen":"DEFECT","items_purchased":[],"campfire_rested":3,"item_purchase_floors":[],"current_hp_per_floor":[64,59,59,71,55,30,30,19,19,19,40,5,26,15,36,0,0],"gold":261,"neow_bonus":"RANDOM_COMMON_RELIC","is_daily":false,"chose_seed":false,"campfire_upgraded":0,"win_rate":0.0,"timestamp":1607695919,"path_taken":["M","M","M","?","M","E","?","E","T","M","R","E","R","E","R","BOSS"],"items_purchased_type":[],"build_version":"2020-11-30","purchased_purges":0,"victory":false,"max_hp_per_floor":[71,71,71,71,71,71,71,71,71,71,71,71,71,71,71,71,71],"relic_stats":{"Centennial Puzzle":[21],"counters":[10,45],"Mummified Hand":[3],"Sundial":[0],"obtain_stats":[{"Centennial Puzzle":0,"Calipers":8,"Mummified Hand":9,"Sundial":12,"Cracked Core":0},{"Centennial Puzzle":0,"Calipers":6,"Mummified Hand":6,"Sundial":8,"Cracked Core":0},{"Centennial Puzzle":0,"Calipers":24,"Mummified Hand":24,"Sundial":34,"Cracked Core":0}]},"card_choices":[{"not_picked":["Steam Power","Gash"],"picked":"Ball Lightning","floor":1},{"not_picked":["Blizzard","Redo"],"picked":"BootSequence","floor":2},{"not_picked":["Fusion","Rip and Tear"],"picked":"Melter","floor":3},{"not_picked":["Compile Driver","Coolheaded"],"picked":"Beam Cell","floor":5},{"not_picked":["Rebound","Coolheaded"],"picked":"Leap","floor":6},{"not_picked":["Genetic Algorithm","Loop"],"picked":"Capacitor","floor":8},{"not_picked":["Coolheaded","Streamline"],"picked":"Capacitor","floor":10},{"not_picked":["Steam","Reprogram"],"picked":"Sunder","floor":12},{"not_picked":["Steam","Redo"],"picked":"Cold Snap","floor":14}],"player_experience":2808821,"relics_obtained":[{"floor":8,"key":"Calipers"},{"floor":9,"key":"Mummified Hand"},{"floor":12,"key":"Sundial"}],"event_choices":[{"damage_healed":17,"gold_gain":0,"player_choice":"Healed","damage_taken":0,"max_hp_gain":0,"max_hp_loss":0,"event_name":"The Cleric","floor":4,"gold_loss":35},{"damage_healed":0,"gold_gain":0,"cards_transformed":["Strike_B"],"player_choice":"Transformed","damage_taken":0,"max_hp_gain":0,"max_hp_loss":0,"event_name":"Transmorgrifier","floor":7,"gold_loss":0,"cards_obtained":["Tempest"]}],"is_beta":false,"boss_relics":[],"items_purged_floors":[],"is_endless":false,"potions_floor_spawned":[3,5,6,14],"killed_by":"Slime Boss","ascension_level":20}}