{"host":"6x4iiutqpimyd4s6","time":1607716500,"event":{"mods":["AchievementEnabler","BaseMod","BetterRewards","Colored Map","Data Control","Minty Spire (QoL Compilation)","Nulf Mod","Remove Card Discount Mod","Shop Mod","StSLib"],"gold_per_floor":[212,212,212,212,225,256,256,273,350,326,326,351,369,385,385,482,482,501,501,501,520,520,520,555,402,427,446,446,457,457,457,457,559,559,576,576,630,630,650,683,683,683,683,683,701,393,393,393,393,393,393],"floor_reached":50,"playtime":898,"items_purged":["Strike_R","Strike_R","Strike_R","Strike_R","Perfected Strike","Writhe"],"score":544,"play_id":"df08cd93-2462-4d9d-bad5-96476031eb88","local_time":"20201211145500","is_ascension_mode":false,"campfire_choices":[{"data":"Limit Break","floor":7,"key":"SMITH"},{"data":"Bash","floor":11,"key":"SMITH"},{"data":"Heavy Blade","floor":15,"key":"SMITH"},{"data":"Barricade","floor":23,"key":"SMITH"},{"data":"Whirlwind","floor":30,"key":"SMITH"},{"data":"Metallicize","floor":32,"key":"SMITH"},{"data":"Infernal Blade","floor":42,"key":"SMITH"},{"data":"Defend_R","floor":47,"key":"SMITH"},{"data":"Defend_R","floor":49,"key":"SMITH"}],"circlet_count":0,"master_deck":["Defend_R+1","Defend_R+1","Defend_R+1","Defend_R+1","Bash+1","Thunderclap+1","Body Slam+1","Limit Break+1","Heavy Blade+1","Barricade+1","Metallicize+1","Whirlwind+1"],"relics":["Burning Blood","Nulfmod:PlaceholderRelic","Nulfmod:PlaceholderRelic2","Juzu Bracelet","Bottled Flame","War Paint","Busted Crown","Bag of Marbles","Art of War","Turnip","Blue Candle","Ornamental Fan","Whetstone","Sling"],"acts_visited":["Exordium","TheCity","TheBeyond"],"potions_floor_usage":[34],"damage_taken":[{"damage":7,"enemies":"Jaw Worm","floor":1,"turns":3},{"damage":0,"enemies":"Cultist","floor":5,"turns":2},{"damage":10,"enemies":"3 Sentries","floor":6,"turns":6},{"damage":0,"enemies":"2 Louse","floor":8,"turns":2},{"damage":0,"enemies":"Gremlin Nob","floor":12,"turns":2},{"damage":0,"enemies":"Blue Slaver","floor":13,"turns":1},{"damage":0,"enemies":"Exordium Wildlife","floor":14,"turns":2},{"damage":15,"enemies":"The Guardian","floor":16,"turns":4},{"damage":6,"enemies":"Shell Parasite","floor":18,"turns":2},{"damage":0,"enemies":"3 Byrds","floor":21,"turns":4},{"damage":25,"enemies":"Slavers","floor":24,"turns":4},{"damage":18,"enemies":"Snake Plant","floor":27,"turns":2},{"damage":9,"enemies":"Shelled Parasite and Fungi","floor":29,"turns":4},{"damage":16,"enemies":"Automaton","floor":33,"turns":5},{"damage":4,"enemies":"3 Darklings","floor":35,"turns":2},{"damage":0,"enemies":"2 Orb Walkers","floor":37,"turns":1},{"damage":0,"enemies":"3 Shapes","floor":39,"turns":1},{"damage":16,"enemies":"Reptomancer","floor":40,"turns":5},{"damage":15,"enemies":"Sphere and 2 Shapes","floor":45,"turns":2},{"damage":0,"enemies":"Awakened One","floor":50,"turns":1}],"seed_played":"-505501235774097250","potions_obtained":[{"floor":6,"key":"Fire Potion"},{"floor":8,"key":"Ancient Potion"},{"floor":14,"key":"Swift Potion"},{"floor":33,"key":"Fruit Juice"}],"is_trial":false,"path_per_floor":["M","$","?","$","M","E","R","M","T","$","R","E","M","M","R","B",null,"M","?","?","M","$","R","E","$","T","M","$","M","R","$","R","B",null,"M","$","?","$","M","E","$","R","T","?","M","$","R","?","R","B"],"character_chosen":"IRONCLAD","items_purchased":["Perfected Strike","Metallicize","Whirlwind","Whetstone","Sling"],"campfire_rested":0,"item_purchase_floors":[10,25,25,46,46],"current_hp_per_floor":[79,79,79,79,80,76,76,80,80,80,80,80,80,80,80,71,80,80,80,80,80,80,80,61,61,61,49,49,46,46,46,46,36,85,85,85,85,85,85,75,75,75,75,85,76,76,76,76,76,76,76],"gold":393,"neow_bonus":"HUNDRED_GOLD","is_daily":false,"chose_seed":false,"campfire_upgraded":9,"win_rate":0.0,"timestamp":1607716500,"path_taken":["M","$","?","?","M","E","R","M","T","$","R","E","M","M","R","BOSS","M","?","?","M","$","R","E","?","T","M","?","M","R","$","R","BOSS","M","$","?","?","M","E","$","R","T","?","M","$","R","?","R","BOSS"],"items_purchased_type":["Card","Card","Card","Relic","Relic"],"build_version":"2020-11-30","purchased_purges":6,"victory":false,"max_hp_per_floor":[80,80,80,80,80,80,80,80,80,80,80,80,80,80,80,80,80,80,80,80,80,80,80,80,80,80,80,80,80,80,80,80,80,85,85,85,85,85,85,85,85,85,85,85,85,85,85,85,85,85,85],"card_choices":[{"not_picked":["Thunderclap","Iron Wave","True Grit"],"picked":"SKIP","floor":1},{"not_picked":["Searing Blow","Warcry"],"picked":"Body Slam","floor":5},{"not_picked":["Second Wind","Headbutt"],"picked":"Limit Break","floor":6},{"not_picked":["Flame Barrier","Twin Strike"],"picked":"Heavy Blade","floor":8},{"not_picked":["Havoc","Iron Wave","Cleave"],"picked":"SKIP","floor":12},{"not_picked":["Armaments","Iron Wave","Twin Strike"],"picked":"SKIP","floor":13},{"not_picked":["Carnage","Havoc"],"picked":"Infernal Blade","floor":14},{"not_picked":["Immolate","Exhume"],"picked":"Barricade","floor":16},{"not_picked":["Armaments+1"],"picked":"SKIP","floor":18},{"not_picked":["Warcry"],"picked":"SKIP","floor":21},{"not_picked":["Wild Strike"],"picked":"SKIP","floor":24},{"not_picked":["Dark Embrace"],"picked":"SKIP","floor":27},{"not_picked":["Anger"],"picked":"SKIP","floor":29},{"not_picked":["Power Through"],"picked":"SKIP","floor":35},{"not_picked":["Havoc"],"picked":"SKIP","floor":39},{"not_picked":["Shockwave+1"],"picked":"SKIP","floor":40},{"not_picked":["Sword Boomerang+1"],"picked":"SKIP","floor":45}],"player_experience":283015,"relics_obtained":[{"floor":6,"key":"Juzu Bracelet"},{"floor":9,"key":"Bottled Flame"},{"floor":12,"key":"War Paint"},{"floor":24,"key":"Bag of Marbles"},{"floor":26,"key":"Art of War"},{"floor":37,"key":"Turnip"},{"floor":40,"key":"Blue Candle"},{"floor":43,"key":"Ornamental Fan"}],"event_choices":[{"damage_healed":0,"gold_gain":0,"cards_transformed":["Strike_R"],"player_choice":"Transformed","damage_taken":0,"max_hp_gain":0,"max_hp_loss":0,"event_name":"Transmorgrifier","floor":3,"gold_loss":0,"cards_obtained":["Thunderclap"]},{"damage_healed":0,"gold_gain":0,"player_choice":"Ignored","damage_taken":0,"max_hp_gain":0,"max_hp_loss":0,"event_name":"Ghosts","floor":19,"gold_loss":0},{"damage_healed":0,"gold_gain":0,"player_choice":"Ignored","damage_taken":0,"max_hp_gain":0,"max_hp_loss":0,"event_name":"Vampires","floor":20,"gold_loss":0},{"damage_healed":0,"gold_gain":0,"player_choice":"Fight","damage_taken":0,"max_hp_gain":0,"max_hp_loss":0,"event_name":"Mysterious Sphere","floor":37,"gold_loss":0},{"damage_healed":21,"gold_gain":0,"player_choice":"Writhe","damage_taken":0,"max_hp_gain":0,"max_hp_loss":0,"event_name":"Winding Halls","floor":44,"gold_loss":0,"cards_obtained":["Writhe"]},{"cards_removed":["Infernal Blade"],"damage_healed":0,"gold_gain":0,"player_choice":"Removed Skill","damage_taken":0,"max_hp_gain":0,"max_hp_loss":0,"event_name":"Falling","floor":48,"gold_loss":0}],"is_beta":false,"boss_relics":[{"not_picked":["Runic Cube","Pandora\u0027s Box"],"picked":"Busted Crown"},{"not_picked":["Cursed Key","Coffee Dripper","Empty Cage"]}],"items_purged_floors":[25,25,25,25,25,46],"is_endless":false,"potions_floor_spawned":[6,8,14,18,27,29,33,39],"killed_by":"Awakened One","ascension_level":0}}