{"host":"n23juj4d9qam5hh1","time":1607681790,"event":{"mods":["BaseMod","Better Note","BetterRewards","Minty Spire (QoL Compilation)","Relic Stats","Replay The Spire","StSLib"],"gold_per_floor":[109,109,36,61,61,77,93,18,45,89,52,102,114,185,197,342,354,397,165,223,1,1,1,42,42,42,77,77,101,131,131,131,273,273,315,359,17,49,49,49],"floor_reached":39,"playtime":1447,"items_purged":["Injury","Strike_R","ReplayTheSpireMod:Splinters"],"score":595,"play_id":"69c34925-a37e-45c9-ab31-a5e3be061205","local_time":"20201211051630","is_ascension_mode":true,"campfire_choices":[{"data":"Uppercut","floor":13.0,"key":"SMITH"},{"data":"Fire Breathing","floor":15.0,"key":"SMITH"},{"data":"Spot Weakness","floor":23.0,"key":"SMITH"},{"floor":28.0,"key":"REST"},{"floor":32.0,"key":"REST"}],"circlet_count":0,"master_deck":["Strike_R","Strike_R","Strike_R","Strike_R","Defend_R","Defend_R","Defend_R","Defend_R","Bash","Twin Strike","Whirlwind+1","Run Through","Sword Boomerang","Uppercut+1","Fire Breathing+1","ReplayTheSpireMod:Limb From Limb","Impervious","Shrug It Off","Spot Weakness+1","Inflame+1","Pummel","Reaper","Metallicize","ReplayReversal"],"relics":["Burning Blood","Golden Idol","Replay:Bandana","MawBank","Iron Hammer","Ring of Chaos","Sling","Red Mask","Orichalcum","Shuriken","Dream Catcher","Enchiridion","Philosopher\u0027s Stone","Replay:Baseball"],"acts_visited":["TheBeyond"],"potions_floor_usage":[33],"damage_taken":[{"damage":1.0,"enemies":"Cultist","floor":1.0,"turns":4.0},{"damage":7.0,"enemies":"Jaw Worm","floor":4.0,"turns":3.0},{"damage":6.0,"enemies":"2 Louse","floor":6.0,"turns":3.0},{"damage":14.0,"enemies":"Blue Slaver","floor":7.0,"turns":4.0},{"damage":16.0,"enemies":"3 Louse","floor":10.0,"turns":3.0},{"damage":9.0,"enemies":"Replay:BlueRogue","floor":12.0,"turns":5.0},{"damage":17.0,"enemies":"Gremlin Nob","floor":14.0,"turns":4.0},{"damage":10.0,"enemies":"Slime Boss","floor":16.0,"turns":7.0},{"damage":22.0,"enemies":"Spheric Guardian","floor":18.0,"turns":5.0},{"damage":0.0,"enemies":"Masked Bandits","floor":20.0,"turns":1.0},{"damage":10.0,"enemies":"3 Byrds","floor":24.0,"turns":5.0},{"damage":26.0,"enemies":"Sentry and Sphere","floor":27.0,"turns":5.0},{"damage":38.0,"enemies":"Shelled Parasite and Fungi","floor":29.0,"turns":4.0},{"damage":14.0,"enemies":"Snecko","floor":30.0,"turns":4.0},{"damage":60,"enemies":"Pondfish","floor":33,"turns":13},{"damage":5,"enemies":"Orb Walker","floor":35,"turns":3},{"damage":17,"enemies":"3 Darklings","floor":36,"turns":3},{"damage":65,"enemies":"Sphere and 2 Shapes","floor":38,"turns":11}],"seed_played":"-7105944737069119823","potions_obtained":[{"floor":7.0,"key":"SteroidPotion"},{"floor":12.0,"key":"Block Potion"},{"floor":18.0,"key":"FearPotion"},{"floor":24.0,"key":"PowerPotion"},{"floor":27.0,"key":"Dexterity Potion"},{"floor":30.0,"key":"SteroidPotion"},{"floor":38,"key":"Regen Potion"}],"is_trial":false,"path_per_floor":["M","?","$","M","?","M","M","$","T","M","$","E","R","E","R","B",null,"M","$","?","$","?","R","M","?","T","M","R","M","M","?","R","B",null,"M","M","$","M","?"],"character_chosen":"IRONCLAD","items_purchased":["Whirlwind","Fire Breathing","Sling","Spot Weakness","Orichalcum","Replay:Baseball","Metallicize"],"campfire_rested":2,"item_purchase_floors":[3,11,19,21,21,37,37],"current_hp_per_floor":[88,88,88,87,87,87,79,79,79,69,69,66,66,55,55,51,88,72,72,78,78,78,78,74,74,74,54,80,48,40,24,50,8,88,88,77,77,18,0,0],"gold":49,"neow_bonus":"TEN_PERCENT_HP_BONUS","is_daily":false,"chose_seed":false,"campfire_upgraded":3,"win_rate":0.0,"timestamp":1607681790,"path_taken":["M","?","$","M","?","M","M","$","T","M","$","E","R","E","R","BOSS","M","$","?","$","?","R","M","?","T","M","R","M","?","?","R","BOSS","M","M","$","M","?"],"items_purchased_type":["Card","Card","Relic","Card","Relic","Relic","Card"],"build_version":"2020-11-30","purchased_purges":3,"victory":false,"max_hp_per_floor":[88,88,88,88,88,88,88,88,88,88,88,88,88,88,88,88,88,88,88,88,88,88,88,88,88,88,88,88,88,88,88,88,88,88,88,88,88,88,88,88],"relic_stats":{"Dream Catcher":2,"counters":[18,87],"Golden Idol":118,"Shuriken":[4],"Orichalcum":[120],"MawBank":84,"obtain_stats":[{"Golden Idol":2,"Enchiridion":31,"Ring of Chaos":17,"Orichalcum":21,"MawBank":12,"Sling":19,"Burning Blood":0,"Replay:Bandana":9,"Dream Catcher":26,"Replay:Baseball":37,"Shuriken":25,"Philosopher\u0027s Stone":34,"Iron Hammer":14,"Red Mask":20},{"Golden Idol":1,"Enchiridion":14,"Ring of Chaos":8,"Orichalcum":10,"MawBank":6,"Sling":9,"Burning Blood":0,"Replay:Bandana":4,"Dream Catcher":11,"Replay:Baseball":17,"Shuriken":11,"Philosopher\u0027s Stone":15,"Iron Hammer":7,"Red Mask":10},{"Golden Idol":4,"Enchiridion":57,"Ring of Chaos":33,"Orichalcum":39,"MawBank":22,"Sling":38,"Burning Blood":0,"Replay:Bandana":14,"Dream Catcher":44,"Replay:Baseball":76,"Shuriken":44,"Philosopher\u0027s Stone":70,"Iron Hammer":26,"Red Mask":39}],"Burning Blood":102},"card_choices":[{"not_picked":["Havoc","Entrench"],"picked":"Twin Strike","floor":1.0},{"not_picked":["Rampage","Pummel"],"picked":"Run Through","floor":4.0},{"not_picked":["Havoc","ReplayTheSpireMod:Strike From Hell","Pommel Strike"],"picked":"SKIP","floor":6.0},{"not_picked":["Warcry","Rage"],"picked":"Sword Boomerang","floor":7.0},{"not_picked":["Hemokinesis","Havoc"],"picked":"Uppercut","floor":10.0},{"not_picked":["Iron Wave","Flex","Dual Wield"],"picked":"SKIP","floor":12.0},{"not_picked":["Replay:Undeath\u0027s Touch","Brutality"],"picked":"ReplayTheSpireMod:Limb From Limb","floor":14.0},{"not_picked":["Brutality","Corruption"],"picked":"Impervious","floor":16.0},{"not_picked":["Pommel Strike","Perfected Strike+1"],"picked":"Shrug It Off","floor":18.0},{"not_picked":["Clothesline","Heavy Blade","Havoc"],"picked":"SKIP","floor":24.0},{"not_picked":["Anger","Cleave"],"picked":"Inflame+1","floor":27.0},{"not_picked":["Anger+1","True Grit"],"picked":"Pummel","floor":28.0},{"not_picked":["Blood for Blood+1","Iron Wave"],"picked":"Reaper","floor":29.0},{"not_picked":["Body Slam","Wild Strike","Inflame"],"picked":"SKIP","floor":30.0},{"not_picked":["Wild Strike","Uppercut+1","ReplayTheSpireMod:Strike From Hell"],"picked":"SKIP","floor":35},{"not_picked":["Body Slam","True Grit","Anger+1"],"picked":"SKIP","floor":36},{"not_picked":["Exhume","Wild Strike"],"picked":"ReplayReversal","floor":38}],"player_experience":161008,"relics_obtained":[{"floor":9.0,"key":"Replay:Bandana"},{"floor":12.0,"key":"MawBank"},{"floor":14.0,"key":"Iron Hammer"},{"floor":20.0,"key":"Red Mask"},{"floor":26.0,"key":"Dream Catcher"},{"floor":31.0,"key":"Enchiridion"}],"event_choices":[{"damage_healed":0.0,"max_hp_gain":0.0,"max_hp_loss":0.0,"gold_gain":0.0,"event_name":"Golden Idol","player_choice":"Take Wound","floor":2.0,"gold_loss":0.0,"damage_taken":0.0,"relics_obtained":["Golden Idol"],"cards_obtained":["Injury"]},{"damage_healed":0.0,"max_hp_gain":0.0,"max_hp_loss":0.0,"gold_gain":0.0,"event_name":"Living Wall","player_choice":"Grow","floor":5.0,"gold_loss":0.0,"damage_taken":0.0,"cards_upgraded":["Whirlwind"]},{"damage_healed":0.0,"max_hp_gain":0.0,"max_hp_loss":0.0,"gold_gain":0.0,"event_name":"Masked Bandits","player_choice":"Fought Bandits","floor":20.0,"gold_loss":0.0,"damage_taken":0.0},{"damage_healed":0.0,"max_hp_gain":0.0,"max_hp_loss":0.0,"gold_gain":0.0,"event_name":"Vampires","player_choice":"Ignored","floor":22.0,"gold_loss":0.0,"damage_taken":0.0},{"damage_healed":0.0,"max_hp_gain":0.0,"max_hp_loss":0.0,"gold_gain":0.0,"event_name":"Cursed Tome","player_choice":"Obtained Book","floor":31.0,"gold_loss":0.0,"damage_taken":16.0}],"is_beta":false,"boss_relics":[{"not_picked":["Snecko Heart","Mark of Pain"],"picked":"Ring of Chaos"},{"not_picked":["Replay:Grab Bag","ChewingGum"],"picked":"Philosopher\u0027s Stone"}],"items_purged_floors":[8,19,37],"is_endless":false,"potions_floor_spawned":[7,12,18,24,27,30,38],"ascension_level":2}}