{"host":"5o2n8gt0sn3szjgb","time":1607686019,"event":{"mods":["BaseMod","BetterRewards","Library of Ruina","Library of Ruina Extra","Minty Spire (QoL Compilation)","StSLib"],"gold_per_floor":[113,113,130,149,149,182,182,216,216,216,235,260,283,297,297,368,368,378,391,411,429,429,429,458,470,495,528,528,556,257,271,271,348,348,366,385,210,225,243,271,290,305,360,373,393,425,425,452,452,452,452,452,452,44,76,76],"floor_reached":57,"playtime":3189,"items_purged":["Dodge","LightDefense","LightAttack","LightDefense","LightAttack","LightDefense"],"score":3312,"play_id":"4bcbad8b-88cd-43a6-a7b8-1131f259fc3c","local_time":"20201211192659","is_ascension_mode":true,"campfire_choices":[{"data":"ForTheFamily","floor":10.0,"key":"SMITH"},{"data":"ChargeAndCover","floor":15.0,"key":"SMITH"},{"data":"FocusedStrikes","floor":23.0,"key":"SMITH"},{"data":"Reload","floor":28.0,"key":"SMITH"},{"floor":32.0,"key":"RECALL"},{"data":"Reload","floor":47.0,"key":"SMITH"},{"data":"RulesOfTheBackstreets","floor":49.0,"key":"SMITH"},{"data":"Castigation","floor":53,"key":"SMITH"}],"circlet_count":0,"master_deck":["AscendersBane","LightAttack","LightDefense","ChargeAndCover+1","FocusedStrikes+1","EmotionalTurbulence+1","Castigation+1","ForTheFamily+1","RulesOfTheBackstreets+1","LeRegole+1","Reload+1","Reload+1"],"relics":["PageOfLibrarian","PageOfWrath","PageOfBloodbath","PageOfMercenary","HornCleat","Bag of Marbles","Ginger","PageOfLittleHelper","Lee\u0027s Waffle","Kunai","Shuriken","PageOfTheQueenOfHatred","PageOfTheKnightOfDespair","PageOfGreed","PageOfNihil","Mummified Hand","Odd Mushroom","Runic Dome","PageOfPinocchio","Ancient Tea Set","Bottled Lightning","Mercury Hourglass","Vajra","Snecko Eye","Boot","PageOfSnowWhitesApple","Regal Pillow","Blood Vial","PageOfPorccubus","Lizard Tail"],"acts_visited":["Exordium","TheCity","TheBeyond","TheEnding"],"potions_floor_usage":[56,56],"damage_taken":[{"damage":0.0,"enemies":"Small Slimes","floor":1.0,"turns":2.0},{"damage":4.0,"enemies":"Jaw Worm","floor":3.0,"turns":2.0},{"damage":0.0,"enemies":"Cultist","floor":4.0,"turns":2.0},{"damage":2.0,"enemies":"3 Sentries","floor":6.0,"turns":5.0},{"damage":0.0,"enemies":"Lagavulin","floor":8.0,"turns":3.0},{"damage":51.0,"enemies":"Gremlin Gang","floor":11.0,"turns":10.0},{"damage":0.0,"enemies":"3 Sentries","floor":12.0,"turns":4.0},{"damage":0.0,"enemies":"The Mushroom Lair","floor":13.0,"turns":3.0},{"damage":0.0,"enemies":"Blue Slaver","floor":14.0,"turns":2.0},{"damage":0.0,"enemies":"Slime Boss","floor":16.0,"turns":3.0},{"damage":0.0,"enemies":"2 Thieves","floor":18.0,"turns":3.0},{"damage":0.0,"enemies":"Chosen","floor":19.0,"turns":2.0},{"damage":0.0,"enemies":"Centurion and Healer","floor":20.0,"turns":3.0},{"damage":0.0,"enemies":"Snake Plant","floor":21.0,"turns":2.0},{"damage":0.0,"enemies":"Slavers","floor":24.0,"turns":4.0},{"damage":0.0,"enemies":"Sentry and Sphere","floor":25.0,"turns":3.0},{"damage":0.0,"enemies":"Gremlin Leader","floor":27.0,"turns":2.0},{"damage":0.0,"enemies":"Slavers","floor":29.0,"turns":2.0},{"damage":0.0,"enemies":"Snecko","floor":31.0,"turns":2.0},{"damage":0.0,"enemies":"Collector","floor":33.0,"turns":2.0},{"damage":0.0,"enemies":"3 Darklings","floor":35.0,"turns":2.0},{"damage":0.0,"enemies":"Orb Walker","floor":36.0,"turns":1.0},{"damage":0.0,"enemies":"4 Shapes","floor":38.0,"turns":2.0},{"damage":0.0,"enemies":"3 Darklings","floor":39.0,"turns":2.0},{"damage":0.0,"enemies":"Giant Head","floor":40.0,"turns":1.0},{"damage":0.0,"enemies":"Spire Growth","floor":41.0,"turns":2.0},{"damage":0.0,"enemies":"Jaw Worm Horde","floor":42.0,"turns":2.0},{"damage":0.0,"enemies":"3 Darklings","floor":44.0,"turns":2.0},{"damage":0.0,"enemies":"Sphere and 2 Shapes","floor":45.0,"turns":1.0},{"damage":0.0,"enemies":"Reptomancer","floor":46.0,"turns":2.0},{"damage":0.0,"enemies":"Nemesis","floor":48.0,"turns":1.0},{"damage":0.0,"enemies":"Awakened One","floor":50.0,"turns":3.0},{"damage":0,"enemies":"Shield and Spear","floor":55,"turns":2},{"damage":6,"enemies":"The Heart","floor":56,"turns":4}],"seed_played":"-4564797475177503415","potions_obtained":[{"floor":1.0,"key":"ColorlessPotion"},{"floor":3.0,"key":"Dexterity Potion"},{"floor":14.0,"key":"Block Potion"},{"floor":16.0,"key":"Swift Potion"},{"floor":36.0,"key":"CultistPotion"}],"is_trial":false,"path_per_floor":["M","?","M","M","?","E","T","E","T","R","M","E","?","M","R","B",null,"M","M","M","M","?","R","E","M","T","E","R","E","$","M","R","B",null,"M","M","$","M","M","E","M","M","T","M","M","E","R","E","R","B",null,null,"R","$","E","B",null],"character_chosen":"Librarian","items_purchased":["PageOfWrath","PageOfBloodbath","PageOfMercenary","HornCleat","Bag of Marbles","Ginger","PageOfLittleHelper","Lee\u0027s Waffle","Kunai","Shuriken","Vajra","PageOfPorccubus","PowerPotion"],"campfire_rested":0,"item_purchase_floors":[0,0,0,0,0,0,0,0,0,0,30,54,54],"current_hp_per_floor":[67,67,63,63,68,66,66,66,66,66,15,15,15,15,15,15,66,66,66,66,66,66,66,66,66,66,66,66,66,66,66,66,66,81,81,81,81,81,81,81,81,81,81,81,81,81,81,81,81,83,78,95,95,95,97,95],"gold":76,"neow_bonus":"","is_daily":false,"chose_seed":false,"campfire_upgraded":7,"win_rate":0.0,"timestamp":1607686019,"path_taken":["M","?","M","M","?","E","?","E","T","R","M","E","?","M","R","BOSS","M","M","M","M","?","R","E","M","T","E","R","E","$","M","R","BOSS","M","M","$","M","M","E","M","M","T","M","M","E","R","E","R","BOSS","R","$","E","BOSS"],"items_purchased_type":["Relic","Relic","Relic","Relic","Relic","Relic","Relic","Relic","Relic","Relic","Relic","Relic","Potion"],"build_version":"2020-11-30","purchased_purges":6,"victory":true,"max_hp_per_floor":[67,67,85,78,83,83,83,83,83,83,83,83,83,83,83,83,83,83,83,83,83,83,83,83,86,86,86,86,86,86,86,86,86,86,86,86,86,86,86,86,86,86,86,86,86,86,86,100,100,100,100,100,100,100,100,100],"card_choices":[{"not_picked":["BlowItUp","Pound","GuidanceOfTheGears","SearingSword","NightInTheBackstreets","Wallop_lor","SturdyDefense","StrongStrike"],"picked":"EmotionalTurbulence","floor":1.0},{"not_picked":["BlowItUp","SharpSwipe","SpearedSweep","RulesOfTheBackstreets","Outburst","Wallop_lor","Pound","HandleRequest"],"picked":"Castigation","floor":3.0},{"not_picked":["FendThisOffIfYouCan","HandleRequest","Faith","Quickness","SparkingSpear","FierceCharge","DriedUp","SpearedSweep","Castigation"],"picked":"SKIP","floor":4.0},{"not_picked":["HighKick","StrongStrike","FrontalAssault","InhaleSmoke","Pound","StructuralAnalysis","SuppressingShot","Quickness","Preparation"],"picked":"SKIP","floor":6.0},{"not_picked":["QuickAttack","RipSpace","Wallop_lor","WaitUp","Faith","TendonChords","StructuralAnalysis","PreemptiveStrike"],"picked":"ForTheFamily","floor":8.0},{"not_picked":["EndlessBattle","QuickAttack","Standoff","Leap_lor","StructuralAnalysis","WillOfThePrescript","FleetEdge","SomberProcuration"],"picked":"RulesOfTheBackstreets","floor":11.0},{"not_picked":["Pound","Unlock1","FeelinGood","EnergyCycle","BlazingStrike","Diversion","HandleRequest","FaintMemories","ClassAndRespect"],"picked":"SKIP","floor":12.0},{"not_picked":["ProselytesBlade","FendThisOffIfYouCan","SpearedSweep","ClassAndRespect","HandleRequest","WillOfThePrescript","Parry","EnergyCycle","Struggle"],"picked":"SKIP","floor":14.0},{"not_picked":["Eradication","CrackOfDawn"],"picked":"LeRegole","floor":16.0},{"not_picked":["FlashOfSunup+1","Guardian_lor","EnergyConversion+1","FierceCharge+1","Rewind","SilentNight","NightInTheBackstreets","Leap_lor","OpportunitySpotted"],"picked":"SKIP","floor":18.0},{"not_picked":["DriedUp","MultiBlock","SkitterAway+1","QuickAttack","MultiHit","ShrineToMusic","AsThePrescriptOrders","UpbeatPerformance+1","FleetEdge"],"picked":"SKIP","floor":19.0},{"not_picked":["MultiBlock","Thrust","SilentNight","ButterflySlash+1","UpbeatPerformance+1","FleetEdge","DestructiveImpact+1","HighKick","Wallop_lor"],"picked":"SKIP","floor":20.0},{"not_picked":["SunsetBlade","Juggling","UnavoidableGaze","DesperateStruggle+1","Wallop_lor","TrimTheIngredients","DefenseOrder","Endure","Standoff"],"picked":"SKIP","floor":21.0},{"not_picked":["ReadyUp","FierceOnslaught","SharpenedBlade+1","UpbeatPerformance","SenseQuarry","Faith","HeavyPeaks","WillOfThePrescript","AGoldenOpportunity"],"picked":"SKIP","floor":24.0},{"not_picked":["MultiBlock","SharpNails","GuidanceOfTheGears","InkOver+1","BayonetCombat","StrongStrike","DriedUp","SkitterAway","TheRedNotes"],"picked":"SKIP","floor":25.0},{"not_picked":["Rewind","CombatPreparation","Thrust","SuppressingShot","Parry","FierceOnslaught","Endure","WrathOfTorment"],"picked":"Reload","floor":27.0},{"not_picked":["StructuralAnalysis","FleetFootsteps","Deflect_lor","HeavyPeaks","Castigation","DevastatingThrash","SetFire","Preparation","Wallop_lor"],"picked":"SKIP","floor":29.0},{"not_picked":["FocusFire","StructuralAnalysis","Rewind","UndertakePrescript","QuickAttack","UnavoidableGaze","FendThisOffIfYouCan","ChopItOff","AutomatedMovement+1"],"picked":"SKIP","floor":31.0},{"not_picked":["HandleRequest+1","NightInTheBackstreets","StrongStrike","ClassAndRespect+1","SturdyDefense+1","Slice_lor","Unlock1+1","SkyClearingCut","UndertakePrescript"],"picked":"SKIP","floor":35.0},{"not_picked":["HandleRequest","GuidanceOfTheGears","SpearedSweep+1","Parry","SunsetBlade","DirtyBlow","Leap_lor+1","StrongStrike","Feast"],"picked":"SKIP","floor":36.0},{"not_picked":["Standoff","UnavoidableGaze","SomberProcuration","Juggling","ReadyUp","BindingChains+1","Deflect_lor","SunsetBlade+1","InkOver"],"picked":"SKIP","floor":38.0},{"not_picked":["Commandeering","WillOfThePrescript","DesperateStruggle","IngredientHunt","ShrineToMusic","SilentMist","SteelKnuckles","ButterflySlash+1"],"picked":"Reload","floor":39.0},{"not_picked":["PreemptiveStrike+1","DaringDecision","Overpower","Slice_lor","Wallop_lor+1","DimensionalRift","StayCalm","SenseQuarry","MultiHit"],"picked":"SKIP","floor":40.0},{"not_picked":["FierceCharge","UndertakePrescript","Outburst","AutomatedMovement","TrimTheIngredients","Quickness","YoureAHindrance","Juggling","AGoldenOpportunity"],"picked":"SKIP","floor":41.0},{"not_picked":["AutomatedMovement","GutHarvesting","Retaliate","Unlock1","FierceOnslaught","Quickness","SuppressingShot","Crush+1","UncannyStrike"],"picked":"SKIP","floor":42.0},{"not_picked":["GuardingStance","HandlingWork","YouOnlyLiveOnce+1","EnergyShield","Reload","ClassAndRespect","BackAttack","Multislash","SmokingPipe"],"picked":"SKIP","floor":44.0},{"not_picked":["MultiHit","DesperateStruggle","HighKick","ExtractFuel","StructuralAnalysis+1","Tailoring","Wallop_lor","StrongStrike","ForTheFamily+1"],"picked":"SKIP","floor":45.0},{"not_picked":["LawAndOrder","FleshFillet","EndlessBattle+1","HiddenBlade+1","TrimTheIngredients+1","LeRegole","ChopItOff","AsThePrescriptOrders","AGoldenOpportunity+1"],"picked":"SKIP","floor":46.0},{"not_picked":["TendonChords","ExtractFuel+1","SturdyDefense","RepressedFlesh","Eject+1","Rampage_lor","SharpSwipe","TieShanKao","UnavoidableGaze"],"picked":"SKIP","floor":48.0},{"not_picked":["MultiHit","ClassAndRespect","DefenseOrder","DesperateStruggle","Faith","GatherIntel","Quickness","AsThePrescriptOrders","CookingPrep"],"picked":"SKIP","floor":55}],"player_experience":344395,"relics_obtained":[{"floor":6.0,"key":"PageOfTheQueenOfHatred"},{"floor":7.0,"key":"PageOfTheKnightOfDespair"},{"floor":8.0,"key":"PageOfGreed"},{"floor":11.0,"key":"PageOfNihil"},{"floor":12.0,"key":"Mummified Hand"},{"floor":13.0,"key":"Odd Mushroom"},{"floor":24.0,"key":"PageOfPinocchio"},{"floor":26.0,"key":"Ancient Tea Set"},{"floor":27.0,"key":"Bottled Lightning"},{"floor":29.0,"key":"Mercury Hourglass"},{"floor":40.0,"key":"Boot"},{"floor":43.0,"key":"PageOfSnowWhitesApple"},{"floor":46.0,"key":"Regal Pillow"},{"floor":48.0,"key":"Blood Vial"},{"floor":55,"key":"Lizard Tail"}],"event_choices":[{"damage_healed":0.0,"max_hp_gain":0.0,"max_hp_loss":0.0,"gold_gain":0.0,"event_name":"Living Wall","player_choice":"Grow","floor":2.0,"gold_loss":0.0,"damage_taken":0.0,"cards_upgraded":["EmotionalTurbulence"]},{"damage_healed":0.0,"max_hp_gain":5.0,"max_hp_loss":0.0,"gold_gain":0.0,"event_name":"Big Fish","player_choice":"Donut","floor":5.0,"gold_loss":0.0,"damage_taken":0.0},{"damage_healed":0.0,"max_hp_gain":0.0,"max_hp_loss":0.0,"gold_gain":0.0,"event_name":"Mushrooms","player_choice":"Fought Mushrooms","floor":13.0,"gold_loss":0.0,"damage_taken":0.0},{"damage_healed":0.0,"max_hp_gain":0.0,"max_hp_loss":0.0,"gold_gain":0.0,"event_name":"Accursed Blacksmith","player_choice":"Forge","floor":22.0,"gold_loss":0.0,"damage_taken":0.0,"cards_upgraded":["LeRegole"]}],"is_beta":false,"boss_relics":[{"not_picked":["Fusion Hammer","Runic Pyramid"],"picked":"Runic Dome"},{"not_picked":["Empty Cage","PageOfBlackSwan"],"picked":"Snecko Eye"}],"items_purged_floors":[0,0,0,30,37,54],"is_endless":false,"potions_floor_spawned":[1,3,14,16,20,24,31,33,36,41,44,48],"ascension_level":15}}