{"host":"eketvm4dld8igxnv","time":1607677901,"event":{"mods":["BaseMod","Downfall","Googly Eyes","Hermit","Minty Spire (QoL Compilation)","StSLib"],"gold_per_floor":[112,131,6,21,96,126,145,145,222,258,276,276,286,296,296,402,402,418,163,184,202,222,222,50,50,50,70,91,117,135,135,135,234,234,252,99,59,71,88,88,88,99,149,199,199,199,47,47,47,52,52,52,4,34,34,34],"floor_reached":55,"playtime":4098,"items_purged":["hermit:Covet+1"],"score":751,"play_id":"92915204-78e6-4f6b-9b59-4100424aaac2","local_time":"20201211041141","is_ascension_mode":false,"campfire_choices":[{"floor":12,"key":"REST"},{"data":"hermit:GoldenBullet","floor":15,"key":"SMITH"},{"floor":23,"key":"REST"},{"floor":25,"key":"RECALL"},{"floor":32,"key":"REST"},{"floor":40,"key":"REST"},{"floor":41,"key":"REST"},{"floor":45,"key":"REST"},{"data":"hermit:FromBeyond","floor":46,"key":"SMITH"},{"data":"hermit:Combo","floor":49,"key":"SMITH"},{"data":"hermit:FromBeyond","floor":52,"key":"SMITH"}],"circlet_count":0,"master_deck":["hermit:Strike_Hermit+1","hermit:Strike_Hermit+1","hermit:Strike_Hermit+1","hermit:Strike_Hermit+1","hermit:Defend_Hermit+1","hermit:Defend_Hermit+1","hermit:Defend_Hermit+1","hermit:Defend_Hermit+1","hermit:Snapshot+1","hermit:Quickdraw+1","hermit:LowProfile","hermit:GoldenBullet+1","hermit:Quickdraw","hermit:TrackingShot","hermit:Scavenge","hermit:Headshot","hermit:Dive","hermit:Combo+1","hermit:Vantage","hermit:Quickdraw+1","hermit:FromBeyond+1","hermit:CursedWeapon","hermit:Quickdraw+1","hermit:LoneWolf","hermit:Desperado","hermit:EyeOfTheStorm+1","hermit:Quickdraw","hermit:BigShot+1","hermit:FromBeyond+1","hermit:Desperado+1","hermit:BigShot+1","hermit:TakeAim+1","hermit:EyeOfTheStorm+1","hermit:EyeOfTheStorm","hermit:PistolWhip","hermit:Dive+1","hermit:Snipe","hermit:HoleUp+1"],"relics":["hermit:Momento","NeowsBlessing","Mango","Bag of Preparation","Kunai","Lizard Tail","Sozu","War Paint","PreservedInsect","WingedGreaves","Astrolabe","DollysMirror","Whetstone","Torii","Lee\u0027s Waffle","Lantern"],"acts_visited":["Exordium","TheCity","TheBeyond","TheEnding"],"potions_floor_usage":[6,6,16,16,16],"damage_taken":[{"damage":0,"enemies":"Cultist","floor":1,"turns":1},{"damage":0,"enemies":"Small Slimes","floor":2,"turns":1},{"damage":0,"enemies":"2 Louse","floor":4,"turns":1},{"damage":23,"enemies":"Gremlin Nob","floor":6,"turns":4},{"damage":4,"enemies":"Red Slaver","floor":7,"turns":2},{"damage":20,"enemies":"3 Sentries","floor":10,"turns":9},{"damage":0,"enemies":"Looter","floor":11,"turns":2},{"damage":2,"enemies":"Blue Slaver","floor":13,"turns":3},{"damage":8,"enemies":"Gremlin Gang","floor":14,"turns":4},{"damage":24,"enemies":"The Guardian","floor":16,"turns":12},{"damage":6,"enemies":"Chosen","floor":18,"turns":2},{"damage":7,"enemies":"Shell Parasite","floor":20,"turns":3},{"damage":49,"enemies":"Chosen and Byrds","floor":21,"turns":7},{"damage":3,"enemies":"Snake Plant","floor":22,"turns":5},{"damage":10,"enemies":"Snecko","floor":27,"turns":5},{"damage":2,"enemies":"Chosen and Byrds","floor":28,"turns":5},{"damage":17,"enemies":"Gremlin Leader","floor":29,"turns":5},{"damage":11,"enemies":"3 Cultists","floor":30,"turns":5},{"damage":60,"enemies":"Collector","floor":33,"turns":13},{"damage":16,"enemies":"Orb Walker","floor":35,"turns":3},{"damage":20,"enemies":"3 Darklings","floor":38,"turns":4},{"damage":33,"enemies":"Sphere and 2 Shapes","floor":39,"turns":3},{"damage":21,"enemies":"Jaw Worm Horde","floor":42,"turns":4},{"damage":8,"enemies":"Mind Bloom Boss Battle","floor":44,"turns":5},{"damage":40,"enemies":"Time Eater","floor":50,"turns":11},{"damage":15,"enemies":"Shield and Spear","floor":54,"turns":3},{"damage":85,"enemies":"The Heart","floor":55,"turns":6}],"seed_played":"383473812751795780","potions_obtained":[{"floor":2,"key":"Regen Potion"},{"floor":4,"key":"SteroidPotion"},{"floor":11,"key":"Block Potion"},{"floor":13,"key":"AttackPotion"},{"floor":14,"key":"DistilledChaos"}],"is_trial":false,"path_per_floor":["M","M","$","M","?","E","M","?","T","E","M","R","M","M","R","B",null,"M","$","M","M","M","R","$","R","T","M","M","E","M","?","R","B",null,"M","$","?","M","M","R","R","M","T","?","R","R","$","?","R","B",null,"R","$","E","B"],"character_chosen":"HERMIT","items_purchased":["hermit:GoldenBullet","hermit:Quickdraw","hermit:Quickdraw","War Paint","hermit:SprayPray","PreservedInsect","DollysMirror","Lee\u0027s Waffle","hermit:Snipe"],"campfire_rested":6,"item_purchase_floors":[3,3,19,19,24,24,36,47,53],"current_hp_per_floor":[75,75,75,75,64,60,56,56,56,36,36,62,60,52,52,28,89,83,83,76,27,24,50,50,50,50,40,38,21,10,10,36,33,89,73,73,73,53,20,46,72,51,51,43,69,69,96,91,91,51,91,91,91,76,0,0],"gold":34,"neow_bonus":"THREE_ENEMY_KILL","is_daily":false,"chose_seed":false,"campfire_upgraded":4,"win_rate":0.0,"timestamp":1607677901,"path_taken":["M","?","$","M","?","E","M","?","T","E","M","R","?","M","R","BOSS","M","$","M","?","M","R","$","R","T","M","M","E","?","?","R","BOSS","M","$","?","M","?","R","R","M","T","?","R","R","$","?","R","BOSS","R","$","E","BOSS"],"items_purchased_type":["Card","Card","Card","Relic","Card","Relic","Relic","Relic","Card"],"build_version":"2020-11-30","purchased_purges":1,"victory":false,"max_hp_per_floor":[75,75,75,75,75,89,89,89,89,89,89,89,89,89,89,89,89,89,89,89,89,89,89,89,89,89,89,89,89,89,89,89,89,89,89,89,89,89,89,89,89,89,89,89,89,89,96,91,91,91,91,91,91,91,91,91],"card_choices":[{"not_picked":["hermit:SprayPray","hermit:Showdown"],"picked":"hermit:Quickdraw","floor":1},{"not_picked":["hermit:Manifest","hermit:Roulette"],"picked":"hermit:LowProfile","floor":2},{"not_picked":["hermit:Manifest","hermit:ShadowCloak"],"picked":"hermit:TrackingShot","floor":4},{"not_picked":["hermit:Brawl","hermit:Misfire"],"picked":"hermit:Scavenge","floor":6},{"not_picked":["hermit:Gestalt","hermit:Manifest"],"picked":"hermit:Headshot","floor":7},{"not_picked":["hermit:LowProfile","hermit:TakeCover"],"picked":"hermit:Dive","floor":10},{"not_picked":["hermit:HighCaliber","hermit:FinalCanter"],"picked":"hermit:Combo","floor":11},{"not_picked":["hermit:Feint","hermit:CalledShot"],"picked":"hermit:Vantage","floor":13},{"not_picked":["hermit:HighCaliber","hermit:SprayPray"],"picked":"hermit:Quickdraw","floor":14},{"not_picked":["hermit:Roughhouse","hermit:Magnum"],"picked":"hermit:FromBeyond","floor":16},{"not_picked":["hermit:WideOpen","hermit:Dive"],"picked":"hermit:CursedWeapon","floor":18},{"not_picked":["hermit:Headshot","hermit:HighCaliber"],"picked":"hermit:LoneWolf","floor":20},{"not_picked":["hermit:Determination","hermit:Coalescence"],"picked":"hermit:Desperado","floor":21},{"not_picked":["hermit:Coalescence","hermit:CalledShot+1"],"picked":"hermit:Misfire","floor":22},{"not_picked":["hermit:Cheat","hermit:Feint"],"picked":"hermit:EyeOfTheStorm+1","floor":27},{"not_picked":["hermit:CalledShot+1","hermit:Roulette"],"picked":"hermit:Quickdraw","floor":28},{"not_picked":["hermit:Cheat","hermit:LoneWolf+1"],"picked":"hermit:BigShot+1","floor":29},{"not_picked":["hermit:WideOpen","hermit:Magnum"],"picked":"hermit:SprayPray","floor":30},{"not_picked":["hermit:Roughhouse","hermit:Gambit"],"picked":"hermit:FromBeyond","floor":33},{"not_picked":["hermit:Manifest+1","hermit:Maintenance","hermit:Desperado+1"],"picked":"SKIP","floor":35},{"not_picked":["hermit:ItchyTrigger","hermit:Grudge"],"picked":"hermit:EyeOfTheStorm","floor":38},{"not_picked":["hermit:Desperado+1","hermit:CalledShot"],"picked":"hermit:PistolWhip","floor":39},{"not_picked":["hermit:Roulette","hermit:CalledShot"],"picked":"hermit:Dive+1","floor":42},{"not_picked":["hermit:Dive","hermit:BlackWind"],"picked":"hermit:HoleUp+1","floor":54}],"player_experience":271404,"relics_obtained":[{"floor":6,"key":"Mango"},{"floor":8,"key":"Bag of Preparation"},{"floor":9,"key":"Kunai"},{"floor":10,"key":"Lizard Tail"},{"floor":29,"key":"WingedGreaves"},{"floor":43,"key":"Whetstone"},{"floor":44,"key":"Torii"},{"floor":54,"key":"Lantern"}],"event_choices":[{"damage_healed":0,"gold_gain":75,"player_choice":"Gather Gold","damage_taken":11,"max_hp_gain":0,"max_hp_loss":0,"event_name":"World of Goop","floor":5,"gold_loss":0},{"damage_healed":0,"gold_gain":0,"player_choice":"Relic","damage_taken":0,"max_hp_gain":0,"max_hp_loss":0,"event_name":"Wheel of Change","floor":8,"gold_loss":0},{"damage_healed":0,"gold_gain":0,"player_choice":"Simplicity","damage_taken":0,"max_hp_gain":0,"max_hp_loss":0,"event_name":"Back to Basics","floor":31,"gold_loss":0,"cards_upgraded":["hermit:Strike_Hermit","hermit:Strike_Hermit","hermit:Strike_Hermit","hermit:Strike_Hermit","hermit:Defend_Hermit","hermit:Defend_Hermit","hermit:Defend_Hermit"]},{"damage_healed":0,"gold_gain":0,"player_choice":"Upgraded Two","damage_taken":0,"max_hp_gain":0,"max_hp_loss":0,"event_name":"Designer","floor":37,"gold_loss":40,"cards_upgraded":["hermit:Quickdraw","hermit:Snapshot"]},{"damage_healed":0,"gold_gain":0,"player_choice":"Fight","damage_taken":0,"max_hp_gain":0,"max_hp_loss":0,"event_name":"MindBloom","floor":44,"gold_loss":0},{"damage_healed":0,"gold_gain":0,"player_choice":"Max HP","damage_taken":0,"max_hp_gain":0,"max_hp_loss":5,"event_name":"Winding Halls","floor":48,"gold_loss":0}],"is_beta":false,"boss_relics":[{"not_picked":["hermit:ClaspedLocket","SacredBark"],"picked":"Sozu"},{"not_picked":["Runic Pyramid","Busted Crown"],"picked":"Astrolabe"}],"items_purged_floors":[19],"is_endless":false,"potions_floor_spawned":[2,4,11,13,14,18,27,28,30,33,44,54],"killed_by":"The Heart","ascension_level":0}}