{"host":"agga6lej02o7kt08","time":1607698306,"event":{"mods":["Arknights The Spire","Aspiration","BaseMod","Better Third Choice","Colored Map","Colored Powertips","Hermit","Hubris","Infinite Spire","Koishi","Marisa£¨Ùöéë¡¡Øª×âÞÞ£©","Minty Spire (QoL Compilation)","Reimu£¨ÚÏ???£©","Replay The Spire","Spicy Shops","StSLib","¡¼?Úª?ø«¡½REMEMod"],"gold_per_floor":[116,135,135,147,147,181,181,181,181,198,218,143,175,192,192,297,297,315,326,251,271,23,23,23],"floor_reached":23,"playtime":1101,"items_purged":["ats:Defend Up","ats:Defend Up"],"score":305,"play_id":"9128d5d9-080c-4415-8174-a138e865a08f","local_time":"20201211235146","is_ascension_mode":true,"campfire_choices":[{"data":"ats:Emotion Absorption","floor":7,"key":"SMITH"},{"data":"ats:Emotion Absorption","floor":15,"key":"SMITH"}],"circlet_count":0,"master_deck":["AscendersBane","ats:Powerful Strike","ats:Powerful Strike","ats:Armor Crushing Shot","ats:Defend Up","ats:Defend Up","ats:Emotion Absorption+1","ats:Emotion Absorption+1","Burst","ats:Thorns","ats:Disruption Kick","AbeCurse","ats:Thorns"],"relics":["ats:Sanity","REME_ComplimentaryCards","aspiration:Nostalgia","Cracked Core","hubris:BundleOfHerbs","Ring of Fury","Shovel","Regal Pillow","infinitespire:CheckeredPen","Abe\u0027s Treasure","Medical Kit"],"acts_visited":["Exordium","TheCity"],"potions_floor_usage":[10,13,23],"damage_taken":[{"damage":6,"enemies":"2 Louse","floor":1,"turns":3},{"damage":0,"enemies":"Cultist","floor":2,"turns":4},{"damage":3,"enemies":"Small Slimes","floor":4,"turns":4},{"damage":30,"enemies":"Lagavulin","floor":6,"turns":9},{"damage":5,"enemies":"Exordium Thugs","floor":10,"turns":4},{"damage":2,"enemies":"Looter","floor":11,"turns":3},{"damage":20,"enemies":"Gremlin Nob","floor":13,"turns":4},{"damage":3,"enemies":"Blue Slaver","floor":14,"turns":3},{"damage":21,"enemies":"The Guardian","floor":16,"turns":10},{"damage":17,"enemies":"3 Byrds","floor":18,"turns":3},{"damage":12,"enemies":"Chosen","floor":19,"turns":4},{"damage":15,"enemies":"Centurion and Healer","floor":21,"turns":7},{"damage":27,"enemies":"Book of Stabbing","floor":23,"turns":4}],"seed_played":"1984712907094857896","potions_obtained":[{"floor":2,"key":"FearPotion"},{"floor":4,"key":"Ancient Potion"},{"floor":8,"key":"Regen Potion"},{"floor":8,"key":"Explosive Potion"},{"floor":10,"key":"LiquidBronze"},{"floor":14,"key":"GrandPatriotsElixir:ReiMu"},{"floor":19,"key":"Doom Potion"},{"floor":21,"key":"Weak Potion"}],"is_trial":false,"path_per_floor":["M","M","?","M","?","E","R","?","T","M","M","$","E","M","R","B",null,"M","M","?","M","$","E"],"character_chosen":"DOCTOR_CLASS","items_purchased":["Medical Kit"],"campfire_rested":0,"item_purchase_floors":[22],"current_hp_per_floor":[59,59,59,56,56,26,26,26,26,21,19,19,11,8,8,55,68,51,39,39,24,24,0,0],"gold":23,"neow_bonus":"NOSTALGIA","is_daily":false,"chose_seed":false,"campfire_upgraded":2,"win_rate":0.0,"timestamp":1607698306,"path_taken":["M","M","?","?","?","E","R","?","T","?","M","$","E","M","R","BOSS","M","M","?","M","$","E"],"items_purchased_type":["Relic"],"build_version":"2020-11-30","purchased_purges":2,"victory":false,"max_hp_per_floor":[72,72,72,72,72,72,72,72,72,72,72,72,72,72,72,72,72,72,72,72,72,72,72,72],"card_choices":[{"not_picked":["ats:Flexible Camouflage","ats:Automatic Cover","ats:Assault Order"],"picked":"SKIP","floor":1},{"not_picked":["ats:Just Like an Apocalypse","ats:Encircling Forest","ats:Explosion Area Strengthen"],"picked":"SKIP","floor":2},{"not_picked":["ats:Mental Burst","ats:Cat Scratch","ats:Magnetic Hammer"],"picked":"SKIP","floor":4},{"not_picked":["ats:Sunburst","ats:Poison Spread","ats:Just Like an Apocalypse"],"picked":"SKIP","floor":6},{"not_picked":["ats:Just Like an Apocalypse","ats:Shell Defense"],"picked":"ats:Thorns","floor":10},{"not_picked":["ats:Support Order","ats:Curse Doll","ats:Shell Defense"],"picked":"SKIP","floor":11},{"not_picked":["ats:Encircling Forest","ats:Magnetic Hammer","ats:Shell Defense"],"picked":"SKIP","floor":13},{"not_picked":["ats:Curse Doll","ats:Just Like an Apocalypse","ats:Flexible Camouflage"],"picked":"SKIP","floor":14},{"not_picked":["ats:Shadow Assault","ats:Roar Of Ursus"],"picked":"ats:Disruption Kick","floor":16},{"not_picked":["ats:Flexible Camouflage+1","ats:Shell Defense"],"picked":"ats:Thorns","floor":18},{"not_picked":["ats:Spore Proliferation","ats:Very Hot Blade","ats:Shell Defense"],"picked":"SKIP","floor":19},{"not_picked":["ats:Mental Burst","ats:Revitalization","ats:Overload"],"picked":"SKIP","floor":21}],"player_experience":1303177,"relics_obtained":[{"floor":5,"key":"Ring of Fury"},{"floor":6,"key":"Shovel"},{"floor":9,"key":"Regal Pillow"},{"floor":13,"key":"infinitespire:CheckeredPen"}],"event_choices":[{"damage_healed":0,"gold_gain":0,"player_choice":"Gave Potion","damage_taken":0,"relics_obtained":["hubris:BundleOfHerbs"],"max_hp_gain":0,"max_hp_loss":0,"event_name":"WeMeetAgain","floor":3,"gold_loss":0},{"damage_healed":0,"gold_gain":0,"player_choice":"Got Potions","damage_taken":0,"max_hp_gain":0,"max_hp_loss":0,"event_name":"Lab","floor":8,"gold_loss":0},{"cards_removed":["ats:Powerful Strike"],"damage_healed":0,"gold_gain":0,"player_choice":"Gave Gold","damage_taken":0,"max_hp_gain":0,"max_hp_loss":0,"event_name":"Beggar","floor":20,"gold_loss":75}],"is_beta":false,"boss_relics":[{"not_picked":["Calling Bell","Pandora\u0027s Box"],"picked":"Abe\u0027s Treasure"}],"items_purged_floors":[12,22],"is_endless":false,"potions_floor_spawned":[2,4,10,14,19,21],"killed_by":"Book of Stabbing","ascension_level":10}}