{"host":"ez767vrydzojtnp0","time":1607704831,"event":{"mods":["Act Like it!","Aspiration","BaseMod","Better Note","BetterRewards","Challenge The Spire","Colored Powertips","Conspire","GifTheSpireLib","Hermit","Hubris","Infinite Spire","Minty Spire (QoL Compilation)","Quick Restart","Rare Cards Sparkle","Relic Stats","Replay The Spire","Shop Mod","Spikes Relics","StSLib","Stuff the Spire","SuperFastMode","everything is the same but u backflip on backflip","slay the spire mod where everything is the same but ironclad has a cowboy hat","vexMod"],"gold_per_floor":[113,128,128,138,138,138,156,186,209,235,253,253,253,269,269,365,365,385,396,415,415,415],"floor_reached":21,"playtime":705,"items_purged":[],"score":193,"play_id":"869bbe6b-887b-41df-b9a3-ca468f3a7f10","local_time":"20201211144031","is_ascension_mode":false,"campfire_choices":[{"floor":6,"key":"RECALL"},{"data":"Berserk","floor":15,"key":"SMITH"}],"circlet_count":0,"master_deck":["Strike_R","Strike_R","Strike_R","Strike_R","Strike_R","Defend_R","Defend_R","Defend_R","Defend_R","Bash","Clash","Pommel Strike","Uppercut","Invigoration","Armaments","Rampage","Berserk+1","Evolve","Pommel Strike","Juggernaut","Seeing Red","BarbarianYell"],"relics":["Burning Blood","Onion Ring","CherryCoatedStake","Omamori","Painkiller Herb"],"acts_visited":["Exordium","TheCity"],"potions_floor_usage":[8,10,16,21,21],"damage_taken":[{"damage":0,"enemies":"Small Slimes","floor":1,"turns":2},{"damage":0,"enemies":"Cultist","floor":2,"turns":2},{"damage":4,"enemies":"2 Louse","floor":4,"turns":4},{"damage":11,"enemies":"Blue Slaver","floor":7,"turns":4},{"damage":14,"enemies":"Gremlin Nob","floor":8,"turns":3},{"damage":17,"enemies":"3 Sentries","floor":10,"turns":6},{"damage":0,"enemies":"2 Fungi Beasts","floor":11,"turns":2},{"damage":11,"enemies":"Gremlin Gang","floor":14,"turns":7},{"damage":70,"enemies":"Slime Boss","floor":16,"turns":10},{"damage":25,"enemies":"Spheric Guardian","floor":18,"turns":4},{"damage":28,"enemies":"3 Byrds","floor":19,"turns":6},{"damage":39,"enemies":"Snake Plant","floor":20,"turns":4},{"damage":18,"enemies":"3 Cultists","floor":21,"turns":3}],"seed_played":"-5199400193885540749","potions_obtained":[{"floor":1,"key":"Fire Potion"},{"floor":4,"key":"Explosive Potion"},{"floor":7,"key":"LiquidMemories"},{"floor":14,"key":"EssenceOfSteel"},{"floor":18,"key":"GamblersBrew"}],"is_trial":false,"path_per_floor":["M","M","?","M","?","R","M","E","T","E","M","?","?","M","R","B",null,"?","?","?","?"],"character_chosen":"IRONCLAD","items_purchased":[],"campfire_rested":0,"item_purchase_floors":[],"current_hp_per_floor":[80,80,80,80,73,73,68,60,60,57,65,65,65,72,72,17,80,61,45,12,0,0],"gold":415,"neow_bonus":"THREE_CARDS","is_daily":false,"chose_seed":false,"campfire_upgraded":1,"win_rate":0.0,"timestamp":1607704831,"path_taken":["M","M","?","?","?","R","M","E","T","E","M","?","?","M","R","BOSS","?","?","?","?"],"items_purchased_type":[],"build_version":"2020-11-30","purchased_purges":0,"victory":false,"max_hp_per_floor":[80,80,80,80,80,80,80,80,80,80,80,80,80,80,80,80,80,80,80,80,80,80],"relic_stats":{"counters":[13,57],"obtain_stats":[{"CherryCoatedStake":8,"Onion Ring":5,"Painkiller Herb":17,"Omamori":10,"Burning Blood":0},{"CherryCoatedStake":5,"Onion Ring":3,"Painkiller Herb":9,"Omamori":6,"Burning Blood":0},{"CherryCoatedStake":15,"Onion Ring":8,"Painkiller Herb":40,"Omamori":21,"Burning Blood":0}],"Burning Blood":58},"card_choices":[{"not_picked":["conspire:ExplosiveBarrier","Clothesline"],"picked":"Clash","floor":0},{"not_picked":["Shockwave","Cleave"],"picked":"Pommel Strike","floor":1},{"not_picked":["Sword Boomerang","Flex"],"picked":"Uppercut","floor":2},{"not_picked":["conspire:HitWhereItHurts","Spot Weakness"],"picked":"Invigoration","floor":4},{"not_picked":["Shockwave","Run Through"],"picked":"Armaments","floor":7},{"not_picked":["Clothesline","Body Slam"],"picked":"Rampage","floor":8},{"not_picked":["Twin Strike","True Grit"],"picked":"Berserk","floor":10},{"not_picked":["ReplayTheSpireMod:Muscle Training","Havoc"],"picked":"Evolve","floor":11},{"not_picked":["Fire Breathing","Reckless Charge"],"picked":"Pommel Strike","floor":14},{"not_picked":["Offering","conspire:Purge"],"picked":"Juggernaut","floor":16},{"not_picked":["Shockwave","Run Through+1"],"picked":"Seeing Red","floor":18},{"not_picked":["Power Through","Iron Wave+1"],"picked":"BarbarianYell","floor":19},{"not_picked":["Burning Pact+1","Flex+1","Iron Wave"],"picked":"SKIP","floor":20}],"player_experience":356965,"relics_obtained":[{"floor":8,"key":"CherryCoatedStake"},{"floor":10,"key":"Omamori"}],"event_choices":[{"damage_healed":0,"gold_gain":0,"player_choice":"Ignored","damage_taken":0,"max_hp_gain":0,"max_hp_loss":0,"event_name":"Purifier","floor":3,"gold_loss":0},{"damage_healed":0,"gold_gain":0,"player_choice":"Success","damage_taken":7,"relics_obtained":["Onion Ring"],"max_hp_gain":0,"max_hp_loss":0,"event_name":"Scrap Ooze","floor":5,"gold_loss":0},{"damage_healed":0,"gold_gain":0,"player_choice":"Disagree","damage_taken":0,"max_hp_gain":0,"max_hp_loss":0,"event_name":"conspire:LoneGhost","floor":12,"gold_loss":0},{"damage_healed":0,"gold_gain":0,"player_choice":"Leave","damage_taken":0,"max_hp_gain":0,"max_hp_loss":0,"event_name":"conspire:Investor","floor":13,"gold_loss":0}],"is_beta":false,"boss_relics":[{"not_picked":["Mark of Pain","hubris:CrackedHourglass"],"picked":"Painkiller Herb"}],"items_purged_floors":[],"is_endless":false,"potions_floor_spawned":[1,4,7,14,18],"killed_by":"3 Cultists","ascension_level":0}}