{"host":"pz1ko3gi7nsxydm3","time":1607719254,"event":{"mods":["AchievementEnabler","Act Like it!","BaseMod","Better Note","Better Third Choice","Colored Map","Downfall","Hallownest","Hermit","Hubris","Infinite Spire","Jorbs\u0027s Wanderer Trilogy","Minty Spire (QoL Compilation)","Rare Cards Sparkle","Replay The Spire","StSLib","The Bug Knight","The Jungle","??????REMEMod"],"gold_per_floor":[130,130,130,130,142,142,202,219,219,219,219,63,93,93,167,186,186,186,186],"floor_reached":18,"playtime":897,"items_purged":[],"score":135,"play_id":"e3dd02d9-fd61-415d-b08c-5b7b9d317079","local_time":"20201211204054","is_ascension_mode":false,"campfire_choices":[{"data":"hermit:DeadOrAlive","floor":6,"key":"SMITH"},{"floor":17,"key":"REST"}],"circlet_count":0,"master_deck":["Strike_B","Strike_B","Strike_B","Strike_B","Defend_B","Defend_B","Defend_B","Defend_B","Zap","Dualcast","hermit:DeadOrAlive+1","Conserve Battery","Ball Lightning","Melter","Conserve Battery","hermit:Scavenge","CutThroughFate"],"relics":["Cracked Core","REME_ComplimentaryCards","NeowsBlessing","hubris:Towel","Ice Cream","PrismaticShard","hubris:EvacipatedBox","Matryoshka"],"acts_visited":["Exordium"],"potions_floor_usage":[18,18],"damage_taken":[{"damage":0,"enemies":"2 Louse","floor":1,"turns":1},{"damage":0,"enemies":"Small Slimes","floor":5,"turns":1},{"damage":0,"enemies":"Lagavulin","floor":7,"turns":1},{"damage":0,"enemies":"Cultist","floor":8,"turns":3},{"damage":27,"enemies":"Gremlin Gang","floor":13,"turns":4},{"damage":13,"enemies":"Red Slaver","floor":16,"turns":2},{"damage":45,"enemies":"Slime Boss","floor":18,"turns":7}],"seed_played":"-7258484855169509459","potions_obtained":[{"floor":13,"key":"LiquidBronze"},{"floor":16,"key":"Death Potion"}],"is_trial":false,"path_per_floor":["M","?","?","?","M","R","E","M","PTL","PTL","T","$","M","$","T","M","R","B"],"character_chosen":"DEFECT","items_purchased":["PrismaticShard","hubris:EvacipatedBox"],"campfire_rested":1,"item_purchase_floors":[12,14],"current_hp_per_floor":[75,75,75,75,75,75,75,75,75,75,75,75,48,29,29,16,38,0,0],"gold":186,"neow_bonus":"THREE_ENEMY_KILL","is_daily":false,"chose_seed":false,"campfire_upgraded":1,"win_rate":0.0,"timestamp":1607719254,"path_taken":["M","?","?","?","M","R","E","?","PTL","PTL","T","$","?","?","?","M","R","BOSS"],"items_purchased_type":["Relic","Relic"],"build_version":"2020-11-30","purchased_purges":0,"victory":false,"max_hp_per_floor":[75,75,75,75,75,75,75,75,75,75,75,75,75,75,75,75,75,75,75],"card_choices":[{"not_picked":["Ball Lightning","Redo"],"picked":"Conserve Battery","floor":1},{"not_picked":["Stack","Cold Snap"],"picked":"Ball Lightning","floor":5},{"not_picked":["FTL","Stack"],"picked":"Melter","floor":7},{"not_picked":["Redo","Reinforced Body"],"picked":"Conserve Battery","floor":8},{"not_picked":["hexamod:ChargedBarrage","stsjorbsmod:ChatteringStrike"],"picked":"hermit:Scavenge","floor":13},{"not_picked":["Slimebound:SlimeBrawl","Run Through"],"picked":"CutThroughFate","floor":16}],"player_experience":65527,"relics_obtained":[{"floor":7,"key":"Ice Cream"},{"floor":15,"key":"Matryoshka"}],"event_choices":[{"damage_healed":0,"gold_gain":0,"player_choice":"Ignored","damage_taken":0,"max_hp_gain":0,"max_hp_loss":0,"event_name":"Golden Wing","floor":3,"gold_loss":0},{"damage_healed":0,"gold_gain":0,"player_choice":"Ignored","damage_taken":0,"max_hp_gain":0,"max_hp_loss":0,"event_name":"Purifier","floor":4,"gold_loss":0}],"is_beta":false,"boss_relics":[],"items_purged_floors":[],"is_endless":false,"potions_floor_spawned":[13,16],"killed_by":"Slime Boss","ascension_level":0}}