{"host":"9sljmwdfk42tzqyu","time":1607655674,"event":{"mods":["BaseMod","Hubris","Minty Spire (QoL Compilation)","Replay The Spire","Shop Mod","StSLib"],"gold_per_floor":[117,117,134,152,152,152,152,152,178,210,210,220,237,252,252,351,351,363,288,298,309,309,309,309,309],"floor_reached":24,"playtime":1745,"items_purged":["Vigilance"],"score":240,"play_id":"219dcc65-4f29-4e94-907c-94b0b3cf8eb3","local_time":"20201210220114","is_ascension_mode":true,"campfire_choices":[{"data":"Master of Strategy","floor":6.0,"key":"SMITH"},{"data":"Double Tap","floor":8.0,"key":"SMITH"},{"data":"ReplayTheSpireMod:Muscle Training","floor":11.0,"key":"SMITH"},{"data":"Barricade","floor":23,"key":"SMITH"}],"circlet_count":0,"master_deck":["Strike_R","Strike_R","Strike_R","Strike_R","Strike_R","Defend_R","Defend_R","Defend_R","Defend_R","Bash","hubris:Strike_Merchant","Master of Strategy+1","Shrug It Off","Double Tap+1","ReplayTheSpireMod:Muscle Training+1","Barricade+1","Shrug It Off","hubris:NaturalOne"],"relics":["Burning Blood","hubris:Icosahedron","Iron Hammer","Ancient Tea Set","Self Forming Clay","hubris:Stopwatch"],"acts_visited":["Exordium","TheCity"],"potions_floor_usage":[21,21,21,22],"damage_taken":[{"damage":8.0,"enemies":"Jaw Worm","floor":1.0,"turns":4.0},{"damage":10.0,"enemies":"Small Slimes","floor":3.0,"turns":7.0},{"damage":2.0,"enemies":"Cultist","floor":4.0,"turns":5.0},{"damage":28.0,"enemies":"3 Sentries","floor":10.0,"turns":12.0},{"damage":0.0,"enemies":"Lots of Slimes","floor":12.0,"turns":4.0},{"damage":7.0,"enemies":"Large Slime","floor":13.0,"turns":6.0},{"damage":0.0,"enemies":"Red Slaver","floor":14.0,"turns":5.0},{"damage":32.0,"enemies":"The Guardian","floor":16.0,"turns":12.0},{"damage":18.0,"enemies":"2 Thieves","floor":18.0,"turns":5.0},{"damage":23.0,"enemies":"Chosen","floor":20.0,"turns":8.0},{"damage":22,"enemies":"Centurion and Healer","floor":21,"turns":8},{"damage":12,"enemies":"3 Cultists","floor":22,"turns":4},{"damage":45,"enemies":"Gremlin Leader","floor":24,"turns":7}],"seed_played":"-8749697559436997157","potions_obtained":[{"floor":4.0,"key":"SkillPotion"},{"floor":10.0,"key":"Swift Potion"},{"floor":15.0,"key":"EntropicBrew"},{"floor":15.0,"key":"EssenceOfSteel"}],"is_trial":false,"path_per_floor":["M","?","M","M","?","R","?","R","T","E","R","M","M","M","R","B",null,"M","$","M","M","M","R","E"],"character_chosen":"IRONCLAD","items_purchased":[],"campfire_rested":0,"item_purchase_floors":[],"current_hp_per_floor":[78,78,74,78,83,83,83,83,83,61,61,67,66,72,72,46,85,73,73,56,40,34,34,0,0],"gold":309,"neow_bonus":"RANDOM_COLORLESS_2","is_daily":false,"chose_seed":false,"campfire_upgraded":4,"win_rate":0.0,"timestamp":1607655674,"path_taken":["M","?","M","M","?","R","?","R","T","E","R","M","M","M","R","BOSS","M","$","?","M","M","R","E"],"items_purchased_type":[],"build_version":"2020-11-30","purchased_purges":1,"victory":false,"max_hp_per_floor":[80,80,80,80,85,85,85,85,85,85,85,85,85,85,85,85,85,85,85,85,85,85,85,85,85],"card_choices":[{"not_picked":["Transmutation","Metamorphosis"],"picked":"Master of Strategy","floor":0.0},{"not_picked":["Heavy Blade","Havoc","Armaments"],"picked":"SKIP","floor":1.0},{"not_picked":["Havoc","Heavy Blade"],"picked":"Shrug It Off","floor":3.0},{"not_picked":["Carnage","Run Through"],"picked":"Double Tap","floor":4.0},{"not_picked":["Flex","Replay:Undeath\u0027s Touch"],"picked":"ReplayTheSpireMod:Muscle Training","floor":10.0},{"not_picked":["Sword Boomerang","Headbutt","Havoc"],"picked":"SKIP","floor":12.0},{"not_picked":["Massacre","Body Slam","Second Wind"],"picked":"SKIP","floor":13.0},{"not_picked":["Flex","hubris:CleavingFinish","Fire Breathing"],"picked":"SKIP","floor":14.0},{"not_picked":["Bludgeon","Feed"],"picked":"Barricade","floor":16.0},{"not_picked":["Replay:Undeath\u0027s Touch","Perfected Strike"],"picked":"Shrug It Off","floor":18.0},{"not_picked":["Perfected Strike","Replay:Undeath\u0027s Touch","hubris:CleavingFinish"],"picked":"SKIP","floor":20.0},{"not_picked":["hubris:SharpeningStone","Defy Death","Replay:Undeath\u0027s Touch"],"picked":"SKIP","floor":21}],"player_experience":295602,"relics_obtained":[{"floor":9.0,"key":"Ancient Tea Set"},{"floor":10.0,"key":"Self Forming Clay"}],"event_choices":[{"damage_healed":0.0,"max_hp_gain":5.0,"max_hp_loss":0.0,"gold_gain":0.0,"event_name":"Big Fish","player_choice":"Donut","floor":5.0,"gold_loss":0.0,"damage_taken":0.0},{"damage_healed":0.0,"max_hp_gain":0.0,"max_hp_loss":0.0,"gold_gain":0.0,"event_name":"WeMeetAgain","player_choice":"Gave Potion","floor":7.0,"gold_loss":0.0,"damage_taken":0.0,"relics_obtained":["Iron Hammer"]}],"is_beta":false,"boss_relics":[{"not_picked":["Snecko Eye","hubris:HollowSoul"],"picked":"hubris:Stopwatch"}],"items_purged_floors":[19],"is_endless":false,"potions_floor_spawned":[4,10,18,22],"killed_by":"Gremlin Leader","ascension_level":4}}