{"host":"72u2l81w7bxoihz9","time":1607684814,"event":{"mods":["Act Like it!","Aspiration","BaseMod","BetterRewards","Dota2Spire","Downfall","Friendly Minions","Gensokyo","GifTheSpireLib","Hallownest","Hermit","KinomotoSakuraMod(木之本樱)","Luminous","Marisa（F雨　魔理沙）","Minty Spire (QoL Compilation)","MostiFishMod","Prisma Mod","Remilia（蕾米莉亚）","Replay The Spire","Shop Mod","Spicy Shops","StSLib","Td1madao Mod","TestMod","The Bug Knight","The Construct","The Cursed","The Gatherer","TheWitcher","UnlockEverythingMod","Yuyuko","[IsaacMod]以撒尖塔","noobMod","vexMod","【东方二次创作】八云紫mod","【功能Mod】聪明的最终Boss","篝火指南"],"gold_per_floor":[120,130,130,130,187,187,215,223,303,341,341,350,367,381,381,466,466,480,480,492,492,515,549,549,549,621,651,651,670,682,682,682,758,758,769,769,795,795,1094,1126,1141,1220,1299,1299,1299,1299,1358,1358,1358,1431,1508,1508,1508,1508,1534,1534],"floor_reached":57,"playtime":7806,"items_purged":["Regret","Doubt","Clumsy","Strike_P","Defend_P","Strike_P+1","Strike_P+1","Strike_P+1","Consecrate+1","Consecrate+1","Defend_P","Prostrate+1","MostiFishMod:PerfectForm+1","WindmillStrike+1"],"score":3433,"play_id":"73a8973b-d5ba-49da-ae57-b028f2f40449","local_time":"20201211190653","is_ascension_mode":true,"campfire_choices":[{"floor":6,"key":"RECALL"},{"data":"testmod-PerfectCombo+2","floor":25,"key":"SMITH"},{"data":"testmod-PerfectCombo+3","floor":25,"key":"SMITH"},{"data":"testmod-PerfectCombo+4","floor":28,"key":"SMITH"},{"data":"testmod-PerfectCombo+5","floor":28,"key":"SMITH"},{"data":"testmod-PerfectCombo+6","floor":32,"key":"SMITH"},{"data":"Prostrate","floor":32,"key":"SMITH"},{"data":"testmod-PerfectCombo+8","floor":44,"key":"SMITH"},{"data":"testmod-PerfectCombo+9","floor":44,"key":"SMITH"},{"data":"testmod-PerfectCombo+10","floor":46,"key":"SMITH"},{"data":"testmod-PerfectCombo+11","floor":46,"key":"SMITH"},{"data":"testmod-PerfectCombo+12","floor":49,"key":"SMITH"},{"data":"testmod-PerfectCombo+13","floor":49,"key":"SMITH"}],"circlet_count":165,"master_deck":["AscendersBane","Defend_P","Defend_P+3","Eruption+1","Vigilance+1","FollowUp+1","Tantrum+1","MostiFishMod:PerfectForm+1","Adaptation+1","ThirdEye+1","TalkToTheHand+1","MostiFishMod:KingOfFree+1","MostiFishMod:LegendTransform+1","MostiFishMod:SparklingWater+1","WindmillStrike+1","Swift Strike+1","Consecrate+1","Consecrate+1","JustLucky+1","testmod-PerfectCombo+14","expansioncontent:StudyTheSpire+1","FearNoEvil+1","MostiFishMod:StarWish+1","Devotion+1","FlurryOfBlows+1"],"relics":["PureWater","testmod-TestBox","HushsDoor","DaveBox","ice","testmod-IndustrialRevolution","MaYiHuaBei","DiscerningMonocle","Dota2Spire:OrchidMalevolence","BrkXgEgg","Incense Burner","testmod-Antiphasic","CloakClasp","MerchantsRug","testmod-Alchemist","vexMod:CardConverter","testmod-Déjàvu","testmod-Muramasa","vexMod:RedPlottingStone","Thread and Needle","ArrowTower","Civilization","testmod-Laevatain","MoneyPower","vexMod:PlasmaPancake","testmod-Nyarlathotep","testmod-Fortitude","testmod-Maize","Dota2Spire:EyeOfSkadi","Leech","testmod-CasingShield","CeramicFish","Du-Vu Doll","Counterbalance","Dota2Spire:ShivaGuard","ThornShield","Prayer Wheel","testmod-CrystalShield","CaptainsWheel","Anchor","testmod-BouquetWithThorns","Dota2Spire:Butterfly","construct:RocketBooster","BionicSphere","testmod-FatalChain","Replay:Arrowhead","Replay:Towering Pillar of Hats","Replay:Purple Gloves","StoneCalendar","Dota2Spire:AssaultCuirass","Ginger","construct:BoolHorns","ReplayTheSpireMod:Lightbulb","testmod-CyclicPeriapt","vexMod:RetaliationKit","Pondfish Scales","testmod-Justice","DianPoetry","testmod-IntensifyImprint","Lizard Tail","Peace Pipe","aspiration:HatOfInfinitePower","vexMod:HeadHunter","Dota2Spire:Mjollnir","Dota2Spire:Satanic","Turnip","GuppysHead","Pocketwatch","GoldenEye","DaCapo","Unceasing Top","ReplayTheSpireMod:CursedCoin","TeardropLocket","Bird Faced Urn","FossilizedHelix","testmod-InjuryResistance","TungstenRod","testmod-ObsoleteBoomerang","Torii","testmod-EqualTreatment","testmod-RealStoneCalender","Ice Cream","CombinedTypeHook","Durian","GuppysTail","testmod-Brilliant","testmod-TheFather","testmod-BlackFramedGlasses","Replay:PocketPolymizer","Dota2Spire:OctarineCore","SentryEyes","Dota2Spire:HeartOfTarrasque","Circlet","DianDianMeat","Omamori","Lantern","DoctorsRemote","SteamSale","SteamSale","Sundial","Dodecahedron","Boot","Divine Protection","Replay:Bottled Eggs","Dota2Spire:MonkeyKingBar","Gremlin Horn","vexMod:PaidLearning","BFFS","Technique","Vajra","Dota2Spire:AghanimScepter","Quantum Egg","HollowMod:LifeEnderRelic","TheAbacus","HollowMod:StagPassRelic","Sling","Akabeko","Strange Spoon","Frozen Egg 2","vexMod:InvisibilityCloak","Replay:Bandana","War Paint","aspiration:HummingbirdHeart","Dota2Spire:Desolator","HornCleat","testmod-Hope","Dota2Spire:BattleFury","Tiny Chest","Damaru","Dota2Spire:Vanguard","Happy Flower","ClockworkSouvenir","Yang","Molten Egg 2","Snack Pack","Oddly Smooth Stone","Blue Doll","OrangePellets","Kunai","Nunchaku","Dota2Spire:ArcaneBoots","Blood Vial","Letter Opener","testmod-Charity","Pen Nib","Question Card","SnafuTest:CatRelic","Shuriken","Simple Rune","Chemical X","Onion Ring","Bronze Scales","vexMod:BarristanHead","Juzu Bracelet","Bag of Marbles","aspiration:Lifesprig","Dota2Spire:Dagon","Mercury Hourglass","ReplayTheSpireMod:Ninjato","aspiration:Nostalgia","Apod","Replay:WaspNest","Question Card","Hallownest:TeacherSealRelic","BranchBurnRelic","Hallownest:NailmastersGloryRelic","Iron Hammer","aspiration:FrozenJewel","BookOfRevelations","SacredBark","ImprovedEquipment","SalivaCoin","SnafuTest:BearRelic","TuHaoJin","Hallownest:GodTamersBeastRelic","Mirror"],"acts_visited":["Exordium","Hallownest:Greenpath","Hallownest:CityofTears","TheEnding"],"potions_floor_usage":[56],"damage_taken":[{"damage":0.0,"enemies":"Hallownest:monsterHuskGuard","floor":1.0,"turns":1.0},{"damage":0.0,"enemies":"2_ Uuma","floor":2.0,"turns":1.0},{"damage":0,"enemies":"Hallownest:eliteVengeflyKing","floor":7,"turns":1},{"damage":0,"enemies":"Hallownest:eliteMossKnight","floor":10,"turns":1},{"damage":0,"enemies":"Hallownest:2_MossCreeps","floor":12,"turns":1},{"damage":0,"enemies":"Hallownest:monsterMossCharger","floor":13,"turns":1},{"damage":0,"enemies":"Hallownest:1_Ooma_and_2_Uuma","floor":14,"turns":1},{"damage":0,"enemies":"Hallownest:BossBrokenVessel","floor":16,"turns":1},{"damage":0,"enemies":"Hallownest:Flukemon_and_Top","floor":18,"turns":1},{"damage":0,"enemies":"Hallownest:Guard_and_Sentry","floor":20,"turns":1},{"damage":0,"enemies":"Hallownest:eliteWatcherKnight","floor":23,"turns":5},{"damage":0,"enemies":"Hallownest:Nosk","floor":27,"turns":1},{"damage":0,"enemies":"Hallownest:Warrior_and_Youth","floor":29,"turns":1},{"damage":0,"enemies":"Hallownest:Glutton_and_Coward","floor":30,"turns":1},{"damage":0,"enemies":"Hallownest:BossSoulMaster","floor":33,"turns":1},{"damage":0,"enemies":"Hallownest:2_Littles","floor":35,"turns":1},{"damage":0,"enemies":"Hallownest:Shield_Heavy","floor":37,"turns":1},{"damage":0,"enemies":"Hallownest:eliteCollector","floor":40,"turns":1},{"damage":0,"enemies":"Hallownest:2_Wing_and_1_Kings","floor":41,"turns":1},{"damage":0,"enemies":"Hallownest:2_Wing_and_1_Kings","floor":47,"turns":1},{"damage":0,"enemies":"Hallownest:2_Wing_and_1_Kings","floor":47,"turns":1},{"damage":0,"enemies":"Hallownest:2_Wing_and_1_Kings","floor":47,"turns":1},{"damage":0,"enemies":"Hallownest:2_Wing_and_1_Kings","floor":47,"turns":1},{"damage":0,"enemies":"Hallownest:BossHollowKnight","floor":50,"turns":1},{"damage":0,"enemies":"Hallownest:BossGreyPrinceZote","floor":51,"turns":1},{"damage":0,"enemies":"Shield and Spear","floor":55,"turns":1},{"damage":0,"enemies":"LittleHush","floor":56,"turns":2}],"seed_played":"-4857040632164626309","potions_obtained":[{"floor":2.0,"key":"Venom Potion"}],"is_trial":false,"path_per_floor":["M","M","?","?","?","R","E","R","T","E","T","M","M","M","R","B",null,"M","?","M","?","$","E","T","R","T","E","R","M","M","?","R","B",null,"M","$","M","?","?","E","M","T","T","R","$","R","?","?","R","B","B",null,"R","$","E","B",null],"character_chosen":"WATCHER","items_purchased":["Dota2Spire:OrchidMalevolence","BloodDonationMachine","BrkXgEgg","Incense Burner","testmod-Antiphasic","MerchantsRug","CeramicFish","ReplayTheSpireMod:CursedCoin","TeardropLocket","FollowUp","Circlet","Omamori","Lantern","Tantrum+1","MostiFishMod:PerfectForm+1","Circlet","Adaptation+1","SteamSale","Sundial","Dodecahedron","Consecrate","ThirdEye","TalkToTheHand","Circlet","Energy Potion","MostiFishMod:KingOfFree+1","Circlet","Boot","Divine Protection","Replay:Bottled Eggs","Ancient Potion","Circlet","Dota2Spire:MonkeyKingBar","Circlet","Gremlin Horn","Circlet","vexMod:PaidLearning","BFFS","Technique","Vajra","Circlet","Dota2Spire:AghanimScepter","Quantum Egg","Pear","Circlet","Circlet","HollowMod:LifeEnderRelic","TheAbacus","Strawberry","Circlet","HollowMod:StagPassRelic","Guide Book","MostiFishMod:PerfectForm+1","Sling","Circlet","Akabeko","Strange Spoon","Frozen Egg 2","vexMod:InvisibilityCloak","Replay:Bandana","War Paint","aspiration:HummingbirdHeart","Dota2Spire:Desolator","HornCleat","testmod-Hope","Dota2Spire:BattleFury","MostiFishMod:LegendTransform+1","MostiFishMod:SparklingWater+1","Tiny Chest","Damaru","Prostrate","Dota2Spire:Vanguard","Circlet","Circlet","Happy Flower","ClockworkSouvenir","Yang","Molten Egg 2","WindmillStrike+1","Circlet","Circlet","Circlet","Circlet","Circlet","Swift Strike+1","Snack Pack","Circlet","Oddly Smooth Stone","Circlet","Circlet","Blue Doll","Consecrate+1","JustLucky+1","OrangePellets","Kunai","Nunchaku","Dota2Spire:ArcaneBoots","Blood Vial","Circlet","Consecrate+1","Circlet","Letter Opener","Circlet","Circlet","testmod-Charity","Circlet","Pen Nib","testmod-PerfectCombo+1","Question Card","SnafuTest:CatRelic","Circlet","expansioncontent:StudyTheSpire+1","Circlet","Circlet","Circlet","Shuriken","Circlet","Simple Rune","Circlet","Chemical X","Circlet","Circlet","Circlet","Circlet","Circlet","Circlet","Circlet","Circlet","Circlet","Onion Ring","Circlet","Circlet","Circlet","Bronze Scales","vexMod:BarristanHead","Juzu Bracelet","Circlet","Circlet","Circlet","Circlet","Bag of Marbles","Circlet","aspiration:Lifesprig","Dota2Spire:Dagon","Mercury Hourglass","ReplayTheSpireMod:Ninjato","Circlet","Circlet","Circlet","Circlet","Circlet","Circlet","aspiration:Nostalgia","Circlet","Circlet","Circlet","Replay:WaspNest","Circlet","Circlet","Circlet","Bomb","StancePotion","Iron Hammer","ImprovedEquipment","Circlet","Mirror","Circlet"],"campfire_rested":0,"item_purchase_floors":[0,0,0,0,0,0,0,0,0,0,0,0,0,0,0,0,0,0,0,0,0,0,0,0,0,0,0,0,0,0,0,0,0,0,0,0,0,0,0,0,0,0,0,0,0,0,0,0,0,0,0,0,0,0,0,0,0,0,0,0,0,0,0,0,0,0,0,0,0,0,0,0,0,0,0,0,0,0,0,0,0,0,0,0,0,0,0,0,0,0,0,0,0,0,0,0,0,0,0,0,0,0,0,0,0,0,0,0,0,0,0,0,0,0,0,0,0,0,0,0,0,0,0,0,0,0,0,0,0,0,0,0,0,0,0,0,0,0,0,0,0,0,0,0,0,0,0,0,0,0,0,0,0,0,0,0,0,0,0,8,8,22,22,36,45,53,54],"current_hp_per_floor":[412,419,419,419,420,420,428,453,454,494,494,503,513,526,526,572,572,590,590,607,607,608,640,640,640,641,661,661,683,707,707,707,736,736,761,761,816,816,817,848,879,880,881,881,881,881,1045,1045,1045,1089,1133,1133,1133,1133,1179,1309],"gold":1534,"neow_bonus":"","is_daily":false,"chose_seed":false,"campfire_upgraded":12,"win_rate":0.0,"timestamp":1607684813,"path_taken":["M","M","?","?","?","R","E","R","T","E","?","M","M","M","R","BOSS","M","?","M","?","?","E","?","R","T","E","R","M","M","?","R","BOSS","M","$","M","?","?","E","M","?","T","R","$","R","?","?","R","BOSS","BOSS","R","$","E","BOSS"],"items_purchased_type":["Relic","Relic","Relic","Relic","Relic","Relic","Relic","Relic","Relic","Card","Undefined","Relic","Relic","Undefined","Undefined","Undefined","Undefined","Relic","Relic","Relic","Card","Card","Card","Undefined","Potion","Undefined","Undefined","Relic","Relic","Relic","Potion","Undefined","Relic","Undefined","Relic","Undefined","Relic","Relic","Relic","Relic","Undefined","Relic","Relic","Relic","Undefined","Undefined","Relic","Relic","Relic","Undefined","Relic","Relic","Undefined","Relic","Undefined","Relic","Relic","Relic","Relic","Relic","Relic","Relic","Relic","Relic","Relic","Relic","Undefined","Undefined","Relic","Relic","Card","Relic","Undefined","Undefined","Relic","Relic","Relic","Relic","Undefined","Undefined","Undefined","Undefined","Undefined","Undefined","Undefined","Relic","Undefined","Relic","Undefined","Undefined","Relic","Undefined","Undefined","Relic","Relic","Relic","Relic","Relic","Undefined","Undefined","Undefined","Relic","Undefined","Undefined","Relic","Undefined","Relic","Undefined","Relic","Relic","Undefined","Undefined","Undefined","Undefined","Undefined","Relic","Undefined","Relic","Undefined","Relic","Undefined","Undefined","Undefined","Undefined","Undefined","Undefined","Undefined","Undefined","Undefined","Relic","Undefined","Undefined","Undefined","Relic","Relic","Relic","Undefined","Undefined","Undefined","Undefined","Relic","Undefined","Relic","Relic","Relic","Relic","Undefined","Undefined","Undefined","Undefined","Undefined","Undefined","Relic","Undefined","Undefined","Undefined","Relic","Undefined","Undefined","Undefined","Card","Potion","Relic","Relic","Undefined","Relic","Undefined"],"build_version":"2020-11-30","purchased_purges":14,"victory":true,"max_hp_per_floor":[416,420,420,420,421,421,428,453,454,494,494,503,513,526,526,572,572,590,590,607,607,608,640,640,640,641,661,661,683,707,707,707,736,736,761,761,816,816,817,848,879,880,881,881,881,881,1045,1045,1045,1089,1133,1133,1133,1133,1179,1309],"card_choices":[{"not_picked":[],"picked":"ChaosCard","floor":0.0},{"not_picked":["WreathOfFlame","Vengeance","CrushJoints+1"],"picked":"FearNoEvil+1","floor":1.0},{"not_picked":["Evaluate","Prostrate","PathToVictory","Consecrate+1"],"picked":"SKIP","floor":1.0},{"not_picked":["EmptyBody","MostiFishMod:KamiSmash+1","CrushJoints+1","Crescendo","EmptyFist+1"],"picked":"SKIP","floor":2.0},{"not_picked":["SashWhip+1","Wallop+1","Replay:BluntJabs+1","PathToVictory","Consecrate+1"],"picked":"SKIP","floor":2.0},{"not_picked":["Scrawl","MostiFishMod:Pointsdynamics","MostiFishMod:Disappear","MostiFishMod:ScryFuture"],"picked":"SKIP","floor":7},{"not_picked":["JustLucky+1","Protect","Replay:ManipulateFuture","MostiFishMod:LegendTransform+1","MasterReality+1"],"picked":"SKIP","floor":7},{"not_picked":["Ragnarok","MostiFishMod:Pointsdynamics","MostiFishMod:DustFall"],"picked":"MostiFishMod:StarWish","floor":10},{"not_picked":["SignatureMove+1","PathToVictory","MostiFishMod:Adaptation+1","FlurryOfBlows+1","BowlingBash+1"],"picked":"SKIP","floor":10},{"not_picked":["CutThroughFate+1","Meditate","Replay:Anticipation","ReachHeaven+1","Replay:Vibes"],"picked":"SKIP","floor":12},{"not_picked":["SandsOfTime+1","ThirdEye","CutThroughFate+1","Protect","EmptyBody"],"picked":"SKIP","floor":12},{"not_picked":["Tantrum+1","ThirdEye","Replay:DivineShield","FollowUp+1","BowlingBash+1"],"picked":"SKIP","floor":13},{"not_picked":["ClearTheMind","Protect","WindmillStrike+1","EmptyFist+1","Replay:Vibes"],"picked":"SKIP","floor":13},{"not_picked":["WindmillStrike+1","DeusExMachina+1","Consecrate+1","DeceiveReality","ThirdEye"],"picked":"SKIP","floor":14},{"not_picked":["BowlingBash+1","WreathOfFlame","Replay:Anticipation","CutThroughFate+1","FearNoEvil+1"],"picked":"SKIP","floor":14},{"not_picked":["MostiFishMod:Adaptation+1","ConjureBlade+1","Ragnarok+1","Replay:LoomingThreat+1"],"picked":"Devotion+1","floor":16},{"not_picked":["Consecrate+1","WheelKick+1","Replay:BluntJabs+1","Crescendo","EmptyMind+1"],"picked":"SKIP","floor":18},{"not_picked":["ThirdEye","Protect","Halt","Crescendo","Evaluate"],"picked":"SKIP","floor":18},{"not_picked":["Replay:BluntJabs+1","Evaluate","Sanctity","SashWhip+1","Conclude+1"],"picked":"SKIP","floor":20},{"not_picked":["Ragnarok+1","Vengeance+1","ThirdEye","InnerPeace","WindmillStrike+1"],"picked":"SKIP","floor":20},{"not_picked":["Devotion","MostiFishMod:StarLaLaLa","Alpha","MostiFishMod:Zero-Sum"],"picked":"SKIP","floor":23},{"not_picked":["Meditate","Prostrate","Swivel","Halt","EmptyFist+1"],"picked":"SKIP","floor":23},{"not_picked":["MostiFishMod:DisColor","Devotion","MostiFishMod:StarHerder","MostiFishMod:UniPurple"],"picked":"SKIP","floor":27},{"not_picked":["MostiFishMod:Nomercy+1","MostiFishMod:StarLaLaLa+1","Protect","ThirdEye","Sanctity"],"picked":"SKIP","floor":27},{"not_picked":["ForeignInfluence","MostiFishMod:Clarity+1","MentalFortress+1","Replay:DivineShield","Study+1"],"picked":"SKIP","floor":29},{"not_picked":["FlurryOfBlows+1","ReachHeaven+1","BowlingBash+1","Indignation","Prostrate"],"picked":"SKIP","floor":29},{"not_picked":["FollowUp+1","Tantrum+1","WindmillStrike+1","Replay:BluntJabs+1","Halt"],"picked":"SKIP","floor":30},{"not_picked":["Wallop+1","Ragnarok+1","Vengeance","Consecrate+1","WreathOfFlame"],"picked":"SKIP","floor":30},{"not_picked":["EmptyFist+1","Crescendo","BattleHymn+1","PathToVictory","Replay:Anticipation"],"picked":"SKIP","floor":35},{"not_picked":["Evaluate","Protect","FollowUp+1","JustLucky+1","Consecrate+1"],"picked":"SKIP","floor":35},{"not_picked":["Consecrate+1","Replay:BluntJabs+1","FlyingSleeves+1","Replay:Vibes+1"],"picked":"FlurryOfBlows+1","floor":37},{"not_picked":["MentalFortress+1","CutThroughFate+1","Replay:Hum","CrushJoints+1","SignatureMove+1"],"picked":"SKIP","floor":37},{"not_picked":["MostiFishMod:UniPurple","Omniscience","MostiFishMod:StarLaLaLa","MostiFishMod:FlowState"],"picked":"SKIP","floor":40},{"not_picked":["Conclude+1","TalkToTheHand+1","Crescendo","MostiFishMod:Zero-Sum+1","LikeWater+1"],"picked":"SKIP","floor":40},{"not_picked":["MostiFishMod:LegendTransform+1","Evaluate+1","Halt","FlyingSleeves+1","Indignation"],"picked":"SKIP","floor":41},{"not_picked":["JustLucky+1","ThirdEye","PathToVictory","Swivel","Replay:AtTheReady"],"picked":"SKIP","floor":41},{"not_picked":["Replay:LoomingThreat","MostiFishMod:StarLaLaLa","MostiFishMod:Nomercy","LessonLearned"],"picked":"SKIP","floor":55},{"not_picked":["Consecrate+1","MostiFishMod:CyberBuddha+1","Conclude+1","CutThroughFate+1","SashWhip+1"],"picked":"SKIP","floor":55}],"player_experience":107593,"relics_obtained":[{"floor":1.0,"key":"Question Card"},{"floor":10,"key":"vexMod:BerryBomb"},{"floor":11,"key":"Circlet"},{"floor":23,"key":"Circlet"},{"floor":24,"key":"Circlet"},{"floor":26,"key":"aspiration:FrozenJewel"},{"floor":27,"key":"BookOfRevelations"},{"floor":40,"key":"SalivaCoin"},{"floor":42,"key":"SnafuTest:BearRelic"},{"floor":43,"key":"TuHaoJin"}],"event_choices":[],"is_beta":false,"boss_relics":[{"not_picked":["Pandora\u0027s Box","Cursed Key","aspiration:SecretTechniqueScroll"]},{"not_picked":["NightmareShop","Painkiller Herb"],"picked":"SacredBark"},{"not_picked":[]}],"items_purged_floors":[0,0,0,0,0,0,0,0,0,0,36,36,45,45],"is_endless":false,"potions_floor_spawned":[2,13,16,18,23,27,29,40,41,50,51,55],"ascension_level":20}}