{"host":"svwqvw2il1zfkkg0","time":1607678933,"event":{"mods":["AchievementEnabler","BaseMod","BetterRewards","Colored Map","Colored Powertips","Custom Start","Downfall","GifTheSpireLib","Highlight Path","Hubris","Infinite Spire","Minty Spire (QoL Compilation)","Quick Restart","Replay The Spire","Shop Mod","StSLib","SuperFastMode"],"gold_per_floor":[114,132,132,146,221,221,249,249,272,306,306,317,330,343,343,448,448,461,22,41,56,56,89,89,122,146,146,156,174,188,204,204,306,306,318,318,334,347,357,357,367,397,397,397,397],"floor_reached":44,"playtime":1410,"items_purged":[],"score":546,"play_id":"faa9595f-bfc7-4c19-9521-60d7cf4a2c56","local_time":"20201211012853","is_ascension_mode":false,"campfire_choices":[{"data":"Crippling Poison","floor":6,"key":"SMITH"},{"data":"Dagger Spray","floor":8,"key":"SMITH"},{"floor":11,"key":"REST"},{"floor":15,"key":"REST"},{"floor":24,"key":"REST"},{"data":"After Image","floor":27,"key":"SMITH"},{"floor":32,"key":"REST"},{"floor":40,"key":"REST"}],"circlet_count":0,"master_deck":["Strike_G","Strike_G","Strike_G","Strike_G","Defend_G","Defend_G","Defend_G","Defend_G","Defend_G","Survivor","Neutralize","Crippling Poison+1","Quick Slash","Dagger Spray+1","Caltrops+1","Bane","Replay:Poison Smokescreen","After Image+1","Dash","Poisoned Stab+1","Masterful Stab","Blur","Deadly Poison","Dagger Spray","Poisoned Stab","Glass Knife","Bane","Draining Mist+1","Flying Knee+1","Die Die Die"],"relics":["Ring of the Snake","infinitespire:Beetle Shell","Regal Pillow","Tingsha","Painkiller Herb","Counterbalance","Bronze Scales","Happy Flower","Smiling Mask","hubris:ScarierMask","Replay:Wax Seal","Golden Egg"],"acts_visited":["Exordium","TheCity","TheBeyond"],"potions_floor_usage":[7,10,16,16,23,23,33,33,33,33,33,39,42,42,42],"damage_taken":[{"damage":8,"enemies":"2 Louse","floor":1,"turns":2},{"damage":0,"enemies":"Cultist","floor":2,"turns":3},{"damage":4,"enemies":"Jaw Worm","floor":4,"turns":5},{"damage":1,"enemies":"Replay:BlueRogue","floor":7,"turns":5},{"damage":41,"enemies":"Lagavulin","floor":10,"turns":7},{"damage":11,"enemies":"Red Slaver","floor":12,"turns":3},{"damage":4,"enemies":"Large Slime","floor":13,"turns":5},{"damage":13,"enemies":"Gremlin Gang","floor":14,"turns":3},{"damage":20,"enemies":"Hexaghost","floor":16,"turns":8},{"damage":3,"enemies":"3 Byrds","floor":18,"turns":2},{"damage":10,"enemies":"Shell Parasite","floor":20,"turns":5},{"damage":4,"enemies":"Shelled Parasite and Fungi","floor":21,"turns":5},{"damage":13,"enemies":"Gremlin Leader","floor":23,"turns":5},{"damage":5,"enemies":"Replay:Snechameleon","floor":25,"turns":5},{"damage":8,"enemies":"Centurion and Healer","floor":28,"turns":5},{"damage":3,"enemies":"Chosen and Byrds","floor":29,"turns":4},{"damage":2,"enemies":"Cultist and Chosen","floor":30,"turns":4},{"damage":23,"enemies":"Snake Plant","floor":31,"turns":3},{"damage":13,"enemies":"hubris:MusketHawk","floor":33,"turns":8},{"damage":2,"enemies":"3 Darklings","floor":35,"turns":4},{"damage":4,"enemies":"Orb Walker","floor":37,"turns":3},{"damage":40,"enemies":"Spire Growth","floor":38,"turns":6},{"damage":5,"enemies":"4 Shapes","floor":39,"turns":3},{"damage":8,"enemies":"Sphere and 2 Shapes","floor":41,"turns":3},{"damage":39,"enemies":"Reptomancer","floor":42,"turns":5},{"damage":29,"enemies":"Transient","floor":44,"turns":5}],"seed_played":"1220349832522661756","potions_obtained":[{"floor":2,"key":"Poison Potion"},{"floor":4,"key":"Guardian:BlockOnCardUsePotion"},{"floor":12,"key":"ColorlessPotion"},{"floor":13,"key":"SkillPotion"},{"floor":16,"key":"Elixir"},{"floor":18,"key":"Dexterity Potion"},{"floor":28,"key":"ColorlessPotion"},{"floor":29,"key":"Block Potion"},{"floor":31,"key":"Reflective Coating"},{"floor":33,"key":"Cursed Concoction"},{"floor":38,"key":"DistilledChaos"},{"floor":39,"key":"Explosive Potion"}],"is_trial":false,"path_per_floor":["M","M","?","M","?","R","E","R","T","E","R","M","M","M","R","B",null,"?","T","?","?","?","E","T","E","T","T","?","?","?","?","T","B",null,"?","?","?","?","?","T","?","E","T","?"],"character_chosen":"THE_SILENT","items_purchased":["Counterbalance","Strength Potion","Dash"],"campfire_rested":5,"item_purchase_floors":[19,19,19],"current_hp_per_floor":[69,69,69,65,58,58,57,57,57,16,54,43,39,26,64,44,77,74,74,64,60,60,47,77,72,72,72,64,61,59,36,74,61,77,75,75,71,31,26,64,56,17,17,0,0],"gold":397,"neow_bonus":"TEN_PERCENT_HP_BONUS","is_daily":false,"chose_seed":false,"campfire_upgraded":3,"win_rate":0.0,"timestamp":1607678933,"path_taken":["M","M","?","M","?","R","E","R","T","E","R","?","M","M","R","BOSS","?","T","?","?","?","E","T","E","T","T","?","?","?","?","T","BOSS","?","?","?","?","?","T","?","E","T","?"],"items_purchased_type":["Relic","Potion","Card"],"build_version":"2020-11-30","purchased_purges":0,"victory":false,"max_hp_per_floor":[77,77,77,77,77,77,77,77,77,77,77,77,77,77,77,77,77,77,77,77,77,77,77,77,77,77,77,77,77,77,77,77,77,77,77,77,77,77,77,77,77,77,77,77,77],"card_choices":[{"not_picked":["hubris:SlightOfHand","Footwork"],"picked":"Crippling Poison","floor":1},{"not_picked":["Acrobatics","Hidden Blade","Backflip"],"picked":"SKIP","floor":2},{"not_picked":["Hidden Blade","Slice"],"picked":"Quick Slash","floor":4},{"not_picked":["Quick Slash","Slice"],"picked":"Dagger Spray","floor":7},{"not_picked":["Underhanded Strike","Blade Dance"],"picked":"Caltrops","floor":10},{"not_picked":["ReplayTheSpireMod:The Works","Dagger Throw"],"picked":"Bane","floor":12},{"not_picked":["Dodge and Roll","Prepared","Concentrate"],"picked":"SKIP","floor":13},{"not_picked":["Blur","Predator"],"picked":"Replay:Poison Smokescreen","floor":14},{"not_picked":["Phantasmal Killer","Grand Finale"],"picked":"After Image","floor":16},{"not_picked":["Footwork","Underhanded Strike","ReplayTheSpireMod:Scrap Shanks"],"picked":"SKIP","floor":18},{"not_picked":["Sucker Punch","Deflect"],"picked":"Poisoned Stab+1","floor":20},{"not_picked":["Backflip","Bane"],"picked":"Masterful Stab","floor":21},{"not_picked":["Hidden Blade","Acrobatics"],"picked":"Deadly Poison","floor":23},{"not_picked":["Eviscerate","Replay:Bag of Tricks"],"picked":"Dagger Spray","floor":25},{"not_picked":["Deflect","Well Laid Plans+1","Cloak And Dagger"],"picked":"SKIP","floor":28},{"not_picked":["Acrobatics","Calculated Gamble","Outmaneuver+1"],"picked":"SKIP","floor":29},{"not_picked":["ReplayTheSpireMod:Exploit Weakness","Predator","Eviscerate"],"picked":"SKIP","floor":30},{"not_picked":["Blade Dance","Outmaneuver+1"],"picked":"Poisoned Stab","floor":31},{"not_picked":["ReplayTheSpireMod:From All Sides","Night Terror"],"picked":"Glass Knife","floor":33},{"not_picked":["Hidden Blade+1","Footwork+1","Backflip+1"],"picked":"SKIP","floor":35},{"not_picked":["hubris:SlightOfHand","Accuracy"],"picked":"Bane","floor":37},{"not_picked":["Deadly Poison+1","Bane"],"picked":"Draining Mist+1","floor":38},{"not_picked":["Deadly Poison+1","ReplayTheSpireMod:The Works+1"],"picked":"Flying Knee+1","floor":39},{"not_picked":["Backflip","PiercingWail"],"picked":"Die Die Die","floor":41},{"not_picked":["Dagger Throw","Concentrate","Distraction"],"picked":"SKIP","floor":42}],"player_experience":366851,"relics_obtained":[{"floor":7,"key":"infinitespire:Beetle Shell"},{"floor":9,"key":"Regal Pillow"},{"floor":10,"key":"Tingsha"},{"floor":23,"key":"Bronze Scales"},{"floor":25,"key":"Happy Flower"},{"floor":26,"key":"Smiling Mask"},{"floor":42,"key":"Replay:Wax Seal"},{"floor":43,"key":"Golden Egg"}],"event_choices":[{"damage_healed":0,"gold_gain":75,"player_choice":"Touch","damage_taken":7,"max_hp_gain":0,"max_hp_loss":0,"event_name":"FaceTrader","floor":5,"gold_loss":0},{"damage_healed":0,"gold_gain":0,"cards_transformed":["Strike_G"],"player_choice":"Transformed","damage_taken":0,"max_hp_gain":0,"max_hp_loss":0,"event_name":"Transmorgrifier","floor":22,"gold_loss":0,"cards_obtained":["Blur"]},{"damage_healed":0,"gold_gain":0,"player_choice":"Forge","damage_taken":0,"max_hp_gain":0,"max_hp_loss":0,"event_name":"Accursed Blacksmith","floor":36,"gold_loss":0,"cards_upgraded":["Caltrops"]}],"is_beta":false,"boss_relics":[{"not_picked":["hubris:TerracottaHorce","hubris:Stopwatch"],"picked":"Painkiller Herb"},{"not_picked":["Replay:Wanted Poster","hubris:VirtuousBlindfold"],"picked":"hubris:ScarierMask"}],"items_purged_floors":[],"is_endless":false,"potions_floor_spawned":[2,4,12,13,16,18,28,29,31,33,38,39,41],"killed_by":"Transient","ascension_level":0}}