{"host":"j9kxs091fhjybap3","time":1607690518,"event":{"mods":["Act Like it!","BaseMod","Hallownest","Hermit","Jorbs\u0027s Wanderer Trilogy","Lobotomy","Minty Spire (QoL Compilation)","Replay The Spire","StSLib","The Bug Knight","The Cursed","The Hierophant"],"gold_per_floor":[111,36,36,52,52,52,52,43,70,70,82,100,100,113,113,211,211,229,279,279,289,339,339,339,239,239,239,279,279,306,96,96,225,225,275,324,22,72,122,122,166,166,166,166,178,178,75,95,95,95,95],"floor_reached":50,"playtime":2313,"items_purged":["hierophant:Strike_Hierophant","hierophant:Strike_Hierophant","hierophant:Strike_Hierophant","hierophant:Strike_Hierophant","Delirium"],"score":434,"play_id":"c3ac2f1d-bfb9-4e77-9440-91e226f72cfa","local_time":"20201211074157","is_ascension_mode":false,"campfire_choices":[{"data":"hierophant:Repentance","floor":6,"key":"SMITH"},{"data":"hierophant:Flagellation","floor":13,"key":"SMITH"},{"floor":15,"key":"DIG"},{"data":"hierophant:Endure","floor":23,"key":"SMITH"},{"data":"hierophant:Endure","floor":27,"key":"SMITH"},{"data":"hierophant:HolyVerse","floor":29,"key":"SMITH"},{"data":"hierophant:HolyVerse","floor":32,"key":"SMITH"},{"floor":40,"key":"REST"},{"floor":42,"key":"REST"},{"data":"hierophant:Smite","floor":44,"key":"SMITH"},{"floor":49,"key":"REST"}],"circlet_count":0,"master_deck":["hierophant:Punish","hierophant:Defend_Hierophant","hierophant:Defend_Hierophant","hierophant:Defend_Hierophant","hierophant:ChurchCoffers","TheCursedMod:Defend_TheCursed","Defend_G","hierophant:Repentance+1","hierophant:Flagellation+1","hierophant:Smite+1","hierophant:Endure+1","hierophant:DivineIntervention","hierophant:Endure+1","hierophant:SecretStash+1","hierophant:HolyVerse+1","hierophant:PassingBell+1","hierophant:HolyVerse+1","Spreading Infection","hierophant:Smite+1"],"relics":["hierophant:PropheticMaskRelic","Meat on the Bone","Regal Pillow","HornCleat","Sozu","Letter Opener","Centennial Puzzle","Busted Crown","Anchor","Ring of Greed","Ring of Misfortune","Golden Egg","Smiling Mask","Mirror"],"acts_visited":["Exordium","TheCity","TheBeyond"],"potions_floor_usage":[14,16,16,16,20,41,41],"damage_taken":[{"damage":17,"enemies":"Cultist","floor":1,"turns":5},{"damage":0,"enemies":"2 Louse","floor":4,"turns":2},{"damage":1,"enemies":"Jaw Worm","floor":8,"turns":3},{"damage":3,"enemies":"Exordium Thugs","floor":11,"turns":3},{"damage":2,"enemies":"3 Louse","floor":12,"turns":2},{"damage":0,"enemies":"Red Slaver","floor":14,"turns":3},{"damage":24,"enemies":"Fading Forest","floor":16,"turns":11},{"damage":14,"enemies":"Shell Parasite","floor":18,"turns":6},{"damage":2,"enemies":"Chosen","floor":20,"turns":3},{"damage":4,"enemies":"Shelled Parasite and Fungi","floor":21,"turns":3},{"damage":0,"enemies":"Sentry and Sphere","floor":22,"turns":2},{"damage":19,"enemies":"Cultist and Chosen","floor":28,"turns":6},{"damage":20,"enemies":"Automaton","floor":33,"turns":6},{"damage":0,"enemies":"3 Shapes","floor":35,"turns":2},{"damage":5,"enemies":"Orb Walker","floor":36,"turns":2},{"damage":28,"enemies":"Maw","floor":39,"turns":7},{"damage":41,"enemies":"Transient","floor":41,"turns":5},{"damage":29,"enemies":"Spire Growth","floor":45,"turns":6},{"damage":0,"enemies":"Writhing Mass","floor":48,"turns":3},{"damage":92,"enemies":"Time Eater","floor":50,"turns":11}],"seed_played":"-5622060174834595486","potions_obtained":[{"floor":1,"key":"ColorlessPotion"},{"floor":8,"key":"Reflective Coating"},{"floor":10,"key":"EntropicBrew"},{"floor":10,"key":"CultistPotion"},{"floor":10,"key":"BlessingOfTheForge"},{"floor":11,"key":"Block Potion"},{"floor":14,"key":"ColorlessPotion"}],"is_trial":false,"path_per_floor":["M","$","?","M","?","R","$","M","T","?","M","M","R","M","R","B",null,"M","?","M","M","M","R","?","$","T","R","M","R","T","$","R","B",null,"M","M","$","?","M","R","M","R","T","R","M","?","$","M","R","B"],"character_chosen":"HIEROPHANT","items_purchased":["hierophant:PassingBell+1","hierophant:HolyVerse","Anchor","hierophant:Smite"],"campfire_rested":3,"item_purchase_floors":[31,31,37,47],"current_hp_per_floor":[72,72,72,72,72,72,72,71,71,71,68,66,66,66,66,52,89,75,75,73,69,69,69,69,69,69,69,50,50,50,50,50,42,89,89,84,84,84,56,89,48,89,89,89,60,60,60,60,89,0,0],"gold":95,"neow_bonus":"TWENTY_PERCENT_HP_BONUS","is_daily":false,"chose_seed":false,"campfire_upgraded":7,"win_rate":0.0,"timestamp":1607690517,"path_taken":["M","?","?","?","?","R","?","M","T","?","M","?","R","M","R","BOSS","M","?","M","M","?","R","?","$","T","R","M","R","?","$","R","BOSS","M","M","$","?","M","R","M","R","T","R","M","?","$","M","R","BOSS"],"items_purchased_type":["Undefined","Card","Relic","Card"],"build_version":"2020-11-30","purchased_purges":5,"victory":false,"max_hp_per_floor":[89,89,89,89,89,89,89,89,89,89,89,89,89,89,89,89,89,89,89,89,89,89,89,89,89,89,89,89,89,89,89,89,89,89,89,89,89,89,89,89,89,89,89,89,89,89,89,89,89,89,89],"card_choices":[{"not_picked":["hierophant:Glossolalia","hierophant:MirrorShield"],"picked":"hierophant:Repentance","floor":1},{"not_picked":["hierophant:Doubloon","hierophant:AuricShield","hierophant:RecallFunds"],"picked":"SKIP","floor":4},{"not_picked":["hierophant:PassingBell","hierophant:Purify"],"picked":"hierophant:Flagellation","floor":8},{"not_picked":["hierophant:SealAway","hierophant:FieryStrike"],"picked":"hierophant:Smite","floor":11},{"not_picked":["hierophant:AuricBeam","hierophant:FlamingChariot"],"picked":"hierophant:Endure","floor":12},{"not_picked":["hierophant:MorningPrayer","hierophant:Prophecy","hierophant:Generosity"],"picked":"SKIP","floor":14},{"not_picked":["hierophant:Determination","hierophant:LocustPlague"],"picked":"hierophant:DivineIntervention","floor":16},{"not_picked":["hierophant:FieryStrike","hierophant:Empathy","hierophant:SealAway"],"picked":"SKIP","floor":18},{"not_picked":["hierophant:Doubloon","hierophant:Doomsaying"],"picked":"hierophant:Endure","floor":20},{"not_picked":["hierophant:Prophecy","hierophant:Purify+1"],"picked":"hierophant:SecretStash+1","floor":21},{"not_picked":["hierophant:SealAway","hierophant:LocustPlague","hierophant:AuricBeam"],"picked":"SKIP","floor":22},{"not_picked":["hierophant:Embezzle+1","hierophant:RecallFunds"],"picked":"hierophant:HolyVerse","floor":28},{"not_picked":["hierophant:Zeal+1"],"picked":"SKIP","floor":35},{"not_picked":["hierophant:ThreeLashes"],"picked":"SKIP","floor":36},{"not_picked":["hierophant:Doubloon"],"picked":"SKIP","floor":39},{"not_picked":["hierophant:BulkyChest"],"picked":"SKIP","floor":41},{"not_picked":["hierophant:Patience+1"],"picked":"SKIP","floor":45},{"not_picked":["hierophant:PassingBell+1"],"picked":"SKIP","floor":48}],"player_experience":855661,"relics_obtained":[{"floor":9,"key":"Regal Pillow"},{"floor":15,"key":"HornCleat"},{"floor":26,"key":"Letter Opener"},{"floor":30,"key":"Centennial Puzzle"},{"floor":38,"key":"Ring of Greed"},{"floor":38,"key":"Ring of Misfortune"},{"floor":38,"key":"Golden Egg"},{"floor":38,"key":"Smiling Mask"},{"floor":43,"key":"Mirror"}],"event_choices":[{"cards_removed":["hierophant:Defend_Hierophant"],"damage_healed":0,"gold_gain":0,"player_choice":"Purged","damage_taken":0,"max_hp_gain":0,"max_hp_loss":0,"event_name":"Purifier","floor":3,"gold_loss":0},{"damage_healed":0,"gold_gain":0,"player_choice":"Gave Potion","damage_taken":0,"relics_obtained":["Meat on the Bone"],"max_hp_gain":0,"max_hp_loss":0,"event_name":"WeMeetAgain","floor":5,"gold_loss":0},{"damage_healed":0,"gold_gain":0,"player_choice":"Got Potions","damage_taken":0,"max_hp_gain":0,"max_hp_loss":0,"event_name":"Lab","floor":10,"gold_loss":0},{"damage_healed":0,"gold_gain":100,"player_choice":"Bet on Murderer","damage_taken":0,"max_hp_gain":0,"max_hp_loss":0,"event_name":"The Joust","floor":19,"gold_loss":50},{"damage_healed":0,"gold_gain":0,"player_choice":"Ignored","damage_taken":0,"max_hp_gain":0,"max_hp_loss":0,"event_name":"Ghosts","floor":24,"gold_loss":0},{"damage_healed":0,"gold_gain":0,"player_choice":"Memory 1","damage_taken":0,"max_hp_gain":0,"max_hp_loss":0,"event_name":"SensoryStone","floor":46,"gold_loss":0}],"is_beta":false,"boss_relics":[{"not_picked":["Replay:Drink Me","Runic Pyramid"],"picked":"Sozu"},{"not_picked":["Astrolabe","Replay:Grab Bag"],"picked":"Busted Crown"}],"items_purged_floors":[2,25,31,37,47],"is_endless":false,"potions_floor_spawned":[1,8,11,14,21,22,39,41,45],"killed_by":"Time Eater","ascension_level":0}}