{"host":"7z9w9s73v2jobm2z","time":1607711463,"event":{"mods":["AchievementEnabler","BaseMod","Colored Map","Colored Powertips","Custom Start","Minty Spire (QoL Compilation)","Quick Restart","Rare Cards Sparkle","Relic Stats","StSLib"],"gold_per_floor":[110,110,120,45,45,45,64,64,64,139,166,166,166,341,341,446,446,465,79,79,92,92,92,126,52,99,118,144,144,164,176,176,273,273,288,288,288,300,327,327,57,86,86,101,118,128,52,0,0,0],"floor_reached":51,"playtime":2206,"items_purged":["Strike_B","Fission","Doubt"],"score":716,"play_id":"fe51b7a9-9fa1-4a7a-9cc4-d72fa793870c","local_time":"20201211133103","is_ascension_mode":false,"campfire_choices":[{"data":"Zap","floor":6.0,"key":"SMITH"},{"data":"Barrage","floor":8.0,"key":"SMITH"},{"floor":13.0,"key":"REST"},{"floor":15.0,"key":"REST"},{"floor":23.0,"key":"REST"},{"floor":29,"key":"REST"},{"floor":32,"key":"REST"},{"floor":40,"key":"REST"},{"data":"Thunder Strike","floor":49,"key":"SMITH"}],"circlet_count":0,"master_deck":["Zap+1","Barrage+1","Storm","Thunder Strike+1","Lockon","FTL","Biased Cognition","Thunder Strike","Ball Lightning","Heatsinks+1","Necronomicurse","Sunder","Recycle","White Noise","Self Repair","Defragment","Streamline+1","Thunder Strike","Barrage+1","Storm+1","Hologram","Coolheaded","Hello World+1","Reinforced Body","Stack","Leap","Leap"],"relics":["Cracked Core","NeowsBlessing","Tiny Chest","Pantograph","Bottled Flame","Mercury Hourglass","Matryoshka","Pandora\u0027s Box","Bird Faced Urn","Necronomicon","MealTicket","Strawberry","Happy Flower","Frozen Egg 2","Art of War","Inserter","Vajra","Mummified Hand","InkBottle","Red Mask"],"acts_visited":["Exordium","TheCity","TheBeyond"],"potions_floor_usage":[27,33,50,50,50],"damage_taken":[{"damage":0.0,"enemies":"2 Louse","floor":1.0,"turns":1.0},{"damage":0.0,"enemies":"Jaw Worm","floor":3.0,"turns":1.0},{"damage":0.0,"enemies":"Cultist","floor":7.0,"turns":1.0},{"damage":29.0,"enemies":"Gremlin Nob","floor":11.0,"turns":4.0},{"damage":65.0,"enemies":"The Guardian","floor":16.0,"turns":12.0},{"damage":30.0,"enemies":"2 Thieves","floor":18.0,"turns":3.0},{"damage":24.0,"enemies":"Shell Parasite","floor":21.0,"turns":3.0},{"damage":33.0,"enemies":"Book of Stabbing","floor":24.0,"turns":3.0},{"damage":21,"enemies":"Snake Plant","floor":27,"turns":2},{"damage":18,"enemies":"Shelled Parasite and Fungi","floor":30,"turns":2},{"damage":23,"enemies":"Snecko","floor":31,"turns":4},{"damage":27,"enemies":"Automaton","floor":33,"turns":6},{"damage":43,"enemies":"3 Darklings","floor":35,"turns":4},{"damage":37,"enemies":"3 Shapes","floor":38,"turns":4},{"damage":26,"enemies":"Giant Head","floor":42,"turns":5},{"damage":31,"enemies":"Maw","floor":44,"turns":4},{"damage":3,"enemies":"Sphere and 2 Shapes","floor":45,"turns":2},{"damage":0,"enemies":"3 Darklings","floor":46,"turns":2},{"damage":43,"enemies":"Awakened One","floor":50,"turns":5}],"seed_played":"-5708091467476778012","potions_obtained":[{"floor":3.0,"key":"DuplicationPotion"},{"floor":11.0,"key":"Energy Potion"},{"floor":18.0,"key":"SteroidPotion"},{"floor":24.0,"key":"Energy Potion"},{"floor":27,"key":"LiquidMemories"},{"floor":33,"key":"FearPotion"},{"floor":38,"key":"LiquidBronze"},{"floor":46,"key":"Weak Potion"}],"is_trial":false,"path_per_floor":["M","?","M","$","?","R","M","R","T","?","E","T","R","?","R","B",null,"M","$","?","M","?","R","E","$","T","M","T","R","M","M","R","B",null,"M","?","?","M","T","R","$","E","T","M","M","M","$","?","R","B",null],"character_chosen":"DEFECT","items_purchased":["Bird Faced Urn","Self Repair","Storm+1","Hologram","Coolheaded","FocusPotion","Leap"],"campfire_rested":6,"item_purchase_floors":[19,25,41,41,41,47,47],"current_hp_per_floor":[75,63,63,63,63,63,63,63,63,52,23,23,45,45,67,10,75,45,45,29,11,11,33,6,21,28,24,24,48,49,45,69,61,82,58,58,58,38,38,61,76,65,65,57,66,78,78,78,78,54],"gold":0,"neow_bonus":"THREE_ENEMY_KILL","is_daily":false,"chose_seed":false,"campfire_upgraded":3,"win_rate":0.0,"timestamp":1607711463,"path_taken":["M","?","M","$","?","R","?","R","T","?","E","?","R","?","R","BOSS","M","$","?","M","?","R","E","$","T","M","?","R","?","M","R","BOSS","M","?","?","M","?","R","$","E","T","?","M","M","$","?","R","BOSS"],"items_purchased_type":["Relic","Card","Card","Card","Card","Potion","Card"],"build_version":"2020-11-30","purchased_purges":3,"victory":true,"max_hp_per_floor":[75,75,75,75,75,75,75,75,75,75,75,75,75,75,75,75,75,75,75,75,75,75,75,75,75,82,82,82,82,82,82,82,82,82,82,78,78,78,78,78,78,78,78,78,78,78,78,78,78,78],"relic_stats":{"Inserter":[13],"Happy Flower":[13],"counters":[19,67],"Mercury Hourglass":[230],"Mummified Hand":[35],"Pantograph":21,"Bird Faced Urn":[132],"Tiny Chest":3,"Pandora\u0027s Box":["Lockon","FTL","Fission","Reprogram","Biased Cognition","Thunder Strike","Ball Lightning"],"MealTicket":30,"Necronomicon":[14],"Art of War":[4],"obtain_stats":[{"Inserter":34,"NeowsBlessing":0,"Happy Flower":26,"Vajra":39,"Frozen Egg 2":28,"Mercury Hourglass":11,"Bottled Flame":9,"Matryoshka":12,"Mummified Hand":42,"Pantograph":5,"Bird Faced Urn":19,"Strawberry":26,"Tiny Chest":2,"Pandora\u0027s Box":17,"MealTicket":24,"Necronomicon":20,"Art of War":28,"Red Mask":48,"Cracked Core":0,"InkBottle":43},{"Inserter":12,"NeowsBlessing":0,"Happy Flower":8,"Vajra":14,"Frozen Egg 2":9,"Mercury Hourglass":4,"Bottled Flame":3,"Matryoshka":4,"Mummified Hand":15,"Pantograph":2,"Bird Faced Urn":6,"Strawberry":8,"Tiny Chest":1,"Pandora\u0027s Box":5,"MealTicket":8,"Necronomicon":6,"Art of War":9,"Red Mask":18,"Cracked Core":0,"InkBottle":15},{"Inserter":41,"NeowsBlessing":0,"Happy Flower":27,"Vajra":49,"Frozen Egg 2":29,"Mercury Hourglass":7,"Bottled Flame":3,"Matryoshka":7,"Mummified Hand":54,"Pantograph":2,"Bird Faced Urn":21,"Strawberry":27,"Tiny Chest":1,"Pandora\u0027s Box":18,"MealTicket":27,"Necronomicon":21,"Art of War":29,"Red Mask":62,"Cracked Core":0,"InkBottle":54}],"InkBottle":[8]},"card_choices":[{"not_picked":["Ball Lightning","Sweeping Beam","Redo"],"picked":"SKIP","floor":1.0},{"not_picked":["Sweeping Beam","Leap"],"picked":"Barrage","floor":3.0},{"not_picked":["Steam","Rip and Tear"],"picked":"Storm","floor":7.0},{"not_picked":["Force Field","Skim","Turbo"],"picked":"SKIP","floor":11.0},{"not_picked":["Hyperbeam","Amplify"],"picked":"Thunder Strike","floor":16.0},{"not_picked":["Leap","Compile Driver"],"picked":"Heatsinks+1","floor":18.0},{"not_picked":["Steam Power","Chaos+1","Fusion"],"picked":"SKIP","floor":21.0},{"not_picked":["Ball Lightning","Leap+1"],"picked":"White Noise","floor":24.0},{"not_picked":["Rebound","Consume"],"picked":"Defragment","floor":27},{"not_picked":["Stack","Ball Lightning","Coolheaded"],"picked":"SKIP","floor":30},{"not_picked":["Scrape","FTL"],"picked":"Streamline+1","floor":31},{"not_picked":["Multi-Cast","All For One"],"picked":"Thunder Strike","floor":33},{"not_picked":["Loop+1","Ball Lightning"],"picked":"Barrage+1","floor":35},{"not_picked":["Steam Power","Rebound","Go for the Eyes+1"],"picked":"SKIP","floor":38},{"not_picked":["Skim","Sunder+1"],"picked":"Hello World+1","floor":42},{"not_picked":["Gash","Steam+1"],"picked":"Reinforced Body","floor":44},{"not_picked":["All For One","Turbo+1"],"picked":"Stack","floor":45},{"not_picked":["Coolheaded+1","Tempest"],"picked":"Leap","floor":46}],"player_experience":407381,"relics_obtained":[{"floor":9.0,"key":"Bottled Flame"},{"floor":11.0,"key":"Mercury Hourglass"},{"floor":12.0,"key":"Matryoshka"},{"floor":20.0,"key":"Necronomicon"},{"floor":24.0,"key":"MealTicket"},{"floor":26.0,"key":"Strawberry"},{"floor":26.0,"key":"Happy Flower"},{"floor":28,"key":"Frozen Egg 2"},{"floor":28,"key":"Art of War"},{"floor":39,"key":"Vajra"},{"floor":42,"key":"Mummified Hand"},{"floor":43,"key":"InkBottle"}],"event_choices":[{"damage_healed":0.0,"max_hp_gain":0.0,"max_hp_loss":0.0,"gold_gain":0.0,"event_name":"Scrap Ooze","player_choice":"Success","floor":2.0,"gold_loss":0.0,"damage_taken":12.0,"relics_obtained":["Tiny Chest"]},{"damage_healed":0.0,"max_hp_gain":0.0,"max_hp_loss":0.0,"gold_gain":0.0,"event_name":"WeMeetAgain","player_choice":"Gave Potion","floor":5.0,"gold_loss":0.0,"damage_taken":0.0,"relics_obtained":["Pantograph"]},{"damage_healed":0.0,"max_hp_gain":0.0,"max_hp_loss":0.0,"gold_gain":75.0,"event_name":"World of Goop","player_choice":"Gather Gold","floor":10.0,"gold_loss":0.0,"damage_taken":11.0},{"damage_healed":0.0,"max_hp_gain":0.0,"max_hp_loss":0.0,"gold_gain":175.0,"event_name":"Liars Game","player_choice":"AGREE","floor":14.0,"gold_loss":0.0,"damage_taken":0.0,"cards_obtained":["Doubt"]},{"damage_healed":0.0,"max_hp_gain":0.0,"max_hp_loss":0.0,"gold_gain":0.0,"event_name":"Cursed Tome","player_choice":"Obtained Book","floor":20.0,"gold_loss":0.0,"damage_taken":16.0},{"damage_healed":0.0,"max_hp_gain":0.0,"max_hp_loss":0.0,"gold_gain":0.0,"cards_transformed":["Reprogram","Dualcast"],"event_name":"Drug Dealer","player_choice":"Became Test Subject","floor":22.0,"gold_loss":0.0,"damage_taken":0.0,"cards_obtained":["Sunder","Recycle"]},{"damage_healed":0,"gold_gain":0,"player_choice":"Max HP","damage_taken":0,"max_hp_gain":0,"max_hp_loss":4,"event_name":"Winding Halls","floor":36,"gold_loss":0},{"damage_healed":0,"gold_gain":0,"player_choice":"Memory 1","damage_taken":0,"max_hp_gain":0,"max_hp_loss":0,"event_name":"SensoryStone","floor":37,"gold_loss":0},{"damage_healed":0,"gold_gain":0,"player_choice":"Paid","damage_taken":0,"relics_obtained":["Red Mask"],"max_hp_gain":0,"max_hp_loss":0,"event_name":"Tomb of Lord Red Mask","floor":48,"gold_loss":52}],"is_beta":false,"boss_relics":[{"not_picked":["Velvet Choker","Astrolabe"],"picked":"Pandora\u0027s Box"},{"not_picked":["SlaversCollar","SacredBark"],"picked":"Inserter"}],"items_purged_floors":[4,19,41],"is_endless":false,"potions_floor_spawned":[3,11,18,24,27,33,38,46],"ascension_level":0}}