{"host":"htqwg582tjjtn9p7","time":1607697662,"event":{"mods":["2.2 Compatiblity","AchievementEnabler","Act Like it!","Aspiration","BaseMod","Better Third Choice","Colored Map","Conspire","Curses Come First","Displayed Cursed Tome","Energized Spire","Force Act Four","GifTheSpireLib","Hermit","Highlight Path","JesterMod","Mad Scientist","Minty Spire (QoL Compilation)","Pale of the Ancients","Permanent Neow","Random Character Button","Relic Stats","Replay The Spire","Robot Space Explorer","Somnambulant","Spicy Shops","Spikes Relics","StSLib","Stuff the Spire","The Blue Laboratory","The Disciple","The Dragon Tamer","The Forsaken","The Gatherer","The Judge","The Jungle","The Runesmith","The Servant 0.9.4"],"gold_per_floor":[15,15,33,52,52,81,81,81,81],"floor_reached":8,"playtime":511,"items_purged":[],"score":84,"play_id":"2f88c3df-961f-4b55-abd2-815c3667af30","local_time":"20201211154102","is_ascension_mode":true,"campfire_choices":[{"floor":7,"key":"REST"}],"circlet_count":0,"master_deck":["AscendersBane","theForsaken:TheForsaken_Strike","theForsaken:TheForsaken_Strike","theForsaken:TheForsaken_Strike","theForsaken:TheForsaken_Strike","theForsaken:TheForsaken_Defend","theForsaken:TheForsaken_Defend","theForsaken:TheForsaken_Defend","theForsaken:TheForsaken_Defend","theForsaken:Smite","theForsaken:DivineGuidance","theForsaken:ShieldBash","theForsaken:FatRoll+1","theForsaken:NobleSacrifice","theForsaken:ShieldBash"],"relics":["theForsaken:JudgementScales","Unceasing Top"],"acts_visited":["Exordium"],"potions_floor_usage":[6],"damage_taken":[{"damage":12,"enemies":"Jaw Worm","floor":1,"turns":8},{"damage":0,"enemies":"2 Louse","floor":3,"turns":5},{"damage":13,"enemies":"Small Slimes","floor":4,"turns":8},{"damage":67,"enemies":"Lagavulin","floor":6,"turns":10},{"damage":34,"enemies":"3 Sentries","floor":8,"turns":6}],"seed_played":"1986231537078621088","potions_obtained":[{"floor":4,"key":"PowerPotion"},{"floor":6,"key":"Weak Potion"}],"is_trial":false,"path_per_floor":["M","?","M","M","$","E","R","E"],"character_chosen":"THE_FORSAKEN","items_purchased":[],"campfire_rested":1,"item_purchase_floors":[],"current_hp_per_floor":[52,52,57,52,52,13,34,5,5],"gold":81,"neow_bonus":"THREE_RARE_CARDS","is_daily":false,"chose_seed":false,"campfire_upgraded":0,"win_rate":0.0,"timestamp":1607697662,"path_taken":["M","?","M","M","$","E","R","E"],"items_purchased_type":[],"build_version":"2020-11-30","purchased_purges":0,"victory":false,"max_hp_per_floor":[67,67,69,71,71,71,71,71,71],"relic_stats":{"counters":[5,37],"obtain_stats":[{"theForsaken:JudgementScales":0,"Unceasing Top":6},{"theForsaken:JudgementScales":0,"Unceasing Top":4},{"theForsaken:JudgementScales":0,"Unceasing Top":31}],"Unceasing Top":[0]},"card_choices":[{"not_picked":["theForsaken:DarkRift","theForsaken:Retribution"],"picked":"theForsaken:DivineGuidance","floor":0},{"not_picked":["theForsaken:PanicDive","theForsaken:WardingHymn"],"picked":"theForsaken:ShieldBash","floor":1},{"not_picked":["theForsaken:QuickAttack","theForsaken:WardingHymn","theForsaken:HorrifyingStrike"],"picked":"SKIP","floor":3},{"not_picked":["theForsaken:BlindFaith","theForsaken:Preservation"],"picked":"theForsaken:NobleSacrifice","floor":4},{"not_picked":["theForsaken:CorruptDeck","theForsaken:BlessedWeapon"],"picked":"theForsaken:ShieldBash","floor":6}],"player_experience":1643814,"relics_obtained":[{"floor":6,"key":"Unceasing Top"}],"event_choices":[],"is_beta":false,"boss_relics":[],"items_purged_floors":[],"is_endless":false,"potions_floor_spawned":[4,6],"killed_by":"3 Sentries","ascension_level":10}}