{"host":"6x4iiutqpimyd4s6","time":1607709615,"event":{"mods":["AchievementEnabler","BaseMod","BetterRewards","Colored Map","Data Control","Minty Spire (QoL Compilation)","Nulf Mod","Remove Card Discount Mod","Shop Mod","StSLib"],"gold_per_floor":[111,121,138,213,209,244,244,264,287,287,307,307,307,324,324,428,428,443,460,476,488,250,278,296,312,312,312,347,347,307,307,307,410,410,424,424,424,1423,1423,1423,1454,1471,1471,1413,1413,1413],"floor_reached":45,"playtime":1462,"items_purged":["Strike_B","Strike_B","Strike_B","Strike_B","Defend_B","Defend_B","Defend_B","Defend_B","Normality","Meteor Strike"],"score":683,"play_id":"ce25260b-b6fd-47e3-9f7f-32161bfca918","local_time":"20201211130015","is_ascension_mode":false,"campfire_choices":[{"data":"Auto Shields","floor":7,"key":"SMITH"},{"data":"Hologram","floor":10,"key":"SMITH"},{"data":"Zap","floor":12,"key":"SMITH"},{"data":"Dualcast","floor":15,"key":"SMITH"},{"data":"Hologram","floor":27,"key":"SMITH"},{"data":"Echo Form","floor":29,"key":"SMITH"},{"data":"Defragment","floor":32,"key":"SMITH"},{"data":"Redo","floor":40,"key":"SMITH"}],"circlet_count":0,"master_deck":["Zap+1","Dualcast+1","Auto Shields+1","Hologram+1","Electrodynamics","Redo+1","Cold Snap+1","Barrage","Hologram+1","Capacitor+1","Echo Form+1","Defragment+1","Ball Lightning"],"relics":["FrozenCore","Pen Nib","Anchor","Juzu Bracelet","Cables","Bag of Preparation","Black Star","TungstenRod","Mummified Hand","Eternal Feather","Peace Pipe"],"acts_visited":["Exordium","TheCity","TheBeyond"],"potions_floor_usage":[42],"damage_taken":[{"damage":0,"enemies":"Small Slimes","floor":1,"turns":1},{"damage":0,"enemies":"2 Louse","floor":2,"turns":1},{"damage":0,"enemies":"Cultist","floor":3,"turns":2},{"damage":0,"enemies":"3 Sentries","floor":6,"turns":3},{"damage":0,"enemies":"3 Louse","floor":8,"turns":1},{"damage":0,"enemies":"Large Slime","floor":11,"turns":3},{"damage":0,"enemies":"Red Slaver","floor":14,"turns":2},{"damage":0,"enemies":"Hexaghost","floor":16,"turns":7},{"damage":0,"enemies":"Shell Parasite","floor":18,"turns":3},{"damage":0,"enemies":"Chosen","floor":19,"turns":3},{"damage":0,"enemies":"3 Cultists","floor":20,"turns":3},{"damage":0,"enemies":"Shelled Parasite and Fungi","floor":21,"turns":4},{"damage":0,"enemies":"Gremlin Leader","floor":23,"turns":4},{"damage":0,"enemies":"Snake Plant","floor":24,"turns":2},{"damage":0,"enemies":"Centurion and Healer","floor":25,"turns":3},{"damage":0,"enemies":"Slavers","floor":28,"turns":2},{"damage":0,"enemies":"Automaton","floor":33,"turns":4},{"damage":0,"enemies":"3 Shapes","floor":35,"turns":2},{"damage":10,"enemies":"Giant Head","floor":41,"turns":6},{"damage":0,"enemies":"3 Darklings","floor":42,"turns":1},{"damage":0,"enemies":"Transient","floor":45,"turns":4}],"seed_played":"4304990450610723410","potions_obtained":[{"floor":1,"key":"Fire Potion"},{"floor":6,"key":"PowerPotion"},{"floor":11,"key":"GamblersBrew"}],"is_trial":false,"path_per_floor":["M","M","M","?","$","E","R","M","T","R","M","R","?","M","R","B",null,"M","M","M","M","$","E","M","M","T","R","E","R","$","?","R","B",null,"M","T","$","?","?","R","E","M","T","$","M"],"character_chosen":"DEFECT","items_purchased":["Capacitor","Meteor Strike","Defragment","Ball Lightning"],"campfire_rested":0,"item_purchase_floors":[22,22,30,44],"current_hp_per_floor":[82,82,82,71,71,71,71,71,71,71,71,71,76,76,76,76,87,87,87,87,87,87,87,87,87,87,87,87,87,87,87,87,87,87,87,87,87,87,87,87,77,77,77,77,77,77],"gold":1413,"neow_bonus":"TEN_PERCENT_HP_BONUS","is_daily":false,"chose_seed":false,"campfire_upgraded":8,"win_rate":0.0,"timestamp":1607709615,"path_taken":["M","M","M","?","$","E","R","M","T","R","M","R","?","M","R","BOSS","M","M","M","M","$","E","M","M","T","R","E","R","$","?","R","BOSS","M","?","$","?","?","R","E","M","T","$","M"],"items_purchased_type":["Card","Card","Card","Card"],"build_version":"2020-11-30","purchased_purges":10,"victory":false,"max_hp_per_floor":[82,82,82,82,82,82,82,82,82,82,82,82,87,87,87,87,87,87,87,87,87,87,87,87,87,87,87,87,87,87,87,87,87,87,87,87,87,87,87,87,87,87,87,87,87,87],"card_choices":[{"not_picked":["Lockon","Barrage"],"picked":"Auto Shields","floor":1},{"not_picked":["Turbo","Leap","Scrape"],"picked":"SKIP","floor":2},{"not_picked":["Rebound","Hologram","Barrage"],"picked":"SKIP","floor":3},{"not_picked":["Conserve Battery","Rebound","Lockon"],"picked":"SKIP","floor":6},{"not_picked":["Gash","Redo"],"picked":"Hologram","floor":8},{"not_picked":["Auto Shields","Hello World","Beam Cell"],"picked":"SKIP","floor":11},{"not_picked":["Skim","Cold Snap","Coolheaded"],"picked":"SKIP","floor":14},{"not_picked":["Biased Cognition","Buffer"],"picked":"Electrodynamics","floor":16},{"not_picked":["Steam","Chaos"],"picked":"Redo","floor":18},{"not_picked":["Go for the Eyes","Force Field"],"picked":"Cold Snap+1","floor":19},{"not_picked":["White Noise","Genetic Algorithm+1"],"picked":"Barrage","floor":20},{"not_picked":["Redo","BootSequence"],"picked":"Hologram","floor":21},{"not_picked":["Go for the Eyes","Leap"],"picked":"Echo Form","floor":23},{"not_picked":["Compile Driver","Doom and Gloom","Turbo"],"picked":"SKIP","floor":24},{"not_picked":["Stack+1","Static Discharge+1","Force Field"],"picked":"SKIP","floor":25},{"not_picked":["Glacier","Melter","Chill"],"picked":"SKIP","floor":28},{"not_picked":["Sunder","Storm+1","Sweeping Beam"],"picked":"SKIP","floor":35},{"not_picked":["Stack","Glacier+1","Reinforced Body"],"picked":"SKIP","floor":41},{"not_picked":["Streamline+1","Genetic Algorithm","Hologram"],"picked":"SKIP","floor":42}],"player_experience":277455,"relics_obtained":[{"floor":6,"key":"Pen Nib"},{"floor":9,"key":"Anchor"},{"floor":23,"key":"Juzu Bracelet"},{"floor":26,"key":"Cables"},{"floor":28,"key":"Bag of Preparation"},{"floor":36,"key":"TungstenRod"},{"floor":41,"key":"Mummified Hand"},{"floor":41,"key":"Eternal Feather"},{"floor":43,"key":"Peace Pipe"}],"event_choices":[{"damage_healed":0,"gold_gain":75,"player_choice":"Gather Gold","damage_taken":11,"max_hp_gain":0,"max_hp_loss":0,"event_name":"World of Goop","floor":4,"gold_loss":0},{"damage_healed":0,"gold_gain":0,"player_choice":"Donut","damage_taken":0,"max_hp_gain":5,"max_hp_loss":0,"event_name":"Big Fish","floor":13,"gold_loss":0},{"damage_healed":0,"gold_gain":0,"player_choice":"Upgraded","damage_taken":0,"max_hp_gain":0,"max_hp_loss":0,"event_name":"Upgrade Shrine","floor":31,"gold_loss":0,"cards_upgraded":["Capacitor"]},{"damage_healed":0,"gold_gain":999,"player_choice":"Gold","damage_taken":0,"max_hp_gain":0,"max_hp_loss":0,"event_name":"MindBloom","floor":38,"gold_loss":0,"cards_obtained":["Normality","Normality"]},{"cards_removed":["Normality"],"damage_healed":0,"gold_gain":0,"player_choice":"Purged","damage_taken":0,"max_hp_gain":0,"max_hp_loss":0,"event_name":"Purifier","floor":39,"gold_loss":0}],"is_beta":false,"boss_relics":[{"not_picked":["Cursed Key","Velvet Choker"],"picked":"FrozenCore"},{"not_picked":["Empty Cage","Pandora\u0027s Box"],"picked":"Black Star"}],"items_purged_floors":[5,5,22,22,22,22,22,22,44,44],"is_endless":false,"potions_floor_spawned":[1,6,11,18,23,24,33,35],"killed_by":"Transient","ascension_level":0}}