{"host":"oy4pyvr762z5n0bb","time":1607660497,"event":{"mods":["AchievementEnabler","BaseMod","Colored Map","Colored Powertips","Googly Eyes","Key Reminder","Minty Spire (QoL Compilation)","Quick Restart","Relic Sorter","StSLib","SuperFastMode","Unceasing Turn Reminder","slay the spire mod where everything is the same but ironclad has a cowboy hat"],"gold_per_floor":[113,113,131,17,92,124,141,141,141,171,24,38,101,114,114,214,214,225,241,2,2,2,2,13,13,13,23,23,54,54,79,79,79,79],"floor_reached":33,"playtime":589,"items_purged":[],"score":382,"play_id":"93f10133-6169-40c7-b623-014f5d309a47","local_time":"20201210202137","is_ascension_mode":true,"campfire_choices":[{"data":"Inflame","floor":8,"key":"SMITH"},{"data":"Perfected Strike","floor":15,"key":"SMITH"},{"floor":23,"key":"REST"},{"floor":25,"key":"REST"},{"floor":30,"key":"REST"},{"floor":32,"key":"REST"}],"circlet_count":0,"master_deck":["Strike_R+1","Strike_R+1","Strike_R+1","Strike_R+1","Defend_R+1","Defend_R+1","Defend_R+1","Defend_R+1","Bash","Flex","Perfected Strike","Inflame+1","Ghostly Armor","Wild Strike","Pommel Strike","Evolve+1","Perfected Strike+1","Inflame+1","Limit Break","Ghostly Armor","Cleave","Inflame+1","Seeing Red","True Grit","Ghostly Armor"],"relics":["Burning Blood","NeowsBlessing","Question Card","keyreminder:keyreminder","Frozen Egg 2","Darkstone Periapt","Akabeko","Fusion Hammer","StrikeDummy","Self Forming Clay","The Courier","Art of War","Smiling Mask"],"acts_visited":["Exordium","TheCity"],"potions_floor_usage":[16,16,16,33],"damage_taken":[{"damage":0,"enemies":"2 Louse","floor":1,"turns":1},{"damage":0,"enemies":"Cultist","floor":3,"turns":1},{"damage":0,"enemies":"3 Sentries","floor":6,"turns":2},{"damage":2,"enemies":"Jaw Worm","floor":7,"turns":2},{"damage":31,"enemies":"Gremlin Nob","floor":10,"turns":4},{"damage":4,"enemies":"Red Slaver","floor":12,"turns":3},{"damage":7,"enemies":"Looter","floor":14,"turns":3},{"damage":51,"enemies":"The Guardian","floor":16,"turns":9},{"damage":56,"enemies":"3 Byrds","floor":18,"turns":6},{"damage":0,"enemies":"Spheric Guardian","floor":19,"turns":2},{"damage":16,"enemies":"Cultist and Chosen","floor":24,"turns":6},{"damage":19,"enemies":"Shelled Parasite and Fungi","floor":27,"turns":4},{"damage":20,"enemies":"Slavers","floor":29,"turns":5},{"damage":48,"enemies":"Gremlin Leader","floor":31,"turns":7},{"damage":92,"enemies":"Champ","floor":33,"turns":9}],"seed_played":"-5189034640613532857","potions_obtained":[{"floor":7,"key":"FearPotion"},{"floor":10,"key":"Block Potion"},{"floor":14,"key":"Strength Potion"},{"floor":16,"key":"BloodPotion"},{"floor":19,"key":"Block Potion"},{"floor":24,"key":"SpeedPotion"}],"is_trial":false,"path_per_floor":["M","?","M","$","?","E","M","R","T","E","$","M","?","M","R","B",null,"M","M","$","?","?","R","M","R","T","M","?","E","R","E","R","B"],"character_chosen":"IRONCLAD","items_purchased":["Inflame","Ghostly Armor","Akabeko","StrikeDummy"],"campfire_rested":4,"item_purchase_floors":[4,4,11,20],"current_hp_per_floor":[80,80,80,80,69,75,79,79,79,54,54,56,56,55,55,10,80,30,36,36,36,36,60,50,74,74,61,61,47,71,29,53,0,0],"gold":79,"neow_bonus":"THREE_ENEMY_KILL","is_daily":false,"chose_seed":false,"campfire_upgraded":2,"win_rate":0.0,"timestamp":1607660497,"path_taken":["M","?","?","$","?","E","M","R","T","E","$","M","?","M","R","BOSS","M","M","$","?","?","R","?","R","T","M","?","E","R","E","R","BOSS"],"items_purchased_type":["Card","Card","Relic","Relic"],"build_version":"2020-11-30","purchased_purges":0,"victory":false,"max_hp_per_floor":[80,80,80,80,80,80,80,80,80,80,80,80,80,80,80,80,80,80,80,80,80,80,80,80,80,80,80,80,80,80,80,80,80,80],"card_choices":[{"not_picked":["Iron Wave","Havoc"],"picked":"Flex","floor":1},{"not_picked":["Burning Pact","Iron Wave"],"picked":"Perfected Strike","floor":3},{"not_picked":["Havoc","Reckless Charge"],"picked":"Wild Strike","floor":6},{"not_picked":["Perfected Strike","Rage","Battle Trance"],"picked":"Pommel Strike","floor":7},{"not_picked":["Clothesline","Shockwave","Thunderclap"],"picked":"Evolve+1","floor":10},{"not_picked":["Heavy Blade","Rupture+1","Havoc"],"picked":"Perfected Strike","floor":12},{"not_picked":["Twin Strike","Flex","Burning Pact"],"picked":"Inflame+1","floor":14},{"not_picked":["Feed","Double Tap","Exhume"],"picked":"Limit Break","floor":16},{"not_picked":["Perfected Strike+1","Twin Strike","Rampage+1"],"picked":"Ghostly Armor","floor":18},{"not_picked":["Pommel Strike","Sword Boomerang","Rampage"],"picked":"Cleave","floor":19},{"not_picked":["Twin Strike","Flex+1","Perfected Strike"],"picked":"Inflame+1","floor":24},{"not_picked":["Clash","Wild Strike","True Grit"],"picked":"Seeing Red","floor":27},{"not_picked":["Body Slam","Bloodletting","Berserk+1"],"picked":"True Grit","floor":29},{"not_picked":["Thunderclap","Warcry","Body Slam"],"picked":"Ghostly Armor","floor":31}],"player_experience":539377,"relics_obtained":[{"floor":6,"key":"Question Card"},{"floor":9,"key":"Frozen Egg 2"},{"floor":10,"key":"Darkstone Periapt"},{"floor":26,"key":"The Courier"},{"floor":29,"key":"Art of War"},{"floor":31,"key":"Smiling Mask"}],"event_choices":[{"cards_removed":["Strike_R"],"damage_healed":0,"gold_gain":0,"player_choice":"Purged","damage_taken":0,"max_hp_gain":0,"max_hp_loss":0,"event_name":"Purifier","floor":2,"gold_loss":0},{"damage_healed":0,"gold_gain":75,"player_choice":"Gather Gold","damage_taken":11,"max_hp_gain":0,"max_hp_loss":0,"event_name":"World of Goop","floor":5,"gold_loss":0},{"damage_healed":0,"gold_gain":63,"player_choice":"Gained Gold","damage_taken":0,"max_hp_gain":0,"max_hp_loss":0,"event_name":"Golden Wing","floor":13,"gold_loss":0},{"damage_healed":0,"gold_gain":0,"player_choice":"Ignored","damage_taken":0,"max_hp_gain":0,"max_hp_loss":0,"event_name":"Ghosts","floor":21,"gold_loss":0},{"damage_healed":0,"gold_gain":0,"player_choice":"Gave Potion","damage_taken":0,"relics_obtained":["Self Forming Clay"],"max_hp_gain":0,"max_hp_loss":0,"event_name":"WeMeetAgain","floor":22,"gold_loss":0},{"damage_healed":0,"gold_gain":0,"player_choice":"Simplicity","damage_taken":0,"max_hp_gain":0,"max_hp_loss":0,"event_name":"Back to Basics","floor":28,"gold_loss":0,"cards_upgraded":["Strike_R","Strike_R","Strike_R","Strike_R","Defend_R","Defend_R","Defend_R","Defend_R"]}],"is_beta":false,"boss_relics":[{"not_picked":["SacredBark","SlaversCollar"],"picked":"Fusion Hammer"}],"items_purged_floors":[],"is_endless":false,"potions_floor_spawned":[7,10,14,16,19,24],"killed_by":"Champ","ascension_level":4}}