{"host":"cglr1m0d8tytrlaz","time":1607682194,"event":{"mods":["2.2 Compatiblity","Alarm Clock","BaseMod","Bestiary","Block Reminder","Colored Powertips","Curses Come First","Hermit","Highlight Path","Jorbs\u0027s Wanderer Trilogy","Minty Spire (QoL Compilation)","Quick Restart","Relic Sorter","Relic Stats","StSLib","The Jungle","The Runesmith"],"gold_per_floor":[119,135,151,161,12,37,37,37,63,75,100,114,147,159,159,256,256,276,286,37,37,37,37,63,63,63,93,105,136,151,151,151,250,250,267,287,298,309,28,28,61,78,78,90,90,108,108,158,158,158,158,158,8,37,37,37],"floor_reached":55,"playtime":5666,"items_purged":["Strike_R","Pain","Defend_R","Defend_R"],"score":983,"play_id":"43ed34c8-a710-4eba-aa52-b8c30dcc0793","local_time":"20201211042314","is_ascension_mode":true,"campfire_choices":[{"data":"Inflame","floor":8,"key":"SMITH"},{"data":"True Grit","floor":15,"key":"SMITH"},{"data":"True Grit","floor":23,"key":"SMITH"},{"data":"Armaments","floor":25,"key":"SMITH"},{"data":"Battle Trance","floor":32,"key":"SMITH"},{"floor":40,"key":"REST"},{"data":"Strike_R","floor":45,"key":"PURGE"},{"floor":49,"key":"RECALL"},{"data":"Searing Blow","floor":52,"key":"SMITH"}],"circlet_count":0,"master_deck":["Defend_R","Defend_R","Bash","Battle Trance+1","Clothesline","Headbutt","Whirlwind","Inflame+1","Shrug It Off","True Grit+1","Searing Blow+1","Shrug It Off","True Grit+1","Berserk","Shrug It Off+1","Flame Barrier","Armaments+1","Rampage+1","Feed","Impervious","Second Wind+1","Disarm","Metallicize","Inflame+1","Armaments+1"],"relics":["Burning Blood","Oddly Smooth Stone","Regal Pillow","WarpedTongs","Blood Vial","Anchor","Cursed Key","PreservedInsect","theJungle:SpiritDisease","Happy Flower","Peace Pipe","Dream Catcher","Philosopher\u0027s Stone","Chemical X","Vajra","TungstenRod","Akabeko"],"acts_visited":["Exordium","Exordium","TheBeyond","TheEnding"],"potions_floor_usage":[6,13,19,19,33,41,50,55],"damage_taken":[{"damage":2,"enemies":"Jaw Worm","floor":1,"turns":5},{"damage":4,"enemies":"Cultist","floor":2,"turns":4},{"damage":0,"enemies":"2 Louse","floor":3,"turns":3},{"damage":12,"enemies":"Exordium Wildlife","floor":4,"turns":4},{"damage":24,"enemies":"Gremlin Nob","floor":6,"turns":4},{"damage":9,"enemies":"Gremlin Gang","floor":10,"turns":2},{"damage":18,"enemies":"Lagavulin","floor":11,"turns":7},{"damage":7,"enemies":"2 Fungi Beasts","floor":12,"turns":4},{"damage":7,"enemies":"Gremlin Nob","floor":13,"turns":3},{"damage":3,"enemies":"Blue Slaver","floor":14,"turns":4},{"damage":44,"enemies":"Hexaghost","floor":16,"turns":18},{"damage":14,"enemies":"theJungle:GiantWrat","floor":18,"turns":7},{"damage":0,"enemies":"theJungle:MUSHROOMGANG","floor":19,"turns":1},{"damage":33,"enemies":"theJungle:MamaSnecko","floor":24,"turns":8},{"damage":29,"enemies":"theJungle:2_Phrogs","floor":27,"turns":7},{"damage":0,"enemies":"theJungle:Snecko_Cultist_And_Trap","floor":28,"turns":5},{"damage":0,"enemies":"theJungle:MamaSnecko","floor":29,"turns":5},{"damage":17,"enemies":"theJungle:2_Flameangoes","floor":30,"turns":6},{"damage":28,"enemies":"theJungle:TotemBoss","floor":33,"turns":11},{"damage":10,"enemies":"Orb Walker","floor":35,"turns":4},{"damage":2,"enemies":"3 Shapes","floor":36,"turns":4},{"damage":26,"enemies":"3 Darklings","floor":37,"turns":9},{"damage":57,"enemies":"Jaw Worm Horde","floor":38,"turns":6},{"damage":31,"enemies":"Reptomancer","floor":41,"turns":4},{"damage":7,"enemies":"Writhing Mass","floor":42,"turns":10},{"damage":0,"enemies":"Spire Growth","floor":44,"turns":6},{"damage":27,"enemies":"Transient","floor":46,"turns":5},{"damage":7,"enemies":"Mind Bloom Boss Battle","floor":48,"turns":13},{"damage":31,"enemies":"Awakened One","floor":50,"turns":17},{"damage":51,"enemies":"Shield and Spear","floor":54,"turns":3},{"damage":80,"enemies":"The Heart","floor":55,"turns":3}],"seed_played":"-8546841512582864252","potions_obtained":[{"floor":1,"key":"Regen Potion"},{"floor":4,"key":"FearPotion"},{"floor":11,"key":"AttackPotion"},{"floor":14,"key":"Strength Potion"},{"floor":18,"key":"Strength Potion"},{"floor":29,"key":"DistilledChaos"},{"floor":30,"key":"SteroidPotion"},{"floor":31,"key":"Energy Potion"},{"floor":31,"key":"Strength Potion"},{"floor":31,"key":"HeartOfIron"},{"floor":33,"key":"FearPotion"},{"floor":46,"key":"Strength Potion"}],"is_trial":false,"path_per_floor":["M","M","M","M","$","E","?","R","T","M","E","M","E","M","R","B",null,"M","M","$","?","T","R","E","R","T","E","M","E","M","?","R","B",null,"M","M","M","M","$","R","E","M","T","M","R","M","?","?","R","B",null,"R","$","E","B"],"character_chosen":"IRONCLAD","items_purchased":["Inflame","PreservedInsect","Chemical X"],"campfire_rested":1,"item_purchase_floors":[5,20,39],"current_hp_per_floor":[76,78,80,74,74,56,56,56,56,53,41,42,43,48,48,12,63,57,65,65,65,65,65,40,40,40,19,27,35,29,29,29,13,69,67,77,63,17,17,61,38,39,39,47,47,28,86,89,89,65,84,84,84,44,0,0],"gold":37,"neow_bonus":"RANDOM_COMMON_RELIC","is_daily":false,"chose_seed":false,"campfire_upgraded":6,"win_rate":0.0,"timestamp":1607682194,"path_taken":["M","M","M","M","$","E","?","R","T","M","E","M","E","M","R","BOSS","M","?","$","?","?","R","E","R","T","E","M","E","M","?","R","BOSS","M","M","M","M","$","R","E","M","T","?","R","M","?","?","R","BOSS","R","$","E","BOSS"],"items_purchased_type":["Card","Relic","Relic"],"build_version":"2020-11-30","purchased_purges":4,"victory":false,"max_hp_per_floor":[80,80,80,80,80,80,80,80,80,80,80,80,80,80,80,80,80,80,80,80,80,80,80,80,80,80,80,80,80,83,83,83,87,87,87,91,95,98,98,98,98,98,98,98,98,98,86,90,90,90,90,90,90,93,93,93],"relic_stats":{"Regal Pillow":15,"Happy Flower":[39],"counters":[31,192],"PreservedInsect":261,"Cursed Key":0,"Burning Blood":176,"WarpedTongs":[155],"Blood Vial":45,"Peace Pipe":1,"Dream Catcher":1,"Chemical X":[17],"obtain_stats":[{"Regal Pillow":6,"Happy Flower":24,"Oddly Smooth Stone":0,"Vajra":41,"PreservedInsect":20,"theJungle:SpiritDisease":21,"Cursed Key":17,"Burning Blood":0,"Akabeko":54,"WarpedTongs":7,"Blood Vial":11,"Peace Pipe":27,"Anchor":13,"Dream Catcher":29,"Philosopher\u0027s Stone":34,"Chemical X":39,"TungstenRod":48},{"Regal Pillow":5,"Happy Flower":14,"Oddly Smooth Stone":0,"Vajra":24,"PreservedInsect":13,"theJungle:SpiritDisease":13,"Cursed Key":11,"Burning Blood":0,"Akabeko":30,"WarpedTongs":5,"Blood Vial":7,"Peace Pipe":15,"Anchor":9,"Dream Catcher":17,"Philosopher\u0027s Stone":19,"Chemical X":23,"TungstenRod":28},{"Regal Pillow":20,"Happy Flower":74,"Oddly Smooth Stone":0,"Vajra":135,"PreservedInsect":66,"theJungle:SpiritDisease":66,"Cursed Key":58,"Burning Blood":0,"Akabeko":189,"WarpedTongs":20,"Blood Vial":29,"Peace Pipe":81,"Anchor":36,"Dream Catcher":91,"Philosopher\u0027s Stone":108,"Chemical X":131,"TungstenRod":169}],"TungstenRod":31},"card_choices":[{"not_picked":["Heavy Blade","Warcry"],"picked":"Battle Trance","floor":1},{"not_picked":["Rupture","Dark Embrace"],"picked":"Clothesline","floor":2},{"not_picked":["Clash","Havoc"],"picked":"Headbutt","floor":3},{"not_picked":["Pummel","Spot Weakness"],"picked":"Whirlwind","floor":4},{"not_picked":["Brutality","True Grit"],"picked":"Shrug It Off","floor":6},{"not_picked":["Flex","Intimidate"],"picked":"True Grit","floor":10},{"not_picked":["Sword Boomerang","Dark Embrace"],"picked":"Searing Blow","floor":11},{"not_picked":["Perfected Strike","Flex"],"picked":"Shrug It Off","floor":12},{"not_picked":["Anger","Pommel Strike","Clothesline"],"picked":"SKIP","floor":13},{"not_picked":["Searing Blow","Berserk"],"picked":"True Grit","floor":14},{"not_picked":["Juggernaut","Bludgeon"],"picked":"Berserk","floor":16},{"not_picked":["True Grit","Sentinel"],"picked":"Shrug It Off+1","floor":18},{"not_picked":["Shrug It Off","Body Slam+1"],"picked":"Flame Barrier","floor":19},{"not_picked":["Perfected Strike","Dual Wield"],"picked":"Armaments","floor":24},{"not_picked":["Pommel Strike+1","Wild Strike"],"picked":"Rampage+1","floor":27},{"not_picked":["Flame Barrier+1","Warcry","Perfected Strike"],"picked":"SKIP","floor":28},{"not_picked":["Thunderclap","Combust"],"picked":"Feed","floor":29},{"not_picked":["Cleave","Armaments","Searing Blow"],"picked":"SKIP","floor":30},{"not_picked":["Immolate","Exhume"],"picked":"Impervious","floor":33},{"not_picked":["Uppercut+1","Headbutt"],"picked":"Second Wind+1","floor":35},{"not_picked":["Rupture+1","Dual Wield","Second Wind"],"picked":"SKIP","floor":36},{"not_picked":["Shrug It Off","Ghostly Armor+1","Rupture+1"],"picked":"SKIP","floor":37},{"not_picked":["Sword Boomerang+1","Body Slam","Clash+1"],"picked":"SKIP","floor":38},{"not_picked":["Clothesline","Thunderclap"],"picked":"Disarm","floor":40},{"not_picked":["Wild Strike","Clothesline"],"picked":"Metallicize","floor":41},{"not_picked":["Immolate","Warcry","Sentinel"],"picked":"SKIP","floor":42},{"not_picked":["Battle Trance+1","Warcry+1","Clash"],"picked":"SKIP","floor":44},{"not_picked":["Thunderclap","Sentinel","Wild Strike"],"picked":"SKIP","floor":46},{"not_picked":["Warcry","Shrug It Off+1"],"picked":"Inflame+1","floor":48},{"not_picked":["Rampage+1","Shrug It Off+1"],"picked":"Armaments+1","floor":54}],"player_experience":1208397,"relics_obtained":[{"floor":6,"key":"Regal Pillow"},{"floor":11,"key":"Blood Vial"},{"floor":13,"key":"Anchor"},{"floor":24,"key":"Happy Flower"},{"floor":27,"key":"Peace Pipe"},{"floor":29,"key":"Dream Catcher"},{"floor":41,"key":"Vajra"},{"floor":48,"key":"TungstenRod"},{"floor":54,"key":"Akabeko"}],"event_choices":[{"damage_healed":0,"gold_gain":0,"player_choice":"Rummage","damage_taken":0,"relics_obtained":["WarpedTongs"],"max_hp_gain":0,"max_hp_loss":0,"event_name":"Accursed Blacksmith","floor":7,"gold_loss":0,"cards_obtained":["Pain"]},{"damage_healed":0,"gold_gain":0,"player_choice":"Got Potions","damage_taken":0,"max_hp_gain":0,"max_hp_loss":0,"event_name":"Lab","floor":31,"gold_loss":0},{"damage_healed":86,"gold_gain":0,"player_choice":"Heal","damage_taken":0,"max_hp_gain":0,"max_hp_loss":12,"event_name":"The Moai Head","floor":47,"gold_loss":0},{"damage_healed":0,"gold_gain":0,"player_choice":"Fight","damage_taken":0,"max_hp_gain":0,"max_hp_loss":0,"event_name":"MindBloom","floor":48,"gold_loss":0}],"is_beta":false,"boss_relics":[{"not_picked":["Ectoplasm","Astrolabe"],"picked":"Cursed Key"},{"not_picked":["Calling Bell","Runesmith:UraniumAnvil"],"picked":"Philosopher\u0027s Stone"}],"items_purged_floors":[5,20,39,53],"is_endless":false,"potions_floor_spawned":[1,4,11,14,18,29,30,33,37,38,46],"killed_by":"The Heart","ascension_level":6}}