{"host":"1s3zwrha01am7rbu","time":1607657672,"event":{"mods":["AchievementEnabler","BaseMod","Better Note","Block Reminder","Colored Map","Colored Powertips","Curses Come First","DeckTracker","Emptier Cage","Minty Spire (QoL Compilation)","Quick Restart","Rare Cards Sparkle","Relic Stats","StSLib","SuperFastMode","Uncapped","Unceasing Turn Reminder","everything is the same but u backflip on backflip"],"gold_per_floor":[114,114,133,5,19,19,44,55,105,105,124,124,141,156,156,258,258,268,283,32,50,50,50,50,50,50,65,65,80,80,94,94,94,94],"floor_reached":33,"playtime":1175,"items_purged":["Defend_P","Strike_P"],"score":251,"play_id":"ea681b99-533e-482e-b1c2-1eeac5cb0b82","local_time":"20201210223432","is_ascension_mode":false,"campfire_choices":[{"data":"CutThroughFate","floor":6,"key":"SMITH"},{"data":"Eruption","floor":10,"key":"SMITH"},{"data":"Prostrate","floor":12,"key":"SMITH"},{"data":"Tantrum","floor":15,"key":"SMITH"},{"data":"CutThroughFate","floor":23,"key":"SMITH"},{"data":"InnerPeace","floor":30,"key":"SMITH"},{"data":"ThirdEye","floor":32,"key":"SMITH"}],"circlet_count":0,"master_deck":["Strike_P","Defend_P","Defend_P","Eruption+1","Vigilance","ThirdEye+1","CutThroughFate+1","Prostrate+1","InnerPeace+1","Tantrum+1","CutThroughFate+1","Brilliance","Writhe","CutThroughFate+1","Adaptation+1"],"relics":["PureWater","Pantograph","Oddly Smooth Stone","Coffee Dripper","Boot","Molten Egg 2"],"acts_visited":["Exordium","TheCity"],"potions_floor_usage":[16,16,29,29],"damage_taken":[{"damage":0,"enemies":"Jaw Worm","floor":1,"turns":3},{"damage":0,"enemies":"Small Slimes","floor":3,"turns":4},{"damage":0,"enemies":"Cultist","floor":5,"turns":3},{"damage":22,"enemies":"Lagavulin","floor":7,"turns":7},{"damage":0,"enemies":"Exordium Wildlife","floor":8,"turns":4},{"damage":1,"enemies":"2 Fungi Beasts","floor":11,"turns":4},{"damage":0,"enemies":"Blue Slaver","floor":13,"turns":2},{"damage":7,"enemies":"Lots of Slimes","floor":14,"turns":5},{"damage":21,"enemies":"The Guardian","floor":16,"turns":6},{"damage":0,"enemies":"Shell Parasite","floor":18,"turns":2},{"damage":0,"enemies":"Chosen","floor":19,"turns":4},{"damage":7,"enemies":"3 Cultists","floor":21,"turns":3},{"damage":0,"enemies":"Snake Plant","floor":27,"turns":2},{"damage":16,"enemies":"Centurion and Healer","floor":29,"turns":3},{"damage":10,"enemies":"Chosen and Byrds","floor":31,"turns":2},{"damage":81,"enemies":"Champ","floor":33,"turns":3}],"seed_played":"-1777349429825427281","potions_obtained":[{"floor":1,"key":"GamblersBrew"},{"floor":13,"key":"DuplicationPotion"},{"floor":14,"key":"FearPotion"},{"floor":27,"key":"SkillPotion"}],"is_trial":false,"path_per_floor":["M","?","M","$","M","R","E","M","T","R","M","R","M","M","R","B",null,"M","M","$","M","?","R","?","?","T","M","$","M","R","M","R","B"],"character_chosen":"WATCHER","items_purchased":["CutThroughFate","Brilliance"],"campfire_rested":0,"item_purchase_floors":[4,20],"current_hp_per_floor":[65,58,58,58,58,58,36,36,36,36,35,35,35,28,28,32,65,65,65,65,58,58,58,47,47,47,47,47,31,31,21,21,0,0],"gold":94,"neow_bonus":"REMOVE_TWO","is_daily":false,"chose_seed":false,"campfire_upgraded":7,"win_rate":0.0,"timestamp":1607657672,"path_taken":["M","?","M","$","M","R","E","M","T","R","M","R","M","M","R","BOSS","M","M","$","M","?","R","?","?","T","M","?","M","R","M","R","BOSS"],"items_purchased_type":["Card","Card"],"build_version":"2020-11-30","purchased_purges":2,"victory":false,"max_hp_per_floor":[65,65,65,65,65,65,65,65,65,65,65,65,65,65,65,65,65,65,65,65,65,65,65,70,70,70,70,70,70,70,70,70,70,70],"relic_stats":{"counters":[16,57],"Pantograph":50,"Boot":[35],"obtain_stats":[{"Pantograph":7,"Oddly Smooth Stone":9,"Molten Egg 2":26,"Coffee Dripper":17,"PureWater":0,"Boot":25},{"Pantograph":4,"Oddly Smooth Stone":5,"Molten Egg 2":12,"Coffee Dripper":9,"PureWater":0,"Boot":12},{"Pantograph":17,"Oddly Smooth Stone":21,"Molten Egg 2":47,"Coffee Dripper":38,"PureWater":0,"Boot":47}]},"card_choices":[{"not_picked":["ReachHeaven","Meditate","CrushJoints"],"picked":"SKIP","floor":1},{"not_picked":["Protect","ForeignInfluence"],"picked":"ThirdEye","floor":3},{"not_picked":["ClearTheMind","Conclude"],"picked":"Prostrate","floor":5},{"not_picked":["FlurryOfBlows","ThirdEye","ClearTheMind"],"picked":"SKIP","floor":7},{"not_picked":["FollowUp","ThirdEye","Halt"],"picked":"SKIP","floor":8},{"not_picked":["CrushJoints","FlurryOfBlows"],"picked":"InnerPeace","floor":11},{"not_picked":["CrushJoints","FlyingSleeves"],"picked":"Tantrum","floor":13},{"not_picked":["FlyingSleeves","DeceiveReality","Sanctity"],"picked":"SKIP","floor":14},{"not_picked":["Protect","Perseverance+1","EmptyBody"],"picked":"SKIP","floor":18},{"not_picked":["Protect+1","CrushJoints"],"picked":"CutThroughFate","floor":19},{"not_picked":["FollowUp","JustLucky+1","Protect"],"picked":"SKIP","floor":21},{"not_picked":["CrushJoints+1","LikeWater"],"picked":"CutThroughFate+1","floor":27},{"not_picked":["SandsOfTime+1","CrushJoints+1"],"picked":"Adaptation+1","floor":29},{"not_picked":["FollowUp+1","Fasting2+1","Wallop+1"],"picked":"SKIP","floor":31}],"player_experience":190660,"relics_obtained":[{"floor":7,"key":"Pantograph"},{"floor":9,"key":"Oddly Smooth Stone"},{"floor":26,"key":"Molten Egg 2"}],"event_choices":[{"cards_removed":["Strike_P"],"damage_healed":0,"gold_gain":0,"player_choice":"Card Removal","damage_taken":7,"max_hp_gain":0,"max_hp_loss":0,"event_name":"Golden Wing","floor":2,"gold_loss":0},{"cards_removed":["CutThroughFate"],"damage_healed":0,"gold_gain":0,"player_choice":"Give","damage_taken":0,"max_hp_gain":0,"max_hp_loss":0,"event_name":"betterNote:BetterNote","floor":22,"gold_loss":0,"cards_obtained":["None"]},{"damage_healed":0,"gold_gain":0,"player_choice":"Shed Blood","damage_taken":16,"max_hp_gain":5,"max_hp_loss":0,"event_name":"Forgotten Altar","floor":24,"gold_loss":0},{"damage_healed":0,"gold_gain":0,"player_choice":"Opened","damage_taken":0,"relics_obtained":["Boot"],"max_hp_gain":0,"max_hp_loss":0,"event_name":"The Mausoleum","floor":25,"gold_loss":0,"cards_obtained":["Writhe"]}],"is_beta":false,"boss_relics":[{"not_picked":["Fusion Hammer","Cursed Key"],"picked":"Coffee Dripper"}],"items_purged_floors":[4,20],"is_endless":false,"potions_floor_spawned":[1,13,14,27],"killed_by":"Champ","ascension_level":0}}