{"host":"y9jgkjnf95sujozk","time":1607700212,"event":{"mods":["2.2 Compatiblity","AchievementEnabler","BaseMod","Block Reminder","Colored Map","Colored Powertips","Downfall","Friendly Minions","GifTheSpireLib","Hermit","Highlight Path","MarisaÅiñ∂âJÅ@ñÇóùçπÅj","Minty Spire (QoL Compilation)","Random Character Button","Rare Cards Sparkle","Replay The Spire","StSLib","SuperFastMode","The Animator","The Cursed","The Servant 0.9.4"],"gold_per_floor":[114,68,80,30,30,30,50,67,67,67,21,35,62,28,28,130,130,143,44,57,75,92,92,92,92,92,92,120,137,155,165,165,270,370,382,397,444,460,17,29,29,29,109,109,119,119,119,28,28,28],"floor_reached":51,"playtime":1651,"items_purged":[],"score":1019,"play_id":"9a7ad715-6161-4916-a84c-ae46702fd9f6","local_time":"20201211162332","is_ascension_mode":false,"campfire_choices":[{"data":"Slimebound:LeechEnergy","floor":6,"key":"SMITH"},{"floor":10,"key":"REST"},{"floor":15,"key":"REST"},{"floor":23,"key":"REST"},{"floor":25,"key":"REST"},{"floor":32,"key":"REST"},{"floor":41,"key":"REST"},{"floor":46,"key":"REST"},{"floor":49,"key":"RECALL"}],"circlet_count":0,"master_deck":["Slimebound:Tackle","Slimebound:Split","Slimebound:CorrosiveSpit","Slimebound:Schlurp","Slimebound:FinishingTackle","Slimebound:Schlurp","Slimebound:LeechEnergy+1","Decay","Slimebound:LeechEnergy","Slimebound:RejuvenatingLick","Slimebound:SamplingLick","Slimebound:Schlurp","Slimebound:SpikyOuterGoop","Slimebound:GrowthPunch","Slimebound:GrowthPunch","Slimebound:WasteNot","Slimebound:PressTheAttack+1","Slimebound:FinishingTackle","Slimebound:GrowthPunch","Slimebound:PressTheAttack+1","Slimebound:LivingWall","Slimebound:GoopSpray","Writhe","Slimebound:WasteNot","Slimebound:LeechEnergy+1","Slimebound:ForwardTackle","Slimebound:SplitMire","Slimebound:SplitMire","Slimebound:Darklings","Slimebound:HungryTackle","Slimebound:WasteNot","Slimebound:Gluttony","Slimebound:TagTeam","Slimebound:FormOfPuddle","Slimebound:RollThrough","Slimebound:RollThrough","Slimebound:Recollect+1","Slimebound:PressTheAttack+1","Slimebound:RejuvenatingLick+1","Slimebound:Chomp+1","Slimebound:FinishingTackle","Slimebound:Nibble","Slimebound:RainOfGoop","expansioncontent:Sear","Slimebound:GoopSpray+1","Madness","Madness","Decay","Slimebound:Equalize+1","Slimebound:Darklings","Slimebound:LeechEnergy","Slimebound:Dissolve"],"relics":["Slimebound:AbsorbEndCombatUpgraded","Replay:Ringing Soul","Bottled Flame","Fusion Hammer","Bag of Preparation","Snack Pack","Ornamental Fan","Replay:Grab Bag","ChewingGum","Replay:Wanted Poster","Pandora\u0027s Box","Mango","ClockworkSouvenir","Eternal Feather"],"acts_visited":["Exordium","TheCity","TheBeyond"],"potions_floor_usage":[13,13,13,16,28,28,33,33,37,37,37,50,50],"damage_taken":[{"damage":4,"enemies":"Cultist","floor":1,"turns":4},{"damage":7,"enemies":"2 Louse","floor":3,"turns":3},{"damage":12,"enemies":"Small Slimes","floor":7,"turns":3},{"damage":20,"enemies":"3 Louse","floor":8,"turns":2},{"damage":35,"enemies":"Lots of Slimes","floor":12,"turns":4},{"damage":31,"enemies":"3 Sentries","floor":13,"turns":6},{"damage":16,"enemies":"The Guardian","floor":16,"turns":14},{"damage":32,"enemies":"Spheric Guardian","floor":18,"turns":5},{"damage":39,"enemies":"Chosen","floor":20,"turns":7},{"damage":43,"enemies":"Centurion and Healer","floor":21,"turns":7},{"damage":63,"enemies":"Cultist and Chosen","floor":22,"turns":9},{"damage":38,"enemies":"Replay:Snechameleon","floor":28,"turns":7},{"damage":28,"enemies":"Snecko","floor":29,"turns":4},{"damage":16,"enemies":"Snake Plant","floor":30,"turns":4},{"damage":32,"enemies":"Chosen and Byrds","floor":31,"turns":6},{"damage":117,"enemies":"Pondfish","floor":33,"turns":17},{"damage":37,"enemies":"Orb Walker","floor":35,"turns":3},{"damage":63,"enemies":"3 Darklings","floor":36,"turns":5},{"damage":28,"enemies":"2 Orb Walkers","floor":37,"turns":2},{"damage":51,"enemies":"Spire Growth","floor":38,"turns":5},{"damage":56,"enemies":"Jaw Worm Horde","floor":40,"turns":5},{"damage":57,"enemies":"Maw","floor":45,"turns":6},{"damage":256,"enemies":"Awakened One","floor":50,"turns":13}],"seed_played":"6555807707753315449","potions_obtained":[{"floor":0,"key":"Death Potion"},{"floor":0,"key":"CultistPotion"},{"floor":0,"key":"Slimebound:SlimedPotion"},{"floor":13,"key":"Dexterity Potion"},{"floor":20,"key":"GamblersBrew"},{"floor":21,"key":"SteroidPotion"},{"floor":30,"key":"ColorlessPotion"},{"floor":31,"key":"Block Potion"},{"floor":33,"key":"Death Potion"},{"floor":35,"key":"ColorlessPotion"},{"floor":36,"key":"Adrenaline Potion"},{"floor":40,"key":"Explosive Potion"},{"floor":45,"key":"Swift Potion"}],"is_trial":false,"path_per_floor":["M","$","M","$","?","R","M","M","T","R","$","M","E","$","R","B",null,"M","$","M","M","M","R","?","R","T","?","E","M","M","M","R","B",null,"M","M","?","M","$","M","R","?","T","?","M","R","?","$","R","B",null],"character_chosen":"SLIMEBOUND","items_purchased":["Slimebound:FinishingTackle","Slimebound:LeechEnergy","Slimebound:SamplingLick","Slimebound:GrowthPunch","Slimebound:FinishingTackle","Slimebound:GrowthPunch","Slimebound:FinishingTackle","Slimebound:Nibble","Slimebound:RainOfGoop","expansioncontent:Sear","ClockworkSouvenir","Slimebound:LeechEnergy","Slimebound:Dissolve"],"campfire_rested":7,"item_purchase_floors":[2,4,11,14,19,19,39,39,39,39,39,48,48],"current_hp_per_floor":[60,60,60,60,60,60,56,52,52,60,63,54,52,55,72,75,75,70,73,57,67,41,68,71,93,93,96,93,102,103,101,108,96,114,110,88,127,118,121,116,146,131,131,134,149,155,158,161,161,56],"gold":28,"neow_bonus":"THREE_SMALL_POTIONS","is_daily":false,"chose_seed":false,"campfire_upgraded":1,"win_rate":0.0,"timestamp":1607700212,"path_taken":["M","$","M","?","?","R","M","M","T","R","$","?","E","$","R","BOSS","M","$","M","M","M","R","?","R","T","?","E","M","M","?","R","BOSS","M","M","?","M","$","M","R","?","T","?","?","R","?","$","R","BOSS"],"items_purchased_type":["Card","Card","Card","Card","Card","Card","Card","Card","Card","Card","Relic","Card","Card"],"build_version":"2020-11-30","purchased_purges":0,"victory":true,"max_hp_per_floor":[60,60,60,60,60,60,60,60,60,60,63,66,69,72,72,75,75,78,81,84,87,90,90,93,93,93,96,99,102,105,108,108,111,114,117,120,137,140,143,146,146,149,149,152,155,155,158,161,161,161],"card_choices":[{"not_picked":["Slimebound:RollThrough","Slimebound:DivideAndConquer"],"picked":"Slimebound:Schlurp","floor":1},{"not_picked":["Slimebound:SlimeTap","Slimebound:DivideAndConquer"],"picked":"Slimebound:Schlurp","floor":3},{"not_picked":["Slimebound:DisruptingSlam","Slimebound:SplitAcid"],"picked":"Slimebound:LeechEnergy","floor":7},{"not_picked":["Slimebound:HungryTackle","Slimebound:Schlurp"],"picked":"Slimebound:RejuvenatingLick","floor":8},{"not_picked":["Slimebound:ViciousTackle","Slimebound:GrowthPunch"],"picked":"Slimebound:Schlurp","floor":12},{"not_picked":["Slimebound:ForwardTackle","Slimebound:GoopSpray"],"picked":"Slimebound:SpikyOuterGoop","floor":13},{"not_picked":["Slimebound:Recycling","Slimebound:Darklings"],"picked":"Slimebound:WasteNot","floor":16},{"not_picked":["Slimebound:ComboTackle","Slimebound:SplitAcid"],"picked":"Slimebound:PressTheAttack+1","floor":18},{"not_picked":["Slimebound:BestDefense+1","Slimebound:FinishingTackle"],"picked":"Slimebound:PressTheAttack+1","floor":20},{"not_picked":["Slimebound:LeechEnergy","Slimebound:SpikyOuterGoop"],"picked":"Slimebound:LivingWall","floor":21},{"not_picked":["Slimebound:Schlurp","Slimebound:SplitLeeching"],"picked":"Slimebound:GoopSpray","floor":22},{"not_picked":["Slimebound:LivingWall","Slimebound:MinionMaster"],"picked":"Slimebound:LeechEnergy+1","floor":28},{"not_picked":["Slimebound:SlimeSpikes+1","Slimebound:ServeAndProtect+1"],"picked":"Slimebound:ForwardTackle","floor":29},{"not_picked":["Slimebound:LeadByExample+1","Slimebound:Nibble"],"picked":"Slimebound:SplitMire","floor":30},{"not_picked":["Slimebound:Gluttony","Slimebound:PressTheAttack"],"picked":"Slimebound:SplitMire","floor":31},{"not_picked":["Slimebound:SelfFormingGoo","Slimebound:OneTwoCombo"],"picked":"Slimebound:Darklings","floor":33},{"not_picked":["Slimebound:Replication+1","Slimebound:GoopTackle+1"],"picked":"Slimebound:Recollect+1","floor":35},{"not_picked":["Slimebound:LevelUp+1","Slimebound:HungryTackle"],"picked":"Slimebound:PressTheAttack+1","floor":36},{"not_picked":["Slimebound:ItLooksTasty","Slimebound:GoopSpray+1"],"picked":"Slimebound:RejuvenatingLick+1","floor":37},{"not_picked":["Slimebound:ProtectTheBoss+1","Slimebound:SlimeSpikes+1"],"picked":"Slimebound:Chomp+1","floor":38},{"not_picked":["Slimebound:SplitAcid+1","Slimebound:SplitLeeching"],"picked":"Slimebound:GoopSpray+1","floor":40},{"not_picked":["Slimebound:Chomp","Slimebound:SplitAcid"],"picked":"Slimebound:Equalize+1","floor":45}],"player_experience":82988,"relics_obtained":[{"floor":9,"key":"Replay:Ringing Soul"},{"floor":13,"key":"Bottled Flame"},{"floor":26,"key":"Snack Pack"},{"floor":28,"key":"Ornamental Fan"},{"floor":37,"key":"Mango"},{"floor":43,"key":"Eternal Feather"}],"event_choices":[{"damage_healed":0,"gold_gain":0,"player_choice":"Cursed","damage_taken":0,"max_hp_gain":0,"max_hp_loss":0,"event_name":"Wheel of Change","floor":5,"gold_loss":0,"cards_obtained":["Decay"]},{"damage_healed":0,"gold_gain":0,"player_choice":"Opened","damage_taken":0,"relics_obtained":["Bag of Preparation"],"max_hp_gain":0,"max_hp_loss":0,"event_name":"The Mausoleum","floor":24,"gold_loss":0,"cards_obtained":["Writhe"]},{"damage_healed":0,"gold_gain":0,"player_choice":"Copied","damage_taken":0,"max_hp_gain":0,"max_hp_loss":0,"event_name":"Duplicator","floor":27,"gold_loss":0,"cards_obtained":["Slimebound:WasteNot"]},{"damage_healed":0,"gold_gain":0,"player_choice":"Fight","damage_taken":0,"max_hp_gain":0,"max_hp_loss":0,"event_name":"Mysterious Sphere","floor":37,"gold_loss":0},{"damage_healed":0,"gold_gain":0,"player_choice":"Embrace Madness","damage_taken":18,"max_hp_gain":0,"max_hp_loss":0,"event_name":"Winding Halls","floor":42,"gold_loss":0,"cards_obtained":["Madness","Madness"]},{"damage_healed":0,"gold_gain":0,"player_choice":"Cursed","damage_taken":0,"max_hp_gain":0,"max_hp_loss":0,"event_name":"Wheel of Change","floor":44,"gold_loss":0,"cards_obtained":["Decay"]}],"is_beta":false,"boss_relics":[{"not_picked":["SlaversCollar","Snecko Eye"],"picked":"Fusion Hammer"},{"not_picked":["Kintsugi","Runic Pyramid"],"picked":"Replay:Grab Bag"},{"not_picked":["Runic Dome","Philosopher\u0027s Stone"],"picked":"ChewingGum"},{"not_picked":["Cursed Key","Replay:Bronze Core"],"picked":"Replay:Wanted Poster"},{"not_picked":["Replay:Drink Me","Black Star"],"picked":"Slimebound:AbsorbEndCombatUpgraded"},{"not_picked":["Ring of Chaos","Calling Bell"],"picked":"Pandora\u0027s Box"}],"items_purged_floors":[],"is_endless":false,"potions_floor_spawned":[3,7,12,13,20,21,30,31,33,35,36,40,45],"ascension_level":0}}