{"host":"jak4ncvfzor9mys0","time":1607646139,"event":{"mods":["2.2 Compatiblity","AchievementEnabler","BaseMod","Better Altar","Better Match","Better Note","Better Sensory Stone","Better Skull","Better Third Choice","BetterRewards","Block Reminder","Colored Map","Colored Powertips","Energized Spire","Gold Saver","Hubris","Infinite Spire","Key Reminder","Minty Spire (QoL Compilation)","Rare Cards Sparkle","Red Circlet Mod","Relic Sorter","Relic Stats","Replay The Spire","Retaliation","StSLib","SuperFastMode","The Blue Laboratory"],"gold_per_floor":[648,344,344,362,373,373,389,314,314,314,324,120,135,168,168,267,267,281,281,55,55,69,69,69,69],"floor_reached":24,"playtime":1451,"items_purged":["Strike_B","Strike_B","Strike_B","Strike_B"],"score":296,"play_id":"bac91390-0b6c-491d-b167-90e9369da196","local_time":"20201210162219","is_ascension_mode":false,"campfire_choices":[{"data":"Redo","floor":6,"key":"SMITH"},{"data":"Redo","floor":10,"key":"SMITH"},{"floor":15,"key":"REST"},{"floor":23,"key":"REST"}],"circlet_count":0,"master_deck":["Defend_B","Defend_B","Defend_B","Defend_B","Zap+1","Dualcast","Rebound","Go for the Eyes","Ball Lightning","Redo+1","Leap","FIFO Queue","Redo+1","Glacier","Redo","Rainbow","hubris:Ukulele","Conserve Battery"],"relics":["Cracked Core","MealTicket","Replay:Frozen Program","ReplayTheSpireMod:TigerMarble","Anchor","energizedSpire:DeadBattery","Oddly Smooth Stone"],"acts_visited":["Exordium","TheCity"],"potions_floor_usage":[14],"damage_taken":[{"damage":5,"enemies":"Small Slimes","floor":1,"turns":3},{"damage":0,"enemies":"infinitespire:Voidling","floor":4,"turns":2},{"damage":3,"enemies":"2 Louse","floor":5,"turns":2},{"damage":12,"enemies":"Lots of Slimes","floor":7,"turns":4},{"damage":3,"enemies":"Exordium Wildlife","floor":11,"turns":3},{"damage":8,"enemies":"Red Slaver","floor":13,"turns":4},{"damage":19,"enemies":"Gremlin Nob","floor":14,"turns":3},{"damage":19,"enemies":"Slime Boss","floor":16,"turns":12},{"damage":0,"enemies":"Chosen","floor":18,"turns":3},{"damage":10,"enemies":"3 Byrds","floor":22,"turns":3},{"damage":70,"enemies":"Nightmare","floor":24,"turns":9}],"seed_played":"492167990663277479","potions_obtained":[{"floor":13,"key":"blueLaboratory:BottledHope"}],"is_trial":false,"path_per_floor":["M","$","?","M","M","R","M","?","T","R","M","$","M","E","R","B",null,"M","?","$","?","M","R","NM"],"character_chosen":"DEFECT","items_purchased":["Rebound","Go for the Eyes","MealTicket","Replay:Frozen Program","Redo","Glacier","hubris:Ukulele"],"campfire_rested":2,"item_purchase_floors":[0,0,0,2,2,12,20],"current_hp_per_floor":[70,75,75,75,72,72,60,60,60,60,57,72,64,45,67,48,75,75,75,75,57,47,69,0,0],"gold":69,"neow_bonus":"","is_daily":false,"chose_seed":false,"campfire_upgraded":2,"win_rate":0.0,"timestamp":1607646139,"path_taken":["M","$","?","M","?","R","M","?","T","R","M","$","M","E","R","BOSS","M","?","$","?","M","R","NM"],"items_purchased_type":["Card","Card","Relic","Relic","Card","Card","Card"],"build_version":"2020-11-30","purchased_purges":4,"victory":false,"max_hp_per_floor":[75,75,75,75,75,75,75,75,75,75,75,75,75,75,75,75,75,75,75,75,75,75,75,75,75],"relic_stats":{"counters":[119,569],"MealTicket":20,"obtain_stats":[{"Ice Cream":39,"energizedSpire:UnstableMolecules":20,"Calipers":17,"CeramicFish":24,"Whetstone":9,"Sling":0,"Lizard Tail":29,"infinitespire:SolderingIron":28,"Replay:Frozen Program":2,"Sundial":11,"infinitespire:Golems Mask":20,"MealTicket":0,"HandDrill":3,"Toxic Egg 2":7,"Counterbalance":40,"hubris:SphereOfDissonance":9,"Oddly Smooth Stone":21,"War Paint":14,"Du-Vu Doll":24,"SlaversCollar":27,"Replay:Baseball":26,"Molten Egg 2":23,"hubris:TenFootPole":43,"ReplayTheSpireMod:TigerMarble":9,"energizedSpire:OldTV":34,"Solar Panel":6,"ReplayFunnel":21,"hubris:Metronome":14,"Carrot":9,"Snecko Heart":17,"StoneCalendar":37,"hubris:SlimyHat":29,"Incense Burner":9,"Replay:Mystery Machine":46,"ClockworkSouvenir":13,"hubris:Backtick":17,"hubris:ScarierMask":17,"Replay:Bottled Eggs":10,"Cracked Core":0,"InkBottle":27,"hubris:GlazedTorus":9,"Lee\u0027s Waffle":3,"NeowsBlessing":0,"Golden Idol":4,"The Courier":13,"hubris:MedicalManual":48,"Geode":24,"hubris:Towel":37,"energizedSpire:DeadBattery":17,"Peace Pipe":11,"Anchor":13,"Ornamental Fan":38,"betterThird:SlimedRelic":2,"Snack Pack":26,"Membership Card":28,"ReplayTheSpireMod:Lightbulb":26,"Toy Ornithopter":13,"hubris:OldNail":12,"infinitespire:Midas Blood":9,"hubris:BottledRain":43},{"Ice Cream":55,"energizedSpire:UnstableMolecules":25,"Calipers":45,"CeramicFish":12,"Whetstone":42,"Sling":39,"Lizard Tail":50,"infinitespire:SolderingIron":49,"Replay:Frozen Program":109,"Sundial":89,"infinitespire:Golems Mask":25,"MealTicket":57,"HandDrill":59,"Toxic Egg 2":42,"Counterbalance":56,"hubris:SphereOfDissonance":63,"Oddly Smooth Stone":117,"War Paint":64,"Du-Vu Doll":48,"SlaversCollar":71,"Replay:Baseball":71,"Molten Egg 2":70,"hubris:TenFootPole":79,"ReplayTheSpireMod:TigerMarble":112,"energizedSpire:OldTV":52,"Solar Panel":62,"ReplayFunnel":93,"hubris:Metronome":22,"Carrot":30,"Snecko Heart":23,"StoneCalendar":55,"hubris:SlimyHat":73,"Incense Burner":87,"Replay:Mystery Machine":106,"ClockworkSouvenir":63,"hubris:Backtick":45,"hubris:ScarierMask":65,"Replay:Bottled Eggs":5,"Cracked Core":0,"InkBottle":71,"hubris:GlazedTorus":4,"Lee\u0027s Waffle":17,"NeowsBlessing":0,"Golden Idol":29,"The Courier":22,"hubris:MedicalManual":83,"Geode":95,"hubris:Towel":77,"energizedSpire:DeadBattery":116,"Peace Pipe":43,"Anchor":63,"Ornamental Fan":101,"betterThird:SlimedRelic":17,"Snack Pack":13,"Membership Card":49,"ReplayTheSpireMod:Lightbulb":48,"Toy Ornithopter":33,"hubris:OldNail":43,"infinitespire:Midas Blood":19,"hubris:BottledRain":104},{"Ice Cream":284,"energizedSpire:UnstableMolecules":129,"Calipers":223,"CeramicFish":65,"Whetstone":205,"Sling":194,"Lizard Tail":254,"infinitespire:SolderingIron":245,"Replay:Frozen Program":524,"Sundial":432,"infinitespire:Golems Mask":129,"MealTicket":294,"HandDrill":302,"Toxic Egg 2":205,"Counterbalance":291,"hubris:SphereOfDissonance":314,"Oddly Smooth Stone":557,"War Paint":319,"Du-Vu Doll":239,"SlaversCollar":351,"Replay:Baseball":351,"Molten Egg 2":349,"hubris:TenFootPole":384,"ReplayTheSpireMod:TigerMarble":532,"energizedSpire:OldTV":269,"Solar Panel":311,"ReplayFunnel":446,"hubris:Metronome":107,"Carrot":150,"Snecko Heart":118,"StoneCalendar":284,"hubris:SlimyHat":357,"Incense Burner":427,"Replay:Mystery Machine":503,"ClockworkSouvenir":314,"hubris:Backtick":223,"hubris:ScarierMask":330,"Replay:Bottled Eggs":18,"Cracked Core":0,"InkBottle":351,"hubris:GlazedTorus":8,"Lee\u0027s Waffle":90,"NeowsBlessing":0,"Golden Idol":145,"The Courier":107,"hubris:MedicalManual":406,"Geode":452,"hubris:Towel":376,"energizedSpire:DeadBattery":554,"Peace Pipe":212,"Anchor":314,"Ornamental Fan":480,"betterThird:SlimedRelic":90,"Snack Pack":70,"Membership Card":245,"ReplayTheSpireMod:Lightbulb":239,"Toy Ornithopter":162,"hubris:OldNail":212,"infinitespire:Midas Blood":94,"hubris:BottledRain":493}]},"card_choices":[{"not_picked":["ReplayTheSpireMod:System Scan","Redo"],"picked":"Ball Lightning","floor":1},{"not_picked":["Beam Cell","Double Energy"],"picked":"Leap","floor":4},{"not_picked":["Crystallizer","ReplayGash","Compile Driver"],"picked":"SKIP","floor":5},{"not_picked":["Sweeping Beam","ReplayRNGCard"],"picked":"FIFO Queue","floor":7},{"not_picked":["Beam Cell","Gash"],"picked":"Redo","floor":8},{"not_picked":["Reprogram","ReplaySort","ReplayGash"],"picked":"SKIP","floor":11},{"not_picked":["Stack","Panic Button"],"picked":"Redo","floor":13},{"not_picked":["BootSequence","Hologram"],"picked":"Rainbow","floor":14},{"not_picked":["Ball Lightning+1","Double Energy","Force Field"],"picked":"SKIP","floor":18},{"not_picked":["Gash","Recycle+1"],"picked":"Conserve Battery","floor":22}],"player_experience":2562296,"relics_obtained":[{"floor":9,"key":"ReplayTheSpireMod:TigerMarble"},{"floor":14,"key":"Anchor"}],"event_choices":[{"damage_healed":0,"gold_gain":0,"player_choice":"Upgraded","damage_taken":0,"max_hp_gain":0,"max_hp_loss":0,"event_name":"Upgrade Shrine","floor":3,"gold_loss":0,"cards_upgraded":["Zap"]},{"damage_healed":0,"gold_gain":0,"player_choice":"1","damage_taken":0,"max_hp_gain":0,"max_hp_loss":0,"event_name":"betterMatch:BetterMatch","floor":8,"gold_loss":0,"cards_obtained":["betterMatch:ColorlessRareCard","betterMatch:CommonCard","betterMatch:RareCard","betterMatch:ColorlessRareCard"]},{"cards_removed":["Defend_B"],"damage_healed":0,"gold_gain":0,"player_choice":"Give","damage_taken":0,"max_hp_gain":0,"max_hp_loss":0,"event_name":"betterNote:BetterNote","floor":19,"gold_loss":0,"cards_obtained":["Strike_B"]},{"damage_healed":0,"gold_gain":0,"player_choice":"RE ","damage_taken":20,"relics_obtained":["Oddly Smooth Stone"],"max_hp_gain":0,"max_hp_loss":0,"event_name":"betterSkull:BetterSkull","floor":21,"gold_loss":0,"cards_upgraded":[]}],"is_beta":false,"boss_relics":[{"not_picked":["hubris:BlackHole","hubris:HollowSoul"],"picked":"energizedSpire:DeadBattery"}],"items_purged_floors":[0,2,12,20],"is_endless":false,"potions_floor_spawned":[4,5,13],"killed_by":"Nightmare","ascension_level":0}}