{"host":"34t1jk6syqcngxqr","time":1607729622,"event":{"mods":["BaseMod","BetterRewards","GifTheSpireLib","Hubris","Infinite Spire","Minty Spire (QoL Compilation)","Replay The Spire","Shop Mod","StSLib","Stuff the Spire","The Jungle"],"gold_per_floor":[109,126,126,126,145,176,176,101,101,1,35,48,48,69,69,69,69],"floor_reached":16,"playtime":525,"items_purged":["Defend_R","Strike_R"],"score":116,"play_id":"b97ab58e-10a1-4e60-b156-2fc5abc7bf4f","local_time":"20201212003342","is_ascension_mode":true,"campfire_choices":[{"data":"StuffTheSpire:Ambrosia","floor":13,"key":"SMITH"},{"data":"Hemogenesis","floor":15,"key":"SMITH"}],"circlet_count":0,"master_deck":["Strike_R","Strike_R","Strike_R","Strike_R","Defend_R","Defend_R","Defend_R","Bash","Iron Wave","Pommel Strike","Cleave","Shockwave","StuffTheSpire:Ambrosia+1","Sword Boomerang","Ghostly Armor","Hemogenesis+1"],"relics":["Burning Blood","NeowsBlessing","Golden Idol","hubris:Towel","StuffTheSpire:TintedRock"],"acts_visited":["Exordium"],"potions_floor_usage":[6,11,16,16],"damage_taken":[{"damage":0,"enemies":"Jaw Worm","floor":1,"turns":1},{"damage":0,"enemies":"Small Slimes","floor":2,"turns":1},{"damage":0,"enemies":"2 Louse","floor":5,"turns":1},{"damage":31,"enemies":"Lagavulin","floor":6,"turns":6},{"damage":25,"enemies":"Gremlin Nob","floor":11,"turns":5},{"damage":0,"enemies":"Large Slime","floor":12,"turns":4},{"damage":6,"enemies":"Gremlin Gang","floor":14,"turns":3},{"damage":66,"enemies":"The Guardian","floor":16,"turns":15}],"seed_played":"885803640141251446","potions_obtained":[{"floor":2,"key":"Toxic Potion"},{"floor":6,"key":"Languid Potion"},{"floor":11,"key":"Block Potion"},{"floor":14,"key":"Regen Potion"}],"is_trial":false,"path_per_floor":["M","M","?","?","M","E","?","$","T","$","E","M","R","M","R","B"],"character_chosen":"IRONCLAD","items_purchased":[],"campfire_rested":0,"item_purchase_floors":[],"current_hp_per_floor":[80,80,60,60,66,41,41,41,41,41,23,30,30,32,32,0,0],"gold":69,"neow_bonus":"THREE_ENEMY_KILL","is_daily":false,"chose_seed":false,"campfire_upgraded":2,"win_rate":0.0,"timestamp":1607729622,"path_taken":["M","M","?","?","M","E","?","$","T","$","E","M","R","M","R","BOSS"],"items_purchased_type":[],"build_version":"2020-11-30","purchased_purges":2,"victory":false,"max_hp_per_floor":[80,80,80,80,80,80,80,80,80,80,81,82,82,84,84,86,86],"card_choices":[{"not_picked":["StuffTheSpire:RagingBull","Clothesline"],"picked":"Iron Wave","floor":1},{"not_picked":["Havoc","hubris:ReadiedAction"],"picked":"Pommel Strike","floor":2},{"not_picked":["StuffTheSpire:Incineration","StuffTheSpire:RockThrow"],"picked":"Cleave","floor":5},{"not_picked":["Searing Blow","Carnage"],"picked":"Shockwave","floor":6},{"not_picked":["StuffTheSpire:Perfection","StuffTheSpire:Harmony"],"picked":"StuffTheSpire:Ambrosia","floor":7},{"not_picked":["Headbutt","True Grit"],"picked":"Sword Boomerang","floor":11},{"not_picked":["StuffTheSpire:RockThrow","Perfected Strike"],"picked":"Ghostly Armor","floor":12},{"not_picked":["StuffTheSpire:RockThrow","Perfected Strike"],"picked":"Hemogenesis","floor":14}],"player_experience":443165,"relics_obtained":[{"floor":6,"key":"Oddly Smooth Stone"},{"floor":11,"key":"StuffTheSpire:TintedRock"}],"event_choices":[{"damage_healed":0,"gold_gain":0,"player_choice":"Take Damage","damage_taken":20,"relics_obtained":["Golden Idol"],"max_hp_gain":0,"max_hp_loss":0,"event_name":"Golden Idol","floor":3,"gold_loss":0}],"is_beta":false,"boss_relics":[],"items_purged_floors":[8,10],"is_endless":false,"potions_floor_spawned":[2,6,11,14],"killed_by":"The Guardian","ascension_level":1}}