{"host":"vhkb6vx6yafo1fpa","time":1607672837,"event":{"mods":["BaseMod","Colored Map","Custom Start","Minty Spire (QoL Compilation)","Quick Restart","StSLib","SuperFastMode"],"gold_per_floor":[112,37,51,70,85,85,95,95,95,95,107,133,133,147,147,226,226,237,162,77,127,146,146,46,81,81,81,81,81,91,107,107,107,107],"floor_reached":33,"playtime":798,"items_purged":["Strike_B","Defend_B"],"score":467,"play_id":"d65ff2aa-3f16-4447-b42c-47aaf77e2a63","local_time":"20201211164717","is_ascension_mode":true,"campfire_choices":[{"data":"Zap","floor":6.0,"key":"SMITH"},{"data":"Darkness","floor":8.0,"key":"SMITH"},{"data":"Undo","floor":10.0,"key":"SMITH"},{"floor":15.0,"key":"REST"},{"floor":23,"key":"REST"},{"data":"Consume","floor":28,"key":"SMITH"},{"floor":32,"key":"REST"}],"circlet_count":0,"master_deck":["AscendersBane","Strike_B","Strike_B+1","Defend_B","Defend_B","Defend_B","Zap+1","Dualcast","Compile Driver","Rebound","Ball Lightning+1","Undo+1","Darkness+1","Consume+1","Electrodynamics"],"relics":["FrozenCore","Torii","Symbiotic Virus","Bag of Preparation","WingedGreaves","Mummified Hand","Whetstone","Shuriken"],"acts_visited":["Exordium","TheCity"],"potions_floor_usage":[25,25],"damage_taken":[{"damage":3.0,"enemies":"Jaw Worm","floor":1.0,"turns":4.0},{"damage":1.0,"enemies":"2 Louse","floor":3.0,"turns":2.0},{"damage":0.0,"enemies":"Small Slimes","floor":4.0,"turns":3.0},{"damage":9.0,"enemies":"2 Fungi Beasts","floor":5.0,"turns":3.0},{"damage":11.0,"enemies":"Exordium Wildlife","floor":7.0,"turns":4.0},{"damage":0.0,"enemies":"Large Slime","floor":11.0,"turns":3.0},{"damage":2.0,"enemies":"3 Sentries","floor":12.0,"turns":6.0},{"damage":6.0,"enemies":"Exordium Thugs","floor":14.0,"turns":3.0},{"damage":41.0,"enemies":"Slime Boss","floor":16.0,"turns":9.0},{"damage":21,"enemies":"2 Thieves","floor":18,"turns":3},{"damage":0,"enemies":"Chosen","floor":22,"turns":4},{"damage":13,"enemies":"Book of Stabbing","floor":25,"turns":5},{"damage":6,"enemies":"Sentry and Sphere","floor":30,"turns":4},{"damage":13,"enemies":"Snake Plant","floor":31,"turns":4},{"damage":36,"enemies":"Champ","floor":33,"turns":5}],"seed_played":"-1884507886878969402","potions_obtained":[{"floor":3.0,"key":"Weak Potion"},{"floor":7.0,"key":"FocusPotion"},{"floor":25,"key":"LiquidBronze"}],"is_trial":false,"path_per_floor":["M","$","M","M","M","R","M","R","T","R","M","E","?","M","R","B",null,"M","?","?","?","M","R","$","E","T","?","R","?","M","M","R","B"],"character_chosen":"DEFECT","items_purchased":[],"campfire_rested":3,"item_purchase_floors":[],"current_hp_per_floor":[61,61,60,60,51,51,40,40,40,40,40,38,33,27,46,5,49,28,28,28,28,28,47,47,34,34,34,34,34,28,15,34,0,0],"gold":107,"neow_bonus":"ONE_RARE_RELIC","is_daily":false,"chose_seed":false,"campfire_upgraded":4,"win_rate":0.0,"timestamp":1607672837,"path_taken":["M","$","M","M","M","R","M","R","T","R","M","E","?","M","R","BOSS","M","?","?","?","M","R","$","E","T","?","R","?","M","M","R","BOSS"],"items_purchased_type":[],"build_version":"2020-11-30","purchased_purges":2,"victory":false,"max_hp_per_floor":[64,64,64,64,64,64,64,64,64,64,64,64,64,64,64,64,64,64,64,64,64,64,64,64,64,64,64,64,64,64,64,64,64,64],"card_choices":[{"not_picked":["Go for the Eyes","Steam Power"],"picked":"Compile Driver","floor":1.0},{"not_picked":["Recycle","Gash"],"picked":"Rebound","floor":3.0},{"not_picked":["Coolheaded","Steam"],"picked":"Ball Lightning","floor":4.0},{"not_picked":["Barrage","Conserve Battery"],"picked":"Undo","floor":5.0},{"not_picked":["Auto Shields","Double Energy"],"picked":"Darkness","floor":7.0},{"not_picked":["Compile Driver","Barrage","Tempest"],"picked":"SKIP","floor":11.0},{"not_picked":["Beam Cell","Skim"],"picked":"Consume","floor":12.0},{"not_picked":["Static Discharge","Rip and Tear","Auto Shields"],"picked":"SKIP","floor":14.0},{"not_picked":["Beam Cell","Stack","Rebound"],"picked":"SKIP","floor":18},{"not_picked":["Compile Driver","Sweeping Beam","Stack"],"picked":"SKIP","floor":22},{"not_picked":["Static Discharge+1","Redo"],"picked":"Electrodynamics","floor":25},{"not_picked":["Sunder","Force Field","Go for the Eyes"],"picked":"SKIP","floor":30},{"not_picked":["Sunder","Force Field","Go for the Eyes"],"picked":"SKIP","floor":30},{"not_picked":["Conserve Battery","Fusion","Genetic Algorithm"],"picked":"SKIP","floor":31}],"player_experience":323946,"relics_obtained":[{"floor":9.0,"key":"Symbiotic Virus"},{"floor":12.0,"key":"Bag of Preparation"},{"floor":25,"key":"Whetstone"},{"floor":26,"key":"Shuriken"}],"event_choices":[{"damage_healed":0.0,"max_hp_gain":0.0,"max_hp_loss":0.0,"gold_gain":0.0,"event_name":"Scrap Ooze","player_choice":"Success","floor":13.0,"gold_loss":0.0,"damage_taken":5.0,"relics_obtained":["WingedGreaves"]},{"cards_removed":["Strike_B"],"damage_healed":0,"gold_gain":0,"player_choice":"Gave Gold","damage_taken":0,"max_hp_gain":0,"max_hp_loss":0,"event_name":"Beggar","floor":19,"gold_loss":75},{"damage_healed":0,"gold_gain":0,"player_choice":"Obtained Relic","damage_taken":0,"relics_obtained":["Mummified Hand"],"max_hp_gain":0,"max_hp_loss":0,"event_name":"Addict","floor":20,"gold_loss":85},{"damage_healed":0,"gold_gain":50,"player_choice":"Stole From Cult","damage_taken":0,"max_hp_gain":0,"max_hp_loss":0,"event_name":"Nest","floor":21,"gold_loss":0},{"damage_healed":0,"gold_gain":0,"player_choice":"Ignored","damage_taken":0,"max_hp_gain":0,"max_hp_loss":0,"event_name":"Vampires","floor":27,"gold_loss":0},{"damage_healed":0,"gold_gain":0,"player_choice":"Ignored","damage_taken":0,"max_hp_gain":0,"max_hp_loss":0,"event_name":"The Mausoleum","floor":29,"gold_loss":0}],"is_beta":false,"boss_relics":[{"not_picked":["Ectoplasm","Velvet Choker"],"picked":"FrozenCore"}],"items_purged_floors":[2,24],"is_endless":false,"potions_floor_spawned":[3,7,11,25],"killed_by":"Champ","ascension_level":15}}