{"host":"gcl3kjho9wmyw479","time":1607673459,"event":{"mods":["Act Like it!","BaseMod","Better Note","Minty Spire (QoL Compilation)","Permanent Neow","Quick Restart","Replay The Spire","Shop Mod","StSLib","SuperFastMode","Wandering Minibosses"],"gold_per_floor":[99,24,39,39,39,39,39,39,39,66,101,101,101,201,201,306,306,319,319,419,419,419,419,419,419,419,447,447,214,214,240,240,340,340,357,147,147,247,266,266,266,291,291,291,320,350,29,54,54,54,54,54,54,88,88],"floor_reached":56,"playtime":2348,"items_purged":["True Grit"],"score":1607,"play_id":"9c00feab-b0a0-42dc-9ad1-6ba114b95314","local_time":"20201211025739","daily_mods":["SealedDeck","Heirloom","Flight","DeadlyEvents","Elite Swarm"],"is_ascension_mode":true,"campfire_choices":[{"data":"Body Slam","floor":6.0,"key":"SMITH"},{"data":"Body Slam","floor":7.0,"key":"SMITH"},{"data":"Body Slam","floor":8.0,"key":"PURGE"},{"data":"ReplayTheSpireMod:LeadingStrike","floor":12.0,"key":"PURGE"},{"data":"ReplayTheSpireMod:Stacked","floor":23.0,"key":"SMITH"},{"data":"Shrug It Off","floor":24.0,"key":"SMITH"},{"data":"Warcry","floor":25.0,"key":"SMITH"},{"data":"Shrug It Off","floor":28.0,"key":"SMITH"},{"data":"Entrench","floor":30.0,"key":"SMITH"},{"data":"Thinking Ahead","floor":32.0,"key":"SMITH"},{"data":"Madness","floor":40.0,"key":"SMITH"},{"data":"Madness","floor":41.0,"key":"SMITH"},{"floor":44.0,"key":"RECALL"},{"data":"Warcry+1","floor":49.0,"key":"PURGE"},{"data":"ReplayTheSpireMod:Stacked+1","floor":52,"key":"PURGE"}],"circlet_count":0,"master_deck":["Body Slam+1","Shrug It Off+1","Body Slam+1","Shrug It Off+1","Barricade+1","Entrench+1","Thinking Ahead+1","Madness+1","Madness+1"],"relics":["Ring of Chaos","Peace Pipe","Replay:M_SmolderingBlood","ReplayFunnel","Matryoshka","Coffee Dripper","Smiling Mask","ReplayTheSpireMod:Shallot","Unceasing Top","Gremlin Food","Runic Cube","MerchantsRug","Replay:Wax Seal","Nunchaku","Eternal Feather","Replay:Baseball","Medical Kit","Bottled Tornado","Pantograph","Bottled Flame"],"acts_visited":["Exordium","TheCity","TheBeyond","TheEnding"],"potions_floor_usage":[55,55],"damage_taken":[{"damage":4.0,"enemies":"Small Slimes","floor":3.0,"turns":4.0},{"damage":0.0,"enemies":"Lagavulin","floor":10.0,"turns":4.0},{"damage":10.0,"enemies":"3 Sentries","floor":11.0,"turns":5.0},{"damage":0.0,"enemies":"Slime Boss","floor":16.0,"turns":3.0},{"damage":0.0,"enemies":"3 Byrds","floor":18.0,"turns":2.0},{"damage":0.0,"enemies":"Gremlin Leader","floor":27.0,"turns":2.0},{"damage":0.0,"enemies":"Slavers","floor":31.0,"turns":3.0},{"damage":0.0,"enemies":"Automaton","floor":33.0,"turns":2.0},{"damage":0.0,"enemies":"3 Darklings","floor":35.0,"turns":2.0},{"damage":0.0,"enemies":"Orb Walker","floor":39.0,"turns":2.0},{"damage":6.0,"enemies":"R_Hoarder","floor":42.0,"turns":3.0},{"damage":0.0,"enemies":"Nemesis","floor":45.0,"turns":3.0},{"damage":3.0,"enemies":"R_Hoarder","floor":46.0,"turns":3.0},{"damage":0.0,"enemies":"Giant Head","floor":48.0,"turns":2.0},{"damage":0.0,"enemies":"Awakened One","floor":50.0,"turns":2.0},{"damage":0,"enemies":"Shield and Spear","floor":54,"turns":1},{"damage":2,"enemies":"The Heart","floor":55,"turns":3}],"seed_played":"4803151679833641203","potions_obtained":[{"floor":3.0,"key":"Explosive Potion"},{"floor":27.0,"key":"Block Potion"},{"floor":31.0,"key":"Milkshake"},{"floor":33.0,"key":"AttackPotion"},{"floor":45.0,"key":"Swift Potion"},{"floor":46.0,"key":"Regen Potion"}],"is_trial":true,"path_per_floor":["?","$","M","$","WH","R","R","R","T","E","E","R","WH","WH","R","B",null,"M","WH","WH","?","WH","R","R","R","T","E","R","$","R","E","R","B",null,"M","$","?","WH","M","R","R","E","T","R","E","E","$","E","R","B",null,"R","$","E","B",null],"character_chosen":"IRONCLAD","items_purchased":["Entrench","Thinking Ahead","MerchantsRug","DuplicationPotion","Medical Kit","Bottled Tornado"],"campfire_rested":0,"item_purchase_floors":[29,29,36,36,47,47],"current_hp_per_floor":[80,80,76,76,76,76,76,76,76,76,66,66,66,66,80,80,80,80,88,88,88,96,96,96,96,96,96,96,96,96,96,96,96,96,96,96,84,84,84,84,84,78,78,78,78,81,81,81,87,96,96,96,96,96,96],"gold":88,"neow_bonus":"HUNDRED_GOLD","is_daily":false,"chose_seed":false,"campfire_upgraded":10,"win_rate":0.0,"timestamp":1607673459,"path_taken":["?","$","M","$","WH","R","R","R","T","E","E","R","WH","WH","R","BOSS","M","WH","WH","?","WH","R","R","R","T","E","R","$","R","E","R","BOSS","M","$","?","WH","?","R","R","E","T","R","E","E","$","E","R","BOSS","R","$","E","BOSS"],"items_purchased_type":["Card","Card","Relic","Potion","Relic","Relic"],"build_version":"2020-11-30","purchased_purges":1,"victory":true,"max_hp_per_floor":[80,80,80,80,80,80,80,80,80,80,80,80,80,80,80,80,80,80,88,88,88,96,96,96,96,96,96,96,96,96,96,96,96,96,96,96,96,96,96,96,96,96,96,96,96,96,96,96,96,96,96,96,96,96,96],"card_choices":[{"not_picked":["BowlingBash","Clothesline"],"picked":"ReplayTheSpireMod:LeadingStrike","floor":3.0},{"not_picked":["Demon Form","Ragnarok"],"picked":"Barricade","floor":10.0},{"not_picked":["Bludgeon","Barricade","Demonic Infusion"],"picked":"SKIP","floor":11.0},{"not_picked":["Sword Boomerang","Shrug It Off","Rage"],"picked":"SKIP","floor":18.0},{"not_picked":["Feed","Hemogenesis","Demonic Infusion"],"picked":"SKIP","floor":27.0},{"not_picked":["Bludgeon","Reaper","Hemogenesis"],"picked":"SKIP","floor":31.0},{"not_picked":["Heavy Blade+1","Shrug It Off+1","Warcry+1"],"picked":"SKIP","floor":35.0},{"not_picked":["Replay:Undeath\u0027s Touch","Havoc","Flex+1"],"picked":"SKIP","floor":39.0},{"not_picked":["Double Tap","Reaper","Replay:Many Hands"],"picked":"SKIP","floor":42.0},{"not_picked":["Juggernaut","Impervious","Eclipse"],"picked":"SKIP","floor":45.0},{"not_picked":["Demonic Infusion","Juggernaut","Eclipse"],"picked":"SKIP","floor":46.0},{"not_picked":["Replay:Many Hands","Limit Break","Hemogenesis"],"picked":"SKIP","floor":48.0},{"not_picked":["Juggernaut","Feed","Hemogenesis"],"picked":"SKIP","floor":54}],"player_experience":395442,"relics_obtained":[{"floor":10.0,"key":"ReplayFunnel"},{"floor":11.0,"key":"Matryoshka"},{"floor":26.0,"key":"Smiling Mask"},{"floor":26.0,"key":"ReplayTheSpireMod:Shallot"},{"floor":27.0,"key":"Unceasing Top"},{"floor":31.0,"key":"Gremlin Food"},{"floor":42.0,"key":"Magic Flower"},{"floor":43.0,"key":"Replay:Wax Seal"},{"floor":43.0,"key":"Nunchaku"},{"floor":45.0,"key":"Eternal Feather"},{"floor":46.0,"key":"Replay:Baseball"},{"floor":48.0,"key":"Pantograph"},{"floor":54,"key":"Bottled Flame"}],"event_choices":[{"damage_healed":0.0,"max_hp_gain":0.0,"max_hp_loss":0.0,"gold_gain":0.0,"event_name":"betterNote:BetterNote","player_choice":"Ignored","floor":21.0,"gold_loss":0.0,"damage_taken":0.0,"cards_obtained":["Cleave"]},{"damage_healed":0.0,"max_hp_gain":0.0,"max_hp_loss":0.0,"gold_gain":0.0,"event_name":"Winding Halls","player_choice":"Embrace Madness","floor":37.0,"gold_loss":0.0,"damage_taken":12.0,"cards_obtained":["Madness","Madness"]}],"is_beta":false,"boss_relics":[{"not_picked":["Replay:Wanted Poster","Sozu"],"picked":"Coffee Dripper"},{"not_picked":["SlaversCollar","Snecko Heart"],"picked":"Runic Cube"}],"items_purged_floors":[2],"is_endless":false,"potions_floor_spawned":[3,27,31,33,45,46,54],"ascension_level":4}}