{"host":"hfxp6ue4pvwo3fit","time":1607680879,"event":{"mods":["AchievementEnabler","BaseMod","Colored Map","Colored Powertips","Highlight Path","Minty Spire (QoL Compilation)","StSLib","SuperFastMode"],"gold_per_floor":[115,190,200,219,219,249,263,263,315,315,315,60,60,86,86,182,182,195,110,35,35,49,49,78,78,78,78,112,112,112],"floor_reached":29,"playtime":784,"items_purged":[],"score":507,"play_id":"e544851c-b0e8-4393-96f5-256ecd5f6ebb","local_time":"20201211040119","is_ascension_mode":true,"campfire_choices":[{"data":"Zap","floor":8,"key":"SMITH"},{"data":"Electrodynamics","floor":10,"key":"SMITH"},{"floor":13,"key":"REST"},{"data":"Capacitor","floor":15,"key":"SMITH"},{"floor":23,"key":"REST"},{"floor":25,"key":"REST"},{"floor":27,"key":"REST"}],"circlet_count":0,"master_deck":["AscendersBane","Zap+1","Dualcast","Consume","Self Repair","Capacitor","Darkness","Turbo","Lockon","FTL","Cold Snap","Beam Cell","Reinforced Body","Electrodynamics+1","Gash","Capacitor+1","Ball Lightning","Gash","Compile Driver","Echo Form","Glacier"],"relics":["Pandora\u0027s Box","White Beast Statue","Omamori","DollysMirror","Nunchaku","Busted Crown","Art of War","CeramicFish","Mummified Hand","Molten Egg 2"],"acts_visited":["Exordium","TheCity"],"potions_floor_usage":[14,16,24,28],"damage_taken":[{"damage":12,"enemies":"Small Slimes","floor":1,"turns":2},{"damage":14,"enemies":"2 Louse","floor":3,"turns":4},{"damage":12,"enemies":"Jaw Worm","floor":4,"turns":2},{"damage":17,"enemies":"Gremlin Nob","floor":6,"turns":5},{"damage":6,"enemies":"Blue Slaver","floor":7,"turns":3},{"damage":20,"enemies":"3 Sentries","floor":14,"turns":4},{"damage":0,"enemies":"Slime Boss","floor":16,"turns":4},{"damage":40,"enemies":"3 Byrds","floor":18,"turns":3},{"damage":21,"enemies":"Shell Parasite","floor":22,"turns":4},{"damage":36,"enemies":"Gremlin Leader","floor":24,"turns":6},{"damage":49,"enemies":"Slavers","floor":28,"turns":5},{"damage":27,"enemies":"Colosseum Slavers","floor":29,"turns":1}],"seed_played":"349204649464334333","potions_obtained":[{"floor":6,"key":"Explosive Potion"},{"floor":7,"key":"Swift Potion"},{"floor":14,"key":"Dexterity Potion"},{"floor":16,"key":"PotionOfCapacity"},{"floor":24,"key":"Dexterity Potion"},{"floor":28,"key":"SpeedPotion"}],"is_trial":false,"path_per_floor":["M","?","M","M","?","E","M","R","T","R","?","$","R","E","R","B",null,"M","?","?","$","M","R","E","R","T","R","E","?"],"character_chosen":"DEFECT","items_purchased":["DollysMirror","Ball Lightning","Gash"],"campfire_rested":4,"item_purchase_floors":[12,12,12],"current_hp_per_floor":[63,52,45,40,45,35,36,36,36,36,36,36,60,47,47,54,74,34,34,34,34,20,44,15,39,39,63,21,0,0],"gold":112,"neow_bonus":"BOSS_RELIC","is_daily":false,"chose_seed":false,"campfire_upgraded":3,"win_rate":0.0,"timestamp":1607680879,"path_taken":["M","?","M","M","?","E","M","R","T","R","?","$","R","E","R","BOSS","M","?","?","?","M","R","E","R","T","R","E","?"],"items_purchased_type":["Relic","Card","Card"],"build_version":"2020-11-30","purchased_purges":0,"victory":false,"max_hp_per_floor":[75,75,75,75,80,80,80,80,80,80,80,80,80,80,80,80,80,80,80,80,80,80,80,80,80,80,80,80,80,80],"card_choices":[{"not_picked":["Stack","Conserve Battery"],"picked":"Cold Snap","floor":1},{"not_picked":["Sweeping Beam","Redo"],"picked":"Beam Cell","floor":3},{"not_picked":["Loop","Sweeping Beam"],"picked":"Reinforced Body","floor":4},{"not_picked":["Skim","Turbo"],"picked":"Electrodynamics","floor":6},{"not_picked":["Redo","Stack"],"picked":"Gash","floor":7},{"not_picked":["Stack","Darkness"],"picked":"Compile Driver","floor":14},{"not_picked":["Hyperbeam","Rainbow"],"picked":"Echo Form","floor":16},{"not_picked":["Stack"],"picked":"SKIP","floor":18},{"not_picked":[],"picked":"Glacier","floor":22},{"not_picked":["BootSequence"],"picked":"SKIP","floor":24},{"not_picked":["Turbo+1"],"picked":"SKIP","floor":28}],"player_experience":355580,"relics_obtained":[{"floor":6,"key":"White Beast Statue"},{"floor":9,"key":"Omamori"},{"floor":14,"key":"Nunchaku"},{"floor":24,"key":"CeramicFish"},{"floor":26,"key":"Mummified Hand"},{"floor":28,"key":"Molten Egg 2"}],"event_choices":[{"damage_healed":0,"gold_gain":75,"player_choice":"Gather Gold","damage_taken":11,"max_hp_gain":0,"max_hp_loss":0,"event_name":"World of Goop","floor":2,"gold_loss":0},{"damage_healed":0,"gold_gain":0,"player_choice":"Donut","damage_taken":0,"max_hp_gain":5,"max_hp_loss":0,"event_name":"Big Fish","floor":5,"gold_loss":0},{"damage_healed":0,"gold_gain":0,"player_choice":"Ignored","damage_taken":0,"max_hp_gain":0,"max_hp_loss":0,"event_name":"Liars Game","floor":11,"gold_loss":0},{"damage_healed":0,"gold_gain":0,"player_choice":"Obtained Relic","damage_taken":0,"relics_obtained":["Art of War"],"max_hp_gain":0,"max_hp_loss":0,"event_name":"Addict","floor":19,"gold_loss":85},{"cards_removed":["Double Energy"],"damage_healed":0,"gold_gain":0,"player_choice":"Gave Gold","damage_taken":0,"max_hp_gain":0,"max_hp_loss":0,"event_name":"Beggar","floor":20,"gold_loss":75},{"damage_healed":0,"gold_gain":0,"player_choice":"Fight","damage_taken":0,"max_hp_gain":0,"max_hp_loss":0,"event_name":"Colosseum","floor":29,"gold_loss":0}],"is_beta":false,"boss_relics":[{"not_picked":["Sozu","SlaversCollar"],"picked":"Busted Crown"}],"items_purged_floors":[],"is_endless":false,"potions_floor_spawned":[6,7,14,16,18,22,24,28],"killed_by":"Colosseum Slavers","ascension_level":12}}