{"host":"agela5aetnmltfvm","time":1607699599,"event":{"mods":["BaseMod","Colored Map","Jorbs\u0027s Wanderer Trilogy","Lobotomy","Minty Spire (QoL Compilation)","Replay The Spire","StSLib","The Hierophant","The Jungle","The Runesmith"],"gold_per_floor":[110,110,110,29,45,79,79,79,105,132,96,119,119,119],"floor_reached":13,"playtime":272,"items_purged":[],"score":108,"play_id":"8f645f54-d6c6-4eb7-aeb6-f14f5bb74e03","local_time":"20201211231319","is_ascension_mode":false,"campfire_choices":[],"circlet_count":0,"master_deck":["Runesmith:Strike_RS","Runesmith:Strike_RS","Runesmith:Strike_RS","Runesmith:Strike_RS","Runesmith:Defend_RS","Runesmith:Defend_RS","Runesmith:Defend_RS","Runesmith:Defend_RS","Runesmith:CraftFirestone","Runesmith:Fortify","Runesmith:ChaoticBlast","Madness+1","Runesmith:Retool","Runesmith:CraftMagma","Regret","Runesmith:UnlimitedPower","Runesmith:CraftProtectio","Runesmith:CraftIncendium"],"relics":["Runesmith:BrokenRuby","NeowsBlessing","Pet Ghost","Replay:Bottled Flurry","CeramicFish"],"acts_visited":["Exordium"],"potions_floor_usage":[13],"damage_taken":[{"damage":0,"enemies":"Jaw Worm","floor":1,"turns":1},{"damage":0,"enemies":"Cultist","floor":5,"turns":1},{"damage":0,"enemies":"Lagavulin","floor":6,"turns":1},{"damage":3,"enemies":"Small Slimes","floor":10,"turns":3},{"damage":5,"enemies":"3 Louse","floor":12,"turns":2},{"damage":85,"enemies":"Gremlin Nob","floor":13,"turns":5}],"seed_played":"-4471448187529763146","potions_obtained":[{"floor":10,"key":"SteroidPotion"},{"floor":12,"key":"Dexterity Potion"}],"is_trial":false,"path_per_floor":["M","$","?","$","M","E","?","?","T","M","$","M","E"],"character_chosen":"RUNESMITH_CLASS","items_purchased":["Madness","Runesmith:CraftProtectio"],"campfire_rested":0,"item_purchase_floors":[4,11],"current_hp_per_floor":[70,70,70,70,70,70,70,70,70,67,67,62,0,0],"gold":119,"neow_bonus":"THREE_ENEMY_KILL","is_daily":false,"chose_seed":false,"campfire_upgraded":0,"win_rate":0.0,"timestamp":1607699599,"path_taken":["M","$","?","$","?","E","?","?","T","M","?","M","E"],"items_purchased_type":["Card","Card"],"build_version":"2020-11-30","purchased_purges":0,"victory":false,"max_hp_per_floor":[70,70,70,70,70,70,70,70,70,70,70,70,70,70],"card_choices":[{"not_picked":["Runesmith:Grindstone","Runesmith:EarthShield"],"picked":"Runesmith:ChaoticBlast","floor":1},{"not_picked":["Runesmith:HammerAndChisel","Runesmith:Accelerate"],"picked":"Runesmith:Retool","floor":5},{"not_picked":["Runesmith:Attraction","Runesmith:Malloc"],"picked":"Runesmith:CraftMagma","floor":6},{"not_picked":["Runesmith:HeatExchange","Runesmith:CraftVitae"],"picked":"Runesmith:UnlimitedPower","floor":10},{"not_picked":["Runesmith:Overpower","Runesmith:EnergizedChisel"],"picked":"Runesmith:CraftIncendium","floor":12}],"player_experience":505966,"relics_obtained":[{"floor":6,"key":"Pet Ghost"},{"floor":9,"key":"CeramicFish"}],"event_choices":[{"damage_healed":0,"gold_gain":0,"player_choice":"Ignored","damage_taken":0,"max_hp_gain":0,"max_hp_loss":0,"event_name":"NoteForYourself","floor":3,"gold_loss":0},{"damage_healed":0,"gold_gain":0,"player_choice":"Grow","damage_taken":0,"max_hp_gain":0,"max_hp_loss":0,"event_name":"Living Wall","floor":7,"gold_loss":0,"cards_upgraded":["Madness"]},{"damage_healed":0,"gold_gain":0,"player_choice":"Box","damage_taken":0,"relics_obtained":["Replay:Bottled Flurry"],"max_hp_gain":0,"max_hp_loss":0,"event_name":"Big Fish","floor":8,"gold_loss":0,"cards_obtained":["Regret"]}],"is_beta":false,"boss_relics":[],"items_purged_floors":[],"is_endless":false,"potions_floor_spawned":[10,12],"killed_by":"Gremlin Nob","ascension_level":0}}