{"host":"br8yomtd5vvxefp2","time":1607668003,"event":{"mods":["BaseMod","Beaked The Cultist","Downfall","GifTheSpireLib","Hubris","Marisa????????","Minty Spire (QoL Compilation)","StSLib","The Blackbeard","The Cursed","The Necromancer","The Runesmith"],"gold_per_floor":[110,110,125,144,155,155,169,169,169,169,196,212,212,229,229,332,332,351,0,0,0,0,31,31,31,56,56,75,86,102,115,115,213,213,224,224,336,336,347,377,387,400,400,419,419],"floor_reached":44,"playtime":4012,"items_purged":[],"score":516,"play_id":"3fbc93d1-eb8c-4d2e-8bfb-6b1f23b9c1c8","local_time":"20201211032643","is_ascension_mode":false,"campfire_choices":[{"data":"Runesmith:CraftFirestone","floor":6,"key":"SMITH"},{"data":"Runesmith:GrandSlam","floor":8,"key":"SMITH"},{"data":"Runesmith:ArcReactor","floor":10,"key":"SMITH"},{"data":"Runesmith:Grindstone","floor":13,"key":"SMITH"},{"floor":15,"key":"REST"},{"floor":24,"key":"REST"},{"data":"expansioncontent:DefensiveStance","floor":27,"key":"SMITH"},{"floor":32,"key":"REST"}],"circlet_count":0,"master_deck":["Runesmith:Strike_RS+1","Runesmith:Strike_RS+1","Runesmith:Strike_RS+1","Runesmith:Strike_RS+1","Runesmith:Defend_RS+1","Runesmith:Defend_RS+1","Runesmith:Defend_RS+1","Runesmith:Defend_RS+1","Runesmith:CraftFirestone+1","Runesmith:Fortify","Runesmith:ArcReactor+1","Runesmith:Grindstone+1","Runesmith:Firestorm","Runesmith:CraftMagma","Runesmith:EnergizedChisel","Runesmith:GrandSlam+1","Runesmith:CraftObretio","Runesmith:Duplicate","Runesmith:Prism","Runesmith:RuneHurl+1","Runesmith:Firewall+1","Runesmith:Electrocute+1","expansioncontent:DefensiveStance+1","Runesmith:CraftSpiculum","Runesmith:Accelerate+1","Runesmith:BackupBattery","Runesmith:BackupBattery+1","Runesmith:MetallurgicalResearch","Writhe","Runesmith:HammerThrow+1","Runesmith:RunicBlueprint"],"relics":["Runesmith:BrokenRuby","White Beast Statue","Letter Opener","hubris:CrackedHourglass","Membership Card","hubris:TenFootPole","Molten Egg 2","StoneCalendar","The Courier","Pen Nib","hubris:ScarierMask","hubris:Icosahedron","hubris:BottledRain","InkBottle"],"acts_visited":["Exordium","TheCity","TheBeyond"],"potions_floor_usage":[11,33],"damage_taken":[{"damage":1,"enemies":"Cultist","floor":1,"turns":4},{"damage":0,"enemies":"Small Slimes","floor":3,"turns":3},{"damage":0,"enemies":"2 Louse","floor":4,"turns":3},{"damage":3,"enemies":"2 Fungi Beasts","floor":5,"turns":4},{"damage":7,"enemies":"Lots of Slimes","floor":7,"turns":5},{"damage":17,"enemies":"Gremlin Nob","floor":11,"turns":4},{"damage":5,"enemies":"Large Slime","floor":12,"turns":6},{"damage":5,"enemies":"3 Louse","floor":14,"turns":4},{"damage":23,"enemies":"The Guardian","floor":16,"turns":8},{"damage":10,"enemies":"Shell Parasite","floor":18,"turns":6},{"damage":38,"enemies":"Gremlin Leader","floor":23,"turns":6},{"damage":0,"enemies":"Spheric Guardian","floor":28,"turns":4},{"damage":6,"enemies":"Centurion and Healer","floor":29,"turns":6},{"damage":0,"enemies":"Cultist and Chosen","floor":30,"turns":5},{"damage":23,"enemies":"Chosen and Byrds","floor":31,"turns":5},{"damage":18,"enemies":"hubris:MusketHawk","floor":33,"turns":8},{"damage":13,"enemies":"Orb Walker","floor":35,"turns":5},{"damage":0,"enemies":"3 Shapes","floor":37,"turns":4},{"damage":0,"enemies":"Jaw Worm Horde","floor":39,"turns":5},{"damage":9,"enemies":"Reptomancer","floor":40,"turns":7},{"damage":0,"enemies":"4 Shapes","floor":41,"turns":5},{"damage":10,"enemies":"Sphere and 2 Shapes","floor":42,"turns":3},{"damage":19,"enemies":"Spire Growth","floor":44,"turns":6}],"seed_played":"1906858441902122721","potions_obtained":[{"floor":3,"key":"DistilledChaos"},{"floor":5,"key":"PowerPotion"},{"floor":7,"key":"Regen Potion"},{"floor":11,"key":"Weak Potion"},{"floor":14,"key":"Guardian:BlockOnCardUsePotion"},{"floor":33,"key":"PowerPotion"},{"floor":37,"key":"FairyPotion"}],"is_trial":false,"path_per_floor":["M","?","M","M","M","R","M","R","T","R","E","M","R","M","R","B",null,"M","$","?","?","?","E","R","?","T","R","M","M","M","M","R","B",null,"M","?","M","?","M","E","M","M","T","M"],"character_chosen":"RUNESMITH_CLASS","items_purchased":["Membership Card","hubris:TenFootPole","Molten Egg 2"],"campfire_rested":3,"item_purchase_floors":[19,19,19],"current_hp_per_floor":[62,49,49,49,46,46,39,39,39,39,34,29,29,24,42,19,63,53,53,53,53,53,15,33,33,33,33,33,27,27,4,22,4,63,50,50,50,63,63,54,54,44,44,25,25],"gold":419,"neow_bonus":"THREE_RARE_CARDS","is_daily":false,"chose_seed":false,"campfire_upgraded":5,"win_rate":0.0,"timestamp":1607668003,"path_taken":["M","?","M","M","M","R","M","R","T","R","E","M","R","M","R","BOSS","M","$","?","?","?","E","R","?","T","R","?","M","M","M","R","BOSS","M","?","M","?","M","E","M","M","T","M"],"items_purchased_type":["Relic","Relic","Relic"],"build_version":"2020-11-30","purchased_purges":0,"victory":false,"max_hp_per_floor":[63,63,63,63,63,63,63,63,63,63,63,63,63,63,63,63,63,63,63,63,63,63,63,63,63,63,63,63,63,63,63,63,63,63,63,63,63,63,63,63,63,63,63,63,63],"card_choices":[{"not_picked":["Runesmith:CraftPrismatica","Runesmith:LightningRod"],"picked":"Runesmith:ArcReactor","floor":0},{"not_picked":["Runesmith:HeatedChisel","Runesmith:MakeshiftArmor"],"picked":"Runesmith:Grindstone","floor":1},{"not_picked":["Runesmith:ShiftingStrike","Runesmith:MakeshiftArmor"],"picked":"Runesmith:Firestorm","floor":3},{"not_picked":["Runesmith:BackupBattery","Runesmith:Repurpose"],"picked":"Runesmith:CraftMagma","floor":4},{"not_picked":["Runesmith:StaticCage","Runesmith:HeatExchange"],"picked":"Runesmith:EnergizedChisel","floor":5},{"not_picked":["Runesmith:CraftMagma","Runesmith:HammerTime"],"picked":"Runesmith:GrandSlam","floor":7},{"not_picked":["Runesmith:HeatedChisel","Runesmith:CraftProtectio","Runesmith:ArcReactor"],"picked":"SKIP","floor":11},{"not_picked":["Runesmith:Repurpose","Runesmith:CraftSpiculum"],"picked":"Runesmith:CraftObretio","floor":12},{"not_picked":["Runesmith:CraftMagma","Runesmith:HeatExchange","Runesmith:DoubleUp"],"picked":"SKIP","floor":14},{"not_picked":["Runesmith:LastStand","Runesmith:CraftMedicinae"],"picked":"Runesmith:Duplicate","floor":16},{"not_picked":["Runesmith:HeatExchange","Runesmith:Discharge"],"picked":"Runesmith:Prism","floor":18},{"not_picked":["Runesmith:Firestorm","Runesmith:ShiftingStrike+1"],"picked":"Runesmith:Firewall+1","floor":23},{"not_picked":["Runesmith:ShiftingStrike+1","Runesmith:DoubleUp"],"picked":"Runesmith:CraftSpiculum","floor":28},{"not_picked":["Runesmith:DoubleUp","Runesmith:Electrocute+1"],"picked":"Runesmith:Accelerate+1","floor":29},{"not_picked":["Runesmith:Overpower+1","Runesmith:ChiselStab+1"],"picked":"Runesmith:BackupBattery","floor":30},{"not_picked":["Runesmith:EarthShield","Runesmith:FrozenChisel+1"],"picked":"Runesmith:BackupBattery+1","floor":31},{"not_picked":["Runesmith:DuctTape","Runesmith:LightningRod"],"picked":"Runesmith:MetallurgicalResearch","floor":33},{"not_picked":["Runesmith:CraftReservo+1","Runesmith:HeatedChisel+1","Runesmith:Prism+1"],"picked":"SKIP","floor":35},{"not_picked":["Runesmith:FrozenChisel+1","Runesmith:EnergizedChisel+1","Runesmith:UnstableHammer+1"],"picked":"SKIP","floor":37},{"not_picked":["Runesmith:CraftProtectio","Runesmith:EarthShield+1","Runesmith:ShiftingStrike+1"],"picked":"SKIP","floor":39},{"not_picked":["Runesmith:NegativeSpace","Runesmith:StaticCage"],"picked":"Runesmith:HammerThrow+1","floor":40},{"not_picked":["Runesmith:ElementalConversion+1","Runesmith:CraftProtectio","Runesmith:Terraform"],"picked":"SKIP","floor":41},{"not_picked":["Runesmith:CraftSpiculum+1","Runesmith:HeatExchange+1","Runesmith:CraftMagma"],"picked":"SKIP","floor":42},{"not_picked":["Runesmith:ShiftingStrike+1","Runesmith:EarthShield"],"picked":"Runesmith:RunicBlueprint","floor":44}],"player_experience":137495,"relics_obtained":[{"floor":9,"key":"White Beast Statue"},{"floor":11,"key":"Letter Opener"},{"floor":23,"key":"The Courier"},{"floor":26,"key":"Pen Nib"},{"floor":40,"key":"hubris:BottledRain"},{"floor":43,"key":"InkBottle"}],"event_choices":[{"damage_healed":0,"gold_gain":0,"player_choice":"Entered Light","damage_taken":13,"max_hp_gain":0,"max_hp_loss":0,"event_name":"Shining Light","floor":2,"gold_loss":0,"cards_upgraded":["Runesmith:Defend_RS","Runesmith:Defend_RS"]},{"damage_healed":0,"gold_gain":0,"player_choice":"Opened","damage_taken":0,"relics_obtained":["StoneCalendar"],"max_hp_gain":0,"max_hp_loss":0,"event_name":"The Mausoleum","floor":20,"gold_loss":0},{"damage_healed":0,"gold_gain":0,"player_choice":"Read","damage_taken":0,"max_hp_gain":0,"max_hp_loss":0,"event_name":"The Library","floor":21,"gold_loss":0,"cards_obtained":["Runesmith:RuneHurl"]},{"damage_healed":0,"gold_gain":0,"player_choice":"Simplicity","damage_taken":0,"max_hp_gain":0,"max_hp_loss":0,"event_name":"Back to Basics","floor":22,"gold_loss":0,"cards_upgraded":["Runesmith:Strike_RS","Runesmith:Strike_RS","Runesmith:Strike_RS","Runesmith:Strike_RS","Runesmith:Defend_RS","Runesmith:Defend_RS"]},{"damage_healed":0,"gold_gain":0,"player_choice":"2 cards matched","damage_taken":0,"max_hp_gain":0,"max_hp_loss":0,"event_name":"Match and Keep!","floor":25,"gold_loss":0,"cards_obtained":["Runesmith:Electrocute","expansioncontent:DefensiveStance"]},{"damage_healed":16,"gold_gain":0,"player_choice":"Writhe","damage_taken":0,"max_hp_gain":0,"max_hp_loss":0,"event_name":"Winding Halls","floor":38,"gold_loss":0,"cards_obtained":["Writhe"]}],"is_beta":false,"boss_relics":[{"not_picked":["Ectoplasm","Runic Pyramid"],"picked":"hubris:CrackedHourglass"},{"not_picked":["Tiny House","Runic Dome"],"picked":"hubris:ScarierMask"}],"items_purged_floors":[],"is_endless":false,"potions_floor_spawned":[3,5,7,11,12,14,16,18,23,28,29,30,31,33,35,37,39,40,41,42,44],"killed_by":"Spire Growth","ascension_level":0}}