{"host":"2461dio7vetlq1z3","time":1607690385,"event":{"mods":["AchievementEnabler","BaseMod","Hermit","Lobotomy","Minty Spire (QoL Compilation)","Relic Stats","StSLib","Waifu the Spire"],"gold_per_floor":[116,116,128,128,148,148,148,148],"floor_reached":7,"playtime":390,"items_purged":[],"score":51,"play_id":"b7d5513d-77a1-4695-9a70-156b018530e6","local_time":"20201211133945","is_ascension_mode":true,"campfire_choices":[{"data":"Blasphemy","floor":6,"key":"SMITH"}],"circlet_count":0,"master_deck":["Strike_P","Strike_P","Strike_P+1","Strike_P","Defend_P","Defend_P","Defend_P","Defend_P","Eruption","Vigilance","ClearTheMind+1","Laetitia","Adaptation","Blasphemy+1","LaLuna","Crescendo"],"relics":["PureWater","CogitoBucket","RabbitCall"],"acts_visited":["Exordium"],"potions_floor_usage":[7],"damage_taken":[{"damage":39.0,"enemies":"Cultist","floor":1.0,"turns":6.0},{"damage":0,"enemies":"Jaw Worm","floor":3,"turns":5},{"damage":2,"enemies":"2 Louse","floor":5,"turns":4},{"damage":28,"enemies":"Lagavulin","floor":7,"turns":8}],"seed_played":"-3419571783871020151","potions_obtained":[{"floor":1,"key":"StancePotion"},{"floor":5,"key":"Block Potion"}],"is_trial":false,"path_per_floor":["M","?","M","?","M","R","E"],"character_chosen":"WATCHER","items_purchased":[],"campfire_rested":0,"item_purchase_floors":[],"current_hp_per_floor":[33,19,19,19,17,17,0,0],"gold":148,"neow_bonus":"","is_daily":false,"chose_seed":false,"campfire_upgraded":1,"win_rate":0.0,"timestamp":1607690385,"path_taken":["M","?","M","?","?","R","E"],"items_purchased_type":[],"build_version":"2020-11-30","purchased_purges":0,"victory":false,"max_hp_per_floor":[72,72,72,72,72,72,72,72],"relic_stats":{"counters":[4,23],"obtain_stats":[{"RabbitCall":0,"CogitoBucket":0,"PureWater":0},{"RabbitCall":0,"CogitoBucket":0,"PureWater":0},{"RabbitCall":0,"CogitoBucket":0,"PureWater":0}]},"card_choices":[{"not_picked":["Halt","Evaluate"],"picked":"ClearTheMind","floor":1},{"not_picked":["WhitesApple","Woodsman"],"picked":"Laetitia","floor":3},{"not_picked":["Evaluate","Wireheading"],"picked":"Adaptation","floor":3},{"not_picked":["Bloodbath","VoidDream"],"picked":"LaLuna","floor":5},{"not_picked":["Prostrate","EmptyMind"],"picked":"Crescendo","floor":5}],"player_experience":620721,"relics_obtained":[],"event_choices":[{"damage_healed":0,"gold_gain":0,"player_choice":"Entered Light","damage_taken":14,"max_hp_gain":0,"max_hp_loss":0,"event_name":"Shining Light","floor":2,"gold_loss":0,"cards_upgraded":["ClearTheMind","Strike_P"]},{"damage_healed":0,"gold_gain":0,"player_choice":"1 cards matched","damage_taken":0,"max_hp_gain":0,"max_hp_loss":0,"event_name":"Match and Keep!","floor":4,"gold_loss":0,"cards_obtained":["Blasphemy"]}],"is_beta":false,"boss_relics":[],"items_purged_floors":[],"is_endless":false,"potions_floor_spawned":[1,5],"killed_by":"Lagavulin","ascension_level":5}}