{"host":"w811868i7dqaax32","time":1607687437,"event":{"mods":["BaseMod","Infinite Spire","Minty Spire (QoL Compilation)","Replay The Spire","StSLib","The Animator","The Poker Player"],"gold_per_floor":[117,117,137,66,76,110,110,137,161,161,198,207,236,276,276,382,382,407,525,525,534,556,590,610,610,610,610,630,654,663,762,762,873,873,895,920,947,896,923,959,959,975,1002,1002,1029,1054,1082,1135,1153,1263,1290,1312,1312,1312,1331,1331,1331,1362,1377,1427,1441,1441,1465,1465,1506,1506,1619,1836,1858,1055,1062,1062,1077,1168,1083,1083,1126,1144,1154,696,714,742,742,831,831,857,898,916,925,385,387,405,430,439,439,464,499,244,255,255,246,246,246,31,71,74],"floor_reached":107,"playtime":13489,"items_purged":["Shame"],"score":2876,"play_id":"19bd6609-1688-4715-a8b1-fe09a31a37ee","local_time":"20201211125037","is_ascension_mode":true,"metric_token":466,"campfire_choices":[{"data":"PokerPlayerMod:ItsShowtime","floor":7.0,"key":"SMITH"},{"data":"PokerPlayerMod:Manipulation","floor":15.0,"key":"SMITH"},{"data":"infinitespire:Collect","floor":25.0,"key":"SMITH"},{"floor":27.0,"key":"RECALL"},{"floor":32.0,"key":"DIG"},{"floor":41.0,"key":"REST"},{"data":"infinitespire:Oblivion","floor":57.0,"key":"SMITH"},{"data":"ReplayTheSpireMod:Black Plague","floor":62.0,"key":"SMITH"},{"data":"Apotheosis","floor":66.0,"key":"SMITH"},{"data":"PokerPlayerMod:Diamond9","floor":76,"key":"SMITH"},{"floor":83,"key":"DIG"},{"floor":100,"key":"DIG"},{"data":"PokerPlayerMod:ItsShowtime","floor":103,"key":"SMITH"}],"circlet_count":0,"master_deck":["PokerPlayerMod:Diamond2","PokerPlayerMod:Diamond3","PokerPlayerMod:Diamond4","PokerPlayerMod:Diamond5","PokerPlayerMod:Spade2","PokerPlayerMod:Spade3","PokerPlayerMod:Spade4","PokerPlayerMod:Club5","PokerPlayerMod:Heart2","PokerPlayerMod:TrumpStrike+1","PokerPlayerMod:BadJoker+1","PokerPlayerMod:Mulligan","PokerPlayerMod:HotShotCut+1","PokerPlayerMod:Club2","PokerPlayerMod:Club3","PokerPlayerMod:Club4","PokerPlayerMod:Club5","PokerPlayerMod:Club6","PokerPlayerMod:Configure+1","PokerPlayerMod:Heart4","PokerPlayerMod:Club10+","PokerPlayerMod:ItsShowtime+1","PokerPlayerMod:Heart7","PokerPlayerMod:ClubDance","infinitespire:Collect+1","PokerPlayerMod:Manipulation+1","PokerPlayerMod:Club8","PokerPlayerMod:Club10+","PokerPlayerMod:JackOfSpades","PokerPlayerMod:Club6","PokerPlayerMod:Diamond5","infinitespire:Oblivion+1","PokerPlayerMod:CloakAndDiamond+1","PokerPlayerMod:Diamond10+","PokerPlayerMod:Heart5","PokerPlayerMod:Heart6","PokerPlayerMod:Club4","Amnesia","PokerPlayerMod:ItsShowtime+1","PokerPlayerMod:Fold+1","PokerPlayerMod:Heart5","Impatience","Apotheosis+1","Magnetism","PokerPlayerMod:Club9","PokerPlayerMod:DartThrow+1","PokerPlayerMod:Trickery+1","PokerPlayerMod:Heart8","PokerPlayerMod:Club5","ReplayTheSpireMod:Black Plague+1","PokerPlayerMod:Extraction","PanicButton","PokerPlayerMod:Mulligan","PokerPlayerMod:Club8","Overencumbered","Amnesia","PokerPlayerMod:HeartStrike+1","PokerPlayerMod:Diamond7","PokerPlayerMod:CloakAndDiamond","PokerPlayerMod:HeartStrike","PokerPlayerMod:FillThePot","ReplayTheSpireMod:Restless Dread","PokerPlayerMod:Club7","Delirium","animator:Curse_Nutcracker","animator:Curse_Greed","Overencumbered","Amnesia","ReplayTheSpireMod:Restless Dread","Overencumbered","Injury","Replay:Hysterical Blindness","Writhe","animator:Curse_Greed","CurseOfTheBell","CommonCold","PokerPlayerMod:DiamondStrike+1","Transmutation+1","Transmutation+1","PokerPlayerMod:Diamond8","PokerPlayerMod:Diamond8","Pot Of Greed","Pot Of Greed","Pot Of Greed","Pot Of Greed","Pot Of Greed","Pot Of Greed","Pot Of Greed","Regret","Delirium","animator:Curse_Greed","Pot Of Greed","PokerPlayerMod:Club10+","PokerPlayerMod:ClubShade+1","PokerPlayerMod:Diamond10+","ReplayTheSpireMod:Restless Dread","PokerPlayerMod:Club8","PokerPlayerMod:MagicTrick+1","PokerPlayerMod:Raise","Looming Evil","Shame","Writhe","PokerPlayerMod:Club7","PokerPlayerMod:Club8","Pot Of Greed+1","PokerPlayerMod:DartThrow+1","PokerPlayerMod:Club10+","PokerPlayerMod:Diamond10+","ReplayTheSpireMod:Restless Dread","PokerPlayerMod:Diamond8","Doubt","PokerPlayerMod:Spade4","PokerPlayerMod:FlyingCard+1","PokerPlayerMod:Club10+","Specialist+1","Specialist+1","PokerPlayerMod:Heart4","Pot Of Greed"],"relics":["PokerPlayerMod:DeckCase","Replay:Mystery Machine","War Paint","Simple Rune","CeramicFish","Art of War","Black Star","Replay:Baseball","Sundial","ReplayFunnel","Blue Candle","ReplayTheSpireMod:Ring of Collecting","Ring of Misfortune","PokerPlayerMod:StuffedPocket","ChewingGum","Blue Doll","infinitespire:Lychee Nut","Nunchaku","ReplayTheSpireMod:Ring of Addiction","SacredBark","Chameleon Ring","Pondfish Scales","Orichalcum","ReplayTheSpireMod:Lightbulb","Replay:Ancient Bell","infinitespire:Satchel","PokerPlayerMod:BottledPoker","TungstenRod","Ancient Tea Set","Tiny Chest","Golden Egg","Ring of Greed","MealTicket","Replay:Bandana","Dream Catcher","Mango","Whetstone","Replay:Grab Bag","Replay:Wanted Poster","Cursed Key","Runic Pyramid","Calling Bell","Replay:Rubber Ducky","Pantograph","Lizard Tail","PokerPlayerMod:PenAndEraser","Anchor","ReplayTheSpireMod:TigerMarble","Grinning Jar","infinitespire:EmpoweringShard","Gremlin Food","Ring of Peace","Centennial Puzzle","Ring of Searing","infinitespire:Broken Mirror","Replay:WaspNest","DollysMirror","PokerPlayerMod:Splitter","Honey Jar","Unceasing Top","Vajra","Ring of Panic","Happy Flower","Du-Vu Doll","Boot","infinitespire:Bottled Soul","Pen Nib","Toy Ornithopter","ReplayTheSpireMod:Ring of Exchange","CaptainsWheel","Divine Protection","Bronze Scales","Oddly Smooth Stone","PokerPlayerMod:FairLicense"],"acts_visited":["TheCity","TheBeyond","TheEnding"],"potions_floor_usage":[71,74,91,96,99,101,106],"damage_taken":[{"damage":4.0,"enemies":"Jaw Worm","floor":1.0,"turns":3.0},{"damage":0.0,"enemies":"Small Slimes","floor":3.0,"turns":2.0},{"damage":0.0,"enemies":"Cultist","floor":5.0,"turns":2.0},{"damage":4.0,"enemies":"Gremlin Nob","floor":6.0,"turns":3.0},{"damage":15.0,"enemies":"Lagavulin","floor":8.0,"turns":3.0},{"damage":11.0,"enemies":"3 Sentries","floor":11.0,"turns":2.0},{"damage":0.0,"enemies":"Exordium Wildlife","floor":13.0,"turns":1.0},{"damage":0.0,"enemies":"Gremlin Nob","floor":14.0,"turns":2.0},{"damage":22.0,"enemies":"The Guardian","floor":16.0,"turns":4.0},{"damage":10.0,"enemies":"3 Byrds","floor":18.0,"turns":2.0},{"damage":10.0,"enemies":"Shell Parasite","floor":22.0,"turns":3.0},{"damage":12.0,"enemies":"Slavers","floor":23.0,"turns":3.0},{"damage":15.0,"enemies":"Shelled Parasite and Fungi","floor":24.0,"turns":2.0},{"damage":0.0,"enemies":"Snake Plant","floor":28.0,"turns":3.0},{"damage":0.0,"enemies":"Cultist and Chosen","floor":29.0,"turns":2.0},{"damage":25.0,"enemies":"Champ","floor":33.0,"turns":8.0},{"damage":2.0,"enemies":"Orb Walker","floor":35.0,"turns":3.0},{"damage":0.0,"enemies":"3 Shapes","floor":36.0,"turns":2.0},{"damage":1.0,"enemies":"Maw","floor":39.0,"turns":7.0},{"damage":31.0,"enemies":"Giant Head","floor":40.0,"turns":9.0},{"damage":9.0,"enemies":"Jaw Worm Horde","floor":42.0,"turns":4.0},{"damage":0.0,"enemies":"4 Shapes","floor":45.0,"turns":1.0},{"damage":0.0,"enemies":"Sphere and 2 Shapes","floor":46.0,"turns":2.0},{"damage":0.0,"enemies":"Spire Growth","floor":47.0,"turns":2.0},{"damage":9.0,"enemies":"Nightmare","floor":48.0,"turns":5.0},{"damage":12.0,"enemies":"Time Eater","floor":50.0,"turns":6.0},{"damage":0.0,"enemies":"2 Louse","floor":52.0,"turns":1.0},{"damage":0.0,"enemies":"Cultist","floor":55.0,"turns":1.0},{"damage":0.0,"enemies":"Lagavulin","floor":58.0,"turns":3.0},{"damage":0.0,"enemies":"Jaw Worm","floor":59.0,"turns":1.0},{"damage":11.0,"enemies":"Exordium Wildlife","floor":61.0,"turns":2.0},{"damage":0.0,"enemies":"Large Slime","floor":63.0,"turns":1.0},{"damage":0.0,"enemies":"Gremlin Nob","floor":65.0,"turns":2.0},{"damage":3.0,"enemies":"The Guardian","floor":67.0,"turns":6.0},{"damage":0,"enemies":"Chosen","floor":69,"turns":2},{"damage":0,"enemies":"Spheric Guardian","floor":71,"turns":1},{"damage":0,"enemies":"Centurion and Healer","floor":73,"turns":2},{"damage":0,"enemies":"Gremlin Leader","floor":74,"turns":2},{"damage":0,"enemies":"3 Cultists","floor":79,"turns":1},{"damage":0,"enemies":"Snake Plant","floor":81,"turns":1},{"damage":0,"enemies":"Snecko","floor":82,"turns":1},{"damage":2,"enemies":"Automaton","floor":84,"turns":5},{"damage":0,"enemies":"3 Darklings","floor":86,"turns":1},{"damage":0,"enemies":"2 Orb Walkers","floor":87,"turns":2},{"damage":0,"enemies":"R_Hoarder","floor":91,"turns":5},{"damage":0,"enemies":"Orb Walker","floor":92,"turns":1},{"damage":0,"enemies":"Reptomancer","floor":93,"turns":2},{"damage":0,"enemies":"Jaw Worm Horde","floor":96,"turns":1},{"damage":0,"enemies":"Spire Growth","floor":97,"turns":1},{"damage":0,"enemies":"Maw","floor":99,"turns":3},{"damage":0,"enemies":"Replay:Hell Engine","floor":101,"turns":2},{"damage":0,"enemies":"Shield and Spear","floor":105,"turns":1},{"damage":0,"enemies":"The Heart","floor":106,"turns":3}],"seed_played":"-9117906760873217610","potions_obtained":[{"floor":1.0,"key":"GamblersBrew"},{"floor":8.0,"key":"SteroidPotion"},{"floor":13.0,"key":"Energy Potion"},{"floor":16.0,"key":"PowerPotion"},{"floor":20.0,"key":"SkillPotion"},{"floor":20.0,"key":"Milkshake"},{"floor":22.0,"key":"Fire Potion"},{"floor":33.0,"key":"EntropicBrew"},{"floor":42.0,"key":"Regen Potion"},{"floor":47.0,"key":"Adrenaline Potion"},{"floor":52.0,"key":"Weak Potion"},{"floor":67.0,"key":"SteroidPotion"},{"floor":69,"key":"Explosive Potion"},{"floor":71,"key":"Fire Potion"},{"floor":73,"key":"BlessingOfTheForge"},{"floor":84,"key":"Energy Potion"},{"floor":87,"key":"LifebloodPotion"},{"floor":93,"key":"Adrenaline Potion"},{"floor":97,"key":"Regen Potion"}],"is_trial":false,"path_per_floor":["M","?","M","$","M","E","R","E","T","?","E","?","M","E","R","B",null,"M","?","?","AVR","M","E","M","R","T","R","M","M","?","?","R","B",null,"M","M","?","?","M","E","R","M","T","AVR","M","M","M","NM","R","B",null,"M","?","?","M","?","R","E","M","T","M","R","M","?","E","R","B",null,"M","$","M","?","M","E","?","R","T","T","M","$","M","M","R","B",null,"M","?","T","?","$","E","M","E","T","?","M","M","$","M","R","B",null,"R","$","E","B",null],"character_chosen":"THE_POKER_PLAYER","items_purchased":["PokerPlayerMod:Heart4","PokerPlayerMod:PenAndEraser","Anchor","ReplayTheSpireMod:TigerMarble","Transmutation","PokerPlayerMod:Diamond7","PokerPlayerMod:Diamond7","PowerPotion","Replay:WaspNest","DollysMirror","PokerPlayerMod:ClubShade","Happy Flower","Du-Vu Doll","PokerPlayerMod:Club6","PokerPlayerMod:Club7","Divine Protection","PokerPlayerMod:Club10+","Specialist"],"campfire_rested":1,"item_purchase_floors":[4,70,70,70,70,70,70,70,80,80,80,90,90,90,90,98,104,104],"current_hp_per_floor":[36,36,40,40,45,48,48,37,37,37,41,28,33,52,52,30,52,42,22,22,22,40,45,38,38,38,38,44,52,52,52,52,52,52,52,52,42,42,52,26,37,39,39,39,39,39,39,39,39,39,39,37,37,37,35,29,29,35,35,35,35,35,35,30,47,47,47,47,45,45,45,45,45,45,45,45,45,43,43,43,41,41,41,38,39,39,37,37,37,35,35,35,35,35,31,33,33,33,33,33,33,33,33,33,31,31],"gold":74,"neow_bonus":"REMOVE_TWO","is_daily":false,"chose_seed":false,"campfire_upgraded":8,"win_rate":0.0,"timestamp":1607687437,"path_taken":["M","?","M","$","M","E","R","E","T","?","E","?","M","E","R","BOSS","M","?","?","AVR","M","E","M","R","T","R","M","?","?","?","R","BOSS","M","M","?","?","?","E","R","M","T","AVR","M","M","M","NM","R","BOSS","M","?","?","?","?","R","E","M","T","M","R","M","?","E","R","BOSS","M","$","M","?","M","E","?","R","T","?","M","?","?","M","R","BOSS","M","?","?","?","$","E","M","E","T","?","?","M","$","M","R","BOSS","R","$","E","BOSS"],"items_purchased_type":["Card","Relic","Relic","Relic","Card","Card","Card","Potion","Relic","Relic","Card","Relic","Relic","Card","Card","Relic","Undefined","Card"],"build_version":"2020-11-30","purchased_purges":1,"victory":true,"max_hp_per_floor":[52,52,52,52,52,52,52,52,52,52,52,52,52,52,52,52,52,52,52,52,52,52,52,52,52,52,52,52,52,52,52,52,52,52,52,52,52,52,52,39,39,39,39,39,39,39,39,39,39,39,39,37,37,37,35,35,35,35,35,35,35,35,35,35,47,47,47,47,45,45,45,45,45,45,45,45,45,43,43,43,41,41,41,39,39,39,37,37,37,35,35,35,35,35,33,33,33,33,33,33,33,33,33,33,31,31],"card_choices":[{"not_picked":["PokerPlayerMod:Trickery","PokerPlayerMod:ClubsClub"],"picked":"PokerPlayerMod:HotShotCut","floor":1.0},{"not_picked":["PokerPlayerMod:Fold","PokerPlayerMod:Heart1"],"picked":"PokerPlayerMod:Configure","floor":3.0},{"not_picked":["PokerPlayerMod:Club2","PokerPlayerMod:Diamond6"],"picked":"PokerPlayerMod:Club10+","floor":5.0},{"not_picked":["PokerPlayerMod:Diamond8","PokerPlayerMod:Diamond1"],"picked":"PokerPlayerMod:ItsShowtime","floor":6.0},{"not_picked":["PokerPlayerMod:Configure","PokerPlayerMod:Spade6"],"picked":"PokerPlayerMod:Heart7","floor":8.0},{"not_picked":["PokerPlayerMod:Heart6","PokerPlayerMod:RiskyBet"],"picked":"PokerPlayerMod:ClubDance","floor":11.0},{"not_picked":["ReplayTheSpireMod:Haul","infinitespire:Starlight"],"picked":"infinitespire:Collect","floor":12.0},{"not_picked":["PokerPlayerMod:MagicTrick","PokerPlayerMod:SecondChance"],"picked":"PokerPlayerMod:Manipulation","floor":13.0},{"not_picked":["PokerPlayerMod:Diamond6","PokerPlayerMod:Raise"],"picked":"PokerPlayerMod:Club5","floor":14.0},{"not_picked":["PokerPlayerMod:SecretDealer","PokerPlayerMod:Spade10+"],"picked":"PokerPlayerMod:Club10+","floor":16.0},{"not_picked":["PokerPlayerMod:Heart3","PokerPlayerMod:Spade3"],"picked":"PokerPlayerMod:JackOfSpades","floor":18.0},{"not_picked":["PokerPlayerMod:Diamond5","PokerPlayerMod:SpadeStrike"],"picked":"PokerPlayerMod:Club6","floor":19.0},{"not_picked":["PokerPlayerMod:SpadeStrike","PokerPlayerMod:Spade2"],"picked":"PokerPlayerMod:Diamond5","floor":19.0},{"not_picked":["PokerPlayerMod:SpadeStrike","PokerPlayerMod:Diamond6"],"picked":"PokerPlayerMod:CloakAndDiamond+1","floor":22.0},{"not_picked":["PokerPlayerMod:Raise+1","PokerPlayerMod:RiskyBet"],"picked":"PokerPlayerMod:Diamond9","floor":23.0},{"not_picked":["PokerPlayerMod:Sharpen","PokerPlayerMod:Diamond1"],"picked":"PokerPlayerMod:Heart5","floor":24.0},{"not_picked":["PokerPlayerMod:Diamond3","PokerPlayerMod:Spade2"],"picked":"PokerPlayerMod:Heart6","floor":28.0},{"not_picked":["PokerPlayerMod:MagicTrick","PokerPlayerMod:Overdeal+1"],"picked":"PokerPlayerMod:Club4","floor":29.0},{"not_picked":["PokerPlayerMod:Diamond8","PokerPlayerMod:Spade7"],"picked":"PokerPlayerMod:ItsShowtime","floor":33.0},{"not_picked":["PokerPlayerMod:Overdeal","PokerPlayerMod:Raise"],"picked":"PokerPlayerMod:Fold+1","floor":35.0},{"not_picked":["PokerPlayerMod:SpadeStrike","PokerPlayerMod:Trickery+1"],"picked":"PokerPlayerMod:Heart5","floor":36.0},{"not_picked":["Replay:Sssssssssstrike","Transmutation"],"picked":"Impatience","floor":37.0},{"not_picked":["Mind Blast","ReplayUltimateDefense"],"picked":"Apotheosis","floor":37.0},{"not_picked":["Bandage Up","Finesse"],"picked":"Magnetism","floor":37.0},{"not_picked":["PokerPlayerMod:ClubsClub+1","PokerPlayerMod:CardBurn"],"picked":"PokerPlayerMod:Club9","floor":39.0},{"not_picked":["PokerPlayerMod:Diamond4","PokerPlayerMod:Diamond1"],"picked":"PokerPlayerMod:DartThrow+1","floor":40.0},{"not_picked":["PokerPlayerMod:CloakAndDiamond","PokerPlayerMod:Raise","PokerPlayerMod:DartThrow"],"picked":"SKIP","floor":42.0},{"not_picked":["PokerPlayerMod:ClubsClub","PokerPlayerMod:Spade3"],"picked":"PokerPlayerMod:Trickery+1","floor":45.0},{"not_picked":["PokerPlayerMod:SpadeStrike","PokerPlayerMod:Spade4"],"picked":"PokerPlayerMod:Heart8","floor":46.0},{"not_picked":["PokerPlayerMod:Club1","PokerPlayerMod:DiamondStrike+1"],"picked":"PokerPlayerMod:Club5","floor":47.0},{"not_picked":["infinitespire:Collect","infinitespire:FutureSight"],"picked":"ReplayTheSpireMod:Black Plague","floor":48.0},{"not_picked":["PokerPlayerMod:Club4","PokerPlayerMod:Diamond6"],"picked":"PokerPlayerMod:Extraction","floor":48.0},{"not_picked":["PokerPlayerMod:Spade9","PokerPlayerMod:SecretDealer"],"picked":"PokerPlayerMod:Club8","floor":50.0},{"not_picked":["Writhe","Sickly"],"picked":"Looming Evil","floor":51.0},{"not_picked":["ReplayTheSpireMod:Doomed","Decay"],"picked":"Overencumbered","floor":51.0},{"not_picked":["Replay:Hysterical Blindness","AbeCurse"],"picked":"Amnesia","floor":51.0},{"not_picked":["PokerPlayerMod:Spade2","PokerPlayerMod:Club3"],"picked":"PokerPlayerMod:HeartStrike","floor":52.0},{"not_picked":["PokerPlayerMod:Spade1","PokerPlayerMod:MagicTrick"],"picked":"PokerPlayerMod:Diamond7","floor":55.0},{"not_picked":["PokerPlayerMod:Diamond1","PokerPlayerMod:Spade5"],"picked":"PokerPlayerMod:CloakAndDiamond","floor":58.0},{"not_picked":["PokerPlayerMod:Configure","PokerPlayerMod:Trickery","PokerPlayerMod:Harden"],"picked":"SKIP","floor":59.0},{"not_picked":["PokerPlayerMod:Fold","PokerPlayerMod:CloakAndDiamond","PokerPlayerMod:RiskyBet"],"picked":"SKIP","floor":61.0},{"not_picked":["PokerPlayerMod:CardBurn","PokerPlayerMod:Spade1"],"picked":"PokerPlayerMod:HeartStrike","floor":63.0},{"not_picked":["PokerPlayerMod:Diamond6","PokerPlayerMod:Club2"],"picked":"PokerPlayerMod:FillThePot","floor":65.0},{"not_picked":["PokerPlayerMod:Diamond7","PokerPlayerMod:Heart9"],"picked":"PokerPlayerMod:Club7","floor":67.0},{"not_picked":["PokerPlayerMod:Extraction+1","PokerPlayerMod:Club4"],"picked":"PokerPlayerMod:DiamondStrike+1","floor":69},{"not_picked":["PokerPlayerMod:Configure","PokerPlayerMod:Harden+1","PokerPlayerMod:CloakAndDiamond"],"picked":"SKIP","floor":71},{"not_picked":["PokerPlayerMod:Spade2","PokerPlayerMod:Diamond3","PokerPlayerMod:RiskyBet"],"picked":"SKIP","floor":73},{"not_picked":["PokerPlayerMod:Fold+1","PokerPlayerMod:Trickery","PokerPlayerMod:Spade1"],"picked":"SKIP","floor":74},{"not_picked":["PokerPlayerMod:Heart4","PokerPlayerMod:CardBurn+1","PokerPlayerMod:SpadeStrike"],"picked":"SKIP","floor":79},{"not_picked":["PokerPlayerMod:Spade4","PokerPlayerMod:Fold","PokerPlayerMod:Club2"],"picked":"SKIP","floor":81},{"not_picked":["PokerPlayerMod:Club1","PokerPlayerMod:Diamond7"],"picked":"PokerPlayerMod:Diamond10+","floor":82},{"not_picked":["PokerPlayerMod:WasteCollection","PokerPlayerMod:RoyalStrike"],"picked":"PokerPlayerMod:Club8","floor":84},{"not_picked":["PokerPlayerMod:Spade1","PokerPlayerMod:Club1","PokerPlayerMod:Spade2"],"picked":"PokerPlayerMod:MagicTrick+1","floor":86},{"not_picked":["PokerPlayerMod:Diamond2","PokerPlayerMod:Heart2","PokerPlayerMod:Spade3"],"picked":"PokerPlayerMod:Raise","floor":87},{"not_picked":["PokerPlayerMod:Diamond1","PokerPlayerMod:Club3","PokerPlayerMod:Manipulation"],"picked":"PokerPlayerMod:DartThrow+1","floor":91},{"not_picked":["PokerPlayerMod:Heart4","PokerPlayerMod:Club5","PokerPlayerMod:Club3"],"picked":"PokerPlayerMod:Club10+","floor":92},{"not_picked":["PokerPlayerMod:Diamond5","PokerPlayerMod:Fold+1","PokerPlayerMod:MagicTrick+1"],"picked":"PokerPlayerMod:Diamond10+","floor":93},{"not_picked":["PokerPlayerMod:Spade2","PokerPlayerMod:Diamond4","PokerPlayerMod:DiamondStrike"],"picked":"PokerPlayerMod:Diamond8","floor":96},{"not_picked":["PokerPlayerMod:Heart2","PokerPlayerMod:Diamond1","PokerPlayerMod:Diamond4"],"picked":"PokerPlayerMod:Spade4","floor":97},{"not_picked":["PokerPlayerMod:Club2","PokerPlayerMod:Configure+1","PokerPlayerMod:Diamond2"],"picked":"PokerPlayerMod:FlyingCard+1","floor":99},{"not_picked":["PokerPlayerMod:Diamond6","PokerPlayerMod:Diamond1","PokerPlayerMod:Diamond2"],"picked":"PokerPlayerMod:Heart4","floor":105}],"player_experience":740365,"relics_obtained":[{"floor":6.0,"key":"Replay:Mystery Machine"},{"floor":8.0,"key":"War Paint"},{"floor":9.0,"key":"Simple Rune"},{"floor":11.0,"key":"CeramicFish"},{"floor":14.0,"key":"Art of War"},{"floor":19.0,"key":"Replay:Baseball"},{"floor":23.0,"key":"Sundial"},{"floor":23.0,"key":"ReplayFunnel"},{"floor":26.0,"key":"Blue Candle"},{"floor":30.0,"key":"ReplayTheSpireMod:Ring of Collecting"},{"floor":30.0,"key":"Ring of Misfortune"},{"floor":32.0,"key":"PokerPlayerMod:StuffedPocket"},{"floor":40.0,"key":"infinitespire:Lychee Nut"},{"floor":40.0,"key":"Nunchaku"},{"floor":43.0,"key":"ReplayTheSpireMod:Ring of Addiction"},{"floor":43.0,"key":"SacredBark"},{"floor":43.0,"key":"Chameleon Ring"},{"floor":48.0,"key":"Orichalcum"},{"floor":48.0,"key":"ReplayTheSpireMod:Lightbulb"},{"floor":58.0,"key":"Ancient Tea Set"},{"floor":58.0,"key":"Tiny Chest"},{"floor":60.0,"key":"Golden Egg"},{"floor":60.0,"key":"Ring of Greed"},{"floor":60.0,"key":"MealTicket"},{"floor":60.0,"key":"Replay:Bandana"},{"floor":65.0,"key":"Mango"},{"floor":65.0,"key":"Whetstone"},{"floor":68,"key":"Replay:Rubber Ducky"},{"floor":68,"key":"Pantograph"},{"floor":68,"key":"Lizard Tail"},{"floor":74,"key":"Grinning Jar"},{"floor":74,"key":"infinitespire:EmpoweringShard"},{"floor":77,"key":"Ring of Peace"},{"floor":77,"key":"Centennial Puzzle"},{"floor":78,"key":"Ring of Searing"},{"floor":78,"key":"infinitespire:Broken Mirror"},{"floor":83,"key":"PokerPlayerMod:Splitter"},{"floor":87,"key":"Unceasing Top"},{"floor":88,"key":"Vajra"},{"floor":88,"key":"Ring of Panic"},{"floor":91,"key":"Boot"},{"floor":91,"key":"infinitespire:Bottled Soul"},{"floor":93,"key":"Pen Nib"},{"floor":93,"key":"Toy Ornithopter"},{"floor":94,"key":"ReplayTheSpireMod:Ring of Exchange"},{"floor":94,"key":"CaptainsWheel"},{"floor":100,"key":"Bronze Scales"},{"floor":105,"key":"Oddly Smooth Stone"},{"floor":105,"key":"PokerPlayerMod:FairLicense"}],"event_choices":[{"damage_healed":0.0,"max_hp_gain":0.0,"max_hp_loss":0.0,"gold_gain":0.0,"event_name":"PokerPlayerMod:ExordiumClub","player_choice":"Jackpot","floor":2.0,"gold_loss":0.0,"damage_taken":0.0,"cards_obtained":["PokerPlayerMod:Club2","PokerPlayerMod:Club3","PokerPlayerMod:Club4","PokerPlayerMod:Club5","PokerPlayerMod:Club6"]},{"damage_healed":0.0,"max_hp_gain":0.0,"max_hp_loss":0.0,"gold_gain":0.0,"event_name":"PokerPlayerMod:ExordiumClub","player_choice":"Jackpot","floor":2.0,"gold_loss":0.0,"damage_taken":0.0,"cards_obtained":["PokerPlayerMod:Club2","PokerPlayerMod:Club3","PokerPlayerMod:Club4","PokerPlayerMod:Club5","PokerPlayerMod:Club6"]},{"damage_healed":0.0,"max_hp_gain":0.0,"max_hp_loss":0.0,"gold_gain":0.0,"event_name":"PokerPlayerMod:ExordiumClub","player_choice":"Jackpot","floor":2.0,"gold_loss":0.0,"damage_taken":0.0,"cards_obtained":["PokerPlayerMod:Club2","PokerPlayerMod:Club3","PokerPlayerMod:Club4","PokerPlayerMod:Club5","PokerPlayerMod:Club6"]},{"damage_healed":0.0,"max_hp_gain":0.0,"max_hp_loss":0.0,"gold_gain":0.0,"event_name":"PokerPlayerMod:ExordiumClub","player_choice":"Jackpot","floor":2.0,"gold_loss":0.0,"damage_taken":0.0,"cards_obtained":["PokerPlayerMod:Club2","PokerPlayerMod:Club3","PokerPlayerMod:Club4","PokerPlayerMod:Club5","PokerPlayerMod:Club6"]},{"damage_healed":0.0,"max_hp_gain":0.0,"max_hp_loss":0.0,"gold_gain":0.0,"event_name":"PokerPlayerMod:ExordiumClub","player_choice":"Jackpot","floor":2.0,"gold_loss":0.0,"damage_taken":0.0,"cards_obtained":["PokerPlayerMod:Club2","PokerPlayerMod:Club3","PokerPlayerMod:Club4","PokerPlayerMod:Club5","PokerPlayerMod:Club6"]},{"damage_healed":0.0,"max_hp_gain":0.0,"max_hp_loss":0.0,"gold_gain":0.0,"event_name":"Lab","player_choice":"Got Potions","floor":20.0,"gold_loss":0.0,"damage_taken":0.0},{"damage_healed":0.0,"max_hp_gain":0.0,"max_hp_loss":0.0,"gold_gain":99.0,"event_name":"Nest","player_choice":"Stole From Cult","floor":31.0,"gold_loss":0.0,"damage_taken":0.0},{"damage_healed":0.0,"max_hp_gain":0.0,"max_hp_loss":0.0,"gold_gain":0.0,"event_name":"SensoryStone","player_choice":"Memory 3","floor":37.0,"gold_loss":0.0,"damage_taken":10.0},{"damage_healed":0.0,"max_hp_gain":0.0,"max_hp_loss":0.0,"gold_gain":0.0,"event_name":"WeMeetAgain","player_choice":"Paid Gold","floor":38.0,"gold_loss":51.0,"damage_taken":0.0,"relics_obtained":["Blue Doll"]},{"damage_healed":0.0,"max_hp_gain":0.0,"max_hp_loss":0.0,"gold_gain":0.0,"event_name":"Match and Keep!","player_choice":"2 cards matched","floor":49.0,"gold_loss":0.0,"damage_taken":0.0,"cards_obtained":["PanicButton","PokerPlayerMod:Mulligan"]},{"damage_healed":0.0,"max_hp_gain":0.0,"max_hp_loss":0.0,"gold_gain":0.0,"event_name":"The Woman in Blue","player_choice":"Bought 0 Potions","floor":54.0,"gold_loss":0.0,"damage_taken":0.0},{"cards_removed":["Looming Evil"],"damage_healed":0.0,"max_hp_gain":0.0,"max_hp_loss":0.0,"gold_gain":0.0,"event_name":"Golden Wing","player_choice":"Card Removal","floor":56.0,"gold_loss":0.0,"damage_taken":7.0},{"damage_healed":0.0,"max_hp_gain":0.0,"max_hp_loss":0.0,"gold_gain":0.0,"event_name":"Scrap Ooze","player_choice":"Success","floor":64.0,"gold_loss":0.0,"damage_taken":7.0,"relics_obtained":["Dream Catcher"]},{"damage_healed":0,"gold_gain":0,"player_choice":"Obtained Relic","damage_taken":0,"relics_obtained":["Gremlin Food"],"max_hp_gain":0,"max_hp_loss":0,"event_name":"Addict","floor":75,"gold_loss":85},{"damage_healed":0,"gold_gain":0,"player_choice":"Fight","damage_taken":0,"max_hp_gain":0,"max_hp_loss":0,"event_name":"Mysterious Sphere","floor":87,"gold_loss":0},{"damage_healed":9,"gold_gain":0,"player_choice":"Writhe","damage_taken":0,"max_hp_gain":0,"max_hp_loss":0,"event_name":"Winding Halls","floor":89,"gold_loss":0,"cards_obtained":["Writhe"]},{"damage_healed":0,"gold_gain":0,"player_choice":"Damaged","damage_taken":3,"max_hp_gain":0,"max_hp_loss":0,"event_name":"Wheel of Change","floor":95,"gold_loss":0}],"is_beta":false,"boss_relics":[{"not_picked":["Empty Cage","infinitespire:Cupcake"],"picked":"Black Star"},{"not_picked":["Runic Dome","SlaversCollar"],"picked":"ChewingGum"},{"not_picked":["Abe\u0027s Treasure","Painkiller Herb"],"picked":"Replay:Ancient Bell"},{"not_picked":["Oddly Smooth Stone","Bag of Preparation"],"picked":"infinitespire:Satchel"},{"not_picked":["Quantum Egg","infinitespire:CheckeredPen"],"picked":"PokerPlayerMod:BottledPoker"},{"not_picked":["Incense Burner","Dead Branch"],"picked":"TungstenRod"},{"not_picked":["Painkiller Herb","Astrolabe"],"picked":"Replay:Grab Bag"},{"not_picked":["Fusion Hammer","Sozu"],"picked":"Replay:Wanted Poster"},{"not_picked":["infinitespire:Cupcake","Coffee Dripper"],"picked":"Cursed Key"},{"not_picked":["Snecko Eye","PokerPlayerMod:AceCard"],"picked":"Runic Pyramid"},{"not_picked":["ReplayTheSpireMod:SealedPack","Kintsugi"],"picked":"Calling Bell"},{"not_picked":["Pandora\u0027s Box","ReplayTheSpireMod:DimensionalGlitch"],"picked":"Honey Jar"}],"items_purged_floors":[70],"is_endless":false,"potions_floor_spawned":[1,8,13,14,16,18,22,24,33,35,42,47,52,67,69,71,73,84,87,93,97],"ascension_level":1}}