{"host":"q0qnzbgdx8oqogg9","time":1607729462,"event":{"mods":["BaseMod","Minty Spire (QoL Compilation)","Slay-I","StSLib"],"gold_per_floor":[210,10,29,29,44,379,391,425,425,425,442,442,467,449,449,449,449],"floor_reached":16,"playtime":616,"items_purged":["Strike_G"],"score":165,"play_id":"fc8af5ed-4d5b-4f03-b330-9455c2b69532","local_time":"20201211183102","is_ascension_mode":true,"campfire_choices":[{"floor":10.0,"key":"REST"},{"data":"Bouncing Flask","floor":15,"key":"SMITH"}],"circlet_count":0,"master_deck":["Strike_G","Strike_G","Strike_G","Strike_G","Defend_G","Defend_G","Defend_G","Defend_G","Defend_G","Survivor","Neutralize","All Out Attack","Deadly Poison","All Out Attack","Dash","Die Die Die","Dodge and Roll","Bouncing Flask+1","Calculated Gamble"],"relics":["Ring of the Snake","Old Coin","Ornamental Fan","Pantograph","HornCleat"],"acts_visited":["Exordium"],"potions_floor_usage":[],"damage_taken":[{"damage":3.0,"enemies":"2 Louse","floor":1.0,"turns":4.0},{"damage":1.0,"enemies":"Small Slimes","floor":3.0,"turns":2.0},{"damage":1.0,"enemies":"Cultist","floor":5.0,"turns":3.0},{"damage":14.0,"enemies":"3 Sentries","floor":6.0,"turns":8.0},{"damage":0.0,"enemies":"2 Fungi Beasts","floor":7.0,"turns":2.0},{"damage":38.0,"enemies":"Lagavulin","floor":8.0,"turns":10.0},{"damage":0.0,"enemies":"Exordium Wildlife","floor":11.0,"turns":4.0},{"damage":23.0,"enemies":"Gremlin Nob","floor":13.0,"turns":5.0},{"damage":0.0,"enemies":"Exordium Thugs","floor":14.0,"turns":5.0},{"damage":39,"enemies":"Slime Boss","floor":16,"turns":7}],"seed_played":"-3431718419589856300","potions_obtained":[{"floor":1.0,"key":"Energy Potion"},{"floor":3.0,"key":"SpeedPotion"},{"floor":5.0,"key":"SpeedPotion"},{"floor":8.0,"key":"Dexterity Potion"}],"is_trial":false,"path_per_floor":["M","$","M","?","M","E","M","E","T","R","M","?","E","M","R","B"],"character_chosen":"THE_SILENT","items_purchased":["Deadly Poison","All Out Attack"],"campfire_rested":1,"item_purchase_floors":[2,2],"current_hp_per_floor":[60,60,59,59,58,44,44,6,6,27,27,27,4,4,4,0,0],"gold":449,"neow_bonus":"HUNDRED_GOLD","is_daily":false,"chose_seed":false,"campfire_upgraded":1,"win_rate":0.0,"timestamp":1607729462,"path_taken":["M","$","M","?","M","E","M","E","T","R","M","?","E","M","R","BOSS"],"items_purchased_type":["Card","Card"],"build_version":"2020-11-30","purchased_purges":1,"victory":false,"max_hp_per_floor":[70,70,70,70,70,70,70,70,70,70,70,70,70,70,70,70,70],"card_choices":[{"not_picked":["PiercingWail","Slice"],"picked":"All Out Attack","floor":1.0},{"not_picked":["Heel Hook","All Out Attack","PiercingWail"],"picked":"SKIP","floor":3.0},{"not_picked":["Slice","Flying Knee"],"picked":"Dash","floor":5.0},{"not_picked":["Reflex","PiercingWail"],"picked":"Die Die Die","floor":6.0},{"not_picked":["Terror","Backflip"],"picked":"Dodge and Roll","floor":7.0},{"not_picked":["Blade Dance","Reflex","Catalyst"],"picked":"SKIP","floor":8.0},{"not_picked":["Dagger Spray","Concentrate","Dodge and Roll"],"picked":"SKIP","floor":11.0},{"not_picked":["Unload","Distraction"],"picked":"Bouncing Flask","floor":13.0},{"not_picked":["Flechettes","Endless Agony"],"picked":"Calculated Gamble","floor":14.0}],"player_experience":180506,"relics_obtained":[{"floor":6.0,"key":"Old Coin"},{"floor":8.0,"key":"Ornamental Fan"},{"floor":9.0,"key":"Pantograph"},{"floor":13.0,"key":"HornCleat"}],"event_choices":[{"damage_healed":0.0,"max_hp_gain":0.0,"max_hp_loss":0.0,"gold_gain":0.0,"event_name":"Liars Game","player_choice":"Ignored","floor":4.0,"gold_loss":0.0,"damage_taken":0.0},{"damage_healed":0.0,"max_hp_gain":0.0,"max_hp_loss":0.0,"gold_gain":0.0,"event_name":"The Woman in Blue","player_choice":"Bought 0 Potions","floor":12.0,"gold_loss":0.0,"damage_taken":0.0}],"is_beta":false,"boss_relics":[],"items_purged_floors":[2],"is_endless":false,"potions_floor_spawned":[1,3,5,8],"killed_by":"Slime Boss","ascension_level":7}}