{"host":"1bqbj1s4pyvm9utn","time":1607648520,"event":{"mods":["AchievementEnabler","Aspiration","Bard","BaseMod","Beaked The Cultist","Better Altar","Better Match","Better Note","Better Sensory Stone","Better Skull","Better Third Choice","BetterRewards","CCEM","Clawfect","Colored Map","Conspire","Downfall","GifTheSpireLib","Halation","Hermit","Highlight Path","Hubris","Humility","Infinite Spire","Jedi Mod","Jorbs\u0027s Wanderer Trilogy","Mad Scientist","Marisa????????","Mimic Mod","Minty Spire (QoL Compilation)","Permanent Neow","Replay The Spire","Shade Mod","Shop Mod","Spicy Shops","StSLib","Stuff the Spire","The Bug Knight","The Construct","The Cursed","The Disciple","The Gatherer","The Hierophant","The Jungle","The Mystic","The Necromancer","The Runesmith","The Servant 0.9.4","The Spell Scribe","The Witch","Unceasing Turn Reminder","everything is the same but u backflip on backflip","slay the spire mod where everything is the same but ironclad has a cowboy hat","vexMod"],"gold_per_floor":[116,116,133,148,103,83,83],"floor_reached":6,"playtime":791,"items_purged":[],"score":38,"play_id":"8afb4bad-8d96-4e11-9485-619ba652feb1","local_time":"20201210170200","is_ascension_mode":true,"campfire_choices":[],"circlet_count":0,"master_deck":["Strike_G","Strike_G","Strike_G","Strike_G","Strike_G","Defend_G","Defend_G","Defend_G","Defend_G","Defend_G","Survivor","Neutralize","SwitchThreat","jedi:unstablefumes","ReplayTheSpireMod:Speed Training","Draining Mist","StuffTheSpire:Injection"],"relics":["Ring of the Snake","Incense Burner","infinitespire:Lucky Rock"],"acts_visited":["Exordium"],"potions_floor_usage":[],"damage_taken":[{"damage":24,"enemies":"Jaw Worm","floor":1,"turns":10},{"damage":1,"enemies":"Cultist","floor":3,"turns":5},{"damage":10,"enemies":"Small Slimes","floor":4,"turns":6},{"damage":0,"enemies":"Looter","floor":5,"turns":4},{"damage":25,"enemies":"Gremlin Nob","floor":6,"turns":3}],"seed_played":"8364244427979376137","potions_obtained":[{"floor":4,"key":"sneckomod:MuddlingPotion"}],"is_trial":false,"path_per_floor":["M","?","M","M","M","E"],"character_chosen":"THE_SILENT","items_purchased":[],"campfire_rested":0,"item_purchase_floors":[],"current_hp_per_floor":[46,30,29,19,19,0,0],"gold":83,"neow_bonus":"ONE_RARE_RELIC","is_daily":false,"chose_seed":false,"campfire_upgraded":0,"win_rate":0.0,"timestamp":1607648520,"path_taken":["M","?","M","M","?","E"],"items_purchased_type":[],"build_version":"2020-11-30","purchased_purges":0,"victory":false,"max_hp_per_floor":[70,70,70,70,70,70,70],"card_choices":[{"not_picked":["Backflip","StuffTheSpire:BrimstoneBlast"],"picked":"jedi:unstablefumes","floor":1},{"not_picked":["Endless Agony","Dodge and Roll"],"picked":"ReplayTheSpireMod:Speed Training","floor":3},{"not_picked":["Blade Dance","StuffTheSpire:Python"],"picked":"Draining Mist","floor":4},{"not_picked":["StuffTheSpire:ClusterCrunch","All Out Attack"],"picked":"StuffTheSpire:Injection","floor":5}],"player_experience":763085,"relics_obtained":[],"event_choices":[{"damage_healed":0,"gold_gain":0,"player_choice":"RE ","damage_taken":18,"relics_obtained":["infinitespire:Lucky Rock"],"max_hp_gain":0,"max_hp_loss":0,"event_name":"betterSkull:BetterSkull","floor":2,"gold_loss":0,"cards_upgraded":[]}],"is_beta":false,"boss_relics":[],"items_purged_floors":[],"is_endless":false,"potions_floor_spawned":[4],"killed_by":"Gremlin Nob","ascension_level":1}}