{"host":"dvpvhz1t6etneyb3","time":1607706287,"event":{"mods":["AchievementEnabler","BaseMod","Colored Map","Highlight Path","Minty Spire (QoL Compilation)","Permanent Neow","Quick Restart"],"gold_per_floor":[215,233,233,244,244,244,269,62,88,119,19,39,71,81,81,154,154,167,179,179,179,189,189,20,20,20,53,68,68,86,116,116,193,193,211,6,6,6,6,36,36,36,36,68,68,79,0,27,27,27,27],"floor_reached":52,"playtime":2926,"items_purged":["Strike_R","Strike_R"],"score":2113,"play_id":"8d39a3bb-0869-419b-bd49-cc602c781d5e","local_time":"20201211120447","is_ascension_mode":true,"campfire_choices":[{"floor":6.0,"key":"REST"},{"data":"Inflame","floor":15.0,"key":"SMITH"},{"data":"True Grit","floor":23.0,"key":"SMITH"},{"floor":29.0,"key":"REST"},{"data":"Spot Weakness","floor":32.0,"key":"SMITH"},{"data":"Corruption","floor":41.0,"key":"SMITH"},{"data":"Body Slam","floor":45,"key":"SMITH"},{"data":"Offering","floor":49,"key":"SMITH"}],"circlet_count":0,"master_deck":["AscendersBane","Defend_R+1","Defend_R+1","Defend_R+1","Defend_R+1","Bash","Hemokinesis+1","Clothesline+1","Anger","Immolate","Impervious","Pummel","Inflame+1","Feel No Pain+1","Corruption+1","True Grit+1","Feel No Pain+1","True Grit+1","Shrug It Off","Dark Embrace+1","Spot Weakness+1","Body Slam+1","Impervious","CurseOfTheBell","Burning Pact","Feel No Pain+1","Demon Form+1","Violence","Shrug It Off+1","Feel No Pain+1","Inflame+1","Offering+1"],"relics":["Burning Blood","War Paint","Bronze Scales","Vajra","Question Card","Sozu","Nunchaku","Letter Opener","Prayer Wheel","Juzu Bracelet","Calling Bell","Happy Flower","Frozen Egg 2","Ice Cream","PreservedInsect","Calipers","Eternal Feather","StrikeDummy","Meat on the Bone","Centennial Puzzle"],"acts_visited":["Exordium","TheCity","TheBeyond"],"potions_floor_usage":[],"damage_taken":[{"damage":12.0,"enemies":"Jaw Worm","floor":1.0,"turns":4.0},{"damage":3.0,"enemies":"Cultist","floor":2.0,"turns":4.0},{"damage":2.0,"enemies":"2 Louse","floor":4.0,"turns":2.0},{"damage":29.0,"enemies":"3 Sentries","floor":7.0,"turns":7.0},{"damage":19.0,"enemies":"Lagavulin","floor":10.0,"turns":5.0},{"damage":2.0,"enemies":"Large Slime","floor":12.0,"turns":3.0},{"damage":8.0,"enemies":"Gremlin Nob","floor":13.0,"turns":4.0},{"damage":0.0,"enemies":"3 Louse","floor":14.0,"turns":1.0},{"damage":22.0,"enemies":"The Guardian","floor":16.0,"turns":9.0},{"damage":3.0,"enemies":"3 Byrds","floor":18.0,"turns":2.0},{"damage":12.0,"enemies":"Shell Parasite","floor":19.0,"turns":4.0},{"damage":14.0,"enemies":"Chosen and Byrds","floor":22.0,"turns":6.0},{"damage":55.0,"enemies":"Slavers","floor":27.0,"turns":6.0},{"damage":16.0,"enemies":"Shelled Parasite and Fungi","floor":28.0,"turns":4.0},{"damage":0.0,"enemies":"Cultist and Chosen","floor":30.0,"turns":6.0},{"damage":12.0,"enemies":"Book of Stabbing","floor":31.0,"turns":4.0},{"damage":44.0,"enemies":"Collector","floor":33.0,"turns":7.0},{"damage":42.0,"enemies":"3 Darklings","floor":35.0,"turns":5.0},{"damage":13.0,"enemies":"Nemesis","floor":40.0,"turns":5.0},{"damage":45,"enemies":"Reptomancer","floor":44,"turns":6},{"damage":2,"enemies":"3 Shapes","floor":46,"turns":3},{"damage":0,"enemies":"Nemesis","floor":48,"turns":9},{"damage":39,"enemies":"Time Eater","floor":50,"turns":5},{"damage":36,"enemies":"Donu and Deca","floor":51,"turns":4}],"seed_played":"-79829113687062190","potions_obtained":[{"floor":1.0,"key":"AttackPotion"},{"floor":4.0,"key":"Explosive Potion"},{"floor":10.0,"key":"Energy Potion"},{"floor":14.0,"key":"SkillPotion"},{"floor":16.0,"key":"Block Potion"}],"is_trial":false,"path_per_floor":["M","M","?","M","?","R","E","$","T","E","$","M","E","M","R","B",null,"M","M","?","?","M","R","$","?","T","E","M","R","M","E","R","B",null,"M","$","?","?","?","E","R","?","T","E","R","M","$","E","R","B","B",null],"character_chosen":"IRONCLAD","items_purchased":["Immolate","BloodPotion","Nunchaku","Burning Pact","PreservedInsect","Inflame+1"],"campfire_rested":2,"item_purchase_floors":[8,8,24,36,36,47],"current_hp_per_floor":[62,65,65,69,46,68,45,45,45,32,32,36,34,40,40,24,62,68,65,65,65,60,60,60,60,60,11,20,46,55,49,49,14,73,37,37,37,103,103,96,103,98,98,59,74,78,78,84,102,69,51],"gold":27,"neow_bonus":"HUNDRED_GOLD","is_daily":false,"chose_seed":false,"campfire_upgraded":6,"win_rate":0.0,"timestamp":1607706287,"path_taken":["M","M","?","?","?","R","E","$","T","E","$","M","E","M","R","BOSS","M","M","?","?","M","R","$","?","T","E","M","R","M","E","R","BOSS","M","$","?","?","?","E","R","?","T","E","R","M","$","E","R","BOSS","BOSS"],"items_purchased_type":["Card","Potion","Relic","Card","Relic","Card"],"build_version":"2020-11-30","purchased_purges":2,"victory":true,"max_hp_per_floor":[75,75,75,75,75,75,75,75,75,75,75,75,75,75,75,75,75,78,81,81,81,84,84,84,84,84,84,87,87,90,90,90,93,93,93,93,93,103,103,103,103,103,103,103,103,103,103,103,103,103,103],"card_choices":[{"not_picked":["Havoc","Clash"],"picked":"Hemokinesis","floor":1.0},{"not_picked":["Shrug It Off","Havoc","Combust"],"picked":"SKIP","floor":2.0},{"not_picked":["Shrug It Off","Havoc","Combust"],"picked":"SKIP","floor":2.0},{"not_picked":["Metallicize","Flex"],"picked":"Clothesline","floor":4.0},{"not_picked":["Berserk","Flex"],"picked":"Anger","floor":7.0},{"not_picked":["Anger","Wild Strike","Body Slam"],"picked":"SKIP","floor":10.0},{"not_picked":["Heavy Blade","Intimidate"],"picked":"Impervious","floor":12.0},{"not_picked":["Headbutt","Whirlwind"],"picked":"Pummel","floor":13.0},{"not_picked":["Perfected Strike","Twin Strike","Burning Pact"],"picked":"Inflame","floor":14.0},{"not_picked":["Brutality","Impervious","Berserk"],"picked":"Feed","floor":16.0},{"not_picked":["Warcry","Pommel Strike","Sever Soul","Twin Strike"],"picked":"SKIP","floor":18.0},{"not_picked":["Pommel Strike","Headbutt","True Grit"],"picked":"Feel No Pain+1","floor":19.0},{"not_picked":["Blood for Blood","Hemokinesis","Infernal Blade"],"picked":"Feel No Pain+1","floor":22.0},{"not_picked":["Flex","Warcry","Pummel"],"picked":"True Grit+1","floor":27.0},{"not_picked":["Limit Break","Flame Barrier","Headbutt"],"picked":"Shrug It Off","floor":28.0},{"not_picked":["Cleave","Searing Blow","Anger"],"picked":"Dark Embrace+1","floor":28.0},{"not_picked":["Body Slam","Anger","Sentinel"],"picked":"Spot Weakness","floor":30.0},{"not_picked":["Pommel Strike","Dual Wield","Anger","Armaments"],"picked":"SKIP","floor":30.0},{"not_picked":["Body Slam","Brutality","Second Wind+1","True Grit"],"picked":"SKIP","floor":31.0},{"not_picked":["Brutality","Second Wind+1","True Grit"],"picked":"Body Slam","floor":31.0},{"not_picked":["Corruption","Feed","Juggernaut"],"picked":"Impervious","floor":33.0},{"not_picked":["Intimidate","Heavy Blade","Shrug It Off"],"picked":"Body Slam+1","floor":35.0},{"not_picked":["Dual Wield","Flex","Cleave","Sentinel"],"picked":"SKIP","floor":35.0},{"not_picked":["Evolve+1","Hemokinesis","Shrug It Off"],"picked":"Demon Form+1","floor":40.0},{"not_picked":["Swift Strike","Deep Breath","Blind"],"picked":"Violence","floor":42.0},{"not_picked":["Dual Wield","Wild Strike+1","Sever Soul+1"],"picked":"Shrug It Off+1","floor":44},{"not_picked":["Clash","Warcry+1","Sentinel"],"picked":"Feel No Pain+1","floor":46},{"not_picked":["Body Slam","Perfected Strike","Searing Blow","Iron Wave+1"],"picked":"SKIP","floor":46},{"not_picked":["Dark Embrace+1","Metallicize+1","Twin Strike"],"picked":"Offering","floor":48}],"player_experience":1821628,"relics_obtained":[{"floor":7.0,"key":"War Paint"},{"floor":9.0,"key":"Bronze Scales"},{"floor":10.0,"key":"Vajra"},{"floor":13.0,"key":"Question Card"},{"floor":26.0,"key":"Letter Opener"},{"floor":27.0,"key":"Prayer Wheel"},{"floor":31.0,"key":"Juzu Bracelet"},{"floor":34.0,"key":"Happy Flower"},{"floor":34.0,"key":"Frozen Egg 2"},{"floor":34.0,"key":"Ice Cream"},{"floor":40.0,"key":"Eternal Feather"},{"floor":43.0,"key":"StrikeDummy"},{"floor":44,"key":"Meat on the Bone"},{"floor":48,"key":"Centennial Puzzle"}],"event_choices":[{"cards_removed":["Strike_R"],"damage_healed":0.0,"max_hp_gain":0.0,"max_hp_loss":0.0,"gold_gain":0.0,"event_name":"Purifier","player_choice":"Purged","floor":3.0,"gold_loss":0.0,"damage_taken":0.0},{"damage_healed":0.0,"max_hp_gain":0.0,"max_hp_loss":0.0,"gold_gain":0.0,"event_name":"Shining Light","player_choice":"Entered Light","floor":5.0,"gold_loss":0.0,"damage_taken":23.0,"cards_upgraded":["Clothesline","Hemokinesis"]},{"damage_healed":0.0,"max_hp_gain":0.0,"max_hp_loss":0.0,"gold_gain":0.0,"cards_transformed":["Strike_R","Strike_R"],"event_name":"Drug Dealer","player_choice":"Became Test Subject","floor":20.0,"gold_loss":0.0,"damage_taken":0.0,"cards_obtained":["Corruption","True Grit"]},{"damage_healed":0.0,"max_hp_gain":0.0,"max_hp_loss":0.0,"gold_gain":0.0,"event_name":"Back to Basics","player_choice":"Simplicity","floor":21.0,"gold_loss":0.0,"damage_taken":0.0,"cards_upgraded":["Defend_R","Defend_R"]},{"cards_removed":["Body Slam"],"damage_healed":0.0,"max_hp_gain":0.0,"max_hp_loss":0.0,"gold_gain":0.0,"event_name":"WeMeetAgain","player_choice":"Gave Card","floor":37.0,"gold_loss":0.0,"damage_taken":0.0,"relics_obtained":["Calipers"]},{"cards_removed":["Feed"],"damage_healed":56.0,"max_hp_gain":10.0,"max_hp_loss":0.0,"gold_gain":0.0,"event_name":"Bonfire Elementals","player_choice":"Offered Rare","floor":38.0,"gold_loss":0.0,"damage_taken":0.0},{"damage_healed":0.0,"max_hp_gain":0.0,"max_hp_loss":0.0,"gold_gain":0.0,"event_name":"Duplicator","player_choice":"Copied","floor":39.0,"gold_loss":0.0,"damage_taken":0.0,"cards_obtained":["Feel No Pain"]},{"damage_healed":0.0,"max_hp_gain":0.0,"max_hp_loss":0.0,"gold_gain":0.0,"event_name":"SensoryStone","player_choice":"Memory 2","floor":42.0,"gold_loss":0.0,"damage_taken":5.0}],"is_beta":false,"boss_relics":[{"not_picked":["SlaversCollar","Pandora\u0027s Box"],"picked":"Sozu"},{"not_picked":["Runic Cube","Velvet Choker"],"picked":"Calling Bell"}],"items_purged_floors":[8,11],"is_endless":false,"potions_floor_spawned":[1,4,10,14,16,18,19,28,35,40,48],"ascension_level":20}}