{"host":"okbt03weh3qrqoj9","time":1607657041,"event":{"mods":["Abigail Mod","AchievementEnabler","Act Like it!","BaseMod","Better Altar","Better Skull","Better Third Choice","CapriCore","Chen","Colored Powertips","Defuse TimeMaze Blight","Dio Mod","Dota2Spire","Ekko","Energized Spire","Gensokyo","GungeonMod","Hermit","KinomotoSakuraMod(????)","Koishi","Lobotomy","LobotomyExtend","Mari Mod (Legacy)","Mari\u0027s V1 Patch","Marisa????????","Minty Spire (QoL Compilation)","MostiFishMod","Pale of the Ancients","Prisma Mod","Reimu??????","SCP261 Mod","Slumbering Mod","StSLib","The Bladedancer","The Bug Knight","The Fake Hero","The Hayseed","The Immortal","The Jungle","The Showman","The Wild Card","TheBandit","Trackpad","Treasure Hunter","Wandering Minibosses","???????????mod"],"gold_per_floor":[109,122,122,122,70,70,70,96,172,190,223,235,247,259,259,357,357,368,368,378,397,414,446,446,70,119,119,138,168,182,215,215,313,313,326,326,69,69,89,119,419,436,436,52,65,80,109,119,119,119],"floor_reached":51,"playtime":3562,"items_purged":["ekkoTheBoyWhoShatteredTime:Defend","ekkoTheBoyWhoShatteredTime:Defend"],"score":1131,"play_id":"4c18b925-8f0f-4af1-8f84-8fb730d92935","local_time":"20201210222401","is_ascension_mode":false,"campfire_choices":[{"floor":15.0,"key":"RECALL"},{"floor":24.0,"key":"REST"},{"floor":32,"key":"REST"},{"data":"ekkoTheBoyWhoShatteredTime:GuinsoosRageblade","floor":49,"key":"SMITH"}],"circlet_count":0,"master_deck":["ekkoTheBoyWhoShatteredTime:Strike","ekkoTheBoyWhoShatteredTime:Strike","ekkoTheBoyWhoShatteredTime:Strike","ekkoTheBoyWhoShatteredTime:Strike","ekkoTheBoyWhoShatteredTime:Strike","ekkoTheBoyWhoShatteredTime:Defend","ekkoTheBoyWhoShatteredTime:TimeMaster","ekkoTheBoyWhoShatteredTime:ProjectPreference+1","ekkoTheBoyWhoShatteredTime:SpHit","ekkoTheBoyWhoShatteredTime:Dash","ekkoTheBoyWhoShatteredTime:SneakHit","ekkoTheBoyWhoShatteredTime:Dash+1","ekkoTheBoyWhoShatteredTime:AfterimageTease","TH:Mimic","ekkoTheBoyWhoShatteredTime:MicCheck","TH:CopperCoins","ekkoTheBoyWhoShatteredTime:Periocharge","TH:DeckOfManyThings","ekkoTheBoyWhoShatteredTime:Greed","ekkoTheBoyWhoShatteredTime:Overflow","ekkoTheBoyWhoShatteredTime:SpHit","ekkoTheBoyWhoShatteredTime:AfterimageTease","TH:CopperCoins","ekkoTheBoyWhoShatteredTime:Unleashed","ekkoTheBoyWhoShatteredTime:Dash+1","ekkoTheBoyWhoShatteredTime:CommittedStrike+1","ekkoTheBoyWhoShatteredTime:Backtrack","ekkoTheBoyWhoShatteredTime:QuickBreak","TH:BikiniMail","ekkoTheBoyWhoShatteredTime:Timewinder+1","ekkoTheBoyWhoShatteredTime:PulsefirePooling+1","TH:BikiniMail","ekkoTheBoyWhoShatteredTime:Acceleration+1","TH:Mimic","ekkoTheBoyWhoShatteredTime:ComeAtMe+1","ekkoTheBoyWhoShatteredTime:SneakHit","TH:BikiniMail","ekkoTheBoyWhoShatteredTime:Acceleration","TH:ElvenBoots","ekkoTheBoyWhoShatteredTime:GuinsoosRageblade+1","ekkoTheBoyWhoShatteredTime:AfterimageSetup+1","Madness","Madness","ekkoTheBoyWhoShatteredTime:DelayedWork","ekkoTheBoyWhoShatteredTime:IcebornGauntlet","TH:BikiniMail","ekkoTheBoyWhoShatteredTime:Timewinder","ekkoTheBoyWhoShatteredTime:AfterimageTease+1","TH:EnergyPotion","ekkoTheBoyWhoShatteredTime:QuickBreak","ekkoTheBoyWhoShatteredTime:AfterimageHit+1","ekkoTheBoyWhoShatteredTime:HauntingGuise+1","TH:CopperCoins","ekkoTheBoyWhoShatteredTime:Chronobreak","ekkoTheBoyWhoShatteredTime:LichBane"],"relics":["ekkoTheBoyWhoShatteredTime:zDriveResonance","DaveBox","BirthdayGift-Tetrahedron","Question Card","LetterFromLob","Gensokyo:NagashiBinaDoll","DemoMod:Antibody","ThornShield","ImportantClient","SlaversCollar","theSlumbering:GlassShield","Bottled Flame","War Paint","Strawberry","DemoMod:JetPack","PatriotShield","Omamori","Centennial Puzzle","trackpad:RapidFire","TungstenRod","TH:HealthInsurance","Dota2Spire:DrumOfEndurance"],"acts_visited":["Exordium","Gensokyo:Gensokyo","TheBeyond"],"potions_floor_usage":[33,51],"damage_taken":[{"damage":3.0,"enemies":"Gensokyo:3_Fairies","floor":1.0,"turns":2.0},{"damage":1.0,"enemies":"Gensokyo:2_Kodama","floor":2.0,"turns":1.0},{"damage":3.0,"enemies":"Gensokyo:Aya","floor":8.0,"turns":2.0},{"damage":2.0,"enemies":"Gensokyo:Python","floor":10.0,"turns":2.0},{"damage":8.0,"enemies":"Gensokyo:Cirno","floor":11.0,"turns":4.0},{"damage":2.0,"enemies":"Gensokyo:CorruptedTreant","floor":12.0,"turns":2.0},{"damage":14.0,"enemies":"Gensokyo:Gryphon_and_Rabbit","floor":13.0,"turns":3.0},{"damage":2.0,"enemies":"Gensokyo:LivingMonolith","floor":14.0,"turns":2.0},{"damage":12.0,"enemies":"Gensokyo:Yukari","floor":16.0,"turns":5.0},{"damage":4.0,"enemies":"Gensokyo:2_Gloops","floor":18.0,"turns":3.0},{"damage":33.0,"enemies":"Gensokyo:AngelMirror","floor":20.0,"turns":2.0},{"damage":5.0,"enemies":"Gensokyo:Swordslinger","floor":21.0,"turns":3.0},{"damage":22.0,"enemies":"Gensokyo:Mirror_and_Dog","floor":22.0,"turns":3.0},{"damage":4.0,"enemies":"Gensokyo:Reisen","floor":23.0,"turns":3.0},{"damage":13.0,"enemies":"Gensokyo:Slime_Group","floor":28.0,"turns":2.0},{"damage":4.0,"enemies":"Gensokyo:Koishi","floor":29.0,"turns":3.0},{"damage":3.0,"enemies":"Gensokyo:Swordslinger","floor":30.0,"turns":2.0},{"damage":5,"enemies":"Gensokyo:Reisen","floor":31,"turns":3},{"damage":22,"enemies":"Gensokyo:Eternal_Rivals","floor":33,"turns":8},{"damage":2,"enemies":"3 Darklings","floor":35,"turns":2},{"damage":0,"enemies":"Orb Walker","floor":39,"turns":1},{"damage":4,"enemies":"Nemesis","floor":40,"turns":3},{"damage":2,"enemies":"Spire Growth","floor":42,"turns":2},{"damage":0,"enemies":"Jaw Worm Horde","floor":45,"turns":3},{"damage":0,"enemies":"Transient","floor":46,"turns":5},{"damage":0,"enemies":"Giant Head","floor":47,"turns":4},{"damage":0,"enemies":"Maw","floor":48,"turns":2},{"damage":3,"enemies":"Awakened One","floor":50,"turns":4},{"damage":0,"enemies":"Malkuth","floor":51,"turns":2},{"damage":0,"enemies":"Yesod","floor":51,"turns":4},{"damage":95,"enemies":"Tiphereth","floor":51,"turns":8},{"damage":0,"enemies":"Binah","floor":51,"turns":6},{"damage":45,"enemies":"Angela","floor":51,"turns":2}],"seed_played":"-8962736794623900765","potions_obtained":[{"floor":2.0,"key":"DemoMod:LeadSkinPotion"},{"floor":8.0,"key":"SCP261:ClockworkPotion"},{"floor":10.0,"key":"Dexterity Potion"},{"floor":22.0,"key":"DuplicationPotion"},{"floor":23.0,"key":"SCP261:BlastolaColaPotion"},{"floor":30.0,"key":"AttackPotion"},{"floor":39,"key":"PowerPotion"}],"is_trial":false,"path_per_floor":["M","M","?","?","$","?","?","E","T","M","E","M","M","M","R","B",null,"M","?","M","M","M","E","R","$","T","?","M","E","M","E","R","B",null,"M","?","$","?","M","E","?","M","T","$","M","M","E","M","R","B",null],"character_chosen":"EKKO_THE_BOY_WHO_SHATTERED_TIME","items_purchased":["ekkoTheBoyWhoShatteredTime:SneakHit","Bottled Flame","ekkoTheBoyWhoShatteredTime:PulsefirePooling","ekkoTheBoyWhoShatteredTime:DelayedWork","Omamori","TungstenRod","TH:HealthInsurance","ekkoTheBoyWhoShatteredTime:QuickBreak"],"campfire_rested":2,"item_purchase_floors":[5,25,25,37,37,44,44,44],"current_hp_per_floor":[68,67,67,71,71,71,71,68,68,66,58,56,42,40,40,28,71,67,67,34,29,7,3,45,45,45,45,32,42,39,34,78,57,78,76,66,66,66,66,62,62,60,60,60,60,60,60,60,60,57],"gold":78,"neow_bonus":"THREE_RARE_CARDS","is_daily":false,"chose_seed":false,"campfire_upgraded":1,"win_rate":0.0,"timestamp":1607657041,"path_taken":["M","M","?","?","$","?","?","E","T","?","E","M","M","M","R","BOSS","M","?","M","M","M","E","R","$","T","?","M","E","M","E","R","BOSS","M","?","$","?","?","E","?","M","T","$","?","M","E","M","R","BOSS"],"items_purchased_type":["Card","Relic","Card","Card","Relic","Relic","Relic","Card"],"build_version":"2020-11-30","purchased_purges":2,"victory":true,"max_hp_per_floor":[71,71,71,71,71,71,71,71,71,71,71,71,71,71,71,71,71,71,71,71,71,71,71,71,71,71,71,71,78,78,78,78,78,78,78,78,78,78,78,78,78,78,78,78,78,78,78,78,78,78],"card_choices":[{"not_picked":["ekkoTheBoyWhoShatteredTime:ZhonyasHourglass","ekkoTheBoyWhoShatteredTime:PulsefirePooling"],"picked":"ekkoTheBoyWhoShatteredTime:ProjectPreference","floor":0.0},{"not_picked":["ekkoTheBoyWhoShatteredTime:Leap","ekkoTheBoyWhoShatteredTime:KeepingMomentum"],"picked":"ekkoTheBoyWhoShatteredTime:SpHit","floor":1.0},{"not_picked":["ekkoTheBoyWhoShatteredTime:WideSlice","ekkoTheBoyWhoShatteredTime:Discharge","ekkoTheBoyWhoShatteredTime:TimeRecall"],"picked":"ekkoTheBoyWhoShatteredTime:Dash","floor":2.0},{"not_picked":["ekkoTheBoyWhoShatteredTime:KneeNSwordCombo","ekkoTheBoyWhoShatteredTime:FeelIt","ekkoTheBoyWhoShatteredTime:FluidEnergy"],"picked":"ekkoTheBoyWhoShatteredTime:Dash","floor":7.0},{"not_picked":["ekkoTheBoyWhoShatteredTime:ComeAtMe","ekkoTheBoyWhoShatteredTime:WideSlice","ekkoTheBoyWhoShatteredTime:NaggingBlow"],"picked":"ekkoTheBoyWhoShatteredTime:AfterimageTease","floor":7.0},{"not_picked":["TH:EnergyPotion","TH:PixieDust"],"picked":"TH:Mimic","floor":8.0},{"not_picked":["ekkoTheBoyWhoShatteredTime:NashorsTooth","ekkoTheBoyWhoShatteredTime:Resocharge","ekkoTheBoyWhoShatteredTime:WaitForKeyTiming"],"picked":"ekkoTheBoyWhoShatteredTime:MicCheck","floor":8.0},{"not_picked":["TH:TreasureMap","TH:ArmorSpikes"],"picked":"TH:CopperCoins","floor":9.0},{"not_picked":["ekkoTheBoyWhoShatteredTime:HauntingGuise","ekkoTheBoyWhoShatteredTime:NashorsTooth","ekkoTheBoyWhoShatteredTime:FeelIt"],"picked":"ekkoTheBoyWhoShatteredTime:Periocharge","floor":10.0},{"not_picked":["TH:ArmorSpikes","TH:CopperCoins"],"picked":"TH:DeckOfManyThings","floor":11.0},{"not_picked":["ekkoTheBoyWhoShatteredTime:Dash","ekkoTheBoyWhoShatteredTime:NaggingBlow","ekkoTheBoyWhoShatteredTime:ComeAtMe"],"picked":"ekkoTheBoyWhoShatteredTime:Greed","floor":11.0},{"not_picked":["ekkoTheBoyWhoShatteredTime:Vibin","ekkoTheBoyWhoShatteredTime:NeedlesslyLargeRod","ekkoTheBoyWhoShatteredTime:TimeRecall"],"picked":"ekkoTheBoyWhoShatteredTime:Overflow","floor":12.0},{"not_picked":["ekkoTheBoyWhoShatteredTime:PlayTheBeat","ekkoTheBoyWhoShatteredTime:Dash","ekkoTheBoyWhoShatteredTime:LoadUp"],"picked":"ekkoTheBoyWhoShatteredTime:SpHit","floor":13.0},{"not_picked":["ekkoTheBoyWhoShatteredTime:IceBreak","ekkoTheBoyWhoShatteredTime:LoadUp","ekkoTheBoyWhoShatteredTime:NeedlesslyLargeRod"],"picked":"ekkoTheBoyWhoShatteredTime:AfterimageTease","floor":14.0},{"not_picked":["TH:CursedSword","TH:TreasureMap"],"picked":"TH:CopperCoins","floor":16.0},{"not_picked":["ekkoTheBoyWhoShatteredTime:OverloadingWeapon","ekkoTheBoyWhoShatteredTime:TimeIndustry","ekkoTheBoyWhoShatteredTime:TrickOrTreatTrend"],"picked":"ekkoTheBoyWhoShatteredTime:Unleashed","floor":16.0},{"not_picked":["ekkoTheBoyWhoShatteredTime:Knowledge","ekkoTheBoyWhoShatteredTime:Disturblast","ekkoTheBoyWhoShatteredTime:WideSlice"],"picked":"ekkoTheBoyWhoShatteredTime:Dash+1","floor":18.0},{"not_picked":["ekkoTheBoyWhoShatteredTime:PlayTheBeat+1","ekkoTheBoyWhoShatteredTime:AfterimageBait","ekkoTheBoyWhoShatteredTime:AfterimageHit"],"picked":"ekkoTheBoyWhoShatteredTime:CommittedStrike+1","floor":20.0},{"not_picked":["ekkoTheBoyWhoShatteredTime:AfterimageTimeWrap","ekkoTheBoyWhoShatteredTime:NaggingBlow","ekkoTheBoyWhoShatteredTime:Greed"],"picked":"ekkoTheBoyWhoShatteredTime:Backtrack","floor":21.0},{"not_picked":["ekkoTheBoyWhoShatteredTime:Powered","ekkoTheBoyWhoShatteredTime:SneakHit","ekkoTheBoyWhoShatteredTime:SpHit"],"picked":"ekkoTheBoyWhoShatteredTime:QuickBreak","floor":22.0},{"not_picked":["TH:ElvenBoots","TH:TreasureMap"],"picked":"TH:BikiniMail","floor":23.0},{"not_picked":["ekkoTheBoyWhoShatteredTime:KeepingMomentum+1","ekkoTheBoyWhoShatteredTime:WaitForKeyTiming","ekkoTheBoyWhoShatteredTime:QuickBreak"],"picked":"ekkoTheBoyWhoShatteredTime:Timewinder+1","floor":23.0},{"not_picked":["TH:EnergyPotion","TH:ElvenBoots"],"picked":"TH:BikiniMail","floor":26.0},{"not_picked":["ekkoTheBoyWhoShatteredTime:Greed","ekkoTheBoyWhoShatteredTime:Knowledge+1","ekkoTheBoyWhoShatteredTime:SneakHit"],"picked":"ekkoTheBoyWhoShatteredTime:Acceleration+1","floor":28.0},{"not_picked":["TH:PixieDust","TH:DeckOfManyThings"],"picked":"TH:Mimic","floor":29.0},{"not_picked":["ekkoTheBoyWhoShatteredTime:Discharge","ekkoTheBoyWhoShatteredTime:NeedlesslyLargeRod+1","ekkoTheBoyWhoShatteredTime:HailOfBlades"],"picked":"ekkoTheBoyWhoShatteredTime:ComeAtMe+1","floor":29.0},{"not_picked":["ekkoTheBoyWhoShatteredTime:AfterimageTease+1","ekkoTheBoyWhoShatteredTime:MicCheck+1","ekkoTheBoyWhoShatteredTime:NaggingBlow"],"picked":"ekkoTheBoyWhoShatteredTime:SneakHit","floor":30.0},{"not_picked":["TH:PixieDust","TH:CursedSword"],"picked":"TH:BikiniMail","floor":31},{"not_picked":["ekkoTheBoyWhoShatteredTime:QuickBreak","ekkoTheBoyWhoShatteredTime:HauntingGuise+1","ekkoTheBoyWhoShatteredTime:ItemsAfterimage"],"picked":"ekkoTheBoyWhoShatteredTime:Acceleration","floor":31},{"not_picked":["TH:CursedSword","TH:ArmorSpikes"],"picked":"TH:ElvenBoots","floor":33},{"not_picked":["ekkoTheBoyWhoShatteredTime:TrinityForce","ekkoTheBoyWhoShatteredTime:PulsefirePooling","ekkoTheBoyWhoShatteredTime:TimeIndustry"],"picked":"ekkoTheBoyWhoShatteredTime:GuinsoosRageblade","floor":33},{"not_picked":["ekkoTheBoyWhoShatteredTime:Backtrack","ekkoTheBoyWhoShatteredTime:LichBane","ekkoTheBoyWhoShatteredTime:TimeRecall"],"picked":"ekkoTheBoyWhoShatteredTime:AfterimageSetup+1","floor":35},{"not_picked":["ekkoTheBoyWhoShatteredTime:AfterimageSetup","ekkoTheBoyWhoShatteredTime:SpHit+1","ekkoTheBoyWhoShatteredTime:HauntedAfterimage+1"],"picked":"ekkoTheBoyWhoShatteredTime:IcebornGauntlet","floor":39},{"not_picked":["TH:CursedSword","TH:ArmorSpikes"],"picked":"TH:BikiniMail","floor":40},{"not_picked":["ekkoTheBoyWhoShatteredTime:MicCheck","ekkoTheBoyWhoShatteredTime:Leap","ekkoTheBoyWhoShatteredTime:NaggingBlow+1"],"picked":"ekkoTheBoyWhoShatteredTime:Timewinder","floor":40},{"not_picked":["ekkoTheBoyWhoShatteredTime:AfterimageHit","ekkoTheBoyWhoShatteredTime:WideSlice","ekkoTheBoyWhoShatteredTime:TimeRecall+1"],"picked":"ekkoTheBoyWhoShatteredTime:AfterimageTease+1","floor":42},{"not_picked":["TH:BikiniMail","TH:CopperCoins"],"picked":"TH:EnergyPotion","floor":43},{"not_picked":["ekkoTheBoyWhoShatteredTime:WaitForKeyTiming+1","ekkoTheBoyWhoShatteredTime:QuickBreak","ekkoTheBoyWhoShatteredTime:Vibin+1"],"picked":"ekkoTheBoyWhoShatteredTime:AfterimageHit+1","floor":45},{"not_picked":["ekkoTheBoyWhoShatteredTime:AfterimageHit","ekkoTheBoyWhoShatteredTime:Dash+1","ekkoTheBoyWhoShatteredTime:SpHit"],"picked":"ekkoTheBoyWhoShatteredTime:HauntingGuise+1","floor":46},{"not_picked":["TH:Mimic","TH:BikiniMail"],"picked":"TH:CopperCoins","floor":47},{"not_picked":["ekkoTheBoyWhoShatteredTime:Discharge","ekkoTheBoyWhoShatteredTime:AfterimageTease+1","ekkoTheBoyWhoShatteredTime:Confident+1"],"picked":"ekkoTheBoyWhoShatteredTime:Chronobreak","floor":47},{"not_picked":["ekkoTheBoyWhoShatteredTime:ParallelConvergence+1","ekkoTheBoyWhoShatteredTime:PhaseDive","ekkoTheBoyWhoShatteredTime:HailOfBlades+1"],"picked":"ekkoTheBoyWhoShatteredTime:LichBane","floor":48}],"player_experience":392571,"relics_obtained":[{"floor":1.0,"key":"Question Card"},{"floor":1.0,"key":"LetterFromLob"},{"floor":8.0,"key":"DemoMod:Antibody"},{"floor":11.0,"key":"ThornShield"},{"floor":16.0,"key":"ImportantClient"},{"floor":23.0,"key":"theSlumbering:GlassShield"},{"floor":26.0,"key":"War Paint"},{"floor":29.0,"key":"Strawberry"},{"floor":31,"key":"DemoMod:JetPack"},{"floor":40,"key":"Centennial Puzzle"},{"floor":43,"key":"trackpad:RapidFire"},{"floor":47,"key":"Dota2Spire:DrumOfEndurance"}],"event_choices":[{"damage_healed":0,"gold_gain":0,"player_choice":"Embrace Madness","damage_taken":10,"max_hp_gain":0,"max_hp_loss":0,"event_name":"Winding Halls","floor":36,"gold_loss":0,"cards_obtained":["Madness","Madness"]},{"damage_healed":0,"gold_gain":0,"player_choice":"Upgraded","damage_taken":0,"max_hp_gain":0,"max_hp_loss":0,"event_name":"Upgrade Shrine","floor":38,"gold_loss":0,"cards_upgraded":["ekkoTheBoyWhoShatteredTime:ProjectPreference"]},{"damage_healed":0,"gold_gain":300,"player_choice":"Gold","damage_taken":0,"max_hp_gain":0,"max_hp_loss":0,"event_name":"Wheel of Change","floor":41,"gold_loss":0}],"is_beta":false,"boss_relics":[{"not_picked":["energizedSpire:NeverEndingSparkler","GreenFoldingFan"],"picked":"SlaversCollar"},{"not_picked":["BirthdayGift-Icosahedron","ekkoTheBoyWhoShatteredTime:zDriveGreediness"],"picked":"PatriotShield"}],"items_purged_floors":[25,37],"is_endless":false,"potions_floor_spawned":[2,8,10,18,22,23,29,30,39,45,48],"ascension_level":0}}