{"host":"5trcja4hacd149zc","time":1607659088,"event":{"mods":["BaseMod","Colored Map","Minty Spire (QoL Compilation)","Relic Stats"],"gold_per_floor":[113,132,132,197,9,9,42,61,109,145,145,159,159,183,183,183,183],"floor_reached":16,"playtime":325,"items_purged":[],"score":270,"play_id":"056562ae-623d-44eb-940d-d8666c59b5c8","local_time":"20201210215808","is_ascension_mode":true,"campfire_choices":[{"data":"Fission","floor":6,"key":"SMITH"},{"data":"Ball Lightning","floor":11,"key":"SMITH"},{"data":"Compile Driver","floor":13,"key":"SMITH"},{"floor":15,"key":"REST"}],"circlet_count":0,"master_deck":["AscendersBane","Strike_B","Strike_B","Strike_B","Strike_B","Defend_B","Defend_B","Defend_B","Defend_B","Zap","Dualcast","Streamline+1","Compile Driver+1","Ball Lightning+1","Fission+1","Genetic Algorithm","Conserve Battery"],"relics":["Cracked Core","NeowsBlessing","Nunchaku","MealTicket","CeramicFish"],"acts_visited":["Exordium"],"potions_floor_usage":[16,16],"damage_taken":[{"damage":0,"enemies":"2 Louse","floor":1,"turns":1},{"damage":0,"enemies":"Jaw Worm","floor":2,"turns":1},{"damage":0,"enemies":"3 Sentries","floor":7,"turns":1},{"damage":0,"enemies":"Cultist","floor":8,"turns":2},{"damage":42,"enemies":"Gremlin Nob","floor":10,"turns":4},{"damage":1,"enemies":"Large Slime","floor":12,"turns":4},{"damage":8,"enemies":"Blue Slaver","floor":14,"turns":2},{"damage":50,"enemies":"The Guardian","floor":16,"turns":9}],"seed_played":"-1937605095284605588","potions_obtained":[{"floor":2,"key":"LiquidBronze"},{"floor":7,"key":"Regen Potion"}],"is_trial":false,"path_per_floor":["M","M","?","?","$","R","E","M","T","E","R","M","R","M","R","B"],"character_chosen":"DEFECT","items_purchased":["Ball Lightning","Fission"],"campfire_rested":1,"item_purchase_floors":[5,5],"current_hp_per_floor":[64,64,64,64,64,64,64,64,64,22,22,21,21,13,34,0,0],"gold":183,"neow_bonus":"THREE_ENEMY_KILL","is_daily":false,"chose_seed":false,"campfire_upgraded":3,"win_rate":0.0,"timestamp":1607659088,"path_taken":["M","M","?","?","$","R","E","M","T","E","R","M","R","M","R","BOSS"],"items_purchased_type":["Card","Card"],"build_version":"2020-11-30","purchased_purges":0,"victory":false,"max_hp_per_floor":[71,71,71,71,71,71,71,71,71,71,71,71,71,71,71,71,71],"relic_stats":{"Nunchaku":[3],"counters":[8,24],"CeramicFish":18,"MealTicket":0,"obtain_stats":[{"Nunchaku":7,"NeowsBlessing":0,"CeramicFish":10,"MealTicket":9,"Cracked Core":0},{"Nunchaku":3,"NeowsBlessing":0,"CeramicFish":5,"MealTicket":4,"Cracked Core":0},{"Nunchaku":3,"NeowsBlessing":0,"CeramicFish":9,"MealTicket":5,"Cracked Core":0}]},"card_choices":[{"not_picked":["Sweeping Beam","Rebound"],"picked":"Streamline","floor":1},{"not_picked":["Buffer","Streamline"],"picked":"Compile Driver","floor":2},{"not_picked":["Thunder Strike","Rebound","White Noise"],"picked":"SKIP","floor":7},{"not_picked":["Steam Power","Streamline","Redo"],"picked":"SKIP","floor":8},{"not_picked":["Steam","Ball Lightning"],"picked":"Genetic Algorithm","floor":10},{"not_picked":["Melter","Redo","Beam Cell"],"picked":"SKIP","floor":12},{"not_picked":["Go for the Eyes","FTL"],"picked":"Conserve Battery","floor":14}],"player_experience":741852,"relics_obtained":[{"floor":7,"key":"Nunchaku"},{"floor":9,"key":"MealTicket"},{"floor":10,"key":"CeramicFish"}],"event_choices":[{"damage_healed":0,"gold_gain":0,"player_choice":"Grow","damage_taken":0,"max_hp_gain":0,"max_hp_loss":0,"event_name":"Living Wall","floor":3,"gold_loss":0,"cards_upgraded":["Streamline"]},{"damage_healed":0,"gold_gain":65,"player_choice":"Gained Gold","damage_taken":0,"max_hp_gain":0,"max_hp_loss":0,"event_name":"Golden Wing","floor":4,"gold_loss":0}],"is_beta":false,"boss_relics":[],"items_purged_floors":[],"is_endless":false,"potions_floor_spawned":[2,7,8,14],"killed_by":"The Guardian","ascension_level":20}}