{"host":"91n1pc4te07j54gv","time":1607691930,"event":{"mods":["BaseMod","BetterRewards","Colored Powertips","Downfall","Highlight Path","Infinite Spire","Minty Spire (QoL Compilation)","Quick Restart","Relic Filter","Relic Stats","Replay The Spire","Spicy Shops","StSLib"],"gold_per_floor":[162,173,173,17,32,63,76,110,136,170,186,197,197,213,213,316,316,330,348,348,362,372,400,400,426,426,439,439],"floor_reached":27,"playtime":1620,"items_purged":[],"score":334,"play_id":"8b704802-4dc2-41c0-a3b8-0f4cede75fc7","local_time":"20201211210530","is_ascension_mode":true,"campfire_choices":[{"floor":13.0,"key":"RECALL"},{"floor":15.0,"key":"DIG"},{"data":"Vault","floor":24,"key":"SMITH"}],"circlet_count":0,"master_deck":["Strike_P+1","Strike_P","Strike_P","Strike_P","Defend_P","Defend_P","Defend_P","Defend_P","Eruption+1","Vigilance","Sanctity","Replay:AtTheReady","FlurryOfBlows","Wallop","CarveReality","SpiritShield","Consecrate","BattleHymn","Collect","PathToVictory","PathToVictory","Vault+1","JustLucky+1","Swivel","ThirdEye+1","LessonLearned","PathToVictory","CutThroughFate"],"relics":["Tiny House","HandDrill","Anchor","Gremlin Food","infinitespire:CursedDice","Orichalcum","Runic Dome","Membership Card","Boot","Vajra","Ornamental Fan"],"acts_visited":["Exordium","TheCity"],"potions_floor_usage":[21,23],"damage_taken":[{"damage":0.0,"enemies":"Small Slimes","floor":1.0,"turns":3.0},{"damage":0.0,"enemies":"Cultist","floor":2.0,"turns":3.0},{"damage":0.0,"enemies":"infinitespire:Voidling","floor":5.0,"turns":2.0},{"damage":0.0,"enemies":"Gremlin Nob","floor":6.0,"turns":2.0},{"damage":0.0,"enemies":"Large Slime","floor":7.0,"turns":3.0},{"damage":15.0,"enemies":"Lagavulin","floor":8.0,"turns":5.0},{"damage":14.0,"enemies":"Gremlin Nob","floor":10.0,"turns":3.0},{"damage":0.0,"enemies":"3 Louse","floor":11.0,"turns":3.0},{"damage":0.0,"enemies":"Lots of Slimes","floor":12.0,"turns":4.0},{"damage":0.0,"enemies":"Looter","floor":14.0,"turns":3.0},{"damage":4.0,"enemies":"The Guardian","floor":16.0,"turns":6.0},{"damage":10.0,"enemies":"Chosen","floor":18.0,"turns":6.0},{"damage":0.0,"enemies":"Spheric Guardian","floor":19.0,"turns":2.0},{"damage":12,"enemies":"Centurion and Healer","floor":21,"turns":5},{"damage":0,"enemies":"Cultist and Chosen","floor":22,"turns":4},{"damage":18,"enemies":"Slavers","floor":23,"turns":8},{"damage":42,"enemies":"Book of Stabbing","floor":25,"turns":6},{"damage":12,"enemies":"Sentry and Sphere","floor":27,"turns":5}],"seed_played":"-7903697169788130109","potions_obtained":[{"floor":0.0,"key":"SneckoOil"},{"floor":2.0,"key":"Dexterity Potion"},{"floor":5.0,"key":"Languid Potion"},{"floor":7.0,"key":"Strength Potion"},{"floor":10.0,"key":"Dexterity Potion"},{"floor":11.0,"key":"ColorlessPotion"},{"floor":14.0,"key":"infinitespire:BlackPotion"},{"floor":18.0,"key":"Milkshake"},{"floor":19.0,"key":"Dexterity Potion"},{"floor":21,"key":"Energy Potion"}],"is_trial":false,"path_per_floor":["M","M","?","$","M","E","M","E","T","E","M","M","R","M","R","B",null,"M","M","AVR","M","M","E","R","E","T","M"],"character_chosen":"WATCHER","items_purchased":["HandDrill","Wallop"],"campfire_rested":0,"item_purchase_floors":[4,4],"current_hp_per_floor":[77,77,77,77,77,77,77,62,62,48,48,48,48,48,48,44,77,67,67,67,55,55,37,37,27,27,15,15],"gold":439,"neow_bonus":"BOSS_RELIC","is_daily":false,"chose_seed":false,"campfire_upgraded":1,"win_rate":0.0,"timestamp":1607691930,"path_taken":["M","M","?","?","?","E","M","E","T","E","M","M","R","M","R","BOSS","M","M","AVR","M","M","E","R","E","T","?"],"items_purchased_type":["Relic","Card"],"build_version":"2020-11-30","purchased_purges":0,"victory":false,"max_hp_per_floor":[77,77,77,77,77,77,77,77,77,77,77,77,77,77,77,77,77,77,77,77,77,77,77,77,77,77,77,77],"relic_stats":{"counters":[18,73],"Ornamental Fan":[12],"HandDrill":[16],"Orichalcum":[30],"Boot":[4],"obtain_stats":[{"Gremlin Food":8,"Runic Dome":17,"Anchor":6,"Tiny House":0,"infinitespire:CursedDice":10,"Ornamental Fan":26,"Vajra":25,"HandDrill":4,"Membership Card":20,"PureWater":0,"Orichalcum":15,"Boot":23},{"Gremlin Food":6,"Runic Dome":11,"Anchor":4,"Tiny House":0,"infinitespire:CursedDice":7,"Ornamental Fan":17,"Vajra":17,"HandDrill":2,"Membership Card":13,"PureWater":0,"Orichalcum":10,"Boot":16},{"Gremlin Food":18,"Runic Dome":37,"Anchor":10,"Tiny House":0,"infinitespire:CursedDice":21,"Ornamental Fan":68,"Vajra":68,"HandDrill":6,"Membership Card":45,"PureWater":0,"Orichalcum":31,"Boot":62}]},"card_choices":[{"not_picked":["Replay:Vibes","Halt"],"picked":"Sanctity","floor":0.0},{"not_picked":["Prostrate","CrushJoints"],"picked":"Replay:AtTheReady","floor":1.0},{"not_picked":["ThirdEye","Halt"],"picked":"FlurryOfBlows","floor":2.0},{"not_picked":["Replay:AtTheReady","EmptyMind"],"picked":"CarveReality","floor":5.0},{"not_picked":["Evaluate","Indignation"],"picked":"SpiritShield","floor":6.0},{"not_picked":["EmptyBody","FlyingSleeves","WreathOfFlame"],"picked":"SKIP","floor":7.0},{"not_picked":["Replay:BluntJabs","FlyingSleeves"],"picked":"Consecrate","floor":8.0},{"not_picked":["Replay:ManipulateFuture","Replay:AllIn"],"picked":"BattleHymn","floor":10.0},{"not_picked":["Halt","SashWhip"],"picked":"Collect","floor":11.0},{"not_picked":["Replay:Cycle","JustLucky"],"picked":"PathToVictory","floor":12.0},{"not_picked":["EmptyMind","Wallop"],"picked":"PathToVictory","floor":14.0},{"not_picked":["Replay:AllIn","DeusExMachina"],"picked":"Vault","floor":16.0},{"not_picked":["Consecrate","Replay:ManipulateFuture"],"picked":"JustLucky+1","floor":18.0},{"not_picked":["Conclude","FlyingSleeves","SashWhip"],"picked":"SKIP","floor":19.0},{"not_picked":["SashWhip+1","Evaluate"],"picked":"Swivel","floor":21},{"not_picked":["FlyingSleeves","Crescendo"],"picked":"ThirdEye+1","floor":22},{"not_picked":["CrushJoints","FlurryOfBlows"],"picked":"LessonLearned","floor":23},{"not_picked":["EmptyFist+1","Halt"],"picked":"PathToVictory","floor":25},{"not_picked":["ThirdEye","FollowUp"],"picked":"CutThroughFate","floor":27}],"player_experience":929357,"relics_obtained":[{"floor":6.0,"key":"Anchor"},{"floor":8.0,"key":"Gremlin Food"},{"floor":10.0,"key":"infinitespire:CursedDice"},{"floor":15.0,"key":"Orichalcum"},{"floor":23,"key":"Boot"},{"floor":25,"key":"Vajra"},{"floor":26,"key":"Ornamental Fan"}],"event_choices":[{"damage_healed":0.0,"max_hp_gain":0.0,"max_hp_loss":0.0,"gold_gain":0.0,"event_name":"Accursed Blacksmith","player_choice":"Forge","floor":3.0,"gold_loss":0.0,"damage_taken":0.0,"cards_upgraded":["Eruption"]}],"is_beta":false,"boss_relics":[{"not_picked":["Busted Crown","infinitespire:Cupcake"],"picked":"Runic Dome"}],"items_purged_floors":[],"is_endless":false,"potions_floor_spawned":[2,5,7,10,11,14,18,19,21],"killed_by":"Sentry and Sphere","ascension_level":2}}