{"host":"4qkvkh7pd9qr2mca","time":1607645310,"event":{"mods":["AchievementEnabler","BaseMod","Colored Map","Colored Powertips","Highlight Path","Minty Spire (QoL Compilation)","Permanent Neow","Quick Restart","StSLib","SuperFastMode","everything is the same but u backflip on backflip","slay the spire mod where everything is the same but ironclad has a cowboy hat"],"gold_per_floor":[115,128,53,53,72,103,103,122,197,13,46,46,75,93,93,164,164,176,226,236,236,236],"floor_reached":21,"playtime":853,"items_purged":["Clumsy","Regret"],"score":398,"play_id":"66c1aaf0-b153-48d9-8b79-48f77a557a88","local_time":"20201211010830","is_ascension_mode":true,"campfire_choices":[{"floor":7,"key":"REST"},{"data":"Combust","floor":12,"key":"SMITH"},{"floor":15,"key":"REST"}],"circlet_count":0,"master_deck":["AscendersBane","Strike_R","Strike_R","Strike_R","Strike_R","Strike_R","Defend_R","Defend_R","Defend_R","Defend_R","Bash","Corruption","Headbutt","Armaments","Ghostly Armor","True Grit","Infernal Blade","Combust+1","Flame Barrier","Power Through","Wild Strike","Juggernaut","CurseOfTheBell","Barricade"],"relics":["Burning Blood","Thread and Needle","Regal Pillow","Paper Frog","White Beast Statue","Ginger","Calling Bell","Bag of Marbles","Meat on the Bone","WingedGreaves"],"acts_visited":["Exordium","TheCity"],"potions_floor_usage":[11,13,21],"damage_taken":[{"damage":11,"enemies":"Jaw Worm","floor":1,"turns":6},{"damage":7,"enemies":"Small Slimes","floor":2,"turns":4},{"damage":11,"enemies":"2 Louse","floor":5,"turns":2},{"damage":43,"enemies":"Lagavulin","floor":6,"turns":8},{"damage":11,"enemies":"Red Slaver","floor":8,"turns":6},{"damage":23,"enemies":"3 Sentries","floor":11,"turns":12},{"damage":14,"enemies":"Lagavulin","floor":13,"turns":5},{"damage":6,"enemies":"Exordium Wildlife","floor":14,"turns":6},{"damage":39,"enemies":"Slime Boss","floor":16,"turns":11},{"damage":24,"enemies":"3 Byrds","floor":18,"turns":5},{"damage":28,"enemies":"Shell Parasite","floor":20,"turns":7},{"damage":42,"enemies":"Centurion and Healer","floor":21,"turns":8}],"seed_played":"-2962241234638922191","potions_obtained":[{"floor":6,"key":"AttackPotion"},{"floor":11,"key":"Fruit Juice"},{"floor":13,"key":"BlessingOfTheForge"},{"floor":14,"key":"EssenceOfSteel"},{"floor":20,"key":"SkillPotion"}],"is_trial":false,"path_per_floor":["M","M","$","?","M","E","R","M","T","$","E","R","E","M","R","B",null,"M","?","M","M"],"character_chosen":"IRONCLAD","items_purchased":["Combust"],"campfire_rested":2,"item_purchase_floors":[10],"current_hp_per_floor":[63,62,62,62,57,20,57,52,52,52,40,40,32,32,71,38,70,52,52,42,0,0],"gold":236,"neow_bonus":"THREE_RARE_CARDS","is_daily":false,"chose_seed":false,"campfire_upgraded":1,"win_rate":0.0,"timestamp":1607645310,"path_taken":["M","M","$","?","M","E","R","M","T","$","E","R","E","M","R","BOSS","M","?","M","M"],"items_purchased_type":["Card"],"build_version":"2020-11-30","purchased_purges":2,"victory":false,"max_hp_per_floor":[75,75,75,75,75,75,75,75,75,75,80,80,80,80,80,80,80,80,80,80,80,80],"card_choices":[{"not_picked":["Double Tap","Impervious"],"picked":"Corruption","floor":0},{"not_picked":["Pommel Strike","Havoc"],"picked":"Headbutt","floor":1},{"not_picked":["Pommel Strike","Thunderclap"],"picked":"Armaments","floor":2},{"not_picked":["Sentinel","Entrench"],"picked":"Ghostly Armor","floor":5},{"not_picked":["Pommel Strike","Body Slam"],"picked":"True Grit","floor":6},{"not_picked":["Intimidate","Clothesline"],"picked":"Infernal Blade","floor":8},{"not_picked":["Power Through","Flex"],"picked":"Flame Barrier","floor":11},{"not_picked":["Thunderclap","Shrug It Off"],"picked":"Power Through","floor":13},{"not_picked":["Warcry","Perfected Strike"],"picked":"Wild Strike","floor":14},{"not_picked":["Fiend Fire","Double Tap"],"picked":"Juggernaut","floor":16},{"not_picked":["Wild Strike","Cleave","Iron Wave"],"picked":"SKIP","floor":18},{"not_picked":["Wild Strike","Cleave","Iron Wave"],"picked":"SKIP","floor":18},{"not_picked":["Armaments","Headbutt"],"picked":"Barricade","floor":20}],"player_experience":226846,"relics_obtained":[{"floor":6,"key":"Regal Pillow"},{"floor":9,"key":"Paper Frog"},{"floor":11,"key":"White Beast Statue"},{"floor":13,"key":"Ginger"},{"floor":17,"key":"Bag of Marbles"},{"floor":17,"key":"Meat on the Bone"},{"floor":17,"key":"WingedGreaves"}],"event_choices":[{"damage_healed":0,"gold_gain":0,"player_choice":"Box","damage_taken":0,"relics_obtained":["Thread and Needle"],"max_hp_gain":0,"max_hp_loss":0,"event_name":"Big Fish","floor":4,"gold_loss":0,"cards_obtained":["Regret"]},{"damage_healed":0,"gold_gain":50,"player_choice":"Stole From Cult","damage_taken":0,"max_hp_gain":0,"max_hp_loss":0,"event_name":"Nest","floor":19,"gold_loss":0}],"is_beta":false,"boss_relics":[{"not_picked":["Velvet Choker","SlaversCollar"],"picked":"Calling Bell"}],"items_purged_floors":[3,10],"is_endless":false,"potions_floor_spawned":[6,11,13,14,16,18,20],"killed_by":"Centurion and Healer","ascension_level":20}}