{"host":"w4b7hmige5bnqipq","time":1607691700,"event":{"mods":["BaseMod","Minty Spire (QoL Compilation)","Rare Cards Sparkle","SuperFastMode","everything is the same but u backflip on backflip","slay the spire mod where everything is the same but ironclad has a cowboy hat"],"gold_per_floor":[117,67,67,81,156,187,202,228,281,301,317,317,335,350,350,446,446,466,114,204,221,239,265,265,294,318,318,318,318,333,359,371,383,383],"floor_reached":33,"playtime":751,"items_purged":["Strike_R"],"score":587,"play_id":"5a02d1bd-a177-4623-88a9-80e44f1c7c59","local_time":"20201211220140","is_ascension_mode":true,"campfire_choices":[{"data":"Bash","floor":12.0,"key":"SMITH"},{"data":"Battle Trance","floor":15.0,"key":"SMITH"},{"data":"Fiend Fire","floor":24.0,"key":"SMITH"},{"floor":32,"key":"REST"}],"circlet_count":0,"master_deck":["AscendersBane","Strike_R+1","Strike_R","Strike_R+1","Defend_R+1","Defend_R","Defend_R+1","Defend_R+1","Bash+1","Reckless Charge","Cleave+1","Immolate","Battle Trance+1","Fire Breathing","Metallicize","Fiend Fire+1","Seeing Red","Feel No Pain","Second Wind+1","Power Through","Shrug It Off"],"relics":["Burning Blood","NeowsBlessing","Matryoshka","Ancient Tea Set","Sundial","War Paint","Cursed Key","Tiny Chest","Whetstone","Omamori","Toy Ornithopter","Gremlin Horn","MawBank"],"acts_visited":["Exordium","TheCity"],"potions_floor_usage":[31,33],"damage_taken":[{"damage":0.0,"enemies":"Cultist","floor":1.0,"turns":1.0},{"damage":0.0,"enemies":"2 Louse","floor":4.0,"turns":1.0},{"damage":0.0,"enemies":"Lagavulin","floor":6.0,"turns":1.0},{"damage":7.0,"enemies":"Jaw Worm","floor":7.0,"turns":3.0},{"damage":8.0,"enemies":"Gremlin Nob","floor":8.0,"turns":3.0},{"damage":0.0,"enemies":"3 Louse","floor":10.0,"turns":2.0},{"damage":0.0,"enemies":"Gremlin Gang","floor":11.0,"turns":2.0},{"damage":3.0,"enemies":"Exordium Wildlife","floor":13.0,"turns":3.0},{"damage":3.0,"enemies":"3 Louse","floor":14.0,"turns":2.0},{"damage":53.0,"enemies":"The Guardian","floor":16.0,"turns":9.0},{"damage":25.0,"enemies":"Shell Parasite","floor":18.0,"turns":4.0},{"damage":0.0,"enemies":"Spheric Guardian","floor":21.0,"turns":3.0},{"damage":24.0,"enemies":"Snake Plant","floor":22.0,"turns":4.0},{"damage":0.0,"enemies":"Gremlin Leader","floor":23.0,"turns":5.0},{"damage":26.0,"enemies":"Book of Stabbing","floor":25.0,"turns":5.0},{"damage":0,"enemies":"3 Cultists","floor":30,"turns":4},{"damage":12,"enemies":"Gremlin Leader","floor":31,"turns":6},{"damage":44,"enemies":"Collector","floor":33,"turns":3}],"seed_played":"8072863924770539571","potions_obtained":[{"floor":4.0,"key":"AttackPotion"},{"floor":7.0,"key":"Explosive Potion"},{"floor":8.0,"key":"BlessingOfTheForge"},{"floor":11.0,"key":"EssenceOfSteel"},{"floor":22.0,"key":"PowerPotion"},{"floor":23.0,"key":"Dexterity Potion"},{"floor":30,"key":"ColorlessPotion"}],"is_trial":false,"path_per_floor":["M","?","?","M","?","E","M","E","T","M","M","R","M","M","R","B",null,"M","$","?","M","M","E","R","E","T","?","T","?","M","E","R","B"],"character_chosen":"IRONCLAD","items_purchased":["Feel No Pain","Tiny Chest","BloodPotion"],"campfire_rested":1,"item_purchase_floors":[19,19,19],"current_hp_per_floor":[78,78,62,68,57,63,62,60,60,66,72,72,75,78,78,31,68,49,49,47,53,35,41,41,21,21,6,6,6,12,11,36,0,0],"gold":383,"neow_bonus":"THREE_ENEMY_KILL","is_daily":false,"chose_seed":false,"campfire_upgraded":3,"win_rate":0.0,"timestamp":1607691700,"path_taken":["M","?","?","?","?","E","M","E","T","M","M","R","M","M","R","BOSS","M","$","?","?","M","E","R","E","T","?","?","?","M","E","R","BOSS"],"items_purchased_type":["Card","Relic","Potion"],"build_version":"2020-11-30","purchased_purges":1,"victory":false,"max_hp_per_floor":[80,80,80,80,80,80,80,80,80,80,80,80,80,80,80,80,80,80,80,80,80,80,80,80,80,80,85,85,85,85,85,85,85,85],"card_choices":[{"not_picked":["Iron Wave","Dual Wield","Perfected Strike"],"picked":"SKIP","floor":1.0},{"not_picked":["Body Slam","Fire Breathing","Warcry"],"picked":"SKIP","floor":4.0},{"not_picked":["Sever Soul","Combust"],"picked":"Reckless Charge","floor":6.0},{"not_picked":["Wild Strike","Thunderclap"],"picked":"Cleave","floor":7.0},{"not_picked":["Twin Strike","Searing Blow"],"picked":"Immolate","floor":8.0},{"not_picked":["Bloodletting","Havoc"],"picked":"Battle Trance","floor":10.0},{"not_picked":["Perfected Strike","Warcry","Iron Wave"],"picked":"SKIP","floor":11.0},{"not_picked":["Cleave","Havoc"],"picked":"Fire Breathing","floor":13.0},{"not_picked":["Havoc","Heavy Blade"],"picked":"Metallicize","floor":14.0},{"not_picked":["Bludgeon","Feed"],"picked":"Fiend Fire","floor":16.0},{"not_picked":["Warcry","Thunderclap","Seeing Red"],"picked":"SKIP","floor":18.0},{"not_picked":["Warcry","Thunderclap"],"picked":"Seeing Red","floor":18.0},{"not_picked":["Havoc","Ghostly Armor"],"picked":"Second Wind+1","floor":21.0},{"not_picked":["Anger","Disarm","Spot Weakness"],"picked":"SKIP","floor":22.0},{"not_picked":["Infernal Blade","Thunderclap+1","Flex"],"picked":"SKIP","floor":23.0},{"not_picked":["Whirlwind","Wild Strike"],"picked":"Power Through","floor":25.0},{"not_picked":["True Grit","Searing Blow+1","Uppercut"],"picked":"SKIP","floor":30},{"not_picked":["True Grit","Searing Blow+1","Uppercut"],"picked":"SKIP","floor":30},{"not_picked":["Armaments","Iron Wave"],"picked":"Shrug It Off","floor":31}],"player_experience":376522,"relics_obtained":[{"floor":6.0,"key":"Matryoshka"},{"floor":8.0,"key":"Ancient Tea Set"},{"floor":9.0,"key":"Sundial"},{"floor":9.0,"key":"War Paint"},{"floor":23.0,"key":"Whetstone"},{"floor":26.0,"key":"Omamori"},{"floor":26.0,"key":"Toy Ornithopter"},{"floor":28,"key":"Gremlin Horn"},{"floor":31,"key":"MawBank"}],"event_choices":[{"cards_removed":["Strike_R"],"damage_healed":0.0,"max_hp_gain":0.0,"max_hp_loss":0.0,"gold_gain":0.0,"event_name":"The Cleric","player_choice":"Card Removal","floor":2.0,"gold_loss":50.0,"damage_taken":0.0},{"damage_healed":0.0,"max_hp_gain":0.0,"max_hp_loss":0.0,"gold_gain":0.0,"event_name":"Shining Light","player_choice":"Entered Light","floor":3.0,"gold_loss":0.0,"damage_taken":16.0,"cards_upgraded":["Strike_R","Defend_R"]},{"damage_healed":0.0,"max_hp_gain":0.0,"max_hp_loss":0.0,"gold_gain":75.0,"event_name":"World of Goop","player_choice":"Gather Gold","floor":5.0,"gold_loss":0.0,"damage_taken":11.0},{"damage_healed":0.0,"max_hp_gain":0.0,"max_hp_loss":0.0,"gold_gain":90.0,"event_name":"Knowing Skull","player_choice":"POTION GOLD ","floor":20.0,"potions_obtained":["EssenceOfSteel"],"gold_loss":0.0,"damage_taken":18.0,"cards_obtained":[]},{"damage_healed":0,"gold_gain":0,"player_choice":"Shed Blood","damage_taken":20,"max_hp_gain":5,"max_hp_loss":0,"event_name":"Forgotten Altar","floor":27,"gold_loss":0},{"cards_removed":["Regret"],"damage_healed":0,"gold_gain":0,"player_choice":"Elegance","damage_taken":0,"max_hp_gain":0,"max_hp_loss":0,"event_name":"Back to Basics","floor":29,"gold_loss":0}],"is_beta":false,"boss_relics":[{"not_picked":["Philosopher\u0027s Stone","Velvet Choker"],"picked":"Cursed Key"}],"items_purged_floors":[19],"is_endless":false,"potions_floor_spawned":[4,7,8,11,22,23,30],"killed_by":"Collector","ascension_level":12}}