{"host":"plbsiuh3vwan8ocg","time":1607662041,"event":{"mods":["AchievementEnabler","BaseMod","Minty Spire (QoL Compilation)","Quick Restart","StSLib"],"gold_per_floor":[219,235,310,330,23,58,72,72,72,37,37,64,81,100,100,178,178,194,24,36,53,53,53,86,86,161,189,189,208,208,220,220,220,220],"floor_reached":33,"playtime":2685,"items_purged":[],"score":490,"play_id":"36fbc709-1ae8-4a5f-b57e-75e9a5f114c5","local_time":"20201210234721","is_ascension_mode":true,"campfire_choices":[{"floor":8.0,"key":"REST"},{"floor":11.0,"key":"REST"},{"floor":15.0,"key":"REST"},{"floor":23.0,"key":"REST"},{"floor":25.0,"key":"REST"},{"floor":30.0,"key":"REST"},{"floor":32.0,"key":"REST"}],"circlet_count":0,"master_deck":["AscendersBane","Strike_B","Strike_B","Strike_B","Strike_B","Defend_B","Defend_B","Defend_B","Defend_B","Zap","Dualcast","Beam Cell","Hologram","Streamline","Beam Cell","Chill","Turbo","Coolheaded","Cold Snap","Conserve Battery","Machine Learning","Go for the Eyes","Leap","Redo","Glacier+1","Compile Driver","Capacitor","Machine Learning","Conserve Battery","Rip and Tear"],"relics":["Cracked Core","Darkstone Periapt","Anchor","PreservedInsect","HornCleat","Philosopher\u0027s Stone","Boot","MutagenicStrength","Tiny Chest","Letter Opener","Singing Bowl"],"acts_visited":["Exordium","TheCity"],"potions_floor_usage":[],"damage_taken":[{"damage":1.0,"enemies":"Cultist","floor":1.0,"turns":4.0},{"damage":3.0,"enemies":"Small Slimes","floor":2.0,"turns":3.0},{"damage":11.0,"enemies":"Jaw Worm","floor":4.0,"turns":3.0},{"damage":21.0,"enemies":"Gremlin Nob","floor":6.0,"turns":4.0},{"damage":17.0,"enemies":"Exordium Thugs","floor":7.0,"turns":4.0},{"damage":15.0,"enemies":"3 Sentries","floor":12.0,"turns":6.0},{"damage":1.0,"enemies":"Looter","floor":13.0,"turns":3.0},{"damage":4.0,"enemies":"Gremlin Gang","floor":14.0,"turns":5.0},{"damage":33.0,"enemies":"Slime Boss","floor":16.0,"turns":13.0},{"damage":8.0,"enemies":"2 Thieves","floor":18.0,"turns":5.0},{"damage":12.0,"enemies":"Shell Parasite","floor":20.0,"turns":6.0},{"damage":15.0,"enemies":"Centurion and Healer","floor":21.0,"turns":9.0},{"damage":46.0,"enemies":"Gremlin Leader","floor":24.0,"turns":11.0},{"damage":16.0,"enemies":"Slavers","floor":27.0,"turns":5.0},{"damage":23.0,"enemies":"Sentry and Sphere","floor":29.0,"turns":6.0},{"damage":0.0,"enemies":"Chosen and Byrds","floor":31.0,"turns":7.0},{"damage":71,"enemies":"Collector","floor":33,"turns":6}],"seed_played":"2514363853677869757","potions_obtained":[{"floor":1.0,"key":"Weak Potion"},{"floor":2.0,"key":"Weak Potion"},{"floor":12.0,"key":"PotionOfCapacity"},{"floor":20.0,"key":"EssenceOfDarkness"},{"floor":21.0,"key":"FairyPotion"},{"floor":29.0,"key":"SteroidPotion"}],"is_trial":false,"path_per_floor":["M","M","?","M","$","E","M","R","T","?","R","E","M","M","R","B",null,"M","$","M","M","?","R","E","R","T","E","?","M","R","M","R","B"],"character_chosen":"DEFECT","items_purchased":["Darkstone Periapt","Beam Cell","Boot","Leap"],"campfire_rested":7,"item_purchase_floors":[5,5,19,19],"current_hp_per_floor":[67,64,53,42,42,21,4,26,26,44,66,51,50,46,68,35,65,57,57,45,30,30,52,6,28,28,12,12,21,43,43,65,0,0],"gold":220,"neow_bonus":"HUNDRED_GOLD","is_daily":false,"chose_seed":false,"campfire_upgraded":0,"win_rate":0.0,"timestamp":1607662041,"path_taken":["M","?","?","M","$","E","M","R","T","?","R","E","M","?","R","BOSS","M","$","M","M","?","R","E","R","T","E","?","M","R","?","R","BOSS"],"items_purchased_type":["Relic","Card","Relic","Card"],"build_version":"2020-11-30","purchased_purges":0,"victory":false,"max_hp_per_floor":[75,75,75,75,75,75,75,75,75,75,75,75,75,75,75,75,75,75,75,75,75,75,75,75,75,75,75,75,75,75,75,75,75,75],"card_choices":[{"not_picked":["Compile Driver","Undo"],"picked":"Beam Cell","floor":1.0},{"not_picked":["Reinforced Body","Rebound"],"picked":"Hologram","floor":2.0},{"not_picked":["Chill","Rebound"],"picked":"Streamline","floor":4.0},{"not_picked":["Consume","Rebound"],"picked":"Chill","floor":6.0},{"not_picked":["Steam","Redo"],"picked":"Turbo","floor":7.0},{"not_picked":["Go for the Eyes","Static Discharge"],"picked":"Coolheaded","floor":12.0},{"not_picked":["Aggregate","Auto Shields"],"picked":"Cold Snap","floor":13.0},{"not_picked":["Ball Lightning","Melter"],"picked":"Conserve Battery","floor":14.0},{"not_picked":["Multi-Cast","Biased Cognition"],"picked":"Machine Learning","floor":16.0},{"not_picked":["Chaos","Coolheaded+1"],"picked":"Go for the Eyes","floor":18.0},{"not_picked":["Reprogram","Leap"],"picked":"Redo","floor":20.0},{"not_picked":["Sweeping Beam","Redo"],"picked":"Glacier+1","floor":21.0},{"not_picked":["Ball Lightning","Darkness"],"picked":"Compile Driver","floor":24.0},{"not_picked":["Melter","Gash"],"picked":"Capacitor","floor":27.0},{"not_picked":["Streamline","Skim"],"picked":"Conserve Battery","floor":29.0},{"not_picked":["Gash","Redo+1"],"picked":"Rip and Tear","floor":31.0}],"player_experience":376198,"relics_obtained":[{"floor":6.0,"key":"Anchor"},{"floor":9.0,"key":"PreservedInsect"},{"floor":12.0,"key":"HornCleat"},{"floor":24.0,"key":"Tiny Chest"},{"floor":26.0,"key":"Letter Opener"},{"floor":27.0,"key":"Singing Bowl"}],"event_choices":[{"damage_healed":0.0,"max_hp_gain":0.0,"max_hp_loss":0.0,"gold_gain":75.0,"event_name":"World of Goop","player_choice":"Gather Gold","floor":3.0,"gold_loss":0.0,"damage_taken":11.0},{"damage_healed":18.0,"max_hp_gain":0.0,"max_hp_loss":0.0,"gold_gain":0.0,"event_name":"The Cleric","player_choice":"Healed","floor":10.0,"gold_loss":35.0,"damage_taken":0.0},{"damage_healed":0.0,"max_hp_gain":0.0,"max_hp_loss":0.0,"gold_gain":0.0,"event_name":"Drug Dealer","player_choice":"Inject Mutagens","floor":22.0,"gold_loss":0.0,"damage_taken":0.0,"relics_obtained":["MutagenicStrength"]},{"damage_healed":0.0,"max_hp_gain":0.0,"max_hp_loss":0.0,"gold_gain":0.0,"event_name":"Duplicator","player_choice":"Copied","floor":28.0,"gold_loss":0.0,"damage_taken":0.0,"cards_obtained":["Machine Learning"]}],"is_beta":false,"boss_relics":[{"not_picked":["Pandora\u0027s Box","Velvet Choker"],"picked":"Philosopher\u0027s Stone"}],"items_purged_floors":[],"is_endless":false,"potions_floor_spawned":[1,2,12,13,20,21,29],"killed_by":"Collector","ascension_level":13}}