{"host":"tst5pjz7m60hr0pr","time":1607723580,"event":{"mods":["AchievementEnabler","Act Like it!","Aspiration","Bard","BaseMod","Beaked The Cultist","Better Altar","Better Match","Better Note","Better Sensory Stone","Better Skull","Better Third Choice","BetterRewards","CCEM","Clawfect","Colored Map","Conspire","Downfall","GifTheSpireLib","Halation","Hallownest","Hermit","Highlight Path","Hubris","Infinite Spire","Jedi Mod","Marisa????????","Mimic Mod","Minty Spire (QoL Compilation)","Permanent Neow","Replay The Spire","Shade Mod","Shop Mod","Spicy Shops","StSLib","Stuff the Spire","The Administrix","The Blackbeard","The Bug Knight","The Cursed","The Disciple","The IronCluck","The Jungle","The Mystic","The Necromancer","The Problem Sleuth","The Runesmith","The Servant 0.9.4","The Spell Scribe","Unceasing Turn Reminder","everything is the same but u backflip on backflip","slay the spire mod where everything is the same but ironclad has a cowboy hat"],"gold_per_floor":[111,124,124,124,124,154,154,179,179,195,195,195,9,9,9,111,111,128,128,128,128,148,148,148,148],"floor_reached":24,"playtime":1701,"items_purged":[],"score":210,"play_id":"86714827-5d22-4851-90e6-8ad746e00d9e","local_time":"20201211155300","is_ascension_mode":true,"campfire_choices":[{"floor":7,"key":"REST"},{"floor":12,"key":"REST"},{"floor":15,"key":"REST"},{"floor":23,"key":"REST"}],"circlet_count":0,"master_deck":["Strike_S","Strike_S","Strike_S","Strike_S","Defend_S","Defend_S","Defend_S","KidneyShot","Exchange","Rearm","Starlight","Replace+1","Injury","BestPractice","Moonlight+1","ShatteredReality+1","SilverBlades","SoulSculpture+1","Potential+1","CurseOfTheBell","Exchange","Ricochet+1"],"relics":["Uniform","Molten Egg 2","halation:KoshaPiece","CCEMRelics:JestersCrown","StuffTheSpire:Wildfire","infinitespire:WardingShard","hubris:EmptyBottle","halation:Prosthetics","The Courier","Calling Bell","Boot","Shuriken","halation:SwordOfLegend"],"acts_visited":["Exordium","TheCity"],"potions_floor_usage":[16,22,22,24,24],"damage_taken":[{"damage":3,"enemies":"Small Slimes","floor":1,"turns":4},{"damage":0,"enemies":"2 Louse","floor":2,"turns":3},{"damage":39,"enemies":"3 Sentries","floor":6,"turns":11},{"damage":25,"enemies":"Replay:BlueRogue","floor":8,"turns":6},{"damage":0,"enemies":"Cultist","floor":10,"turns":3},{"damage":12,"enemies":"Hexaghost","floor":16,"turns":8},{"damage":3,"enemies":"Chosen","floor":18,"turns":4},{"damage":21,"enemies":"2 Thieves","floor":22,"turns":3},{"damage":18,"enemies":"Gremlin Leader","floor":24,"turns":2}],"seed_played":"-2497102969778517368","potions_obtained":[{"floor":1,"key":"Dexterity Potion"},{"floor":10,"key":"SteroidPotion"},{"floor":18,"key":"Swift Potion"}],"is_trial":false,"path_per_floor":["M","M","?","?","?","E","R","E","T","M","?","R","$","?","R","B",null,"M","AVR","?","?","M","R","E"],"character_chosen":"THE_SERVANT","items_purchased":["SilverBlades","hubris:EmptyBottle"],"campfire_rested":4,"item_purchase_floors":[13,13],"current_hp_per_floor":[62,62,62,62,62,23,42,17,17,17,10,29,29,29,48,36,30,27,27,27,27,6,18,0,0],"gold":148,"neow_bonus":"RANDOM_EVENT","is_daily":false,"chose_seed":false,"campfire_upgraded":0,"win_rate":0.0,"timestamp":1607723580,"path_taken":["M","M","?","?","?","E","R","E","T","?","?","R","$","?","R","BOSS","M","AVR","?","?","M","R","E"],"items_purchased_type":["Card","Relic"],"build_version":"2020-11-30","purchased_purges":0,"victory":false,"max_hp_per_floor":[65,65,65,65,65,65,65,65,65,65,65,65,65,65,65,65,30,30,30,30,30,30,30,30,30],"card_choices":[{"not_picked":["DoubleEdge","MoonPhase"],"picked":"Starlight","floor":1},{"not_picked":["Rearm","Collapse"],"picked":"Replace","floor":2},{"not_picked":["Collapse+1","Spin+1"],"picked":"BestPractice","floor":6},{"not_picked":["ReturningBlade+1","DoubleEdge+1"],"picked":"Moonlight+1","floor":8},{"not_picked":["Defy","Sabotage+1"],"picked":"ShatteredReality+1","floor":10},{"not_picked":["FloweringNight","Dilation"],"picked":"SoulSculpture+1","floor":16},{"not_picked":["TimeWarp+1","Collapse+1"],"picked":"Potential+1","floor":18},{"not_picked":["Collapse+1","Unruled+1"],"picked":"Ricochet+1","floor":22}],"player_experience":253879,"relics_obtained":[{"floor":6,"key":"halation:KoshaPiece"},{"floor":8,"key":"CCEMRelics:JestersCrown"},{"floor":9,"key":"StuffTheSpire:Wildfire"},{"floor":19,"key":"Boot"},{"floor":19,"key":"Shuriken"},{"floor":19,"key":"halation:SwordOfLegend"}],"event_choices":[{"damage_healed":0,"gold_gain":0,"cards_transformed":["Defend_S"],"player_choice":"Change","damage_taken":0,"max_hp_gain":0,"max_hp_loss":0,"event_name":"Living Wall","floor":0,"gold_loss":0,"cards_obtained":["Rearm"]},{"damage_healed":0,"gold_gain":0,"player_choice":"Forge","damage_taken":0,"max_hp_gain":0,"max_hp_loss":0,"event_name":"Accursed Blacksmith","floor":5,"gold_loss":0,"cards_upgraded":["Replace"]},{"damage_healed":0,"gold_gain":0,"player_choice":"Relic ","damage_taken":7,"max_hp_gain":0,"max_hp_loss":0,"event_name":"betterThird:BetterScrap","floor":11,"gold_loss":0,"cards_obtained":["Echo Form"]},{"damage_healed":0,"gold_gain":0,"player_choice":"Leave","damage_taken":0,"max_hp_gain":0,"max_hp_loss":0,"event_name":"conspire:Investor","floor":14,"gold_loss":0},{"damage_healed":0,"gold_gain":0,"player_choice":"Copied","damage_taken":0,"max_hp_gain":0,"max_hp_loss":0,"event_name":"Duplicator","floor":21,"gold_loss":0,"cards_obtained":["Exchange"]}],"is_beta":false,"boss_relics":[{"not_picked":["aspiration:RitualDagger","Velvet Choker"],"picked":"halation:Prosthetics"}],"items_purged_floors":[],"is_endless":false,"potions_floor_spawned":[1,10,18],"killed_by":"Gremlin Leader","ascension_level":1}}