{"host":"euxu1mievofb6v1l","time":1607713177,"event":{"mods":["AchievementEnabler","BaseMod","DeckTracker","KOR Keyword Fix","Minty Spire (QoL Compilation)","Permanent Neow","Quick Restart","StSLib","everything is the same but u backflip on backflip"],"gold_per_floor":[114,127,142,142,142,171,181,194,268,268,294,308,308,85,85,182,182,198,123,38,50,61,94,104,132,157,157,170,170,170,21,21,123,123,139,139,153,153,164,164,164],"floor_reached":40,"playtime":2774,"items_purged":[],"score":463,"play_id":"92e75b4b-2393-4adb-ad0b-7c9044e28cb2","local_time":"20201212035937","is_ascension_mode":false,"campfire_choices":[{"floor":10,"key":"REST"},{"floor":13,"key":"REST"},{"floor":15,"key":"REST"},{"data":"Static Discharge","floor":27,"key":"SMITH"},{"floor":30,"key":"REST"},{"floor":32,"key":"REST"}],"circlet_count":0,"master_deck":["Defend_B","Defend_B","Defend_B","Defend_B","Zap","Dualcast","Echo Form","Ball Lightning","Genetic Algorithm","Hologram","Genetic Algorithm","Static Discharge+1","Cold Snap","Doom and Gloom","BootSequence","Lockon","Thunder Strike","Coolheaded","Thunder Strike","Go for the Eyes","Self Repair","Glacier","Loop+1","Cold Snap+1","Chill","Multi-Cast","Cold Snap","Static Discharge+1","Hologram","Coolheaded+1","Coolheaded","Meteor Strike","Ball Lightning","Hello World","Melter"],"relics":["Cracked Core","Ornamental Fan","Torii","Question Card","Ancient Tea Set","Omamori","SlaversCollar","Pocketwatch","Ginger","Orichalcum","Bronze Scales","Orrery","Calling Bell","Lantern","Darkstone Periapt","Dead Branch"],"acts_visited":["Exordium","TheCity","TheBeyond"],"potions_floor_usage":[6,12,16,18,18,25,28,39,40],"damage_taken":[{"damage":1,"enemies":"Cultist","floor":1,"turns":3},{"damage":6,"enemies":"2 Louse","floor":2,"turns":2},{"damage":7,"enemies":"Jaw Worm","floor":3,"turns":4},{"damage":23,"enemies":"Lagavulin","floor":6,"turns":5},{"damage":9,"enemies":"3 Louse","floor":7,"turns":4},{"damage":13,"enemies":"2 Fungi Beasts","floor":8,"turns":4},{"damage":15,"enemies":"3 Sentries","floor":11,"turns":5},{"damage":0,"enemies":"Red Slaver","floor":12,"turns":1},{"damage":11,"enemies":"Hexaghost","floor":16,"turns":7},{"damage":24,"enemies":"2 Thieves","floor":18,"turns":4},{"damage":3,"enemies":"3 Byrds","floor":21,"turns":4},{"damage":0,"enemies":"Snake Plant","floor":22,"turns":4},{"damage":13,"enemies":"Book of Stabbing","floor":23,"turns":5},{"damage":0,"enemies":"Snecko","floor":24,"turns":5},{"damage":27,"enemies":"Gremlin Leader","floor":25,"turns":6},{"damage":8,"enemies":"3 Cultists","floor":28,"turns":4},{"damage":50,"enemies":"Collector","floor":33,"turns":8},{"damage":0,"enemies":"3 Shapes","floor":35,"turns":5},{"damage":6,"enemies":"Orb Walker","floor":37,"turns":4},{"damage":11,"enemies":"Sphere and 2 Shapes","floor":39,"turns":5},{"damage":71,"enemies":"Reptomancer","floor":40,"turns":5}],"seed_played":"-1566784859117988325","potions_obtained":[{"floor":1,"key":"AttackPotion"},{"floor":6,"key":"Fruit Juice"},{"floor":7,"key":"SkillPotion"},{"floor":8,"key":"FearPotion"},{"floor":11,"key":"Explosive Potion"},{"floor":16,"key":"EssenceOfSteel"},{"floor":22,"key":"BlessingOfTheForge"},{"floor":24,"key":"SneckoOil"},{"floor":33,"key":"BlessingOfTheForge"},{"floor":35,"key":"LiquidMemories"},{"floor":38,"key":"EssenceOfSteel"}],"is_trial":false,"path_per_floor":["M","M","M","?","T","E","M","M","T","R","E","M","R","$","R","B",null,"M","?","?","M","M","E","M","E","T","R","M","?","R","$","R","B",null,"M","$","M","?","M","E"],"character_chosen":"DEFECT","items_purchased":["Omamori","Lockon","Orrery"],"campfire_rested":5,"item_purchase_floors":[14,14,31],"current_hp_per_floor":[67,61,54,47,47,29,20,7,7,28,13,13,34,34,55,44,73,49,49,49,46,46,33,47,34,34,34,26,26,47,47,68,25,73,73,73,73,73,69,0,0],"gold":164,"neow_bonus":"THREE_RARE_CARDS","is_daily":false,"chose_seed":false,"campfire_upgraded":1,"win_rate":0.0,"timestamp":1607713177,"path_taken":["M","M","?","?","?","E","M","M","T","R","E","M","R","$","R","BOSS","M","?","?","M","M","E","M","E","T","R","M","?","R","$","R","BOSS","M","$","M","?","M","E"],"items_purchased_type":["Relic","Card","Relic"],"build_version":"2020-11-30","purchased_purges":0,"victory":false,"max_hp_per_floor":[68,68,68,68,68,73,73,73,73,73,73,73,73,73,73,73,73,73,73,73,73,73,73,73,73,73,73,73,73,73,73,73,73,73,73,73,73,73,73,73,73],"card_choices":[{"not_picked":["Biased Cognition","Buffer"],"picked":"Echo Form","floor":0},{"not_picked":["FTL","Beam Cell"],"picked":"Ball Lightning","floor":1},{"not_picked":["Static Discharge","Scrape"],"picked":"Genetic Algorithm","floor":2},{"not_picked":["Storm","Tempest"],"picked":"Hologram","floor":3},{"not_picked":["Storm","Hologram"],"picked":"Genetic Algorithm","floor":6},{"not_picked":["Lockon","Conserve Battery"],"picked":"Static Discharge","floor":7},{"not_picked":["Chaos","Tempest"],"picked":"Cold Snap","floor":8},{"not_picked":["Gash","Stack","Beam Cell"],"picked":"Doom and Gloom","floor":11},{"not_picked":["Genetic Algorithm","Multi-Cast","Capacitor"],"picked":"BootSequence","floor":12},{"not_picked":["Buffer","Meteor Strike","Hyperbeam"],"picked":"Thunder Strike","floor":16},{"not_picked":["Steam","Scrape","Stack"],"picked":"Coolheaded","floor":18},{"not_picked":["Conserve Battery","Undo","Compile Driver"],"picked":"Thunder Strike","floor":21},{"not_picked":["Compile Driver","Steam+1","Sweeping Beam"],"picked":"Go for the Eyes","floor":22},{"not_picked":["Steam Power+1","Gash","Chill"],"picked":"Self Repair","floor":23},{"not_picked":["Fusion","Sweeping Beam","Leap"],"picked":"Glacier","floor":24},{"not_picked":["Chill","Skim","Fusion+1"],"picked":"Loop+1","floor":25},{"not_picked":["Doom and Gloom","Hologram+1","Auto Shields"],"picked":"Cold Snap+1","floor":28},{"not_picked":["Glacier","Conserve Battery","All For One"],"picked":"Cold Snap","floor":31},{"not_picked":["Gash","Beam Cell","Stack"],"picked":"Static Discharge+1","floor":31},{"not_picked":["All For One","Reprogram","Force Field+1"],"picked":"Hologram","floor":31},{"not_picked":["Hologram+1","Stack","Auto Shields"],"picked":"Coolheaded+1","floor":31},{"not_picked":["Storm","Gash","Go for the Eyes"],"picked":"Coolheaded","floor":31},{"not_picked":["Seek","All For One","Multi-Cast"],"picked":"Meteor Strike","floor":33},{"not_picked":["Stack","Coolheaded","Streamline"],"picked":"Ball Lightning","floor":35},{"not_picked":["Gash","Leap","Conserve Battery+1"],"picked":"Hello World","floor":37},{"not_picked":["Rainbow","Ball Lightning","Hologram"],"picked":"Melter","floor":39}],"player_experience":101711,"relics_obtained":[{"floor":5,"key":"Ornamental Fan"},{"floor":6,"key":"Torii"},{"floor":9,"key":"Question Card"},{"floor":11,"key":"Ancient Tea Set"},{"floor":23,"key":"Ginger"},{"floor":25,"key":"Orichalcum"},{"floor":26,"key":"Bronze Scales"},{"floor":34,"key":"Lantern"},{"floor":34,"key":"Darkstone Periapt"},{"floor":34,"key":"Dead Branch"}],"event_choices":[{"cards_removed":["Strike_B"],"damage_healed":0,"gold_gain":0,"player_choice":"Card Removal","damage_taken":7,"max_hp_gain":0,"max_hp_loss":0,"event_name":"Golden Wing","floor":4,"gold_loss":0},{"cards_removed":["Strike_B"],"damage_healed":0,"gold_gain":0,"player_choice":"Gave Gold","damage_taken":0,"max_hp_gain":0,"max_hp_loss":0,"event_name":"Beggar","floor":19,"gold_loss":75},{"damage_healed":0,"gold_gain":0,"player_choice":"Obtained Relic","damage_taken":0,"relics_obtained":["Pocketwatch"],"max_hp_gain":0,"max_hp_loss":0,"event_name":"Addict","floor":20,"gold_loss":85},{"damage_healed":0,"gold_gain":0,"cards_transformed":["Strike_B","Strike_B"],"player_choice":"Became Test Subject","damage_taken":0,"max_hp_gain":0,"max_hp_loss":0,"event_name":"Drug Dealer","floor":29,"gold_loss":0,"cards_obtained":["Chill","Multi-Cast"]},{"damage_healed":0,"gold_gain":0,"player_choice":"Got Potions","damage_taken":0,"max_hp_gain":0,"max_hp_loss":0,"event_name":"Lab","floor":38,"gold_loss":0}],"is_beta":false,"boss_relics":[{"not_picked":["Fusion Hammer","FrozenCore"],"picked":"SlaversCollar"},{"not_picked":["Inserter","Snecko Eye"],"picked":"Calling Bell"}],"items_purged_floors":[],"is_endless":false,"potions_floor_spawned":[1,6,7,8,11,16,22,24,33,35],"killed_by":"Reptomancer","ascension_level":0}}