{"host":"7tvb1em0d2fx72q7","time":1607705483,"event":{"mods":["BaseMod","Challenge The Spire","Minty Spire (QoL Compilation)","StSLib","everything is the same but u backflip on backflip"],"gold_per_floor":[113,113,129,143,24,24,53,71,71,105,124,37,37,65,65,65,65],"floor_reached":16,"playtime":1313,"items_purged":[],"score":240,"play_id":"9c82fcbd-60ea-4e7b-82ea-f8caa250526c","local_time":"20201211115123","is_ascension_mode":true,"campfire_choices":[{"data":"Clothesline","floor":6,"key":"SMITH"},{"data":"True Grit","floor":13,"key":"SMITH"},{"data":"Shockwave","floor":15,"key":"SMITH"}],"circlet_count":0,"master_deck":["AscendersBane","Strike_R","Strike_R","Strike_R","Strike_R","Strike_R","Defend_R","Defend_R","Defend_R","Defend_R","Bash","Pummel","Ghostly Armor","Feel No Pain","Clothesline+1","Feel No Pain","True Grit+1","Hemokinesis","Battle Trance","Shockwave+1","Sever Soul+1","Dropkick+1"],"relics":["Burning Blood","Eternal Feather","Molten Egg 2","Darkstone Periapt","Frozen Egg 2"],"acts_visited":["Exordium"],"potions_floor_usage":[4,7,8,14],"damage_taken":[{"damage":3,"enemies":"Small Slimes","floor":1,"turns":4},{"damage":6,"enemies":"Cultist","floor":3,"turns":3},{"damage":4,"enemies":"2 Louse","floor":4,"turns":4},{"damage":10,"enemies":"Lagavulin","floor":7,"turns":6},{"damage":28,"enemies":"Large Slime","floor":8,"turns":10},{"damage":23,"enemies":"3 Sentries","floor":10,"turns":13},{"damage":6,"enemies":"2 Fungi Beasts","floor":11,"turns":4},{"damage":8,"enemies":"Gremlin Nob","floor":14,"turns":3},{"damage":71,"enemies":"Slime Boss","floor":16,"turns":7}],"seed_played":"-2081738488704474103","potions_obtained":[{"floor":2,"key":"Fruit Juice"},{"floor":2,"key":"ColorlessPotion"},{"floor":4,"key":"Ancient Potion"},{"floor":7,"key":"SpeedPotion"},{"floor":8,"key":"AttackPotion"},{"floor":10,"key":"Weak Potion"}],"is_trial":false,"path_per_floor":["M","?","M","M","$","R","E","M","T","E","M","$","R","E","R","B"],"character_chosen":"IRONCLAD","items_purchased":["Clothesline","Feel No Pain","Sever Soul+1"],"campfire_rested":0,"item_purchase_floors":[5,5,12],"current_hp_per_floor":[78,78,78,85,85,85,81,59,59,42,42,42,54,52,64,0,0],"gold":65,"neow_bonus":"TEN_PERCENT_HP_BONUS","is_daily":false,"chose_seed":false,"campfire_upgraded":3,"win_rate":0.0,"timestamp":1607705483,"path_taken":["M","?","M","M","$","R","E","M","T","E","M","?","R","E","R","BOSS"],"items_purchased_type":["Card","Card","Card"],"build_version":"2020-11-30","purchased_purges":0,"victory":false,"max_hp_per_floor":[82,82,82,87,87,87,87,87,87,87,87,87,87,87,87,87,87],"card_choices":[{"not_picked":["Twin Strike","Armaments"],"picked":"Pummel","floor":1},{"not_picked":["Armaments","Intimidate"],"picked":"Ghostly Armor","floor":3},{"not_picked":["Dark Embrace","Fire Breathing"],"picked":"Feel No Pain","floor":4},{"not_picked":["Metallicize","Power Through"],"picked":"True Grit","floor":7},{"not_picked":["Armaments","Bloodletting"],"picked":"Hemokinesis","floor":8},{"not_picked":["Warcry","Fire Breathing"],"picked":"Battle Trance","floor":10},{"not_picked":["Shrug It Off","Wild Strike+1"],"picked":"Shockwave","floor":11},{"not_picked":["Pummel+1","Heavy Blade+1"],"picked":"Dropkick+1","floor":14}],"player_experience":1819897,"relics_obtained":[{"floor":7,"key":"Eternal Feather"},{"floor":9,"key":"Molten Egg 2"},{"floor":10,"key":"Darkstone Periapt"},{"floor":14,"key":"Frozen Egg 2"}],"event_choices":[{"damage_healed":0,"gold_gain":0,"player_choice":"Got Potions","damage_taken":0,"max_hp_gain":0,"max_hp_loss":0,"event_name":"Lab","floor":2,"gold_loss":0}],"is_beta":false,"boss_relics":[],"items_purged_floors":[],"is_endless":false,"potions_floor_spawned":[4,7,8,10],"killed_by":"Slime Boss","ascension_level":20}}