{"host":"q3i87yx2dgqr54co","time":1607649850,"event":{"mods":["BaseMod","Block Reminder","Colored Map","Colored Powertips","DeckTracker","Highlight Path","Minty Spire (QoL Compilation)","Permanent Neow","Quick Restart","Relic Sorter","Relic Stats"],"gold_per_floor":[213,223,236,236,253,253,278,291,318,318,37,37,48,62,62,165,215,229,101,76,86,100,100,100,119,119,119,136,136,154,154,154],"floor_reached":31,"playtime":4015,"items_purged":[],"score":266,"play_id":"6f22c2b7-5d52-4768-8b21-38effc6c1f24","local_time":"20201210202410","is_ascension_mode":false,"campfire_choices":[{"data":"Vault","floor":6,"key":"SMITH"},{"floor":10,"key":"REST"},{"floor":15,"key":"REST"},{"floor":23,"key":"RECALL"},{"floor":27,"key":"REST"}],"circlet_count":0,"master_deck":["Strike_P","Strike_P","Strike_P","Strike_P","Defend_P","Defend_P","Defend_P","Eruption","Vigilance+1","Prostrate","Prostrate+1","Protect","Vault+1","DeceiveReality","LessonLearned+1","FlyingSleeves","CutThroughFate+1","Evaluate","DevaForm","ClearTheMind","FlurryOfBlows","Conclude","Halt","Evaluate","FlurryOfBlows","LikeWater+1","RitualDagger","FlurryOfBlows","FlurryOfBlows","Pray","FollowUp"],"relics":["PureWater","Anchor","Vajra","Shuriken","Tiny House"],"acts_visited":["Exordium","TheCity"],"potions_floor_usage":[5,7,16,16,21,25,31],"damage_taken":[{"damage":0,"enemies":"2 Louse","floor":1,"turns":3},{"damage":0,"enemies":"Jaw Worm","floor":2,"turns":4},{"damage":0,"enemies":"Cultist","floor":3,"turns":2},{"damage":7,"enemies":"Lots of Slimes","floor":5,"turns":5},{"damage":42,"enemies":"3 Sentries","floor":7,"turns":19},{"damage":0,"enemies":"Looter","floor":8,"turns":4},{"damage":0,"enemies":"Large Slime","floor":13,"turns":5},{"damage":0,"enemies":"Lots of Slimes","floor":14,"turns":3},{"damage":17,"enemies":"Hexaghost","floor":16,"turns":16},{"damage":4,"enemies":"Shell Parasite","floor":18,"turns":6},{"damage":4,"enemies":"2 Thieves","floor":21,"turns":5},{"damage":13,"enemies":"Centurion and Healer","floor":22,"turns":5},{"damage":42,"enemies":"Cultist and Chosen","floor":25,"turns":13},{"damage":30,"enemies":"Snecko","floor":28,"turns":11},{"damage":0,"enemies":"3 Cultists","floor":30,"turns":5},{"damage":20,"enemies":"Chosen and Byrds","floor":31,"turns":7}],"seed_played":"6203994959759399939","potions_obtained":[{"floor":2,"key":"DistilledChaos"},{"floor":5,"key":"ColorlessPotion"},{"floor":7,"key":"ColorlessPotion"},{"floor":8,"key":"BottledMiracle"},{"floor":13,"key":"DistilledChaos"},{"floor":17,"key":"DistilledChaos"},{"floor":18,"key":"SpeedPotion"},{"floor":25,"key":"BottledMiracle"},{"floor":30,"key":"SpeedPotion"}],"is_trial":false,"path_per_floor":["M","M","M","?","M","R","E","M","T","R","$","?","M","M","R","B",null,"M","$","$","M","M","R","?","M","T","R","M","?","M","M"],"character_chosen":"WATCHER","items_purchased":["Shuriken","FlyingSleeves","Conclude","Halt","Evaluate"],"campfire_rested":3,"item_purchase_floors":[11,11,19,19,20],"current_hp_per_floor":[72,72,72,72,65,65,23,23,23,44,44,44,44,44,65,48,77,73,73,73,69,56,56,50,8,8,31,1,1,1,0,0],"gold":154,"neow_bonus":"HUNDRED_GOLD","is_daily":false,"chose_seed":false,"campfire_upgraded":1,"win_rate":0.0,"timestamp":1607649850,"path_taken":["M","M","M","?","M","R","E","M","T","R","$","?","?","M","R","BOSS","M","?","$","M","M","R","?","M","T","R","M","?","M","?"],"items_purchased_type":["Relic","Card","Card","Card","Card"],"build_version":"2020-11-30","purchased_purges":0,"victory":false,"max_hp_per_floor":[72,72,72,72,72,72,72,72,72,72,72,72,72,72,72,72,77,77,77,77,77,77,77,77,77,77,77,77,77,77,77,77],"relic_stats":{"counters":[16,113],"Shuriken":[22],"obtain_stats":[{"Anchor":7,"Tiny House":17,"Shuriken":11,"Vajra":9,"PureWater":0},{"Anchor":5,"Tiny House":9,"Shuriken":6,"Vajra":6,"PureWater":0},{"Anchor":33,"Tiny House":61,"Shuriken":37,"Vajra":37,"PureWater":0}]},"card_choices":[{"not_picked":["EmptyBody","Conclude"],"picked":"Prostrate","floor":1},{"not_picked":["Vengeance","ClearTheMind"],"picked":"Prostrate","floor":2},{"not_picked":["WheelKick","Worship"],"picked":"Protect","floor":3},{"not_picked":["CrushJoints","CutThroughFate"],"picked":"Vault","floor":5},{"not_picked":["BowlingBash","Evaluate"],"picked":"DeceiveReality","floor":7},{"not_picked":["Evaluate","FollowUp"],"picked":"LessonLearned","floor":8},{"not_picked":["Prostrate","Swivel"],"picked":"CutThroughFate","floor":13},{"not_picked":["Adaptation","JustLucky"],"picked":"Evaluate","floor":14},{"not_picked":["ConjureBlade","Omniscience"],"picked":"DevaForm","floor":16},{"not_picked":["EmptyFist","Protect"],"picked":"ClearTheMind","floor":17},{"not_picked":["CrushJoints","CutThroughFate"],"picked":"FlurryOfBlows","floor":18},{"not_picked":["Perseverance+1","Adaptation"],"picked":"FlurryOfBlows","floor":21},{"not_picked":["Evaluate","SashWhip+1"],"picked":"LikeWater+1","floor":22},{"not_picked":["DevaForm","WreathOfFlame","ClearTheMind"],"picked":"SKIP","floor":25},{"not_picked":["ClearTheMind+1","EmptyFist"],"picked":"FlurryOfBlows","floor":28},{"not_picked":["CutThroughFate","CarveReality"],"picked":"FollowUp","floor":30}],"player_experience":81808,"relics_obtained":[{"floor":7,"key":"Anchor"},{"floor":9,"key":"Vajra"}],"event_choices":[{"damage_healed":0,"gold_gain":0,"player_choice":"Ignored","damage_taken":0,"max_hp_gain":0,"max_hp_loss":0,"event_name":"Golden Wing","floor":4,"gold_loss":0},{"cards_removed":["Defend_P"],"damage_healed":0,"gold_gain":0,"player_choice":"Purged","damage_taken":0,"max_hp_gain":0,"max_hp_loss":0,"event_name":"Purifier","floor":12,"gold_loss":0},{"damage_healed":0,"gold_gain":0,"player_choice":"Joined the Cult","damage_taken":6,"max_hp_gain":0,"max_hp_loss":0,"event_name":"Nest","floor":24,"gold_loss":0,"cards_obtained":["RitualDagger"]},{"damage_healed":0,"gold_gain":0,"player_choice":"2 cards matched","damage_taken":0,"max_hp_gain":0,"max_hp_loss":0,"event_name":"Match and Keep!","floor":29,"gold_loss":0,"cards_obtained":["FlurryOfBlows","Pray"]}],"is_beta":false,"boss_relics":[{"not_picked":["Astrolabe","SacredBark"],"picked":"Tiny House"}],"items_purged_floors":[],"is_endless":false,"potions_floor_spawned":[2,5,7,8,13,18,25,30],"killed_by":"Chosen and Byrds","ascension_level":0}}