{"host":"i2z4n8754xwu57nm","time":1607690096,"event":{"mods":["BaseMod","Minty Spire (QoL Compilation)","StSLib"],"gold_per_floor":[117,192,192,192,58,58,208,251,251,269,313,313,326,68,68,68,68],"floor_reached":16,"playtime":326,"items_purged":["Strike_B","Doubt"],"score":255,"play_id":"8ef5c3d2-8082-43fa-8155-1040fd700294","local_time":"20201211213456","is_ascension_mode":true,"campfire_choices":[{"data":"Zap","floor":6.0,"key":"SMITH"},{"data":"Defragment","floor":12,"key":"SMITH"},{"floor":15,"key":"REST"}],"circlet_count":0,"master_deck":["AscendersBane","Strike_B","Strike_B","Strike_B","Defend_B","Defend_B","Defend_B","Defend_B","Zap+1","Dualcast","Skim","Coolheaded","Ball Lightning","Defragment+1","Ball Lightning"],"relics":["Cracked Core","NeowsBlessing","Golden Idol","Turnip","PreservedInsect","ClockworkSouvenir"],"acts_visited":["Exordium"],"potions_floor_usage":[11,16],"damage_taken":[{"damage":0.0,"enemies":"2 Louse","floor":1.0,"turns":1.0},{"damage":0.0,"enemies":"Gremlin Nob","floor":8.0,"turns":1.0},{"damage":0,"enemies":"Jaw Worm","floor":10,"turns":1},{"damage":23,"enemies":"Lagavulin","floor":11,"turns":7},{"damage":10,"enemies":"Small Slimes","floor":13,"turns":3},{"damage":24,"enemies":"The Guardian","floor":16,"turns":8}],"seed_played":"9219814428254604319","potions_obtained":[{"floor":8.0,"key":"PowerPotion"},{"floor":13,"key":"AttackPotion"}],"is_trial":false,"path_per_floor":["M","?","?","?","$","R","?","E","T","M","E","R","M","$","R","B"],"character_chosen":"DEFECT","items_purchased":["Coolheaded","ClockworkSouvenir"],"campfire_rested":1,"item_purchase_floors":[5,14],"current_hp_per_floor":[64,53,29,34,34,34,34,34,34,34,11,11,1,1,23,0,0],"gold":68,"neow_bonus":"THREE_ENEMY_KILL","is_daily":false,"chose_seed":false,"campfire_upgraded":2,"win_rate":0.0,"timestamp":1607690096,"path_taken":["M","?","?","?","$","R","?","E","T","M","E","R","M","$","R","BOSS"],"items_purchased_type":["Card","Relic"],"build_version":"2020-11-30","purchased_purges":2,"victory":false,"max_hp_per_floor":[71,71,71,76,76,76,76,76,76,76,76,76,76,76,76,76,76],"card_choices":[{"not_picked":["Hologram","Steam Power"],"picked":"Skim","floor":1.0},{"not_picked":["Streamline","Meteor Strike","Aggregate"],"picked":"SKIP","floor":8.0},{"not_picked":["Steam","Rebound"],"picked":"Ball Lightning","floor":10},{"not_picked":["Self Repair","Doom and Gloom"],"picked":"Defragment","floor":11},{"not_picked":["Compile Driver","Streamline"],"picked":"Ball Lightning","floor":13}],"player_experience":926501,"relics_obtained":[{"floor":8.0,"key":"Turnip"},{"floor":11,"key":"PreservedInsect"}],"event_choices":[{"damage_healed":0.0,"max_hp_gain":0.0,"max_hp_loss":0.0,"gold_gain":75.0,"event_name":"World of Goop","player_choice":"Gather Gold","floor":2.0,"gold_loss":0.0,"damage_taken":11.0},{"damage_healed":0.0,"max_hp_gain":0.0,"max_hp_loss":0.0,"gold_gain":0.0,"event_name":"Golden Idol","player_choice":"Take Damage","floor":3.0,"gold_loss":0.0,"damage_taken":24.0,"relics_obtained":["Golden Idol"]},{"damage_healed":0.0,"max_hp_gain":5.0,"max_hp_loss":0.0,"gold_gain":0.0,"event_name":"Big Fish","player_choice":"Donut","floor":4.0,"gold_loss":0.0,"damage_taken":0.0},{"damage_healed":0.0,"max_hp_gain":0.0,"max_hp_loss":0.0,"gold_gain":150.0,"event_name":"Liars Game","player_choice":"AGREE","floor":7.0,"gold_loss":0.0,"damage_taken":0.0,"cards_obtained":["Doubt"]}],"is_beta":false,"boss_relics":[],"items_purged_floors":[5,14],"is_endless":false,"potions_floor_spawned":[8,13],"killed_by":"The Guardian","ascension_level":19}}