{"host":"8xp52u5o8fcssvzz","time":1607728335,"event":{"mods":["2.2 Compatiblity","AchievementEnabler","Aspiration","BaseMod","Better Altar","Better Match","Better Note","Better Sensory Stone","Better Skull","Better Third Choice","BetterRewards","Colored Map","Conspire","Downfall","GifTheSpireLib","Googly Eyes","Halation","Highlight Path","Hubris","Infinite Spire","Jorbs\u0027s Wanderer Trilogy","Mimic Mod","Minty Spire (QoL Compilation)","Replay The Spire","Spicy Shops","StSLib","Stuff the Spire","The Runesmith","The Servant 0.9.4","Unceasing Turn Reminder","everything is the same but u backflip on backflip"],"gold_per_floor":[113,129,147,147,147,147,160,170,200,217,217,244,244,257,257,357,357,375,375,375,391,408,408,408,408,444,460,460,474,488,515,515,624,624,643,643,657,680,692,692,724,747,770,770,799,799,817,833,833,833,833,844],"floor_reached":53,"playtime":2783,"items_purged":[],"score":895,"play_id":"8b21fe95-7d9a-4b61-b892-7cd57427776e","local_time":"20201211151215","is_ascension_mode":false,"campfire_choices":[{"data":"InstantArmor","floor":11,"key":"SMITH"},{"data":"Ricochet","floor":13,"key":"SMITH"},{"data":"KidneyShot","floor":15,"key":"SMITH"},{"data":"ReplayTheSpireMod:Black Plague","floor":23,"key":"SMITH"},{"data":"Solidify","floor":25,"key":"SMITH"},{"data":"hubris:DuctTapeCard","floor":28,"key":"SMITH"},{"data":"FlawlessForm","floor":32,"key":"SMITH"},{"data":"Rearm","floor":40,"key":"SMITH"},{"data":"Collapse","floor":46,"key":"SMITH"},{"floor":51,"key":"DIG"}],"circlet_count":0,"master_deck":["Strike_S","Strike_S","Strike_S","Strike_S","Defend_S","Defend_S","Defend_S","Defend_S","Exchange","BestPractice+1","Luminosity","SilverBlades","InstantArmor+1","StuffTheSpire:Innocence","Rearm+1","Ricochet+1","GearUp","TimeWarp","Solidify+1","Advance+1","ReplayTheSpireMod:Black Plague+1","hubris:DuctTapeCard+2","ShatteredReality","Starlight+1","Misdirection","BottledTime","FlawlessForm+1","TheWorld","Potential+1","WasteNot","Contraction+1","Hightail+1","Collapse+1","Alleviate+1"],"relics":["Uniform","hubris:Towel","Bag of Marbles","Replay:Wax Seal","Coffee Dripper","Nloth\u0027s Gift","hubris:DuctTape","halation:SelfBoilingWater","halation:IllGainedPizza","Runic Dome","Ring of Hypnosis","Ring of Fury","hubris:SphereOfDissonance","infinitespire:Lucky Rock","HornCleat","Snack Pack"],"acts_visited":["Exordium","TheCity","TheBeyond"],"potions_floor_usage":[10,18,18,24],"damage_taken":[{"damage":2,"enemies":"Jaw Worm","floor":1,"turns":5},{"damage":2,"enemies":"Small Slimes","floor":2,"turns":4},{"damage":1,"enemies":"2 Louse","floor":3,"turns":4},{"damage":0,"enemies":"Exordium Wildlife","floor":7,"turns":3},{"damage":0,"enemies":"Large Slime","floor":8,"turns":4},{"damage":0,"enemies":"2 Fungi Beasts","floor":9,"turns":8},{"damage":0,"enemies":"2 Fungi Beasts","floor":10,"turns":3},{"damage":3,"enemies":"3 Sentries","floor":12,"turns":5},{"damage":0,"enemies":"Blue Slaver","floor":14,"turns":2},{"damage":2,"enemies":"The Guardian","floor":16,"turns":15},{"damage":0,"enemies":"2 Thieves","floor":18,"turns":3},{"damage":0,"enemies":"3 Byrds","floor":21,"turns":4},{"damage":4,"enemies":"3 Cultists","floor":22,"turns":4},{"damage":0,"enemies":"Snake Plant","floor":26,"turns":5},{"damage":0,"enemies":"Snake Plant","floor":27,"turns":1},{"damage":0,"enemies":"Cultist and Chosen","floor":29,"turns":1},{"damage":0,"enemies":"Snecko","floor":30,"turns":3},{"damage":0,"enemies":"Replay:Snechameleon","floor":31,"turns":2},{"damage":0,"enemies":"conspire:MysteriousRune","floor":33,"turns":5},{"damage":0,"enemies":"3 Shapes","floor":35,"turns":2},{"damage":0,"enemies":"Orb Walker","floor":37,"turns":1},{"damage":0,"enemies":"Maw","floor":38,"turns":4},{"damage":1,"enemies":"Jaw Worm Horde","floor":39,"turns":2},{"damage":4,"enemies":"Giant Head","floor":41,"turns":6},{"damage":14,"enemies":"4 Shapes","floor":42,"turns":5},{"damage":9,"enemies":"Reptomancer","floor":45,"turns":4},{"damage":0,"enemies":"3 Darklings","floor":47,"turns":1},{"damage":0,"enemies":"Maw","floor":48,"turns":3},{"damage":9,"enemies":"Time Eater","floor":52,"turns":9}],"seed_played":"-4703464247709399243","potions_obtained":[{"floor":1,"key":"DistilledChaos"},{"floor":2,"key":"Dexterity Potion"},{"floor":8,"key":"Adrenaline Potion"},{"floor":14,"key":"SmokeBomb"},{"floor":22,"key":"BlessingOfTheForge"},{"floor":24,"key":"Fruit Juice"},{"floor":24,"key":"BlessingOfTheForge"},{"floor":27,"key":"DuplicationPotion"}],"is_trial":false,"path_per_floor":["M","M","M","?","?","?","M","M","MIM","M","R","E","R","M","R","B",null,"M","?","AVR","M","M","R","?","R","MIM","M","R","M","M","E","R_BF","B",null,"M","?","M","M","M","R","E","M","T","T","E","R","M","M","PTL","PTL","R_BF","B",null],"character_chosen":"THE_SERVANT","items_purchased":["BestPractice"],"campfire_rested":0,"item_purchase_floors":[0],"current_hp_per_floor":[63,61,60,60,60,53,53,53,53,53,53,50,50,50,50,48,65,65,65,65,65,61,61,66,66,66,66,66,66,66,66,66,66,70,70,70,70,70,69,69,65,51,51,51,42,42,42,42,42,42,42,39],"gold":844,"neow_bonus":"","is_daily":false,"chose_seed":false,"campfire_upgraded":9,"win_rate":0.0,"timestamp":1607728335,"path_taken":["M","M","M","?","?","?","M","?","MIM","M","R","E","R","M","R","BOSS","M","?","AVR","M","M","R","?","R","MIM","M","R","M","M","E","R_BF","BOSS","M","?","M","M","M","R","E","M","T","?","E","R","M","M","PTL","PTL","R_BF","BOSS"],"items_purchased_type":["Card"],"build_version":"2020-11-30","purchased_purges":0,"victory":true,"max_hp_per_floor":[65,65,65,65,65,65,65,65,65,65,65,65,65,65,65,65,65,65,65,65,65,65,65,70,70,70,70,70,70,70,70,70,70,70,70,70,70,70,70,70,70,70,70,70,70,70,70,70,70,70,70,70],"card_choices":[{"not_picked":["Replace","FastForward"],"picked":"Luminosity","floor":1},{"not_picked":["Moonlight","Unruled"],"picked":"SilverBlades","floor":2},{"not_picked":["Reset","Hightail"],"picked":"InstantArmor","floor":3},{"not_picked":["RealityMarble","MoonPhase","Comet"],"picked":"SKIP","floor":7},{"not_picked":["Read","DoubleEdge"],"picked":"Rearm","floor":8},{"not_picked":["Replace","FanOfKnives"],"picked":"Ricochet","floor":9},{"not_picked":["Starlight","Duplication"],"picked":"FanOfKnives","floor":10},{"not_picked":["ReturningBlade","TimeWarp"],"picked":"GearUp","floor":12},{"not_picked":["ShatteredReality","RealityMarble"],"picked":"TimeWarp","floor":14},{"not_picked":["Duplication","ForgedInTime"],"picked":"Solidify","floor":16},{"not_picked":["DoubleEdge+1","Alleviate+1"],"picked":"Advance+1","floor":18},{"not_picked":["Spin","DoubleEdge","Misdirection+1"],"picked":"SKIP","floor":21},{"not_picked":["ForgedInTime","Comet","Advance"],"picked":"SKIP","floor":22},{"not_picked":["Spin","ShiftingGears"],"picked":"ShatteredReality","floor":26},{"not_picked":["GearUp","Revamp"],"picked":"Starlight+1","floor":27},{"not_picked":["Unruled","FastForward"],"picked":"Misdirection","floor":29},{"not_picked":["Gouge","StarChef"],"picked":"BottledTime","floor":30},{"not_picked":["SpecialFormula","Solidify"],"picked":"FlawlessForm","floor":31},{"not_picked":["Deny","Duplication"],"picked":"TheWorld","floor":33},{"not_picked":["Rewind","Ricochet+1"],"picked":"Potential+1","floor":35},{"not_picked":["Defy+1","ShatteredReality+1"],"picked":"WasteNot","floor":37},{"not_picked":["Potential","Starlight+1"],"picked":"Contraction+1","floor":38},{"not_picked":["Comet+1","InstantArmor+1","FastForward+1"],"picked":"SKIP","floor":39},{"not_picked":["ReturningBlade+1","FastForward"],"picked":"Hightail+1","floor":41},{"not_picked":["Rewind+1","MoonPhase","Potential+1"],"picked":"SKIP","floor":42},{"not_picked":["Barrier","MoonPhase"],"picked":"Collapse","floor":45},{"not_picked":["LightFlow","Rewind+1"],"picked":"Alleviate+1","floor":47},{"not_picked":["Ricochet+1","Unruled","Alleviate"],"picked":"SKIP","floor":48}],"player_experience":390211,"relics_obtained":[{"floor":9,"key":"Bag of Marbles"},{"floor":9,"key":"Replay:Wax Seal"},{"floor":12,"key":"Ornamental Fan"},{"floor":26,"key":"hubris:DuctTape"},{"floor":26,"key":"halation:SelfBoilingWater"},{"floor":31,"key":"halation:IllGainedPizza"},{"floor":36,"key":"Ring of Hypnosis"},{"floor":36,"key":"Ring of Fury"},{"floor":41,"key":"hubris:SphereOfDissonance"},{"floor":43,"key":"infinitespire:Lucky Rock"},{"floor":44,"key":"HornCleat"},{"floor":51,"key":"Snack Pack"}],"event_choices":[{"damage_healed":0,"gold_gain":0,"player_choice":"Traded Relic","damage_taken":0,"relics_obtained":["Nloth\u0027s Gift"],"max_hp_gain":0,"max_hp_loss":0,"event_name":"N\u0027loth","floor":19,"relics_lost":["Ornamental Fan"],"gold_loss":0},{"damage_healed":0,"gold_gain":0,"player_choice":"Got Potions","damage_taken":0,"max_hp_gain":0,"max_hp_loss":0,"event_name":"Lab","floor":24,"gold_loss":0}],"is_beta":false,"boss_relics":[{"not_picked":["conspire:SpecialSausage","Honey Jar"],"picked":"Coffee Dripper"},{"not_picked":["aspiration:SilentSkillbook","halation:MonkeysPaw"],"picked":"Runic Dome"}],"items_purged_floors":[],"is_endless":false,"potions_floor_spawned":[1,2,8,14,22,27,29,30,31,37,39,41,47],"ascension_level":0}}