{"host":"krw8blyxua7at9ak","time":1607658186,"event":{"mods":["BaseMod","Highlight Path","Minty Spire (QoL Compilation)","ojb\u0027s Info Mod"],"gold_per_floor":[365,58,69,86,103,132,132,132,132,150,162,180,537,572,572,572,572],"floor_reached":16,"playtime":783,"items_purged":[],"score":228,"play_id":"f0f12c78-e786-48b4-b67f-922c0067a4e0","local_time":"20201211044306","is_ascension_mode":true,"campfire_choices":[{"data":"Bouncing Flask","floor":7,"key":"SMITH"},{"floor":15,"key":"REST"}],"circlet_count":0,"master_deck":["AscendersBane","Strike_G","Strike_G","Strike_G","Strike_G","Strike_G","Defend_G","Defend_G","Defend_G","Defend_G","Defend_G","Survivor","Neutralize","Sucker Punch","Cloak And Dagger","Bouncing Flask+1","Predator","Footwork"],"relics":["Ring of the Snake","Mummified Hand","Singing Bowl","Ancient Tea Set","Mercury Hourglass","Old Coin","Smiling Mask"],"acts_visited":[],"potions_floor_usage":[3,6,13,14,16],"damage_taken":[{"damage":6,"enemies":"Cultist","floor":1,"turns":6},{"damage":8,"enemies":"Jaw Worm","floor":3,"turns":6},{"damage":1,"enemies":"Small Slimes","floor":4,"turns":3},{"damage":3,"enemies":"Looter","floor":5,"turns":3},{"damage":20,"enemies":"3 Sentries","floor":6,"turns":12},{"damage":2,"enemies":"Red Slaver","floor":10,"turns":5},{"damage":5,"enemies":"Large Slime","floor":11,"turns":5},{"damage":0,"enemies":"3 Louse","floor":12,"turns":3},{"damage":12,"enemies":"3 Sentries","floor":13,"turns":7},{"damage":7,"enemies":"Gremlin Nob","floor":14,"turns":3},{"damage":27,"enemies":"The Guardian","floor":16,"turns":9}],"seed_played":"-288246578929072919","potions_obtained":[{"floor":1,"key":"Fire Potion"},{"floor":3,"key":"Dexterity Potion"},{"floor":5,"key":"Energy Potion"},{"floor":12,"key":"FearPotion"},{"floor":13,"key":"Poison Potion"},{"floor":14,"key":"FearPotion"}],"is_trial":false,"path_per_floor":["M","$","M","M","M","E","R","?","T","M","M","M","?","E","R","B"],"character_chosen":"THE_SILENT","items_purchased":["Mummified Hand","Sucker Punch"],"campfire_rested":1,"item_purchase_floors":[2,2],"current_hp_per_floor":[53,53,45,44,41,23,23,23,23,21,16,18,8,3,23,0,0],"gold":572,"neow_bonus":"TWO_FIFTY_GOLD","is_daily":false,"chose_seed":false,"campfire_upgraded":1,"win_rate":0.0,"timestamp":1607658186,"path_taken":["M","$","M","M","?","E","R","?","T","M","?","M","?","E","R","BOSS"],"items_purchased_type":["Relic","Card"],"build_version":"2020-11-30","purchased_purges":0,"victory":false,"max_hp_per_floor":[60,60,60,60,60,62,62,62,62,62,62,64,66,68,68,68,68],"card_choices":[{"not_picked":["Calculated Gamble","Blur","PiercingWail"],"picked":"SKIP","floor":1},{"not_picked":["Dodge and Roll","Eviscerate"],"picked":"Cloak And Dagger","floor":3},{"not_picked":["Masterful Stab","Crippling Poison"],"picked":"Bouncing Flask","floor":4},{"not_picked":["Prepared","Quick Slash","Deflect"],"picked":"SKIP","floor":5},{"not_picked":["Acrobatics","Dagger Throw","Envenom"],"picked":"Singing Bowl","floor":6},{"not_picked":["Backflip","Bouncing Flask"],"picked":"Predator","floor":10},{"not_picked":["Backflip","Dash"],"picked":"Footwork","floor":11},{"not_picked":["Tactician","Setup","Outmaneuver"],"picked":"Singing Bowl","floor":12},{"not_picked":["Crippling Poison","Deflect","Acrobatics"],"picked":"Singing Bowl","floor":13},{"not_picked":["Backflip","Underhanded Strike","Heel Hook"],"picked":"Singing Bowl","floor":14}],"player_experience":329020,"relics_obtained":[{"floor":6,"key":"Singing Bowl"},{"floor":9,"key":"Mercury Hourglass"},{"floor":13,"key":"Old Coin"},{"floor":14,"key":"Smiling Mask"}],"event_choices":[{"damage_healed":0,"gold_gain":0,"player_choice":"Gave Potion","damage_taken":0,"relics_obtained":["Ancient Tea Set"],"max_hp_gain":0,"max_hp_loss":0,"event_name":"WeMeetAgain","floor":8,"gold_loss":0},{"damage_healed":0,"gold_gain":0,"player_choice":"Searched \u00271\u0027 times","damage_taken":0,"max_hp_gain":0,"max_hp_loss":0,"event_name":"Dead Adventurer","floor":13,"gold_loss":0}],"is_beta":false,"boss_relics":[],"items_purged_floors":[],"is_endless":false,"potions_floor_spawned":[1,3,5,12,13,14],"killed_by":"The Guardian","ascension_level":20}}