{"host":"Ilker","time":1607715277,"event":{"mods":["BaseMod","Bestiary","Block Reminder","Colored Map","DeckTracker","Highlight Path","Minty Spire (QoL Compilation)","Quick Restart","Relic Sorter","Relic Stats"],"gold_per_floor":[116,127,147,166,179,179,205,205,205,205,232,232,261,272,272,347,347,359,371,371,390,401,401,436,436,436,446,474,33,48,73,73,73,73],"floor_reached":33,"playtime":2537,"items_purged":["Strike_R"],"score":708,"play_id":"88fe9ee5-4215-4b85-8586-2d6247e44f13","local_time":"20201211223437","is_ascension_mode":true,"campfire_choices":[{"data":"Bash","floor":6.0,"key":"SMITH"},{"data":"Evolve","floor":8.0,"key":"SMITH"},{"floor":10.0,"key":"REST"},{"data":"Carnage","floor":15.0,"key":"SMITH"},{"floor":23.0,"key":"REST"},{"floor":25.0,"key":"REST"},{"data":"Shockwave","floor":32,"key":"SMITH"}],"circlet_count":0,"master_deck":["AscendersBane","Strike_R","Strike_R","Strike_R","Strike_R","Defend_R","Defend_R","Defend_R","Defend_R","Bash+1","Evolve+1","Pommel Strike","Carnage+1","Clothesline","Pommel Strike","Bloodletting","Corruption+1","Disarm","Cleave","Brutality+1","Metallicize+1","Heavy Blade","Burning Pact","Disarm","Shrug It Off","Inflame+1","Shockwave+1","Shrug It Off"],"relics":["Burning Blood","Orichalcum","Art of War","Frozen Egg 2","White Beast Statue","Self Forming Clay","Snecko Eye","Tiny Chest","Pocketwatch","Blood Vial","HandDrill","Matryoshka"],"acts_visited":["Exordium","TheCity"],"potions_floor_usage":[28,28,31,31,33],"damage_taken":[{"damage":10.0,"enemies":"Small Slimes","floor":1.0,"turns":4.0},{"damage":5.0,"enemies":"Cultist","floor":2.0,"turns":4.0},{"damage":6.0,"enemies":"Jaw Worm","floor":3.0,"turns":2.0},{"damage":12.0,"enemies":"Gremlin Gang","floor":4.0,"turns":4.0},{"damage":6.0,"enemies":"Looter","floor":5.0,"turns":3.0},{"damage":16.0,"enemies":"3 Sentries","floor":7.0,"turns":6.0},{"damage":21.0,"enemies":"Lagavulin","floor":11.0,"turns":5.0},{"damage":5.0,"enemies":"Gremlin Nob","floor":13.0,"turns":3.0},{"damage":19.0,"enemies":"Exordium Wildlife","floor":14.0,"turns":4.0},{"damage":22.0,"enemies":"Slime Boss","floor":16.0,"turns":7.0},{"damage":22.0,"enemies":"Shell Parasite","floor":18.0,"turns":4.0},{"damage":27.0,"enemies":"Spheric Guardian","floor":19.0,"turns":6.0},{"damage":14.0,"enemies":"Cultist and Chosen","floor":21.0,"turns":5.0},{"damage":13.0,"enemies":"Centurion and Healer","floor":22.0,"turns":4.0},{"damage":10.0,"enemies":"Book of Stabbing","floor":24.0,"turns":5.0},{"damage":7.0,"enemies":"3 Cultists","floor":27.0,"turns":6.0},{"damage":5,"enemies":"Slavers","floor":28,"turns":6},{"damage":17,"enemies":"Snake Plant","floor":30,"turns":3},{"damage":3,"enemies":"Gremlin Leader","floor":31,"turns":4},{"damage":83,"enemies":"Collector","floor":33,"turns":8}],"seed_played":"-3290420472288335169","potions_obtained":[{"floor":1.0,"key":"Block Potion"},{"floor":2.0,"key":"SkillPotion"},{"floor":3.0,"key":"Weak Potion"},{"floor":7.0,"key":"SteroidPotion"},{"floor":11.0,"key":"ElixirPotion"},{"floor":13.0,"key":"PowerPotion"},{"floor":14.0,"key":"Swift Potion"},{"floor":16.0,"key":"SpeedPotion"},{"floor":18.0,"key":"HeartOfIron"},{"floor":19.0,"key":"Regen Potion"},{"floor":21.0,"key":"LiquidBronze"},{"floor":22.0,"key":"Fire Potion"},{"floor":24.0,"key":"EssenceOfSteel"},{"floor":27.0,"key":"Dexterity Potion"},{"floor":28,"key":"Strength Potion"},{"floor":30,"key":"GamblersBrew"},{"floor":31,"key":"BloodPotion"}],"is_trial":false,"path_per_floor":["M","M","M","M","M","R","E","R","T","R","E","?","E","M","R","B",null,"M","M","?","M","M","R","E","R","T","M","E","$","M","E","R","B"],"character_chosen":"IRONCLAD","items_purchased":["Inflame+1","Blood Vial","HandDrill"],"campfire_rested":3,"item_purchase_floors":[29,29,29],"current_hp_per_floor":[64,65,65,59,59,59,49,49,49,71,56,52,53,40,40,24,62,46,25,20,26,19,41,37,59,59,58,59,59,50,55,55,0,0],"gold":73,"neow_bonus":"RANDOM_COMMON_RELIC","is_daily":false,"chose_seed":false,"campfire_upgraded":4,"win_rate":0.0,"timestamp":1607715277,"path_taken":["M","M","M","M","M","R","E","R","T","R","E","?","E","M","R","BOSS","M","?","?","M","?","R","E","R","T","M","E","$","M","E","R","BOSS"],"items_purchased_type":["Card","Relic","Relic"],"build_version":"2020-12-07","purchased_purges":1,"victory":false,"max_hp_per_floor":[75,75,75,75,75,75,75,75,75,75,75,75,75,75,75,75,75,75,75,75,75,75,75,75,75,75,75,75,75,75,75,75,75,75],"relic_stats":{"Blood Vial":6,"counters":[20,93],"Self Forming Clay":[129],"Snecko Eye":[82,103,104,106],"Tiny Chest":0,"Art of War":[3],"HandDrill":[12],"Orichalcum":[240],"obtain_stats":[{"Blood Vial":29,"Matryoshka":31,"Self Forming Clay":13,"Snecko Eye":17,"Tiny Chest":24,"Art of War":7,"HandDrill":29,"Orichalcum":0,"Frozen Egg 2":9,"Burning Blood":0,"White Beast Statue":11,"Pocketwatch":28},{"Blood Vial":17,"Matryoshka":19,"Self Forming Clay":8,"Snecko Eye":10,"Tiny Chest":15,"Art of War":6,"HandDrill":17,"Orichalcum":0,"Frozen Egg 2":6,"Burning Blood":0,"White Beast Statue":7,"Pocketwatch":17},{"Blood Vial":78,"Matryoshka":85,"Self Forming Clay":31,"Snecko Eye":42,"Tiny Chest":66,"Art of War":23,"HandDrill":78,"Orichalcum":0,"Frozen Egg 2":23,"Burning Blood":0,"White Beast Statue":28,"Pocketwatch":78}],"Burning Blood":114,"Pocketwatch":[9]},"card_choices":[{"not_picked":["Rage","Blood for Blood"],"picked":"Evolve","floor":1.0},{"not_picked":["Twin Strike","Intimidate"],"picked":"Pommel Strike","floor":2.0},{"not_picked":["Hemokinesis","Sword Boomerang"],"picked":"Carnage","floor":3.0},{"not_picked":["Infernal Blade","Second Wind"],"picked":"Clothesline","floor":4.0},{"not_picked":["Dual Wield","Wild Strike"],"picked":"Pommel Strike","floor":5.0},{"not_picked":["Heavy Blade","Anger"],"picked":"Bloodletting","floor":7.0},{"not_picked":["Ghostly Armor","Spot Weakness"],"picked":"Corruption+1","floor":11.0},{"not_picked":["Ghostly Armor","True Grit"],"picked":"Disarm","floor":13.0},{"not_picked":["Heavy Blade","Shrug It Off"],"picked":"Cleave","floor":14.0},{"not_picked":["Fiend Fire","Exhume"],"picked":"Brutality+1","floor":16.0},{"not_picked":["Havoc","Rage","Twin Strike+1"],"picked":"SKIP","floor":18.0},{"not_picked":["Flex","Cleave"],"picked":"Metallicize+1","floor":19.0},{"not_picked":["True Grit","Clash"],"picked":"Heavy Blade","floor":21.0},{"not_picked":["Wild Strike","Flex"],"picked":"Burning Pact","floor":22.0},{"not_picked":["Sentinel","Pommel Strike"],"picked":"Disarm","floor":24.0},{"not_picked":["Body Slam","Fire Breathing+1"],"picked":"Shrug It Off","floor":27.0},{"not_picked":["True Grit","Searing Blow","Pommel Strike"],"picked":"SKIP","floor":28},{"not_picked":["Second Wind","Thunderclap"],"picked":"Shockwave","floor":30},{"not_picked":["Entrench","Rage"],"picked":"Shrug It Off","floor":31}],"player_experience":1622678,"relics_obtained":[{"floor":7.0,"key":"Art of War"},{"floor":9.0,"key":"Frozen Egg 2"},{"floor":11.0,"key":"White Beast Statue"},{"floor":13.0,"key":"Self Forming Clay"},{"floor":24.0,"key":"Tiny Chest"},{"floor":28,"key":"Pocketwatch"},{"floor":31,"key":"Matryoshka"}],"event_choices":[{"damage_healed":0.0,"max_hp_gain":0.0,"max_hp_loss":0.0,"gold_gain":0.0,"event_name":"The Woman in Blue","player_choice":"Bought 0 Potions","floor":12.0,"gold_loss":0.0,"damage_taken":0.0},{"damage_healed":0.0,"max_hp_gain":0.0,"max_hp_loss":0.0,"gold_gain":0.0,"event_name":"Designer","player_choice":"Punched","floor":20.0,"gold_loss":0.0,"damage_taken":5.0}],"is_beta":true,"boss_relics":[{"not_picked":["Calling Bell","Runic Dome"],"picked":"Snecko Eye"}],"items_purged_floors":[29],"is_endless":false,"potions_floor_spawned":[1,2,3,7,11,13,14,16,18,19,21,22,24,27,28,30,31],"killed_by":"Collector","ascension_level":20}}