{"host":"rmsq46plbpwfbxcc","time":1607709164,"event":{"mods":["AchievementEnabler","BaseMod","Colored Map","DeckTracker","Minty Spire (QoL Compilation)","Permanent Neow","SuperFastMode"],"gold_per_floor":[117,117,127,43,54,54,68,68,68,86,106,120,120,62,62,136,136,147,72,72,83,96,96,96,125,125,125,158,172,172,190,190,266,266,281,291,191,191,202,202,235,235,287,306,325,342,342,342],"floor_reached":47,"playtime":2011,"items_purged":["Strike_G","Strike_G"],"score":884,"play_id":"00876e7d-5173-43a6-a1f0-9716afcca23c","local_time":"20201212025244","is_ascension_mode":true,"campfire_choices":[{"data":"Neutralize","floor":6.0,"key":"SMITH"},{"data":"After Image","floor":8.0,"key":"SMITH"},{"data":"Blade Dance","floor":13.0,"key":"SMITH"},{"data":"Cloak And Dagger","floor":15.0,"key":"SMITH"},{"data":"Accuracy","floor":23.0,"key":"SMITH"},{"floor":27.0,"key":"REST"},{"data":"Finisher","floor":30.0,"key":"SMITH"},{"floor":32.0,"key":"REST"},{"data":"Apotheosis","floor":40,"key":"SMITH"},{"data":"Envenom","floor":42,"key":"SMITH"}],"circlet_count":0,"master_deck":["AscendersBane","Strike_G","Defend_G","Defend_G","Defend_G","Defend_G","Survivor","Neutralize+1","Dagger Throw","Dash","Backstab","After Image+1","Accuracy+1","Well Laid Plans","Footwork","Blade Dance+1","Cloak And Dagger+1","Corpse Explosion","Infinite Blades","Acrobatics","Choke","Finisher+1","Accuracy","Envenom+1","Blade Dance","Terror+1","Apotheosis+1","Backflip+1","Cloak And Dagger+1","A Thousand Cuts","Escape Plan+1"],"relics":["Ring of the Snake","Gremlin Horn","HoveringKite","Question Card","HornCleat","PreservedInsect","Empty Cage","InkBottle","Regal Pillow"],"acts_visited":["Exordium","TheCity","TheBeyond"],"potions_floor_usage":[47],"damage_taken":[{"damage":1.0,"enemies":"Small Slimes","floor":1.0,"turns":5.0},{"damage":0.0,"enemies":"Cultist","floor":3.0,"turns":4.0},{"damage":0.0,"enemies":"2 Louse","floor":5.0,"turns":2.0},{"damage":3.0,"enemies":"Looter","floor":7.0,"turns":4.0},{"damage":2.0,"enemies":"Red Slaver","floor":10.0,"turns":5.0},{"damage":5.0,"enemies":"Exordium Wildlife","floor":11.0,"turns":6.0},{"damage":1.0,"enemies":"Exordium Thugs","floor":12.0,"turns":5.0},{"damage":10.0,"enemies":"Hexaghost","floor":16.0,"turns":10.0},{"damage":14.0,"enemies":"Spheric Guardian","floor":18.0,"turns":5.0},{"damage":18.0,"enemies":"3 Byrds","floor":21.0,"turns":6.0},{"damage":9.0,"enemies":"Shelled Parasite and Fungi","floor":22.0,"turns":4.0},{"damage":4.0,"enemies":"Gremlin Leader","floor":25.0,"turns":7.0},{"damage":10.0,"enemies":"Book of Stabbing","floor":28.0,"turns":7.0},{"damage":11.0,"enemies":"Snecko","floor":29.0,"turns":6.0},{"damage":13.0,"enemies":"Centurion and Healer","floor":31.0,"turns":7.0},{"damage":22.0,"enemies":"Collector","floor":33.0,"turns":6.0},{"damage":0,"enemies":"3 Shapes","floor":35,"turns":4},{"damage":3,"enemies":"Orb Walker","floor":36,"turns":3},{"damage":15,"enemies":"Sphere and 2 Shapes","floor":39,"turns":4},{"damage":6,"enemies":"Reptomancer","floor":41,"turns":5},{"damage":14,"enemies":"Transient","floor":44,"turns":5},{"damage":26,"enemies":"Spire Growth","floor":45,"turns":5},{"damage":0,"enemies":"Maw","floor":46,"turns":5},{"damage":52,"enemies":"Writhing Mass","floor":47,"turns":3}],"seed_played":"3407907488562358952","potions_obtained":[{"floor":1.0,"key":"AttackPotion"},{"floor":3.0,"key":"Regen Potion"},{"floor":7.0,"key":"Strength Potion"},{"floor":22.0,"key":"DuplicationPotion"},{"floor":25.0,"key":"Swift Potion"},{"floor":31.0,"key":"PowerPotion"},{"floor":36,"key":"FairyPotion"},{"floor":45,"key":"Fire Potion"},{"floor":46,"key":"Explosive Potion"}],"is_trial":false,"path_per_floor":["M","?","M","$","M","R","M","R","T","M","M","M","R","$","R","B",null,"M","$","?","M","M","R","?","E","T","R","E","M","R","M","R","B",null,"M","M","$","?","M","R","E","R","T","M","M","M","M"],"character_chosen":"THE_SILENT","items_purchased":["Accuracy","Cloak And Dagger"],"campfire_rested":2,"item_purchase_floors":[4,14],"current_hp_per_floor":[58,58,58,58,58,58,55,55,55,53,48,47,47,47,47,37,59,45,45,45,42,33,33,27,23,23,42,32,21,21,8,27,5,51,51,48,48,48,33,33,27,27,27,13,19,19,0,0],"gold":342,"neow_bonus":"TRANSFORM_CARD","is_daily":false,"chose_seed":false,"campfire_upgraded":8,"win_rate":0.0,"timestamp":1607709164,"path_taken":["M","?","M","$","M","R","M","R","T","M","?","M","R","?","R","BOSS","M","$","?","M","M","R","?","E","T","R","E","M","R","M","R","BOSS","M","M","$","?","M","R","E","R","T","M","M","M","M"],"items_purchased_type":["Card","Card"],"build_version":"2020-11-30","purchased_purges":2,"victory":false,"max_hp_per_floor":[66,66,66,66,66,66,66,66,66,66,66,66,66,66,66,66,66,66,66,66,66,66,66,66,66,66,66,66,66,66,66,66,66,66,66,66,66,66,66,66,66,66,66,66,66,66,66,66],"card_choices":[{"not_picked":["PiercingWail","Deadly Poison"],"picked":"Dash","floor":1.0},{"not_picked":["Flying Knee","Setup","Quick Slash"],"picked":"SKIP","floor":3.0},{"not_picked":["Sucker Punch","Dagger Throw"],"picked":"Well Laid Plans","floor":5.0},{"not_picked":["Acrobatics","Flechettes"],"picked":"Footwork","floor":7.0},{"not_picked":["Dodge and Roll","Deflect","Accuracy"],"picked":"SKIP","floor":10.0},{"not_picked":["Night Terror","Deflect"],"picked":"Blade Dance","floor":11.0},{"not_picked":["Quick Slash","Dagger Throw","Dodge and Roll"],"picked":"SKIP","floor":12.0},{"not_picked":["Glass Knife","Wraith Form v2"],"picked":"Corpse Explosion","floor":16.0},{"not_picked":["Reflex","Dagger Throw"],"picked":"Infinite Blades","floor":18.0},{"not_picked":["Sucker Punch","All Out Attack","Blade Dance"],"picked":"SKIP","floor":21.0},{"not_picked":["Setup","Dagger Spray"],"picked":"Acrobatics","floor":22.0},{"not_picked":["Deadly Poison","Reflex","Crippling Poison"],"picked":"SKIP","floor":25.0},{"not_picked":["Bouncing Flask","Dagger Spray+1","Deflect"],"picked":"Choke","floor":28.0},{"not_picked":["Dash","Choke","Cloak And Dagger"],"picked":"Finisher","floor":29.0},{"not_picked":["Unload","Cloak And Dagger","Deadly Poison"],"picked":"Accuracy","floor":31.0},{"not_picked":["Corpse Explosion","Malaise","Burst"],"picked":"Envenom","floor":33.0},{"not_picked":["Dagger Throw","Bane","Sucker Punch+1"],"picked":"Blade Dance","floor":35},{"not_picked":["Predator","Backflip","Distraction+1"],"picked":"Terror+1","floor":36},{"not_picked":["Discovery","Chrysalis","Trip"],"picked":"Apotheosis","floor":38},{"not_picked":["Flying Knee+1","Dodge and Roll","Riddle With Holes","Poisoned Stab"],"picked":"SKIP","floor":39},{"not_picked":["Deadly Poison","Dagger Spray+1","Underhanded Strike"],"picked":"Backflip+1","floor":41},{"not_picked":["Bouncing Flask","Flechettes+1","Expertise"],"picked":"Cloak And Dagger+1","floor":44},{"not_picked":["Noxious Fumes","Eviscerate+1","Setup"],"picked":"A Thousand Cuts","floor":45},{"not_picked":["Flying Knee+1","Blade Dance","Bane"],"picked":"Escape Plan+1","floor":46}],"player_experience":1318899,"relics_obtained":[{"floor":9.0,"key":"Gremlin Horn"},{"floor":25.0,"key":"Question Card"},{"floor":26.0,"key":"HornCleat"},{"floor":28.0,"key":"PreservedInsect"},{"floor":41,"key":"InkBottle"},{"floor":43,"key":"Regal Pillow"}],"event_choices":[{"damage_healed":0.0,"max_hp_gain":0.0,"max_hp_loss":0.0,"gold_gain":0.0,"event_name":"Match and Keep!","player_choice":"2 cards matched","floor":2.0,"gold_loss":0.0,"damage_taken":0.0,"cards_obtained":["Backstab","After Image"]},{"damage_healed":0.0,"max_hp_gain":0.0,"max_hp_loss":0.0,"gold_gain":0.0,"event_name":"Vampires","player_choice":"Ignored","floor":20.0,"gold_loss":0.0,"damage_taken":0.0},{"damage_healed":0.0,"max_hp_gain":0.0,"max_hp_loss":0.0,"gold_gain":0.0,"event_name":"Knowing Skull","player_choice":"","floor":24.0,"potions_obtained":[],"gold_loss":0.0,"damage_taken":6.0,"cards_obtained":[]},{"damage_healed":0,"gold_gain":0,"player_choice":"Memory 1","damage_taken":0,"max_hp_gain":0,"max_hp_loss":0,"event_name":"SensoryStone","floor":38,"gold_loss":0}],"is_beta":false,"boss_relics":[{"not_picked":["Tiny House","Pandora\u0027s Box"],"picked":"HoveringKite"},{"not_picked":["Velvet Choker","Snecko Eye"],"picked":"Empty Cage"}],"items_purged_floors":[19,37],"is_endless":false,"potions_floor_spawned":[1,3,7,22,25,31,36,45,46],"killed_by":"Writhing Mass","ascension_level":16}}