{"host":"ormi09wwzv7sq47a","time":1607708675,"event":{"mods":["2.2 Compatiblity","AchievementEnabler","Act Like it!","BaseMod","Better Note","Better Vampires","Colored Map","Colored Powertips","DeckTracker","Downfall","Hermit","Highlight Path","Jorbs\u0027s Wanderer Trilogy","Minty Spire (QoL Compilation)","Permanent Neow","Quick Restart","Rare Cards Sparkle","Relic Stats","Shop Mod","StSLib","The Cursed","The Hierophant","The Jungle","The Servant 0.9.4"],"gold_per_floor":[11,31,48,0,20,20,20,55,55,18,18,46,64,82,82,177,177,196,295,141,157,137,137,172,27,27,27,27,27],"floor_reached":28,"playtime":1081,"items_purged":["Slimebound:Tackle"],"score":385,"play_id":"a1b7b555-90fa-4676-9f87-2199223a68ba","local_time":"20201211144435","is_ascension_mode":true,"campfire_choices":[{"data":"Slimebound:SlimeBarrage","floor":6,"key":"SMITH"},{"data":"Slimebound:SlimeTap","floor":11,"key":"SMITH"},{"data":"Slimebound:SlimeSpikes","floor":15,"key":"SMITH"},{"data":"Slimebound:LevelUp","floor":23,"key":"SMITH"},{"data":"Slimebound:Split","floor":27,"key":"SMITH"}],"circlet_count":0,"master_deck":["Slimebound:Strike_Slimebound","Slimebound:Strike_Slimebound","Slimebound:Strike_Slimebound","Slimebound:Defend_Slimebound+1","Slimebound:Defend_Slimebound","Slimebound:Defend_Slimebound","Slimebound:Defend_Slimebound","Slimebound:Split+1","Slimebound:CorrosiveSpit","Slimebound:SlimeTap+1","Slimebound:SlimeBarrage+1","Slimebound:SplitBruiser","Slimebound:SplitAcid","Slimebound:SplitLeeching+1","Slimebound:FormOfPuddle","Slimebound:LevelUp+1","Slimebound:LeadByExample","Slimebound:SlimeSpikes+1","Slimebound:Dissolve","Slimebound:MinionMaster","Slimebound:SplitMire","Slimebound:Recollect","Slimebound:SlimeSpikes"],"relics":["Slimebound:AbsorbEndCombat","Ornamental Fan","Mummified Hand","Bronze Scales","Black Star","Meat on the Bone","Vajra","ClockworkSouvenir"],"acts_visited":["Exordium","TheCity"],"potions_floor_usage":[5,12,16,16,18,24,28],"damage_taken":[{"damage":5.0,"enemies":"Cultist","floor":1.0,"turns":4.0},{"damage":6.0,"enemies":"Jaw Worm","floor":2.0,"turns":3.0},{"damage":4,"enemies":"Small Slimes","floor":3,"turns":3},{"damage":19,"enemies":"Exordium Thugs","floor":5,"turns":3},{"damage":30,"enemies":"Gremlin Nob","floor":8,"turns":3},{"damage":31,"enemies":"3 Sentries","floor":12,"turns":4},{"damage":16,"enemies":"2 Fungi Beasts","floor":13,"turns":4},{"damage":14,"enemies":"Looter","floor":14,"turns":3},{"damage":16,"enemies":"Slime Boss","floor":16,"turns":4},{"damage":18,"enemies":"2 Thieves","floor":18,"turns":2},{"damage":23,"enemies":"Chosen","floor":21,"turns":4},{"damage":48,"enemies":"Gremlin Leader","floor":24,"turns":5},{"damage":38,"enemies":"Slavers","floor":28,"turns":3}],"seed_played":"-6408990087226099187","potions_obtained":[{"floor":1.0,"key":"Weak Potion"},{"floor":8,"key":"Fire Potion"},{"floor":13,"key":"ColorlessPotion"},{"floor":14,"key":"hexamod:EctoCoolerPotion"},{"floor":16,"key":"Weak Potion"},{"floor":18,"key":"SteroidPotion"},{"floor":22,"key":"Slimebound:ThreeZeroPotion"}],"is_trial":false,"path_per_floor":["M","M","M","$","M","R","?","E","T","$","R","E","M","M","R","B",null,"M","?","$","M","?","R","E","$","T","R","E"],"character_chosen":"SLIMEBOUND","items_purchased":["Slimebound:SplitAcid","Slimebound:LevelUp","Slimebound:Recollect","ClockworkSouvenir"],"campfire_rested":0,"item_purchase_floors":[4,10,20,25],"current_hp_per_floor":[69,71,72,72,67,67,53,41,41,41,41,26,22,18,18,22,60,52,52,52,47,47,47,27,27,27,27,0,0],"gold":27,"neow_bonus":"TWENTY_PERCENT_HP_BONUS","is_daily":false,"chose_seed":false,"campfire_upgraded":5,"win_rate":0.0,"timestamp":1607708675,"path_taken":["M","?","M","$","M","R","?","E","T","$","R","E","M","M","R","BOSS","M","?","$","M","?","R","E","$","T","R","E"],"items_purchased_type":["Card","Card","Card","Relic"],"build_version":"2020-11-30","purchased_purges":1,"victory":false,"max_hp_per_floor":[72,72,72,72,72,72,72,72,72,72,72,72,72,72,72,72,72,72,72,72,72,72,72,72,72,72,72,72,72],"relic_stats":{"counters":[13,43],"Ornamental Fan":[0],"Mummified Hand":[18],"Bronze Scales":[78],"Black Star":1,"obtain_stats":[{"Ornamental Fan":8,"Mummified Hand":9,"Bronze Scales":12,"Vajra":24,"Slimebound:AbsorbEndCombat":0,"Black Star":17,"Meat on the Bone":24,"ClockworkSouvenir":25},{"Ornamental Fan":5,"Mummified Hand":5,"Bronze Scales":6,"Vajra":12,"Slimebound:AbsorbEndCombat":0,"Black Star":9,"Meat on the Bone":12,"ClockworkSouvenir":12},{"Ornamental Fan":16,"Mummified Hand":16,"Bronze Scales":20,"Vajra":40,"Slimebound:AbsorbEndCombat":0,"Black Star":30,"Meat on the Bone":40,"ClockworkSouvenir":40}],"Meat on the Bone":0},"card_choices":[{"not_picked":["Slimebound:SplitAcid","Slimebound:ViciousTackle"],"picked":"Slimebound:SlimeTap","floor":1.0},{"not_picked":["Slimebound:ComboTackle","Slimebound:SplitLeeching"],"picked":"Slimebound:SlimeBarrage","floor":2.0},{"not_picked":["Slimebound:ForwardTackle","Slimebound:Schlurp"],"picked":"Slimebound:SplitBruiser","floor":3},{"not_picked":["Slimebound:MegaLick","Slimebound:AcidTongue"],"picked":"Slimebound:SplitLeeching","floor":5},{"not_picked":["Slimebound:RainOfGoop","Slimebound:ViciousTackle"],"picked":"Slimebound:FormOfPuddle","floor":8},{"not_picked":["Slimebound:SlimeSlap","Slimebound:SplitLeeching"],"picked":"Slimebound:LeadByExample","floor":12},{"not_picked":["Slimebound:LeechingTouch","Slimebound:SlimeBarrage"],"picked":"Slimebound:SlimeSpikes","floor":13},{"not_picked":["Slimebound:SplitAcid","Slimebound:FinishingTackle"],"picked":"Slimebound:Dissolve","floor":14},{"not_picked":["Slimebound:Teamwork","Slimebound:CheckThePlaybook"],"picked":"Slimebound:MinionMaster","floor":16},{"not_picked":["Slimebound:GrowthPunch","Slimebound:ViciousTackle"],"picked":"Slimebound:SplitMire","floor":18},{"not_picked":["Slimebound:AcidTongue+1","Slimebound:PressTheAttack"],"picked":"Slimebound:SlimeSpikes","floor":21},{"not_picked":["Slimebound:RallyTheTroops","Slimebound:MinionMaster","Slimebound:SamplingLick+1"],"picked":"SKIP","floor":24}],"player_experience":731559,"relics_obtained":[{"floor":8,"key":"Ornamental Fan"},{"floor":9,"key":"Mummified Hand"},{"floor":12,"key":"Bronze Scales"},{"floor":24,"key":"Meat on the Bone"},{"floor":24,"key":"Vajra"}],"event_choices":[{"damage_healed":0,"gold_gain":0,"player_choice":"Entered Light","damage_taken":14,"max_hp_gain":0,"max_hp_loss":0,"event_name":"Shining Light","floor":7,"gold_loss":0,"cards_upgraded":["Slimebound:Defend_Slimebound","Slimebound:SplitLeeching"]},{"damage_healed":0,"gold_gain":99,"player_choice":"Stole From Cult","damage_taken":0,"max_hp_gain":0,"max_hp_loss":0,"event_name":"Nest","floor":19,"gold_loss":0},{"damage_healed":0,"gold_gain":0,"player_choice":"Bought 1 Potion","damage_taken":0,"max_hp_gain":0,"max_hp_loss":0,"event_name":"The Woman in Blue","floor":22,"gold_loss":0}],"is_beta":false,"boss_relics":[{"not_picked":["Fusion Hammer","Velvet Choker"],"picked":"Black Star"}],"items_purged_floors":[20],"is_endless":false,"potions_floor_spawned":[1,8,13,14,16,18],"killed_by":"Slavers","ascension_level":6}}