{"host":"jak4ncvfzor9mys0","time":1607649592,"event":{"mods":["2.2 Compatiblity","AchievementEnabler","BaseMod","Better Altar","Better Match","Better Note","Better Sensory Stone","Better Skull","Better Third Choice","BetterRewards","Block Reminder","Colored Map","Colored Powertips","Energized Spire","Gold Saver","Hubris","Infinite Spire","Key Reminder","Minty Spire (QoL Compilation)","Rare Cards Sparkle","Red Circlet Mod","Relic Sorter","Relic Stats","Replay The Spire","Retaliation","StSLib","SuperFastMode","The Blue Laboratory"],"gold_per_floor":[664,674,674,687,667,667,682,692,737,747,747,697,716,666,666,766,766,781,781,781,781,761,795,795,828,828,828,839,854,854,869,869,869,869],"floor_reached":33,"playtime":2751,"items_purged":["Strike_B","Strike_B"],"score":429,"play_id":"193c50f3-47b8-4c38-8a94-526d5de2e1fd","local_time":"20201210171952","is_ascension_mode":false,"campfire_choices":[{"data":"Zap","floor":6,"key":"SMITH"},{"data":"Glacier","floor":11,"key":"SMITH"},{"data":"Dualcast","floor":15,"key":"SMITH"},{"floor":24,"key":"REST"},{"data":"Ball Lightning","floor":30,"key":"SMITH"},{"data":"Cold Snap","floor":32,"key":"SMITH"}],"circlet_count":0,"master_deck":["Strike_B","Strike_B","Defend_B","Defend_B","Defend_B","Zap+1","Dualcast+1","Defragment+1","Cold Snap+1","Glacier+1","Leap","Leap","Chill","Ball Lightning+1","Defragment+1","Leap","Cold Snap+1"],"relics":["Cracked Core","Kunai","Tiny Chest","Membership Card","hubris:Towel","Sozu","Emotion Chip","FossilizedHelix","Snack Pack"],"acts_visited":["Exordium","TheCity"],"potions_floor_usage":[16,33,33],"damage_taken":[{"damage":0,"enemies":"Jaw Worm","floor":1,"turns":4},{"damage":0,"enemies":"2 Louse","floor":2,"turns":2},{"damage":0,"enemies":"Small Slimes","floor":4,"turns":3},{"damage":3,"enemies":"Blue Slaver","floor":7,"turns":4},{"damage":6,"enemies":"Gremlin Gang","floor":8,"turns":6},{"damage":1,"enemies":"2 Fungi Beasts","floor":10,"turns":4},{"damage":0,"enemies":"Exordium Wildlife","floor":13,"turns":3},{"damage":0,"enemies":"The Guardian","floor":16,"turns":9},{"damage":0,"enemies":"Chosen","floor":18,"turns":6},{"damage":8,"enemies":"2 Thieves","floor":22,"turns":4},{"damage":29,"enemies":"Nightmare","floor":23,"turns":17},{"damage":5,"enemies":"Book of Stabbing","floor":25,"turns":7},{"damage":0,"enemies":"Snecko","floor":28,"turns":9},{"damage":0,"enemies":"Cultist and Chosen","floor":29,"turns":6},{"damage":0,"enemies":"Centurion and Healer","floor":31,"turns":10},{"damage":67,"enemies":"Pondfish","floor":33,"turns":28}],"seed_played":"-3180922616751896332","potions_obtained":[{"floor":4,"key":"blueLaboratory:LouseDecoction"},{"floor":8,"key":"blueLaboratory:ConsumingVoid"},{"floor":10,"key":"FocusPotion"},{"floor":16,"key":"ColorlessPotion"}],"is_trial":false,"path_per_floor":["M","M","?","M","?","R","M","M","T","M","R","?","M","$","R","B",null,"M","?","AVR","?","M","NM","R","E","T","T","M","M","R","M","R","B"],"character_chosen":"DEFECT","items_purchased":["Membership Card","Defragment+1","Cold Snap","Glacier"],"campfire_rested":1,"item_purchase_floors":[0,0,0,0],"current_hp_per_floor":[75,75,75,75,75,75,72,66,66,65,65,65,65,65,65,65,75,75,75,75,75,67,38,60,55,55,55,55,55,55,59,59,0,0],"gold":869,"neow_bonus":"","is_daily":false,"chose_seed":false,"campfire_upgraded":5,"win_rate":0.0,"timestamp":1607649592,"path_taken":["M","M","?","M","?","R","M","?","T","M","R","?","M","$","R","BOSS","M","?","AVR","?","M","NM","R","E","T","?","M","M","R","?","R","BOSS"],"items_purchased_type":["Relic","Undefined","Card","Card"],"build_version":"2020-11-30","purchased_purges":2,"victory":false,"max_hp_per_floor":[75,75,75,75,75,75,75,75,75,75,75,75,75,75,75,75,75,75,75,75,75,75,75,75,75,75,75,75,75,75,75,75,75,75],"relic_stats":{"Sozu":1,"Emotion Chip":[20,4,16,0,0],"counters":[148,743],"Tiny Chest":1,"Kunai":[6],"obtain_stats":[{"Ice Cream":39,"energizedSpire:UnstableMolecules":20,"Calipers":17,"CeramicFish":24,"Vajra":28,"Whetstone":9,"Sling":0,"Sozu":17,"Lizard Tail":29,"infinitespire:SolderingIron":28,"Replay:Frozen Program":2,"infinitespire:ShieldingShard":6,"Sundial":11,"infinitespire:Golems Mask":20,"MealTicket":0,"HandDrill":3,"Kunai":23,"Toxic Egg 2":7,"Counterbalance":40,"hubris:SphereOfDissonance":9,"Oddly Smooth Stone":21,"War Paint":14,"Du-Vu Doll":24,"SlaversCollar":27,"Replay:Baseball":26,"Molten Egg 2":23,"hubris:TenFootPole":43,"ReplayTheSpireMod:TigerMarble":9,"energizedSpire:OldTV":34,"Solar Panel":6,"ReplayFunnel":21,"hubris:Metronome":14,"Carrot":9,"Snecko Heart":17,"Torii":8,"StoneCalendar":37,"hubris:SlimyHat":29,"Incense Burner":9,"Replay:Mystery Machine":46,"Ancient Tea Set":9,"Empty Cage":17,"ClockworkSouvenir":13,"Replay:Bandana":0,"Emotion Chip":25,"hubris:Backtick":17,"Shovel":26,"hubris:ScarierMask":17,"Tiny Chest":9,"Replay:Bottled Eggs":10,"Cracked Core":0,"InkBottle":27,"hubris:GlazedTorus":9,"Lee\u0027s Waffle":3,"NeowsBlessing":0,"Golden Idol":4,"The Courier":13,"hubris:MedicalManual":48,"Geode":24,"hubris:Towel":37,"energizedSpire:DeadBattery":17,"Peace Pipe":11,"Anchor":13,"Ornamental Fan":38,"betterThird:SlimedRelic":2,"Snack Pack":26,"Membership Card":28,"ReplayTheSpireMod:Lightbulb":26,"Toy Ornithopter":13,"hubris:OldNail":12,"FossilizedHelix":26,"infinitespire:Midas Blood":9,"hubris:BottledRain":43},{"Ice Cream":55,"energizedSpire:UnstableMolecules":25,"Calipers":45,"CeramicFish":12,"Vajra":131,"Whetstone":42,"Sling":39,"Sozu":140,"Lizard Tail":50,"infinitespire:SolderingIron":49,"Replay:Frozen Program":109,"infinitespire:ShieldingShard":123,"Sundial":89,"infinitespire:Golems Mask":25,"MealTicket":57,"HandDrill":59,"Kunai":143,"Toxic Egg 2":42,"Counterbalance":56,"hubris:SphereOfDissonance":63,"Oddly Smooth Stone":117,"War Paint":64,"Du-Vu Doll":48,"SlaversCollar":71,"Replay:Baseball":71,"Molten Egg 2":70,"hubris:TenFootPole":79,"ReplayTheSpireMod:TigerMarble":112,"energizedSpire:OldTV":52,"Solar Panel":62,"ReplayFunnel":93,"hubris:Metronome":22,"Carrot":30,"Snecko Heart":23,"Torii":124,"StoneCalendar":55,"hubris:SlimyHat":73,"Incense Burner":87,"Replay:Mystery Machine":106,"Ancient Tea Set":124,"Empty Cage":127,"ClockworkSouvenir":63,"Replay:Bandana":119,"Emotion Chip":144,"hubris:Backtick":45,"Shovel":130,"hubris:ScarierMask":65,"Tiny Chest":137,"Replay:Bottled Eggs":5,"Cracked Core":0,"InkBottle":71,"hubris:GlazedTorus":4,"Lee\u0027s Waffle":17,"NeowsBlessing":0,"Golden Idol":29,"The Courier":22,"hubris:MedicalManual":83,"Geode":95,"hubris:Towel":77,"energizedSpire:DeadBattery":116,"Peace Pipe":43,"Anchor":63,"Ornamental Fan":101,"betterThird:SlimedRelic":17,"Snack Pack":13,"Membership Card":49,"ReplayTheSpireMod:Lightbulb":48,"Toy Ornithopter":33,"hubris:OldNail":43,"FossilizedHelix":144,"infinitespire:Midas Blood":19,"hubris:BottledRain":104},{"Ice Cream":284,"energizedSpire:UnstableMolecules":129,"Calipers":223,"CeramicFish":65,"Vajra":619,"Whetstone":205,"Sling":194,"Sozu":656,"Lizard Tail":254,"infinitespire:SolderingIron":245,"Replay:Frozen Program":524,"infinitespire:ShieldingShard":579,"Sundial":432,"infinitespire:Golems Mask":129,"MealTicket":294,"HandDrill":302,"Kunai":683,"Toxic Egg 2":205,"Counterbalance":291,"hubris:SphereOfDissonance":314,"Oddly Smooth Stone":557,"War Paint":319,"Du-Vu Doll":239,"SlaversCollar":351,"Replay:Baseball":351,"Molten Egg 2":349,"hubris:TenFootPole":384,"ReplayTheSpireMod:TigerMarble":532,"energizedSpire:OldTV":269,"Solar Panel":311,"ReplayFunnel":446,"hubris:Metronome":107,"Carrot":150,"Snecko Heart":118,"Torii":583,"StoneCalendar":284,"hubris:SlimyHat":357,"Incense Burner":427,"Replay:Mystery Machine":503,"Ancient Tea Set":583,"Empty Cage":597,"ClockworkSouvenir":314,"Replay:Bandana":569,"Emotion Chip":690,"hubris:Backtick":223,"Shovel":609,"hubris:ScarierMask":330,"Tiny Chest":640,"Replay:Bottled Eggs":18,"Cracked Core":0,"InkBottle":351,"hubris:GlazedTorus":8,"Lee\u0027s Waffle":90,"NeowsBlessing":0,"Golden Idol":145,"The Courier":107,"hubris:MedicalManual":406,"Geode":452,"hubris:Towel":376,"energizedSpire:DeadBattery":554,"Peace Pipe":212,"Anchor":314,"Ornamental Fan":480,"betterThird:SlimedRelic":90,"Snack Pack":70,"Membership Card":245,"ReplayTheSpireMod:Lightbulb":239,"Toy Ornithopter":162,"hubris:OldNail":212,"FossilizedHelix":690,"infinitespire:Midas Blood":94,"hubris:BottledRain":493}]},"card_choices":[{"not_picked":["Stack","Barrage"],"picked":"Leap","floor":1},{"not_picked":["Panic Button","Turbo","Chaos"],"picked":"SKIP","floor":2},{"not_picked":["Redo","Turbo"],"picked":"Leap","floor":4},{"not_picked":["Leap","Turbo"],"picked":"Chill","floor":7},{"not_picked":["Redo","Go for the Eyes","Steam Power"],"picked":"SKIP","floor":8},{"not_picked":["Reinforced Body","Rebound"],"picked":"Ball Lightning","floor":10},{"not_picked":["Undo","Skim","Gash"],"picked":"SKIP","floor":13},{"not_picked":["Beam Cell","Conserve Battery","Steam Power+1"],"picked":"SKIP","floor":18},{"not_picked":["Stack","Chill+1"],"picked":"Leap","floor":22},{"not_picked":["hubris:DoWhile","Double Energy","Auto Shields"],"picked":"SKIP","floor":23},{"not_picked":["ReplaySolidLightProjector","Rebound"],"picked":"Cold Snap+1","floor":25},{"not_picked":["Compile Driver","BasicCrystalCard","Coolheaded"],"picked":"SKIP","floor":28},{"not_picked":["Hologram+1","Beam Cell+1","Crystallizer+1"],"picked":"SKIP","floor":29},{"not_picked":["Steam Power","Aggregate","Ball Lightning"],"picked":"SKIP","floor":31}],"player_experience":2564418,"relics_obtained":[{"floor":9,"key":"Tiny Chest"},{"floor":23,"key":"Kunai"},{"floor":25,"key":"Emotion Chip"},{"floor":26,"key":"FossilizedHelix"},{"floor":27,"key":"Snack Pack"}],"event_choices":[{"damage_healed":0,"gold_gain":0,"player_choice":"Left","damage_taken":0,"max_hp_gain":0,"max_hp_loss":0,"event_name":"betterThird:BetterGoop","floor":5,"gold_loss":20},{"cards_removed":["Defend_B"],"damage_healed":0,"gold_gain":0,"player_choice":"Card Removal","damage_taken":0,"max_hp_gain":0,"max_hp_loss":0,"event_name":"The Cleric","floor":12,"gold_loss":50},{"damage_healed":0,"gold_gain":0,"player_choice":"Copied","damage_taken":0,"max_hp_gain":0,"max_hp_loss":0,"event_name":"Duplicator","floor":19,"gold_loss":0,"cards_obtained":["Defragment"]},{"cards_removed":["Defend_B"],"damage_healed":0,"gold_gain":0,"player_choice":"Give","damage_taken":0,"max_hp_gain":0,"max_hp_loss":0,"event_name":"betterNote:BetterNote","floor":21,"gold_loss":0,"cards_obtained":["Defend_B"]}],"is_beta":false,"boss_relics":[{"not_picked":["Empty Cage","ReplayTheSpireMod:DimensionalGlitch"],"picked":"Sozu"}],"items_purged_floors":[0,14],"is_endless":true,"potions_floor_spawned":[4,8,10,16,25,31],"killed_by":"Pondfish","ascension_level":0}}