{"host":"6gnjg44wf0nz538o","time":1607673600,"event":{"mods":["AchievementEnabler","BaseMod","BetterRewards","Colored Map","Minty Spire (QoL Compilation)","Replay The Spire","Spicy Shops","StSLib"],"gold_per_floor":[112,112,112,112,133,167,190,205,205,105,105,105,128,161,161,287,287,310,225,250,250,273,312,312,312,312,312,346,346,366,58,58,158,158,176,20,33,33,0,27,27,27,27,40,59,109,32,58,58,58,58],"floor_reached":50,"playtime":1794,"items_purged":["Strike_R","Injury"],"score":1114,"play_id":"dd585700-f93f-4307-9b3f-bf828db6ebc0","local_time":"20201211030000","is_ascension_mode":true,"campfire_choices":[{"data":"Cleave","floor":12.0,"key":"SMITH"},{"floor":15.0,"key":"REST"},{"floor":24,"key":"REST"},{"floor":27,"key":"REST"},{"floor":29,"key":"REST"},{"floor":32,"key":"REST"},{"floor":41,"key":"REST"},{"floor":49,"key":"REST"}],"circlet_count":0,"master_deck":["AscendersBane","Strike_R","Strike_R+1","Strike_R","Strike_R","Defend_R","Defend_R","Defend_R","Bash+1","Anger+1","Cleave+1","Brutality+1","Sword Boomerang+1","Sword Boomerang","Spot Weakness","Cleave+1","Rupture+1","Searing Blow+1","Inflame+1"],"relics":["Black Blood","Red Skull","Centennial Puzzle","InkBottle","Bloody Idol","Whetstone","Bottled Flame","ReplayTheSpireMod:Lightbulb","Busted Crown","Ice Cream","Regal Pillow","Snack Pack","Golden Egg","Sling","Membership Card","Red Mask","Ancient Tea Set","Self Forming Clay","StoneCalendar","Blue Doll","Iron Hammer"],"acts_visited":["Exordium","TheCity","TheBeyond"],"potions_floor_usage":[23,23,33,50,50],"damage_taken":[{"damage":3.0,"enemies":"2 Louse","floor":1.0,"turns":3.0},{"damage":3.0,"enemies":"Small Slimes","floor":5.0,"turns":3.0},{"damage":35.0,"enemies":"Lagavulin","floor":6.0,"turns":5.0},{"damage":0.0,"enemies":"Cultist","floor":7.0,"turns":2.0},{"damage":1.0,"enemies":"2 Fungi Beasts","floor":8.0,"turns":3.0},{"damage":16.0,"enemies":"Large Slime","floor":13.0,"turns":4.0},{"damage":16.0,"enemies":"Gremlin Nob","floor":14.0,"turns":3.0},{"damage":51.0,"enemies":"Fading Forest","floor":16.0,"turns":11.0},{"damage":11.0,"enemies":"Spheric Guardian","floor":18.0,"turns":3.0},{"damage":7.0,"enemies":"Chosen","floor":20.0,"turns":3.0},{"damage":43.0,"enemies":"Snake Plant","floor":22.0,"turns":3.0},{"damage":20,"enemies":"Book of Stabbing","floor":23,"turns":3},{"damage":61,"enemies":"Slavers","floor":28,"turns":5},{"damage":34,"enemies":"Centurion and Healer","floor":30,"turns":4},{"damage":60,"enemies":"Collector","floor":33,"turns":5},{"damage":35,"enemies":"Orb Walker","floor":35,"turns":3},{"damage":44,"enemies":"3 Darklings","floor":37,"turns":4},{"damage":13,"enemies":"R_Hoarder","floor":40,"turns":5},{"damage":15,"enemies":"Jaw Worm Horde","floor":44,"turns":2},{"damage":45,"enemies":"Sphere and 2 Shapes","floor":45,"turns":5},{"damage":32,"enemies":"Mind Bloom Boss Battle","floor":46,"turns":3},{"damage":33,"enemies":"Nemesis","floor":48,"turns":5},{"damage":71,"enemies":"Replay:Hell Engine","floor":50,"turns":4}],"seed_played":"-4958990074087999901","potions_obtained":[{"floor":5.0,"key":"Venom Potion"},{"floor":6.0,"key":"PowerPotion"},{"floor":7.0,"key":"ColorlessPotion"},{"floor":20.0,"key":"Energy Potion"},{"floor":23,"key":"Venom Potion"},{"floor":30,"key":"SkillPotion"},{"floor":35,"key":"Adrenaline Potion"},{"floor":46,"key":"SteroidPotion"}],"is_trial":false,"path_per_floor":["M","?","?","?","M","E","M","M","T","$","?","R","M","E","R","B",null,"M","?","M","?","M","E","R","?","T","R","E","R","M","$","R","B",null,"M","$","M","?","?","E","R","?","T","M","M","?","$","E","R","B"],"character_chosen":"IRONCLAD","items_purchased":["Red Skull","Anger","Centennial Puzzle","Cleave","Rupture","Sling","Membership Card","Blue Doll"],"campfire_rested":7,"item_purchase_floors":[0,0,0,31,31,31,36,47],"current_hp_per_floor":[75,75,75,75,78,49,55,60,60,60,60,60,50,40,64,27,67,62,62,61,61,24,10,49,49,49,80,34,73,58,58,80,34,69,55,55,34,34,34,42,80,76,76,76,50,37,37,25,62,0,0],"gold":58,"neow_bonus":"","is_daily":false,"chose_seed":false,"campfire_upgraded":1,"win_rate":0.0,"timestamp":1607673600,"path_taken":["M","?","?","?","M","E","M","M","T","$","?","R","?","E","R","BOSS","M","?","M","?","?","E","R","?","T","R","E","R","M","$","R","BOSS","M","$","M","?","?","E","R","?","T","M","M","?","?","E","R","BOSS"],"items_purchased_type":["Relic","Card","Relic","Card","Card","Relic","Relic","Relic"],"build_version":"2020-11-30","purchased_purges":2,"victory":false,"max_hp_per_floor":[80,80,80,80,80,80,80,80,80,80,80,80,80,80,80,80,80,80,80,80,80,80,80,80,80,80,80,80,80,80,80,80,80,80,80,80,80,80,80,80,80,76,76,76,76,76,76,76,76,76,76],"card_choices":[{"not_picked":["ReplayTheSpireMod:Limb From Limb","Intimidate"],"picked":"Cleave","floor":1.0},{"not_picked":["Warcry","Spot Weakness","True Grit"],"picked":"SKIP","floor":5.0},{"not_picked":["Replay:Undeath\u0027s Touch","Defy Death"],"picked":"Sword Boomerang","floor":6.0},{"not_picked":["Replay:Undeath\u0027s Touch","Sword Boomerang","Wild Strike"],"picked":"SKIP","floor":7.0},{"not_picked":["Headbutt","Clothesline","Shrug It Off"],"picked":"SKIP","floor":8.0},{"not_picked":["Searing Blow","ReplayTheSpireMod:Corrosion Curse","Run Through"],"picked":"SKIP","floor":13.0},{"not_picked":["Sever Soul","True Grit","Heavy Blade"],"picked":"SKIP","floor":14.0},{"not_picked":["Clothesline"],"picked":"SKIP","floor":18.0},{"not_picked":[],"picked":"Sword Boomerang","floor":20.0},{"not_picked":["Havoc"],"picked":"SKIP","floor":22.0},{"not_picked":["Havoc"],"picked":"SKIP","floor":23},{"not_picked":[],"picked":"Spot Weakness","floor":28},{"not_picked":["ReplayTheSpireMod:Stacked"],"picked":"SKIP","floor":30},{"not_picked":["Battle Trance"],"picked":"SKIP","floor":35},{"not_picked":[],"picked":"Searing Blow+1","floor":37},{"not_picked":["Sword Boomerang"],"picked":"SKIP","floor":40},{"not_picked":["Feel No Pain+1"],"picked":"SKIP","floor":44},{"not_picked":["Dark Embrace+1"],"picked":"SKIP","floor":45},{"not_picked":[],"picked":"Inflame+1","floor":46},{"not_picked":["Havoc"],"picked":"SKIP","floor":48}],"player_experience":493387,"relics_obtained":[{"floor":6.0,"key":"Whetstone"},{"floor":9.0,"key":"Bottled Flame"},{"floor":14.0,"key":"ReplayTheSpireMod:Lightbulb"},{"floor":23,"key":"Regal Pillow"},{"floor":26,"key":"Snack Pack"},{"floor":28,"key":"Golden Egg"},{"floor":40,"key":"Ancient Tea Set"},{"floor":43,"key":"Self Forming Clay"},{"floor":46,"key":"StoneCalendar"},{"floor":48,"key":"Iron Hammer"}],"event_choices":[{"damage_healed":0.0,"max_hp_gain":0.0,"max_hp_loss":0.0,"gold_gain":0.0,"event_name":"Liars Game","player_choice":"Ignored","floor":2.0,"gold_loss":0.0,"damage_taken":0.0},{"damage_healed":0.0,"max_hp_gain":0.0,"max_hp_loss":0.0,"gold_gain":0.0,"event_name":"Golden Idol","player_choice":"Take Wound","floor":4.0,"gold_loss":0.0,"damage_taken":0.0,"relics_obtained":["Golden Idol"],"cards_obtained":["Injury"]},{"damage_healed":0.0,"max_hp_gain":0.0,"max_hp_loss":0.0,"gold_gain":0.0,"event_name":"Accursed Blacksmith","player_choice":"Forge","floor":11.0,"gold_loss":0.0,"damage_taken":0.0,"cards_upgraded":["Bash"]},{"damage_healed":0.0,"max_hp_gain":0.0,"max_hp_loss":0.0,"gold_gain":0.0,"event_name":"Addict","player_choice":"Obtained Relic","floor":19.0,"gold_loss":85.0,"damage_taken":0.0,"relics_obtained":["Ice Cream"]},{"damage_healed":0.0,"max_hp_gain":0.0,"max_hp_loss":0.0,"gold_gain":0.0,"event_name":"Upgrade Shrine","player_choice":"Upgraded","floor":21.0,"gold_loss":0.0,"damage_taken":0.0,"cards_upgraded":["Sword Boomerang"]},{"damage_healed":0,"gold_gain":0,"player_choice":"Gave Idol","damage_taken":0,"relics_obtained":["Bloody Idol"],"max_hp_gain":0,"max_hp_loss":0,"event_name":"Forgotten Altar","floor":25,"relics_lost":["Golden Idol"],"gold_loss":0},{"damage_healed":0,"gold_gain":0,"player_choice":"Memory 1","damage_taken":0,"max_hp_gain":0,"max_hp_loss":0,"event_name":"SensoryStone","floor":38,"gold_loss":0},{"damage_healed":0,"gold_gain":0,"player_choice":"Paid","damage_taken":0,"relics_obtained":["Red Mask"],"max_hp_gain":0,"max_hp_loss":0,"event_name":"Tomb of Lord Red Mask","floor":39,"gold_loss":33},{"damage_healed":0,"gold_gain":0,"player_choice":"Max HP","damage_taken":0,"max_hp_gain":0,"max_hp_loss":4,"event_name":"Winding Halls","floor":42,"gold_loss":0},{"damage_healed":0,"gold_gain":0,"player_choice":"Fight","damage_taken":0,"max_hp_gain":0,"max_hp_loss":0,"event_name":"MindBloom","floor":46,"gold_loss":0}],"is_beta":false,"boss_relics":[{"not_picked":["Coffee Dripper","Painkiller Herb"],"picked":"Busted Crown"},{"not_picked":["Ring of Chaos","Philosopher\u0027s Stone"],"picked":"Black Blood"}],"items_purged_floors":[0,10],"is_endless":false,"potions_floor_spawned":[5,6,7,18,20,23,30,35,46],"killed_by":"Replay:Hell Engine","ascension_level":12}}