{"host":"19tvufa8xx4wr4o1","time":1607725140,"event":{"mods":["AchievementEnabler","BaseMod","Better Sensory Stone","Better Third Choice","Highlight Path","Minty Spire (QoL Compilation)","Relic Stats","StSLib"],"gold_per_floor":[114,128,142,142,61,61,88,103,103,130,130,156,176,196,196,269,269,285,302,302,327,341,341,341,341,365,365,380,415,1,1,1,77,77,92,110,130,55,66,91,91,91,91,0,18,18,30,30,30],"floor_reached":48,"playtime":1507,"items_purged":["Strike_R"],"score":834,"play_id":"6ffbc378-3fce-42f9-a0a0-06ced378a874","local_time":"20201211161900","is_ascension_mode":true,"campfire_choices":[{"data":"Carnage","floor":6.0,"key":"SMITH"},{"floor":11.0,"key":"REST"},{"data":"Shockwave","floor":15.0,"key":"SMITH"},{"floor":23.0,"key":"REST"},{"floor":25.0,"key":"REST"},{"floor":27.0,"key":"REST"},{"floor":32,"key":"REST"},{"floor":41,"key":"REST"}],"circlet_count":0,"master_deck":["AscendersBane","Strike_R","Strike_R","Strike_R","Defend_R","Defend_R","Defend_R","Defend_R","Bash+1","Carnage+1","Cleave","Armaments","Dark Shackles","Shockwave+1","Rage","Disarm","Anger","Disarm","Exhume","Whirlwind","Panacea","Purity","Flex+1","Offering","Burning Pact","Demon Form","True Grit","Twin Strike+1","Armaments+1","Limit Break"],"relics":["Burning Blood","NeowsBlessing","Charon\u0027s Ashes","Letter Opener","Bag of Marbles","Pear","Mark of Pain","Bronze Scales","Nilry\u0027s Codex","Orichalcum","Blood Vial","Shuriken","Cursed Key","StoneCalendar","Red Mask"],"acts_visited":["Exordium","TheCity","TheBeyond"],"potions_floor_usage":[29,33,40,47],"damage_taken":[{"damage":0.0,"enemies":"Cultist","floor":1.0,"turns":1.0},{"damage":0.0,"enemies":"2 Louse","floor":2.0,"turns":1.0},{"damage":0.0,"enemies":"Jaw Worm","floor":3.0,"turns":1.0},{"damage":37.0,"enemies":"Gremlin Nob","floor":7.0,"turns":5.0},{"damage":4.0,"enemies":"Exordium Wildlife","floor":8.0,"turns":3.0},{"damage":25.0,"enemies":"Lagavulin","floor":12.0,"turns":6.0},{"damage":9.0,"enemies":"Gremlin Gang","floor":13.0,"turns":3.0},{"damage":3.0,"enemies":"Blue Slaver","floor":14.0,"turns":2.0},{"damage":52.0,"enemies":"Slime Boss","floor":16.0,"turns":10.0},{"damage":21.0,"enemies":"Spheric Guardian","floor":18.0,"turns":4.0},{"damage":49.0,"enemies":"2 Thieves","floor":19.0,"turns":4.0},{"damage":13.0,"enemies":"Snake Plant","floor":22.0,"turns":3.0},{"damage":18.0,"enemies":"Centurion and Healer","floor":28.0,"turns":6.0},{"damage":23,"enemies":"Slavers","floor":29,"turns":6},{"damage":22,"enemies":"Automaton","floor":33,"turns":10},{"damage":8,"enemies":"3 Shapes","floor":35,"turns":5},{"damage":29,"enemies":"Orb Walker","floor":36,"turns":4},{"damage":28,"enemies":"Jaw Worm Horde","floor":37,"turns":4},{"damage":23,"enemies":"Spire Growth","floor":39,"turns":4},{"damage":6,"enemies":"Mind Bloom Boss Battle","floor":40,"turns":5},{"damage":0,"enemies":"3 Darklings","floor":45,"turns":1},{"damage":70,"enemies":"Writhing Mass","floor":47,"turns":5},{"damage":37,"enemies":"Maw","floor":48,"turns":6}],"seed_played":"-4814284542342529665","potions_obtained":[{"floor":2.0,"key":"SkillPotion"},{"floor":3.0,"key":"FairyPotion"},{"floor":8.0,"key":"Energy Potion"},{"floor":16.0,"key":"Dexterity Potion"},{"floor":19.0,"key":"Regen Potion"},{"floor":22.0,"key":"SpeedPotion"},{"floor":29,"key":"PowerPotion"},{"floor":33,"key":"LiquidMemories"},{"floor":45,"key":"GamblersBrew"}],"is_trial":false,"path_per_floor":["M","M","M","?","$","R","E","M","T","T","R","E","M","M","R","B",null,"M","M","?","T","M","R","?","R","T","R","M","E","$","?","R","B",null,"M","M","M","$","M","?","R","T","T","?","M","?","M","M"],"character_chosen":"IRONCLAD","items_purchased":["Dark Shackles","Offering","Shuriken"],"campfire_rested":6,"item_purchase_floors":[5,30,30],"current_hp_per_floor":[74,75,75,75,75,75,44,46,46,46,68,59,56,59,59,13,67,52,9,9,9,11,36,15,40,40,65,53,36,36,36,61,47,76,76,55,35,35,20,22,47,47,47,47,55,55,27,0,0],"gold":30,"neow_bonus":"THREE_ENEMY_KILL","is_daily":false,"chose_seed":false,"campfire_upgraded":2,"win_rate":0.0,"timestamp":1607725140,"path_taken":["M","?","M","?","?","R","E","M","T","?","R","E","?","M","R","BOSS","M","?","?","?","?","R","?","R","T","R","M","E","$","?","R","BOSS","M","?","?","$","M","?","R","?","T","?","M","?","M","M"],"items_purchased_type":["Card","Card","Relic"],"build_version":"2020-11-30","purchased_purges":1,"victory":false,"max_hp_per_floor":[75,75,75,75,75,75,75,75,75,75,75,85,85,85,85,85,85,85,85,85,85,85,85,85,85,85,85,85,85,85,85,85,85,85,85,85,85,85,85,85,85,85,85,85,85,85,85,85,85],"relic_stats":{"Blood Vial":18,"counters":[23,99],"Shuriken":[3],"Bronze Scales":[132],"StoneCalendar":[0],"Charon\u0027s Ashes":[430],"Letter Opener":[167],"Orichalcum":[90],"Cursed Key":0,"obtain_stats":[{"Pear":12,"NeowsBlessing":0,"Nilry\u0027s Codex":24,"StoneCalendar":40,"Charon\u0027s Ashes":7,"Letter Opener":9,"Orichalcum":26,"Cursed Key":34,"Burning Blood":0,"Blood Vial":29,"Shuriken":30,"Bronze Scales":21,"Mark of Pain":17,"Bag of Marbles":10,"Red Mask":44},{"Pear":6,"NeowsBlessing":0,"Nilry\u0027s Codex":12,"StoneCalendar":20,"Charon\u0027s Ashes":4,"Letter Opener":5,"Orichalcum":12,"Cursed Key":15,"Burning Blood":0,"Blood Vial":14,"Shuriken":14,"Bronze Scales":11,"Mark of Pain":9,"Bag of Marbles":5,"Red Mask":20},{"Pear":17,"NeowsBlessing":0,"Nilry\u0027s Codex":43,"StoneCalendar":87,"Charon\u0027s Ashes":8,"Letter Opener":11,"Orichalcum":43,"Cursed Key":65,"Burning Blood":0,"Blood Vial":55,"Shuriken":55,"Bronze Scales":40,"Mark of Pain":32,"Bag of Marbles":11,"Red Mask":87}],"Burning Blood":121},"card_choices":[{"not_picked":["Flex","Wild Strike"],"picked":"Carnage","floor":1.0},{"not_picked":["Heavy Blade","Havoc"],"picked":"Cleave","floor":2.0},{"not_picked":["Bloodletting","Wild Strike"],"picked":"Armaments","floor":3.0},{"not_picked":["Flex","Twin Strike"],"picked":"Shockwave","floor":7.0},{"not_picked":["Havoc","Ghostly Armor"],"picked":"Rage","floor":8.0},{"not_picked":["Shrug It Off","Clash"],"picked":"Disarm","floor":12.0},{"not_picked":["Iron Wave","Disarm"],"picked":"Anger","floor":13.0},{"not_picked":["Uppercut","Pommel Strike"],"picked":"Disarm","floor":14.0},{"not_picked":["Limit Break","Brutality"],"picked":"Exhume","floor":16.0},{"not_picked":["Seeing Red","Headbutt"],"picked":"Whirlwind","floor":18.0},{"not_picked":["Bloodletting","Whirlwind","Body Slam"],"picked":"SKIP","floor":19.0},{"not_picked":["Trip","Impatience"],"picked":"Panacea","floor":20.0},{"not_picked":["Enlightenment","Good Instincts"],"picked":"Purity","floor":20.0},{"not_picked":["Rampage","Blood for Blood+1","Thunderclap"],"picked":"SKIP","floor":22.0},{"not_picked":["Clash","Wild Strike"],"picked":"Flex+1","floor":28.0},{"not_picked":["Wild Strike","Clothesline","Headbutt"],"picked":"SKIP","floor":29},{"not_picked":["Corruption","Juggernaut"],"picked":"Demon Form","floor":33},{"not_picked":["Bloodletting","Second Wind"],"picked":"True Grit","floor":35},{"not_picked":["Havoc","Evolve"],"picked":"Twin Strike+1","floor":36},{"not_picked":["Evolve","Perfected Strike+1","Twin Strike"],"picked":"SKIP","floor":37},{"not_picked":["Flex+1","Sentinel"],"picked":"Armaments+1","floor":39},{"not_picked":["Flex","Armaments","Heavy Blade"],"picked":"SKIP","floor":45},{"not_picked":["Cleave","Sentinel"],"picked":"Limit Break","floor":47}],"player_experience":480335,"relics_obtained":[{"floor":7.0,"key":"Charon\u0027s Ashes"},{"floor":9.0,"key":"Letter Opener"},{"floor":10.0,"key":"Bag of Marbles"},{"floor":12.0,"key":"Pear"},{"floor":21.0,"key":"Bronze Scales"},{"floor":24.0,"key":"Nilry\u0027s Codex"},{"floor":26.0,"key":"Orichalcum"},{"floor":29,"key":"Blood Vial"},{"floor":40,"key":"StoneCalendar"}],"event_choices":[{"damage_healed":0.0,"max_hp_gain":0.0,"max_hp_loss":0.0,"gold_gain":0.0,"event_name":"Living Wall","player_choice":"Grow","floor":4.0,"gold_loss":0.0,"damage_taken":0.0,"cards_upgraded":["Bash"]},{"damage_healed":0.0,"max_hp_gain":0.0,"max_hp_loss":0.0,"gold_gain":2.0,"event_name":"betterStone:BetterStone","player_choice":"1","floor":20.0,"gold_loss":0.0,"damage_taken":0.0},{"damage_healed":0.0,"max_hp_gain":0.0,"max_hp_loss":0.0,"gold_gain":0.0,"event_name":"Cursed Tome","player_choice":"Obtained Book","floor":24.0,"gold_loss":0.0,"damage_taken":21.0},{"damage_healed":0,"gold_gain":0,"cards_transformed":["Strike_R"],"player_choice":"Transformed","damage_taken":0,"max_hp_gain":0,"max_hp_loss":0,"event_name":"Transmorgrifier","floor":31,"gold_loss":0,"cards_obtained":["Burning Pact"]},{"damage_healed":0,"gold_gain":0,"player_choice":"Fight","damage_taken":0,"max_hp_gain":0,"max_hp_loss":0,"event_name":"MindBloom","floor":40,"gold_loss":0},{"damage_healed":0,"gold_gain":0,"player_choice":"Paid","damage_taken":0,"relics_obtained":["Red Mask"],"max_hp_gain":0,"max_hp_loss":0,"event_name":"Tomb of Lord Red Mask","floor":44,"gold_loss":91},{"damage_healed":0,"gold_gain":0,"player_choice":"Ignored","damage_taken":0,"max_hp_gain":0,"max_hp_loss":0,"event_name":"Mysterious Sphere","floor":46,"gold_loss":0}],"is_beta":false,"boss_relics":[{"not_picked":["Snecko Eye","Calling Bell"],"picked":"Mark of Pain"},{"not_picked":["SacredBark","Runic Pyramid"],"picked":"Cursed Key"}],"items_purged_floors":[38],"is_endless":false,"potions_floor_spawned":[2,3,8,16,19,22,29,33,35,45],"killed_by":"Maw","ascension_level":15}}