{"host":"cjhtzh7tp54jdfyv","time":1607659718,"event":{"gold_per_floor":[117,117,0,10,21,54,54,82,82,111,137,164,194,39,39,110,110,122,122,153,168,118,155,155,186,186,217,6,25,45,54,54,138,138,152,166,186,186,200,200,237,271,319,336,365,415,439,464,464,464,464,464,464,38,67,67,67],"floor_reached":56,"playtime":7766,"items_purged":["BootSequence"],"score":2234,"play_id":"9bd43e1c-a6b1-48bc-a703-3246c0809971","local_time":"20201210230838","is_ascension_mode":true,"campfire_choices":[{"data":"Fission","floor":7.0,"key":"SMITH"},{"data":"Coolheaded","floor":15,"key":"SMITH"},{"data":"Recycle","floor":24,"key":"SMITH"},{"data":"Coolheaded","floor":32,"key":"SMITH"},{"data":"Biased Cognition","floor":40,"key":"SMITH"},{"floor":49,"key":"RECALL"},{"data":"Hologram","floor":53,"key":"SMITH"}],"neow_cost":"NONE","seed_source_timestamp":802906407777600,"circlet_count":0,"master_deck":["AscendersBane","Zap","Dualcast+1","Rebound","Fission+1","Rip and Tear","Double Energy","Coolheaded+1","Creative AI","White Noise","Ball Lightning+1","Sunder","Recycle+1","Hologram+1","Ball Lightning","Cold Snap","Sweeping Beam","Self Repair","Core Surge","Leap","Meteor Strike","Compile Driver","Core Surge","Coolheaded+1","White Noise","Auto Shields+1","Fission+1","Biased Cognition+1","Multi-Cast","Compile Driver","Buffer","Glacier","Compile Driver"],"special_seed":0,"relics":["Pandora\u0027s Box","Bag of Preparation","Du-Vu Doll","Happy Flower","Bottled Lightning","MawBank","Frozen Eye","Coffee Dripper","Red Mask","CeramicFish","Toy Ornithopter","Potion Belt","Pen Nib","DataDisk","Snecko Eye","Ancient Tea Set","Lizard Tail","Art of War","Blood Vial","Runic Capacitor","Vajra"],"potions_floor_usage":[13,16,16,16,27,33,50,56,56],"damage_taken":[{"damage":12.0,"enemies":"Jaw Worm","floor":1.0,"turns":2.0},{"damage":0.0,"enemies":"Cultist","floor":4.0,"turns":2.0},{"damage":8.0,"enemies":"Small Slimes","floor":5.0,"turns":3.0},{"damage":0.0,"enemies":"Lagavulin","floor":6.0,"turns":6.0},{"damage":8.0,"enemies":"Gremlin Nob","floor":8.0,"turns":3.0},{"damage":20,"enemies":"Lagavulin","floor":10,"turns":5},{"damage":1,"enemies":"Exordium Thugs","floor":11,"turns":2},{"damage":6,"enemies":"3 Louse","floor":12,"turns":2},{"damage":10,"enemies":"Blue Slaver","floor":13,"turns":2},{"damage":33,"enemies":"Hexaghost","floor":16,"turns":8},{"damage":0,"enemies":"Chosen","floor":18,"turns":3},{"damage":4,"enemies":"Masked Bandits","floor":20,"turns":4},{"damage":8,"enemies":"Spheric Guardian","floor":21,"turns":3},{"damage":18,"enemies":"Gremlin Leader","floor":23,"turns":6},{"damage":7,"enemies":"Slavers","floor":25,"turns":2},{"damage":48,"enemies":"Book of Stabbing","floor":27,"turns":4},{"damage":0,"enemies":"Cultist and Chosen","floor":29,"turns":5},{"damage":13,"enemies":"Chosen and Byrds","floor":30,"turns":4},{"damage":0,"enemies":"Automaton","floor":33,"turns":5},{"damage":4,"enemies":"Orb Walker","floor":35,"turns":3},{"damage":0,"enemies":"3 Shapes","floor":36,"turns":7},{"damage":0,"enemies":"Maw","floor":37,"turns":7},{"damage":0,"enemies":"4 Shapes","floor":39,"turns":3},{"damage":9,"enemies":"Giant Head","floor":41,"turns":5},{"damage":6,"enemies":"Mind Bloom Boss Battle","floor":42,"turns":4},{"damage":0,"enemies":"Transient","floor":44,"turns":6},{"damage":0,"enemies":"Reptomancer","floor":45,"turns":6},{"damage":16,"enemies":"Spire Growth","floor":47,"turns":3},{"damage":12,"enemies":"Nemesis","floor":48,"turns":5},{"damage":6,"enemies":"Awakened One","floor":50,"turns":8},{"damage":14,"enemies":"Donu and Deca","floor":51,"turns":6},{"damage":0,"enemies":"Shield and Spear","floor":55,"turns":3},{"damage":152,"enemies":"The Heart","floor":56,"turns":9}],"seed_played":"-6369434230196398777","potions_obtained":[{"floor":4.0,"key":"PowerPotion"},{"floor":8.0,"key":"EntropicBrew"},{"floor":10,"key":"Fire Potion"},{"floor":20,"key":"Strength Potion"},{"floor":23,"key":"Swift Potion"},{"floor":27,"key":"FearPotion"},{"floor":33,"key":"DuplicationPotion"},{"floor":39,"key":"DuplicationPotion"},{"floor":41,"key":"SneckoOil"},{"floor":42,"key":"Energy Potion"}],"is_trial":false,"path_per_floor":["M","?","$","M","M","E","R","E","T","E","M","M","M","$","R","B",null,"M","$","?","M","?","E","R","E","T","E","$","M","M","?","R","B",null,"M","M","M","?","M","R","E","?","T","M","E","?","M","E","R","B","B",null,"R","$","E","B"],"character_chosen":"DEFECT","items_purchased":["Sunder","Recycle","Frozen Eye","DataDisk","SteroidPotion","Runic Capacitor","Glacier","Compile Driver","BlessingOfTheForge","Swift Potion"],"campfire_rested":0,"item_purchase_floors":[3,3,14,28,28,54,54,54,54,54],"current_hp_per_floor":[52,52,52,52,44,44,44,36,36,16,22,23,20,20,20,8,55,62,62,65,64,64,53,53,53,53,17,17,24,18,18,18,30,61,64,71,71,67,67,67,65,66,66,67,67,67,58,53,53,54,49,63,63,63,65,0,0],"gold":67,"neow_bonus":"BOSS_RELIC","is_prod":false,"is_daily":false,"chose_seed":false,"campfire_upgraded":6,"win_rate":0,"timestamp":1607659718,"path_taken":["M","?","?","?","M","E","R","E","T","E","M","M","M","$","R","BOSS","M","$","?","M","?","E","R","E","T","E","$","M","?","?","R","BOSS","M","M","M","?","M","R","E","?","T","M","E","?","M","E","R","BOSS","BOSS","R","$","E","BOSS"],"build_version":"2020-11-30","purchased_purges":1,"victory":false,"max_hp_per_floor":[71,71,71,71,71,71,71,71,71,71,71,71,71,71,71,71,71,71,71,71,71,71,71,71,71,71,71,71,71,71,71,71,71,71,71,71,71,67,67,67,67,67,67,67,67,67,67,67,67,67,67,67,67,67,67,67,67],"card_choices":[{"not_picked":["Go for the Eyes","Conserve Battery"],"picked":"Ball Lightning","floor":1.0},{"not_picked":["Coolheaded","Melter"],"picked":"Hologram","floor":4.0},{"not_picked":["Rebound","Buffer"],"picked":"Ball Lightning","floor":5.0},{"not_picked":["Sweeping Beam","Coolheaded"],"picked":"Cold Snap","floor":6.0},{"not_picked":["Hello World","Conserve Battery"],"picked":"Sweeping Beam","floor":8.0},{"not_picked":["Steam","Darkness"],"picked":"Self Repair","floor":10},{"not_picked":["Leap","Cold Snap"],"picked":"Core Surge","floor":11},{"not_picked":["Barrage","Steam Power","Rip and Tear"],"picked":"SKIP","floor":12},{"not_picked":["Rebound","Gash"],"picked":"Leap","floor":13},{"not_picked":["Multi-Cast","Buffer"],"picked":"Meteor Strike","floor":16},{"not_picked":["Leap","Ball Lightning"],"picked":"BootSequence","floor":18},{"not_picked":["Gash","Rebound"],"picked":"Compile Driver","floor":20},{"not_picked":["Sweeping Beam","Scrape"],"picked":"Core Surge","floor":21},{"not_picked":["Beam Cell","Barrage"],"picked":"Coolheaded","floor":23},{"not_picked":["Beam Cell","Scrape","Turbo"],"picked":"SKIP","floor":25},{"not_picked":["Beam Cell","Conserve Battery","Rip and Tear"],"picked":"SKIP","floor":27},{"not_picked":["Hologram","Go for the Eyes"],"picked":"White Noise","floor":29},{"not_picked":["Redo","Rebound"],"picked":"Auto Shields+1","floor":30},{"not_picked":["Thunder Strike","Creative AI"],"picked":"Biased Cognition","floor":33},{"not_picked":["FTL+1","Hologram","Beam Cell"],"picked":"SKIP","floor":35},{"not_picked":["Redo","Streamline","Compile Driver"],"picked":"SKIP","floor":36},{"not_picked":["Doom and Gloom","Gash","Chaos+1"],"picked":"SKIP","floor":37},{"not_picked":["Go for the Eyes+1","Cold Snap","Turbo"],"picked":"SKIP","floor":39},{"not_picked":["Go for the Eyes+1","Cold Snap","Turbo"],"picked":"SKIP","floor":39},{"not_picked":["Storm","Hologram"],"picked":"Multi-Cast","floor":41},{"not_picked":["Coolheaded","Cold Snap"],"picked":"Compile Driver","floor":42},{"not_picked":["Streamline","Double Energy+1","Conserve Battery+1"],"picked":"SKIP","floor":44},{"not_picked":["Gash","Sweeping Beam+1","Conserve Battery"],"picked":"SKIP","floor":45},{"not_picked":["Chill","White Noise"],"picked":"Buffer","floor":47},{"not_picked":["Hologram","Turbo","Auto Shields+1"],"picked":"SKIP","floor":48},{"not_picked":["Force Field","Steam","Redo"],"picked":"SKIP","floor":55}],"player_experience":4114637,"relics_obtained":[{"floor":6.0,"key":"Du-Vu Doll"},{"floor":8.0,"key":"Happy Flower"},{"floor":9.0,"key":"Bottled Lightning"},{"floor":10,"key":"MawBank"},{"floor":20,"key":"Red Mask"},{"floor":23,"key":"CeramicFish"},{"floor":25,"key":"Toy Ornithopter"},{"floor":26,"key":"Potion Belt"},{"floor":27,"key":"Pen Nib"},{"floor":41,"key":"Ancient Tea Set"},{"floor":42,"key":"Lizard Tail"},{"floor":45,"key":"Art of War"},{"floor":48,"key":"Blood Vial"},{"floor":55,"key":"Vajra"}],"event_choices":[{"cards_removed":["Reboot"],"damage_healed":0.0,"max_hp_gain":0.0,"max_hp_loss":0.0,"gold_gain":0.0,"event_name":"WeMeetAgain","player_choice":"Gave Card","floor":2.0,"gold_loss":0.0,"damage_taken":0.0,"relics_obtained":["Bag of Preparation"]},{"damage_healed":0,"gold_gain":0,"player_choice":"Fought Bandits","damage_taken":0,"max_hp_gain":0,"max_hp_loss":0,"event_name":"Masked Bandits","floor":20,"gold_loss":0},{"damage_healed":0,"gold_gain":0,"player_choice":"Upgraded Two","damage_taken":0,"max_hp_gain":0,"max_hp_loss":0,"event_name":"Designer","floor":22,"gold_loss":50,"cards_upgraded":["Ball Lightning","Dualcast"]},{"damage_healed":0,"gold_gain":0,"player_choice":"Copied","damage_taken":0,"max_hp_gain":0,"max_hp_loss":0,"event_name":"Duplicator","floor":31,"gold_loss":0,"cards_obtained":["Fission"]},{"damage_healed":0,"gold_gain":0,"player_choice":"Max HP","damage_taken":0,"max_hp_gain":0,"max_hp_loss":4,"event_name":"Winding Halls","floor":38,"gold_loss":0},{"damage_healed":0,"gold_gain":0,"player_choice":"Fight","damage_taken":0,"max_hp_gain":0,"max_hp_loss":0,"event_name":"MindBloom","floor":42,"gold_loss":0},{"damage_healed":0,"gold_gain":50,"player_choice":"Pray","damage_taken":0,"max_hp_gain":0,"max_hp_loss":0,"event_name":"Golden Shrine","floor":46,"gold_loss":0}],"is_beta":false,"boss_relics":[{"not_picked":["Philosopher\u0027s Stone","Cursed Key"],"picked":"Coffee Dripper"},{"not_picked":["Sozu","Calling Bell"],"picked":"Snecko Eye"}],"items_purged_floors":[54],"is_endless":false,"potions_floor_spawned":[4,8,10,12,20,23,27,33,39,41,42,45,47],"killed_by":"The Heart","ascension_level":20}}