{"host":"f0gpob8hq9vgebej","time":1607666232,"event":{"mods":["AchievementEnabler","BaseMod","Googly Eyes","Minty Spire (QoL Compilation)","Quick Restart"],"gold_per_floor":[118,118,4,17,35,35,60,60,83,117,135,135,135,162,162,264,264,278,296,308,322,336,336,366,19,45,80,5,17,27,38,38,140,140,159,177,177,191,244,276,291,291,362,54,83,93,93,109,109,109],"floor_reached":51,"playtime":2393,"items_purged":["Strike_G","Strike_G","Strike_G"],"score":860,"play_id":"7a96e2e1-9aa4-4800-b5e8-35e5f7d86fb0","local_time":"20201211145712","is_ascension_mode":true,"campfire_choices":[{"data":"Noxious Fumes","floor":6.0,"key":"SMITH"},{"data":"Dagger Spray","floor":8.0,"key":"SMITH"},{"data":"Accuracy","floor":12.0,"key":"SMITH"},{"data":"Infinite Blades","floor":15.0,"key":"SMITH"},{"data":"Phantasmal Killer","floor":23,"key":"SMITH"},{"floor":32,"key":"REST"},{"floor":49,"key":"REST"}],"circlet_count":0,"master_deck":["Defend_G","Defend_G","Defend_G","Survivor","Neutralize","Noxious Fumes+1","Backflip","Accuracy+1","Infinite Blades+1","Leg Sweep","Phantasmal Killer+1","Calculated Gamble","Backflip+1","Malaise","Cloak And Dagger","Footwork","Tactician+1","Acrobatics+1","Blade Dance","Envenom+1","PiercingWail+1","Tactician+1","Well Laid Plans+1","Panache+1"],"relics":["Ring of the Snake","Du-Vu Doll","Happy Flower","Art of War","InkBottle","Ornamental Fan","Empty Cage","ClockworkSouvenir","Bag of Marbles","Oddly Smooth Stone","HoveringKite","Bird Faced Urn","Ancient Tea Set","Frozen Egg 2","StoneCalendar"],"acts_visited":["Exordium","TheCity","TheBeyond"],"potions_floor_usage":[20,29,39,39,39,39,40,40,50],"damage_taken":[{"damage":2.0,"enemies":"2 Louse","floor":1.0,"turns":4.0},{"damage":0.0,"enemies":"Cultist","floor":4.0,"turns":4.0},{"damage":1.0,"enemies":"Small Slimes","floor":5.0,"turns":4.0},{"damage":10.0,"enemies":"3 Sentries","floor":7.0,"turns":7.0},{"damage":10.0,"enemies":"Lagavulin","floor":10.0,"turns":6.0},{"damage":3.0,"enemies":"Exordium Wildlife","floor":11.0,"turns":5.0},{"damage":2.0,"enemies":"Gremlin Nob","floor":14.0,"turns":4.0},{"damage":13.0,"enemies":"Slime Boss","floor":16.0,"turns":10.0},{"damage":5.0,"enemies":"3 Byrds","floor":18.0,"turns":3.0},{"damage":6.0,"enemies":"Spheric Guardian","floor":19.0,"turns":3.0},{"damage":3,"enemies":"Chosen and Byrds","floor":20,"turns":6},{"damage":26,"enemies":"Shelled Parasite and Fungi","floor":21,"turns":6},{"damage":9,"enemies":"3 Cultists","floor":22,"turns":4},{"damage":30,"enemies":"Slavers","floor":24,"turns":6},{"damage":15,"enemies":"Gremlin Leader","floor":27,"turns":6},{"damage":0,"enemies":"Snake Plant","floor":29,"turns":4},{"damage":1,"enemies":"Cultist and Chosen","floor":30,"turns":6},{"damage":0,"enemies":"Snecko","floor":31,"turns":5},{"damage":0,"enemies":"Collector","floor":33,"turns":7},{"damage":9,"enemies":"3 Shapes","floor":35,"turns":5},{"damage":0,"enemies":"3 Darklings","floor":36,"turns":5},{"damage":0,"enemies":"Maw","floor":38,"turns":8},{"damage":1,"enemies":"2 Orb Walkers","floor":39,"turns":3},{"damage":17,"enemies":"Nemesis","floor":40,"turns":7},{"damage":3,"enemies":"Jaw Worm Horde","floor":41,"turns":3},{"damage":2,"enemies":"Reptomancer","floor":45,"turns":5},{"damage":12,"enemies":"Spire Growth","floor":46,"turns":3},{"damage":46,"enemies":"4 Shapes","floor":48,"turns":6},{"damage":6,"enemies":"Awakened One","floor":50,"turns":8}],"seed_played":"-3127550378342798143","potions_obtained":[{"floor":5.0,"key":"LiquidMemories"},{"floor":7.0,"key":"Energy Potion"},{"floor":10.0,"key":"ColorlessPotion"},{"floor":11.0,"key":"ColorlessPotion"},{"floor":19.0,"key":"Block Potion"},{"floor":22,"key":"FairyPotion"},{"floor":27,"key":"CunningPotion"},{"floor":30,"key":"Energy Potion"},{"floor":31,"key":"SneckoOil"},{"floor":33,"key":"EntropicBrew"},{"floor":36,"key":"LiquidMemories"},{"floor":48,"key":"AttackPotion"}],"is_trial":false,"path_per_floor":["M","?","$","M","M","R","E","R","T","E","M","R","?","E","R","B",null,"M","M","M","M","M","R","E","$","T","E","?","M","M","M","R","B",null,"M","M","?","M","?","E","M","?","T","$","E","M","?","M","R","B",null],"character_chosen":"THE_SILENT","items_purchased":["Noxious Fumes","Cloak And Dagger","ClockworkSouvenir","Footwork","Panache+1"],"campfire_rested":2,"item_purchase_floors":[3,25,25,25,44],"current_hp_per_floor":[47,47,47,47,46,46,36,36,36,26,23,23,23,21,21,8,70,65,59,56,30,21,21,21,21,21,6,6,6,5,5,26,26,70,61,61,61,61,60,59,64,64,64,64,66,58,58,22,41,49],"gold":109,"neow_bonus":"ONE_RARE_RELIC","is_daily":false,"chose_seed":false,"campfire_upgraded":5,"win_rate":0.0,"timestamp":1607666232,"path_taken":["M","?","$","?","M","R","E","R","T","E","M","R","?","E","R","BOSS","M","M","?","M","M","R","E","$","T","E","?","M","M","M","R","BOSS","M","M","?","?","?","E","M","?","T","$","E","M","?","M","R","BOSS"],"items_purchased_type":["Card","Card","Relic","Card","Undefined"],"build_version":"2020-11-30","purchased_purges":3,"victory":true,"max_hp_per_floor":[70,70,70,70,70,70,70,70,70,70,70,70,70,70,70,70,70,70,70,70,70,70,70,70,70,70,70,70,70,70,70,70,70,70,70,70,70,70,70,70,70,66,66,66,66,66,66,66,66,66],"card_choices":[{"not_picked":["PiercingWail","Quick Slash"],"picked":"Dagger Spray","floor":1.0},{"not_picked":["Bane","Sucker Punch"],"picked":"Backflip","floor":4.0},{"not_picked":["Well Laid Plans","Underhanded Strike"],"picked":"Accuracy","floor":5.0},{"not_picked":["A Thousand Cuts","Bane","Expertise"],"picked":"SKIP","floor":7.0},{"not_picked":["Riddle With Holes","Distraction","Dagger Spray"],"picked":"SKIP","floor":10.0},{"not_picked":["Dagger Spray","Slice"],"picked":"Infinite Blades","floor":11.0},{"not_picked":["Choke","Terror"],"picked":"Leg Sweep","floor":14.0},{"not_picked":["Venomology","Wraith Form v2"],"picked":"Phantasmal Killer","floor":16.0},{"not_picked":["Predator+1","All Out Attack+1"],"picked":"Calculated Gamble","floor":18.0},{"not_picked":["Poisoned Stab","Finisher","Well Laid Plans"],"picked":"SKIP","floor":19.0},{"not_picked":["Quick Slash+1","Acrobatics"],"picked":"Backflip+1","floor":20},{"not_picked":["Catalyst","Dodge and Roll","Poisoned Stab"],"picked":"SKIP","floor":21},{"not_picked":["Flying Knee","Masterful Stab+1","Underhanded Strike"],"picked":"SKIP","floor":22},{"not_picked":["Flechettes","Dash"],"picked":"Malaise","floor":24},{"not_picked":["Eviscerate","Deadly Poison","Flechettes"],"picked":"SKIP","floor":27},{"not_picked":["Flying Knee","Dodge and Roll"],"picked":"Tactician+1","floor":29},{"not_picked":["Quick Slash","Riddle With Holes"],"picked":"Acrobatics+1","floor":30},{"not_picked":["Masterful Stab","Dash+1"],"picked":"Blade Dance","floor":31},{"not_picked":["Phantasmal Killer","Unload"],"picked":"Envenom","floor":33},{"not_picked":["Blur+1","Noxious Fumes"],"picked":"PiercingWail+1","floor":35},{"not_picked":["Backflip+1","Deflect+1"],"picked":"Tactician+1","floor":36},{"not_picked":["Expertise+1","Choke+1","Backflip+1"],"picked":"SKIP","floor":38},{"not_picked":["Distraction","Catalyst+1"],"picked":"Well Laid Plans+1","floor":40},{"not_picked":["Malaise","Dagger Throw","Finisher+1"],"picked":"SKIP","floor":41},{"not_picked":["Terror","Flying Knee+1","Deadly Poison+1"],"picked":"SKIP","floor":45},{"not_picked":["Quick Slash+1","Poisoned Stab","Well Laid Plans+1"],"picked":"SKIP","floor":46},{"not_picked":["Backflip","Bane+1","Dodge and Roll"],"picked":"SKIP","floor":48}],"player_experience":121825,"relics_obtained":[{"floor":7.0,"key":"Happy Flower"},{"floor":9.0,"key":"Art of War"},{"floor":10.0,"key":"InkBottle"},{"floor":14.0,"key":"Ornamental Fan"},{"floor":26,"key":"Bag of Marbles"},{"floor":27,"key":"Oddly Smooth Stone"},{"floor":39,"key":"Bird Faced Urn"},{"floor":40,"key":"Ancient Tea Set"},{"floor":43,"key":"Frozen Egg 2"},{"floor":45,"key":"StoneCalendar"}],"event_choices":[{"cards_removed":["Strike_G"],"damage_healed":0.0,"max_hp_gain":0.0,"max_hp_loss":0.0,"gold_gain":0.0,"event_name":"Bonfire Elementals","player_choice":"Offered Basic","floor":2.0,"gold_loss":0.0,"damage_taken":0.0},{"damage_healed":0.0,"max_hp_gain":0.0,"max_hp_loss":0.0,"gold_gain":0.0,"event_name":"Match and Keep!","player_choice":"0 cards matched","floor":13.0,"gold_loss":0.0,"damage_taken":0.0,"cards_obtained":[]},{"cards_removed":["Defend_G"],"damage_healed":0,"gold_gain":0,"player_choice":"Gave Gold","damage_taken":0,"max_hp_gain":0,"max_hp_loss":0,"event_name":"Beggar","floor":28,"gold_loss":75},{"damage_healed":0,"gold_gain":0,"player_choice":"Forge","damage_taken":0,"max_hp_gain":0,"max_hp_loss":0,"event_name":"Accursed Blacksmith","floor":37,"gold_loss":0,"cards_upgraded":["Envenom"]},{"damage_healed":0,"gold_gain":0,"player_choice":"Fight","damage_taken":0,"max_hp_gain":0,"max_hp_loss":0,"event_name":"Mysterious Sphere","floor":39,"gold_loss":0},{"damage_healed":0,"gold_gain":0,"player_choice":"Max HP","damage_taken":0,"max_hp_gain":0,"max_hp_loss":4,"event_name":"Winding Halls","floor":42,"gold_loss":0},{"cards_removed":["Dagger Spray"],"damage_healed":0,"gold_gain":0,"player_choice":"Removed Attack","damage_taken":0,"max_hp_gain":0,"max_hp_loss":0,"event_name":"Falling","floor":47,"gold_loss":0}],"is_beta":false,"boss_relics":[{"not_picked":["Runic Dome","Calling Bell"],"picked":"Empty Cage"},{"not_picked":["WristBlade","Coffee Dripper"],"picked":"HoveringKite"}],"items_purged_floors":[3,25,44],"is_endless":false,"potions_floor_spawned":[5,7,10,11,19,22,27,30,31,33,36,38,48],"ascension_level":1}}