{"host":"z4fpy6l2lm2b2le0","time":1607699062,"event":{"mods":["AchievementEnabler","BaseMod","Bestiary","Better Note","Block Reminder","Colored Map","Colored Powertips","DeckTracker","Defuse TimeMaze Blight","Displayed Cursed Tome","Highlight Path","Key Reminder","Minty Spire (QoL Compilation)","Rare Cards Sparkle","Relic Stats","StSLib","SuperFastMode","Unceasing Turn Reminder","everything is the same but u backflip on backflip"],"gold_per_floor":[119,9,26,26,41,41,69,79,132,132,132,147,37,50,50,146,146,164,164,164,26,26,26,26,38,90,107,123,140,140,159,159,159,159],"floor_reached":33,"playtime":1416,"items_purged":["Strike_B","Defend_B"],"score":249,"play_id":"12451d6c-4122-4d5f-86f9-89702c68f672","local_time":"20201212000422","is_ascension_mode":false,"campfire_choices":[{"data":"Defragment","floor":6,"key":"SMITH"},{"data":"Streamline","floor":11,"key":"SMITH"},{"floor":15,"key":"REST"},{"data":"Capacitor","floor":23,"key":"SMITH"},{"floor":30,"key":"REST"},{"floor":32,"key":"REST"}],"circlet_count":0,"master_deck":["Strike_B","Strike_B","Strike_B","Defend_B","Defend_B","Defend_B","Zap","Dualcast","Skim","Defragment+1","Streamline+1","Sweeping Beam","Thunder Strike","Capacitor+1","White Noise+1","Ball Lightning","Seek+1","Static Discharge","Ball Lightning","Redo+1","Amplify+1","Defragment","Storm"],"relics":["Cracked Core","NeowsBlessing","Letter Opener","Anchor","Toxic Egg 2","Philosopher\u0027s Stone","Enchiridion","Ancient Tea Set"],"acts_visited":["Exordium","TheCity"],"potions_floor_usage":[28,29,29,29],"damage_taken":[{"damage":0,"enemies":"Jaw Worm","floor":1,"turns":1},{"damage":0,"enemies":"Cultist","floor":3,"turns":1},{"damage":0,"enemies":"Small Slimes","floor":5,"turns":1},{"damage":20,"enemies":"Gremlin Nob","floor":7,"turns":4},{"damage":15,"enemies":"Looter","floor":8,"turns":3},{"damage":0,"enemies":"Large Slime","floor":12,"turns":3},{"damage":2,"enemies":"3 Louse","floor":14,"turns":3},{"damage":25,"enemies":"Slime Boss","floor":16,"turns":6},{"damage":0,"enemies":"Chosen","floor":18,"turns":3},{"damage":16,"enemies":"Shell Parasite","floor":25,"turns":4},{"damage":30,"enemies":"Cultist and Chosen","floor":27,"turns":5},{"damage":12,"enemies":"Snecko","floor":28,"turns":3},{"damage":0,"enemies":"Centurion and Healer","floor":29,"turns":5},{"damage":0,"enemies":"3 Cultists","floor":31,"turns":2},{"damage":71,"enemies":"Collector","floor":33,"turns":5}],"seed_played":"-2785564837092819157","potions_obtained":[{"floor":1,"key":"SteroidPotion"},{"floor":5,"key":"ColorlessPotion"},{"floor":7,"key":"Explosive Potion"},{"floor":28,"key":"Swift Potion"},{"floor":31,"key":"SneckoOil"}],"is_trial":false,"path_per_floor":["M","$","M","?","M","R","E","M","T","T","R","M","$","M","R","B",null,"M","?","?","$","?","R","$","M","T","M","M","M","R","M","R","B"],"character_chosen":"DEFECT","items_purchased":["Skim","Capacitor","White Noise+1","Static Discharge"],"campfire_rested":3,"item_purchase_floors":[2,13,13,21],"current_hp_per_floor":[75,75,75,75,75,75,55,40,40,40,40,40,40,38,60,35,75,75,75,59,59,59,59,59,43,43,13,1,1,23,23,45,0,0],"gold":159,"neow_bonus":"THREE_ENEMY_KILL","is_daily":false,"chose_seed":false,"campfire_upgraded":3,"win_rate":0.0,"timestamp":1607699062,"path_taken":["M","$","M","?","?","R","E","M","T","?","R","M","?","M","R","BOSS","M","?","?","$","?","R","$","M","T","M","M","M","R","M","R","BOSS"],"items_purchased_type":["Card","Card","Undefined","Card"],"build_version":"2020-11-30","purchased_purges":2,"victory":false,"max_hp_per_floor":[75,75,75,75,75,75,75,75,75,75,75,75,75,75,75,75,75,75,75,75,75,75,75,75,75,75,75,75,75,75,75,75,75,75],"relic_stats":{"counters":[15,49],"Letter Opener":[55],"obtain_stats":[{"Anchor":9,"NeowsBlessing":0,"Enchiridion":20,"Philosopher\u0027s Stone":17,"Letter Opener":7,"Toxic Egg 2":10,"Cracked Core":0,"Ancient Tea Set":26},{"Anchor":5,"NeowsBlessing":0,"Enchiridion":9,"Philosopher\u0027s Stone":8,"Letter Opener":4,"Toxic Egg 2":5,"Cracked Core":0,"Ancient Tea Set":10},{"Anchor":10,"NeowsBlessing":0,"Enchiridion":25,"Philosopher\u0027s Stone":22,"Letter Opener":7,"Toxic Egg 2":10,"Cracked Core":0,"Ancient Tea Set":29}]},"card_choices":[{"not_picked":["Force Field","Reprogram","Chaos"],"picked":"SKIP","floor":1},{"not_picked":["Loop","Beam Cell"],"picked":"Defragment","floor":3},{"not_picked":["Tempest","Sweeping Beam"],"picked":"Streamline","floor":5},{"not_picked":["Doom and Gloom","Leap"],"picked":"Sweeping Beam","floor":7},{"not_picked":["Steam Power","Hologram","Lockon"],"picked":"SKIP","floor":8},{"not_picked":["Redo+1","Barrage"],"picked":"Thunder Strike","floor":12},{"not_picked":["Rip and Tear","Cold Snap"],"picked":"Ball Lightning","floor":14},{"not_picked":["Thunder Strike","Buffer"],"picked":"Seek+1","floor":16},{"not_picked":["Doom and Gloom","Blizzard","Melter"],"picked":"SKIP","floor":18},{"not_picked":["Go for the Eyes","Streamline","Coolheaded+1"],"picked":"SKIP","floor":25},{"not_picked":["Self Repair","Cold Snap"],"picked":"Redo+1","floor":27},{"not_picked":["Compile Driver+1","Cold Snap"],"picked":"Amplify+1","floor":28},{"not_picked":["Ball Lightning+1","Hello World"],"picked":"Defragment","floor":29},{"not_picked":["Self Repair+1","Beam Cell"],"picked":"Storm","floor":31}],"player_experience":8404,"relics_obtained":[{"floor":7,"key":"Letter Opener"},{"floor":9,"key":"Anchor"},{"floor":10,"key":"Toxic Egg 2"},{"floor":26,"key":"Ancient Tea Set"}],"event_choices":[{"cards_removed":["Skim"],"damage_healed":0,"gold_gain":0,"player_choice":"Give","damage_taken":0,"max_hp_gain":0,"max_hp_loss":0,"event_name":"betterNote:BetterNote","floor":4,"gold_loss":0,"cards_obtained":["None"]},{"damage_healed":0,"gold_gain":0,"player_choice":"Ignored","damage_taken":0,"max_hp_gain":0,"max_hp_loss":0,"event_name":"Vampires","floor":19,"gold_loss":0},{"damage_healed":0,"gold_gain":0,"player_choice":"Obtained Book","damage_taken":16,"max_hp_gain":0,"max_hp_loss":0,"event_name":"Cursed Tome","floor":20,"gold_loss":0},{"damage_healed":0,"gold_gain":0,"player_choice":"Read","damage_taken":0,"max_hp_gain":0,"max_hp_loss":0,"event_name":"The Library","floor":22,"gold_loss":0,"cards_obtained":["Ball Lightning"]}],"is_beta":false,"boss_relics":[{"not_picked":["Inserter","Coffee Dripper"],"picked":"Philosopher\u0027s Stone"}],"items_purged_floors":[2,21],"is_endless":false,"potions_floor_spawned":[1,5,7,8,18,28,31],"killed_by":"Collector","ascension_level":0}}