{"host":"bc298c4gavna5tx2","time":1607689670,"event":{"mods":["Act Like it!","Ascension Reborn","BaseMod","Challenge The Spire","Minty Spire (QoL Compilation)","MostiFishMod","Quick Restart","Spicy Shops","StSLib","TestMod","vexMod","【功能Mod】混沌之环修复补丁","【功能Mod】聪明的最终Boss","【遗物卡牌】REMEMod"],"gold_per_floor":[62,62,177,288,400,400,76,76,192,304,422,422,34,34,144,262,379,491],"floor_reached":19,"playtime":876,"items_purged":["Defend_P","Strike_P"],"score":2790,"play_id":"da24f3c8-7e00-4ed3-9464-9589411de4c1","local_time":"20201211202750","daily_mods":["challengethespire:Platinum Difficulty","challengethespire:Boss Rush","Uncertain Future"],"is_ascension_mode":true,"campfire_choices":[{"data":"Eruption","floor":2.0,"key":"SMITH"},{"data":"Vigilance","floor":8.0,"key":"SMITH"},{"data":"Defend_P","floor":14,"key":"SMITH"}],"circlet_count":0,"master_deck":["Strike_P","Strike_P","Strike_P","Defend_P+1","Defend_P","Defend_P","Eruption+1","Vigilance+1","Limit Break+1","PathToVictory+1","FlurryOfBlows+1","DevaForm+1","Ragnarok+1","MostiFishMod:PathToVictory+1","MostiFishMod:DustFall+1"],"relics":["PureWater","The Courier","Molten Egg 2","Toxic Egg 2","Frozen Egg 2","DaveBox","testmod-TestBox","REME_ComplimentaryCards","OneHitWonderSystem","testmod-TimeTraveler","testmod-Register","Lantern","Yang","Vajra","vexMod:BarristanHead","vexMod:ScavengeHelm","TeardropLocket","Lizard Tail","ShadowXiaoBlade","vexMod:InvisibilityCloak","Bronze Scales","testmod-ThousandKnives","Nunchaku","ExusiaiGun","vexMod:Dragonfruit","testmod-Antiphasic","REME_HandOfSuture","ImportantClient","testmod-EqualTreatment","testmod-CyclicPeriapt"],"acts_visited":["Exordium"],"potions_floor_usage":[],"damage_taken":[{"damage":0.0,"enemies":"Hexaghost","floor":3.0,"turns":8.0},{"damage":0.0,"enemies":"Slime Boss","floor":4.0,"turns":5.0},{"damage":0.0,"enemies":"The Guardian","floor":5.0,"turns":6.0},{"damage":0.0,"enemies":"Automaton","floor":9.0,"turns":4.0},{"damage":0.0,"enemies":"Collector","floor":10.0,"turns":5.0},{"damage":0.0,"enemies":"Champ","floor":11.0,"turns":4.0},{"damage":0,"enemies":"Awakened One","floor":15,"turns":4},{"damage":0,"enemies":"Time Eater","floor":16,"turns":3},{"damage":0,"enemies":"Donu and Deca","floor":17,"turns":1},{"damage":5,"enemies":"The Heart","floor":18,"turns":4}],"seed_played":"-3652909610528569711","potions_obtained":[{"floor":4.0,"key":"ColorlessPotion"},{"floor":5.0,"key":"FearPotion"}],"is_trial":true,"path_per_floor":["$","R","M","M","M","T","$","R","M","M","M","T","$","R","M","M","M","M",null],"character_chosen":"WATCHER","items_purchased":["testmod-Register","Lantern","Yang","Vajra","vexMod:BarristanHead","testmod-SpacePotion","vexMod:InvisibilityCloak","Ragnarok+1","vexMod:Dragonfruit"],"campfire_rested":0,"item_purchase_floors":[1,1,1,1,1,7,7,13,13],"current_hp_per_floor":[1,1,1,1,1,1,1,1,1,1,1,1,6,1,1,1,1,1],"gold":491,"neow_bonus":"","is_daily":false,"chose_seed":false,"campfire_upgraded":3,"win_rate":0.0,"timestamp":1607689670,"path_taken":["$","R","M","M","M","T","$","R","M","M","M","T","$","R","M","M","M","M"],"items_purchased_type":["Relic","Relic","Relic","Relic","Relic","Potion","Relic","Undefined","Relic"],"build_version":"2020-11-30","purchased_purges":2,"victory":true,"max_hp_per_floor":[1,1,1,1,1,1,1,1,1,1,1,1,6,1,1,1,1,6],"card_choices":[],"player_experience":59337,"relics_obtained":[{"floor":3.0,"key":"vexMod:ScavengeHelm"},{"floor":4.0,"key":"TeardropLocket"},{"floor":5.0,"key":"Lizard Tail"},{"floor":9.0,"key":"Bronze Scales"},{"floor":10.0,"key":"testmod-ThousandKnives"},{"floor":11.0,"key":"Nunchaku"},{"floor":15,"key":"testmod-Antiphasic"},{"floor":16,"key":"REME_HandOfSuture"},{"floor":16,"key":"ImportantClient"},{"floor":17,"key":"testmod-EqualTreatment"},{"floor":18,"key":"testmod-CyclicPeriapt"}],"event_choices":[],"is_beta":false,"boss_relics":[{"not_picked":["VioletLotus","testmod-KeyOfTheVoid"],"picked":"ShadowXiaoBlade"},{"not_picked":["testmod-EnergyCheck","Ectoplasm"],"picked":"ExusiaiGun"}],"items_purged_floors":[7,13],"is_endless":false,"potions_floor_spawned":[4,5,15],"ascension_level":0}}