{"host":"aji03558nlnqydpa","time":1607682360,"event":{"mods":["2.2 Compatiblity","AchievementEnabler","Astrologer","BaseMod","Better Altar","Better Match","Better Sensory Stone","Better Third Choice","Colored Map","Gremlin Skip","Koishi","MarisaÅiñ∂âJÅ@ñÇóùçπÅj","Minty Spire (QoL Compilation)","Prisma Mod","Relic Filter","StSLib","The Cursed","The IronCluck","The Servant 0.9.4"],"gold_per_floor":[111,127,140,156,169,203,203,203,203,203,214,15,15,28,28,125,125,140,157,171,171,189,224,236,236,263,263,263,276,276,289,289,387,387,399,417,429,26,42,0,0,20,20,20,47,65,79,108,108,108,108],"floor_reached":50,"playtime":5318,"items_purged":[],"score":682,"play_id":"8672e59f-6520-42eb-94ae-ea69d6ac01d3","local_time":"20201211192600","is_ascension_mode":false,"campfire_choices":[{"floor":7.0,"key":"RECALL"},{"data":"MasterSpark","floor":10.0,"key":"SMITH"},{"data":"DeepEcoloBomb","floor":13.0,"key":"SMITH"},{"data":"LuminesStrike","floor":15.0,"key":"SMITH"},{"floor":25.0,"key":"REST"},{"data":"FinalSpark","floor":30.0,"key":"SMITH"},{"data":"SprinkleStarSeal","floor":32.0,"key":"SMITH"},{"data":"CasketOfStar","floor":41.0,"key":"SMITH"},{"data":"AsteroidBelt","floor":44.0,"key":"SMITH"},{"data":"FinalSpark","floor":49.0,"key":"SMITH"}],"circlet_count":0,"master_deck":["Strike_MRS","Strike_MRS","Strike_MRS","Defend_MRS","Defend_MRS","Defend_MRS","Defend_MRS","MasterSpark+1","UpSweep","FinalSpark+1","NonDirectionalLaser","WitchLeyline","SporeBomb","GravityBeat","MilkyWay","UltimateShortwave","DeepEcoloBomb+1","LuminesStrike+1","Acceleration","MillisecondPulsars+1","AsteroidBelt+1","AsteroidBelt+1","GravityBeat+1","PropBag+1","ShootingEcho","Ghostly","Ghostly","Ghostly","Ghostly","Ghostly","SprinkleStarSeal+1","FinalSpark+1","EnergyFlow+1","MilkyWay+1","StarBarrage+1","CasketOfStar+1","EarthLightRay","Acceleration+1","AlicesGift+1","Decay","Singularity+1","MilkyWay","GrandCross+1","AsteroidBelt"],"relics":["MiniHakkero","SacredBark","Bag of Marbles","Lee\u0027s Waffle","ExperimentalFamiliar","Ice Cream","Cursed Key","Membership Card","Mango","Red Mask","HornCleat","Lantern","Anchor","Blue Candle"],"acts_visited":["Exordium","TheCity","TheBeyond"],"potions_floor_usage":[],"damage_taken":[{"damage":3.0,"enemies":"Jaw Worm","floor":1.0,"turns":4.0},{"damage":3.0,"enemies":"2 Louse","floor":2.0,"turns":3.0},{"damage":1.0,"enemies":"Cultist","floor":3.0,"turns":3.0},{"damage":0.0,"enemies":"Looter","floor":4.0,"turns":3.0},{"damage":3.0,"enemies":"Red Slaver","floor":5.0,"turns":3.0},{"damage":16.0,"enemies":"3 Sentries","floor":6.0,"turns":6.0},{"damage":0.0,"enemies":"Lots of Slimes","floor":11.0,"turns":2.0},{"damage":0.0,"enemies":"3 Louse","floor":14.0,"turns":3.0},{"damage":55.0,"enemies":"Hexaghost","floor":16.0,"turns":6.0},{"damage":5.0,"enemies":"Spheric Guardian","floor":18.0,"turns":3.0},{"damage":20.0,"enemies":"2 Thieves","floor":19.0,"turns":3.0},{"damage":19.0,"enemies":"Cultist and Chosen","floor":20.0,"turns":6.0},{"damage":0.0,"enemies":"Sentry and Sphere","floor":22.0,"turns":4.0},{"damage":0.0,"enemies":"Slavers","floor":23.0,"turns":1.0},{"damage":14.0,"enemies":"Centurion and Healer","floor":24.0,"turns":3.0},{"damage":0.0,"enemies":"Snake Plant","floor":29.0,"turns":3.0},{"damage":0.0,"enemies":"3 Cultists","floor":31.0,"turns":1.0},{"damage":7.0,"enemies":"Collector","floor":33.0,"turns":7.0},{"damage":0.0,"enemies":"3 Shapes","floor":35.0,"turns":3.0},{"damage":5.0,"enemies":"Orb Walker","floor":36.0,"turns":2.0},{"damage":0.0,"enemies":"Sphere and 2 Shapes","floor":37.0,"turns":4.0},{"damage":0.0,"enemies":"Writhing Mass","floor":39.0,"turns":5.0},{"damage":8.0,"enemies":"Spire Growth","floor":42.0,"turns":4.0},{"damage":0.0,"enemies":"Reptomancer","floor":45.0,"turns":6.0},{"damage":0.0,"enemies":"Maw","floor":46.0,"turns":6.0},{"damage":13.0,"enemies":"Writhing Mass","floor":47.0,"turns":5.0},{"damage":0.0,"enemies":"Nemesis","floor":48.0,"turns":5.0},{"damage":43,"enemies":"Time Eater","floor":50,"turns":5}],"seed_played":"-625636400929333332","potions_obtained":[{"floor":1.0,"key":"Block Potion"},{"floor":6.0,"key":"Explosive Potion"},{"floor":11.0,"key":"Block Potion"},{"floor":14.0,"key":"Dexterity Potion"},{"floor":18.0,"key":"FearPotion"},{"floor":22.0,"key":"BottledSpark"},{"floor":24.0,"key":"AttackPotion"},{"floor":28.0,"key":"BottledSpark"},{"floor":37.0,"key":"SteroidPotion"}],"is_trial":false,"path_per_floor":["M","M","M","M","M","E","R","?","T","R","M","$","R","M","R","B",null,"M","M","M","?","M","E","M","R","T","?","?","M","R","M","R","B",null,"M","M","M","$","M","?","R","M","T","R","E","M","M","E","R","B"],"character_chosen":"MARISA","items_purchased":["Lee\u0027s Waffle","LuminesStrike","Membership Card","CasketOfStar","Mango","EarthLightRay"],"campfire_rested":1,"item_purchase_floors":[12,12,38,38,38,38],"current_hp_per_floor":[72,69,68,68,65,49,49,49,49,49,49,82,82,82,82,27,82,77,57,38,38,38,38,24,48,48,41,41,41,41,41,41,34,41,41,36,36,50,50,50,50,42,42,42,46,50,37,37,37,0,0],"gold":108,"neow_bonus":"TRANSFORM_CARD","is_daily":false,"chose_seed":false,"campfire_upgraded":8,"win_rate":0.0,"timestamp":1607682360,"path_taken":["M","M","M","M","M","E","R","?","T","R","M","$","R","M","R","BOSS","M","M","M","?","M","E","?","R","T","?","?","?","R","?","R","BOSS","M","M","M","$","M","?","R","M","T","R","E","M","M","E","R","BOSS"],"items_purchased_type":["Relic","Card","Relic","Card","Relic","Card"],"build_version":"2020-11-30","purchased_purges":0,"victory":false,"max_hp_per_floor":[75,75,75,75,75,75,75,75,75,75,75,82,82,82,82,82,82,82,82,82,82,82,82,82,82,82,41,41,41,41,41,41,41,41,41,41,41,55,55,55,55,55,55,55,55,55,55,55,55,55,55],"card_choices":[{"not_picked":["SporeBomb","MysteriousBeam"],"picked":"NonDirectionalLaser","floor":1.0},{"not_picked":["MysteriousBeam","Acceleration"],"picked":"WitchLeyline","floor":2.0},{"not_picked":["UnstableBomb","RefractionSpark"],"picked":"SporeBomb","floor":3.0},{"not_picked":["ChargeUpSpray","OrrerysSun"],"picked":"GravityBeat","floor":4.0},{"not_picked":["OrrerysSun","OneTimeOff"],"picked":"MilkyWay","floor":5.0},{"not_picked":["GrandCross","MilkyWay"],"picked":"UltimateShortwave","floor":6.0},{"not_picked":["MeteoricShower","PropBag"],"picked":"DeepEcoloBomb","floor":11.0},{"not_picked":["DC","UnstableBomb"],"picked":"Acceleration","floor":14.0},{"not_picked":["EscapeVelocity","BinaryStars"],"picked":"MillisecondPulsars","floor":16.0},{"not_picked":["GravityBeat+1","DarkSpark"],"picked":"AsteroidBelt+1","floor":18.0},{"not_picked":["PowerUp","ChargeUpSpray","DC"],"picked":"SKIP","floor":19.0},{"not_picked":["GrandCross+1","ShootingEcho"],"picked":"AsteroidBelt","floor":20.0},{"not_picked":["Occultation","IllusionStar"],"picked":"GravityBeat+1","floor":22.0},{"not_picked":["UnstableBomb","ShootingEcho+1"],"picked":"PropBag+1","floor":23.0},{"not_picked":["LuminesStrike","RefractionSpark"],"picked":"ShootingEcho","floor":24.0},{"not_picked":["RefractionSpark","MysteriousBeam","GravityBeat"],"picked":"SKIP","floor":29.0},{"not_picked":["ManaConvection","LuminesStrike"],"picked":"SprinkleStarSeal","floor":31.0},{"not_picked":["MaximisePower","BlazingStar"],"picked":"FinalSpark","floor":33.0},{"not_picked":["MilkyWay+1","IllusionStar+1"],"picked":"EnergyFlow+1","floor":35.0},{"not_picked":["PowerUp","EarthLightRay"],"picked":"MilkyWay+1","floor":36.0},{"not_picked":["MeteoricShower+1","ChargeUpSpray"],"picked":"StarBarrage+1","floor":37.0},{"not_picked":["WitchOfGreed+1","ShootingEcho+1"],"picked":"Acceleration+1","floor":39.0},{"not_picked":["ManaConvection+1","GalacticHalo"],"picked":"AlicesGift+1","floor":42.0},{"not_picked":["ChargeUpSpray","AlicesGift"],"picked":"Singularity+1","floor":45.0},{"not_picked":["MagicChant","SporeBomb+1"],"picked":"MilkyWay","floor":46.0},{"not_picked":["EventHorizon+1","EnergyFlow"],"picked":"GrandCross+1","floor":47.0},{"not_picked":["GrandCross","EventHorizon+1"],"picked":"AsteroidBelt","floor":48.0}],"player_experience":688105,"relics_obtained":[{"floor":6.0,"key":"SacredBark"},{"floor":9.0,"key":"Bag of Marbles"},{"floor":23.0,"key":"Ice Cream"},{"floor":43.0,"key":"HornCleat"},{"floor":45.0,"key":"Lantern"},{"floor":48.0,"key":"Anchor"}],"event_choices":[{"damage_healed":0.0,"max_hp_gain":0.0,"max_hp_loss":0.0,"gold_gain":0.0,"event_name":"Golden Idol","player_choice":"Ignored","floor":8.0,"gold_loss":0.0,"damage_taken":0.0},{"damage_healed":0.0,"max_hp_gain":0.0,"max_hp_loss":0.0,"gold_gain":0.0,"event_name":"Accursed Blacksmith","player_choice":"Forge","floor":21.0,"gold_loss":0.0,"damage_taken":0.0,"cards_upgraded":["MillisecondPulsars"]},{"damage_healed":0.0,"max_hp_gain":0.0,"max_hp_loss":41.0,"gold_gain":0.0,"event_name":"Ghosts","player_choice":"Became a Ghost","floor":27.0,"gold_loss":0.0,"damage_taken":0.0,"cards_obtained":["Ghostly","Ghostly","Ghostly","Ghostly","Ghostly"]},{"damage_healed":0.0,"max_hp_gain":0.0,"max_hp_loss":0.0,"gold_gain":0.0,"event_name":"Lab","player_choice":"Got Potions","floor":28.0,"gold_loss":0.0,"damage_taken":0.0},{"damage_healed":0.0,"max_hp_gain":0.0,"max_hp_loss":0.0,"gold_gain":0.0,"event_name":"Tomb of Lord Red Mask","player_choice":"Paid","floor":40.0,"gold_loss":42.0,"damage_taken":0.0,"relics_obtained":["Red Mask"]}],"is_beta":false,"boss_relics":[{"not_picked":["RampagingMagicTools","Calling Bell"],"picked":"ExperimentalFamiliar"},{"not_picked":["Runic Pyramid","BewitchedHakkero"],"picked":"Cursed Key"}],"items_purged_floors":[],"is_endless":false,"potions_floor_spawned":[1,6,11,14,18,22,24,31,33,37,42,45],"killed_by":"Time Eater","ascension_level":0}}