{"host":"gx04ak8ofzo346nl","time":1607658974,"event":{"mods":["BaseMod","Colored Map","Duelist Mod","Friendly Minions","Googly Eyes","Minty Spire (QoL Compilation)","Replay The Spire","StSLib","The Animator","The Construct","The Cursed","The Disciple","The Necromancer","The Servant 0.9.4"],"gold_per_floor":[136,136,149,149,161,161,192,207,233,233,251,251,261,274,274,379,379,395,395,410,410,410],"floor_reached":21,"playtime":2092,"items_purged":[],"score":183,"play_id":"baf3c80f-2a74-4793-b9da-a627b5faf2c4","local_time":"20201210195614","is_ascension_mode":false,"campfire_choices":[{"floor":6,"key":"RECALL"},{"data":"theDuelist:LightningDarts","floor":10,"key":"SMITH"},{"floor":12,"key":"REST"},{"floor":15,"key":"REST"}],"circlet_count":0,"master_deck":["theDuelist:BabyDragon","theDuelist:CastleWalls","theDuelist:CastleWalls","theDuelist:CaveDragon","theDuelist:CaveDragon","theDuelist:LesserDragon","theDuelist:LesserDragon","theDuelist:Sparks","theDuelist:Sparks","theDuelist:YamataDragon","theDuelist:CyberDragonDrei","theDuelist:ReinforcementsArmy","theDuelist:SummoningCurse","theDuelist:AncientDragon","theDuelist:YamataDragon","theDuelist:LightningDarts+1","theDuelist:MiraculousDescent","Panacea","theDuelist:CyberValley","theDuelist:DragonMastery","theDuelist:BurstBreath","theDuelist:BlackBrutdrago"],"relics":["theDuelist:MillenniumPuzzle","theDuelist:CardPoolRelic","theDuelist:CardPoolBasicRelic","theDuelist:BoosterPackPoolRelic","theDuelist:CardPoolAddRelic","theDuelist:CardPoolMinusRelic","theDuelist:CardPoolSaveRelic","theDuelist:CardPoolOptionsRelic","theDuelist:SummonAnchor","theDuelist:MillenniumRing","King of Hearts","Velvet Choker","theDuelist:CursedHealer"],"acts_visited":["Exordium","TheCity"],"potions_floor_usage":[7,13,14,21],"damage_taken":[{"damage":1,"enemies":"2 Louse","floor":1,"turns":3},{"damage":0,"enemies":"Cultist","floor":3,"turns":3},{"damage":4,"enemies":"Jaw Worm","floor":5,"turns":3},{"damage":8,"enemies":"Replay:BlueRogue","floor":7,"turns":6},{"damage":16,"enemies":"Exordium Thugs","floor":8,"turns":4},{"damage":14,"enemies":"2 Fungi Beasts","floor":11,"turns":4},{"damage":17,"enemies":"Lots of Slimes","floor":13,"turns":7},{"damage":10,"enemies":"Looter","floor":14,"turns":2},{"damage":51,"enemies":"Hexaghost","floor":16,"turns":17},{"damage":0,"enemies":"Chosen","floor":18,"turns":6},{"damage":9,"enemies":"Spheric Guardian","floor":20,"turns":9},{"damage":101,"enemies":"Spheric Guardian","floor":21,"turns":13}],"seed_played":"-5121347281264645825","potions_obtained":[{"floor":1,"key":"FearPotion"},{"floor":3,"key":"ColorlessPotion"},{"floor":7,"key":"theDuelist:SolderPotionB"},{"floor":13,"key":"Swift Potion"},{"floor":18,"key":"Ancient Potion"}],"is_trial":false,"path_per_floor":["M","?","M","?","M","R","E","M","T","R","M","R","M","M","R","B",null,"M","?","M","?"],"character_chosen":"THE_DUELIST","items_purchased":[],"campfire_rested":2,"item_purchase_floors":[],"current_hp_per_floor":[87,81,81,81,77,77,69,53,53,53,39,65,48,38,64,13,88,88,88,79,0,0],"gold":410,"neow_bonus":"TEN_PERCENT_HP_BONUS","is_daily":false,"chose_seed":false,"campfire_upgraded":1,"win_rate":0.0,"timestamp":1607658974,"path_taken":["M","?","?","?","M","R","E","M","T","R","M","R","M","M","R","BOSS","M","?","M","?"],"items_purchased_type":[],"build_version":"2020-11-30","purchased_purges":0,"victory":false,"max_hp_per_floor":[88,88,88,88,88,88,88,88,88,88,88,88,88,88,88,88,88,88,88,88,88,88],"card_choices":[{"not_picked":["theDuelist:LesserDragon","theDuelist:BlackPtera","theDuelist:AquaDolphin","theDuelist:RedRisingDragon"],"picked":"theDuelist:CyberDragonDrei","floor":1},{"not_picked":["theDuelist:BigFire","theDuelist:Wiseman","theDuelist:BigEye","theDuelist:DarkCreator"],"picked":"theDuelist:ReinforcementsArmy","floor":3},{"not_picked":["theDuelist:Beatraptor","theDuelist:BusterDrake","theDuelist:AncientPixieDragon","theDuelist:CyberDragonVier"],"picked":"theDuelist:AncientDragon","floor":5},{"not_picked":["theDuelist:MaskedDragon","theDuelist:Earthquake","theDuelist:BlackStego","theDuelist:StampingDestruction"],"picked":"theDuelist:YamataDragon","floor":7},{"not_picked":["theDuelist:BattleguardKing","theDuelist:Hinotama","theDuelist:RainbowOverdragon","theDuelist:ForbiddenLance"],"picked":"theDuelist:LightningDarts","floor":8},{"not_picked":["theDuelist:SystemDown","theDuelist:CastleDragonSouls","theDuelist:BoosterDragon"],"picked":"theDuelist:MiraculousDescent","floor":11},{"not_picked":["Blind","Deep Breath","Secret Technique"],"picked":"Panacea","floor":13},{"not_picked":["theDuelist:ViceDragon","theDuelist:BlackStego","theDuelist:BlackPtera","theDuelist:DragonZombie"],"picked":"theDuelist:CyberValley","floor":14},{"not_picked":["theDuelist:TailSwipe","theDuelist:Lancephorhynchus","theDuelist:ChimeratechOverdragon","theDuelist:BusterBladerDDS"],"picked":"theDuelist:DragonMastery","floor":16},{"not_picked":["theDuelist:ThreateningRoar","theDuelist:ScrapIronScarecrow","theDuelist:Berserking","theDuelist:BackupSoldier"],"picked":"theDuelist:BurstBreath","floor":18},{"not_picked":["theDuelist:CyberTwinDragon","theDuelist:OneDayPeace","theDuelist:Frostosaurus","theDuelist:SpiralSpearStrike+1"],"picked":"theDuelist:BlackBrutdrago","floor":20}],"player_experience":151067,"relics_obtained":[{"floor":7,"key":"King of Hearts"}],"event_choices":[{"damage_healed":0,"gold_gain":0,"player_choice":"Dig - random Duelist relic","duelist":true,"damage_taken":0,"max_hp_gain":0,"max_hp_loss":0,"event_name":"Aknamkanon\u0027s Tomb","floor":2,"gold_loss":0},{"damage_healed":0,"gold_gain":0,"player_choice":"Took item - Received: Millennium Ring","duelist":true,"damage_taken":0,"max_hp_gain":0,"max_hp_loss":0,"event_name":"Millennium Items","floor":4,"gold_loss":0},{"damage_healed":0,"gold_gain":0,"player_choice":"Succumb - +25HP/Cursed Relic","duelist":true,"damage_taken":0,"max_hp_gain":0,"max_hp_loss":0,"event_name":"Tomb of the Nameless","floor":19,"gold_loss":0},{"damage_healed":0,"gold_gain":0,"player_choice":"Fight","duelist":true,"damage_taken":0,"max_hp_gain":0,"max_hp_loss":0,"event_name":"Battle City","floor":21,"gold_loss":0}],"is_beta":false,"boss_relics":[{"not_picked":["Cursed Key","Replay:Drink Me"],"picked":"Velvet Choker"}],"items_purged_floors":[],"is_endless":false,"potions_floor_spawned":[1,3,7,13,18],"killed_by":"Spheric Guardian","ascension_level":0}}