{"host":"2brg86hfzr3u5cix","time":1607657268,"event":{"mods":["AchievementEnabler","Ascension Unlocker","BaseMod","CapriCore","DeckTracker","Hermit","Highlight Path","Keyboard Shortcuts","Minty Spire (QoL Compilation)","Permanent Neow","Relic Stats","Replay The Spire","StSLib","The Cursed","Twitch Utils","Uncapped","UnlockEverythingMod"],"gold_per_floor":[111,128,53,53,73,73,148,164,214,227,258,278,305,305,305,305,305],"floor_reached":16,"playtime":711,"items_purged":["TheCursedMod:Strike_TheCursed"],"score":112,"play_id":"38de4c97-57ae-4c1c-9276-f1069882a9c5","local_time":"20201211122748","is_ascension_mode":false,"campfire_choices":[{"data":"TheCursedMod:CursedWand","floor":6.0,"key":"SMITH"},{"data":"TheCursedMod:SmokeScreen","floor":15,"key":"SMITH"}],"circlet_count":0,"master_deck":["TheCursedMod:Strike_TheCursed","TheCursedMod:Strike_TheCursed","TheCursedMod:Strike_TheCursed","TheCursedMod:Defend_TheCursed","TheCursedMod:Defend_TheCursed","TheCursedMod:Defend_TheCursed","TheCursedMod:CursedWand+1","TheCursedMod:CleanUpWorkshop","TheCursedMod:Dregs","TheCursedMod:CursedShiv","TheCursedMod:SpitefulPray","Delirium","TheCursedMod:SmokeScreen+1","TheCursedMod:ReleasedStrength","TheCursedMod:CircleOfCorruption","TheCursedMod:SurpriseAttack","TheCursedMod:Obscuration","TheCursedMod:CircleOfFlame"],"relics":["TheCursedMod:BlackMagic101","Centennial Puzzle","ReplayTheSpireMod:Ring of Exchange","ReplayTheSpireMod:Ring of Collecting","ReplayTheSpireMod:Ring of Challenge","PreservedInsect","InkBottle","Juzu Bracelet"],"acts_visited":["Exordium"],"potions_floor_usage":[11,11,16,16],"damage_taken":[{"damage":0.0,"enemies":"2 Louse","floor":1.0,"turns":2.0},{"damage":2.0,"enemies":"Small Slimes","floor":2.0,"turns":3.0},{"damage":1.0,"enemies":"Cultist","floor":5.0,"turns":4.0},{"damage":0,"enemies":"Large Slime","floor":8,"turns":8},{"damage":0,"enemies":"Looter","floor":10,"turns":4},{"damage":24,"enemies":"Gremlin Nob","floor":11,"turns":5},{"damage":2,"enemies":"Blue Slaver","floor":12,"turns":3},{"damage":6,"enemies":"Replay:BlueRogue","floor":13,"turns":6},{"damage":26,"enemies":"Slime Boss","floor":16,"turns":10}],"seed_played":"8195609279055330048","potions_obtained":[{"floor":8,"key":"Explosive Potion"},{"floor":10,"key":"GamblersBrew"},{"floor":12,"key":"GamblersBrew"},{"floor":13,"key":"Adrenaline Potion"}],"is_trial":false,"path_per_floor":["M","M","$","?","M","R","?","M","T","M","E","M","E","?","R","B"],"character_chosen":"THE_CURSED","items_purchased":[],"campfire_rested":0,"item_purchase_floors":[],"current_hp_per_floor":[75,73,73,73,72,72,65,65,65,65,41,39,33,33,33,7,7],"gold":305,"neow_bonus":"RANDOM_COMMON_RELIC","is_daily":false,"chose_seed":false,"campfire_upgraded":2,"win_rate":0.0,"timestamp":1607657268,"path_taken":["M","M","$","?","M","R","?","?","T","M","E","M","E","?","R","BOSS"],"items_purchased_type":[],"build_version":"2020-11-30","purchased_purges":1,"victory":false,"max_hp_per_floor":[75,75,75,75,75,75,75,75,75,75,75,75,75,75,75,75,75],"relic_stats":{"Centennial Puzzle":[18],"counters":[9,45],"PreservedInsect":49,"Juzu Bracelet":0,"obtain_stats":[{"TheCursedMod:BlackMagic101":0,"ReplayTheSpireMod:Ring of Exchange":4,"Centennial Puzzle":0,"ReplayTheSpireMod:Ring of Collecting":4,"PreservedInsect":9,"Juzu Bracelet":13,"ReplayTheSpireMod:Ring of Challenge":9,"InkBottle":11},{"TheCursedMod:BlackMagic101":0,"ReplayTheSpireMod:Ring of Exchange":2,"Centennial Puzzle":0,"ReplayTheSpireMod:Ring of Collecting":2,"PreservedInsect":4,"Juzu Bracelet":8,"ReplayTheSpireMod:Ring of Challenge":4,"InkBottle":6},{"TheCursedMod:BlackMagic101":0,"ReplayTheSpireMod:Ring of Exchange":5,"Centennial Puzzle":0,"ReplayTheSpireMod:Ring of Collecting":5,"PreservedInsect":17,"Juzu Bracelet":35,"ReplayTheSpireMod:Ring of Challenge":17,"InkBottle":26}],"InkBottle":[6]},"card_choices":[{"not_picked":["TheCursedMod:SpitefulStrike","TheCursedMod:Obscuration"],"picked":"TheCursedMod:CursedShiv","floor":1.0},{"not_picked":["TheCursedMod:Torture","TheCursedMod:RavingStaff"],"picked":"TheCursedMod:SpitefulPray","floor":2.0},{"not_picked":["TheCursedMod:Stretching","TheCursedMod:CursedMace"],"picked":"TheCursedMod:SmokeScreen","floor":5.0},{"not_picked":["TheCursedMod:CursedAmulet","TheCursedMod:Torture"],"picked":"TheCursedMod:ReleasedStrength","floor":8},{"not_picked":["TheCursedMod:Wield","TheCursedMod:CursedBlade"],"picked":"TheCursedMod:CircleOfCorruption","floor":10},{"not_picked":["TheCursedMod:ShockAndAwe","TheCursedMod:CursedShiv"],"picked":"TheCursedMod:SurpriseAttack","floor":11},{"not_picked":["TheCursedMod:SaltUponWound","TheCursedMod:FleshFromBone"],"picked":"TheCursedMod:Obscuration","floor":12},{"not_picked":["TheCursedMod:Stigma","TheCursedMod:RavingStaff"],"picked":"TheCursedMod:CircleOfFlame","floor":13}],"player_experience":334285,"relics_obtained":[{"floor":4.0,"key":"ReplayTheSpireMod:Ring of Exchange"},{"floor":4.0,"key":"ReplayTheSpireMod:Ring of Collecting"},{"floor":9,"key":"ReplayTheSpireMod:Ring of Challenge"},{"floor":9,"key":"PreservedInsect"},{"floor":11,"key":"InkBottle"},{"floor":13,"key":"Juzu Bracelet"}],"event_choices":[{"damage_healed":0,"gold_gain":75,"player_choice":"Touch","damage_taken":7,"max_hp_gain":0,"max_hp_loss":0,"event_name":"FaceTrader","floor":7,"gold_loss":0}],"is_beta":false,"boss_relics":[],"items_purged_floors":[3],"is_endless":false,"potions_floor_spawned":[8,10,12,13],"killed_by":"Slime Boss","ascension_level":0}}