{"host":"08sn1703g14rasc1","time":1607680375,"event":{"mods":["AchievementEnabler","BaseMod","Colored Map","Colored Powertips","Hermit","Minty Spire (QoL Compilation)","StSLib"],"gold_per_floor":[114,124,136,211,224,224,244,5,5,5,5,31,44,109,109,209,209,227,227,244,244,343,377,377,387,387,400,400,400,419,20,20,125,125,137,192,152,162,7,7,7,7],"floor_reached":41,"playtime":1233,"items_purged":["Strike_B"],"score":680,"play_id":"3d9bc789-766b-47d8-a898-3efaba1d6798","local_time":"20201211015255","is_ascension_mode":true,"campfire_choices":[{"floor":6,"key":"REST"},{"data":"Lockon","floor":10,"key":"SMITH"},{"floor":15,"key":"REST"},{"floor":24,"key":"REST"},{"floor":28,"key":"REST"},{"floor":32,"key":"REST"},{"floor":40,"key":"REST"}],"circlet_count":0,"master_deck":["Strike_B","Defend_B","Defend_B","Defend_B","Zap","Dualcast","Go for the Eyes","Gash","Ball Lightning","Ball Lightning","Cold Snap","Lockon+1","Cold Snap","Thunder Strike","Cold Snap","Cold Snap","Reboot","Go for the Eyes+1","Gash","Double Energy+1","Double Energy+1","Scrape+1","Doubt","Ball Lightning+1","Writhe","Streamline+1","Apotheosis","Loop","Panacea","Creative AI","Rip and Tear+1","Hyperbeam+1","Meteor Strike+1","Streamline","Gash","Gash"],"relics":["Runic Pyramid","Lee\u0027s Waffle","Matryoshka","Turnip","Mummified Hand","Cursed Key","Toy Ornithopter","Art of War","Meat on the Bone","Girya","Astrolabe","Incense Burner","DollysMirror"],"acts_visited":["Exordium","TheCity","TheBeyond"],"potions_floor_usage":[12,14,23,23,33,36,38,38,41],"damage_taken":[{"damage":0,"enemies":"Cultist","floor":1,"turns":5},{"damage":1,"enemies":"2 Louse","floor":2,"turns":3},{"damage":2,"enemies":"Jaw Worm","floor":3,"turns":3},{"damage":11,"enemies":"Blue Slaver","floor":5,"turns":3},{"damage":9,"enemies":"Red Slaver","floor":7,"turns":3},{"damage":12,"enemies":"Gremlin Nob","floor":12,"turns":3},{"damage":5,"enemies":"Looter","floor":13,"turns":3},{"damage":12,"enemies":"3 Sentries","floor":14,"turns":6},{"damage":27,"enemies":"The Guardian","floor":16,"turns":11},{"damage":15,"enemies":"3 Byrds","floor":18,"turns":5},{"damage":7,"enemies":"Shell Parasite","floor":20,"turns":5},{"damage":25,"enemies":"Gremlin Leader","floor":23,"turns":9},{"damage":10,"enemies":"Chosen and Byrds","floor":25,"turns":5},{"damage":14,"enemies":"Sentry and Sphere","floor":27,"turns":6},{"damage":30,"enemies":"Snake Plant","floor":30,"turns":4},{"damage":14,"enemies":"Champ","floor":33,"turns":9},{"damage":11,"enemies":"3 Shapes","floor":35,"turns":2},{"damage":49,"enemies":"2 Orb Walkers","floor":36,"turns":3},{"damage":32,"enemies":"3 Darklings","floor":38,"turns":4},{"damage":105,"enemies":"Nemesis","floor":41,"turns":7}],"seed_played":"-96152119478487354","potions_obtained":[{"floor":1,"key":"PowerPotion"},{"floor":2,"key":"DuplicationPotion"},{"floor":5,"key":"LiquidMemories"},{"floor":12,"key":"Fruit Juice"},{"floor":23,"key":"Fruit Juice"},{"floor":25,"key":"SteroidPotion"},{"floor":35,"key":"Explosive Potion"},{"floor":36,"key":"AttackPotion"},{"floor":37,"key":"Fruit Juice"},{"floor":37,"key":"DistilledChaos"},{"floor":38,"key":"SteroidPotion"}],"is_trial":false,"path_per_floor":["M","M","M","?","M","R","M","$","T","R","$","E","M","?","R","B",null,"M","?","M","?","?","E","R","M","T","M","R","?","M","$","R","B",null,"M","?","?","M","$","R","E"],"character_chosen":"DEFECT","items_purchased":["Lee\u0027s Waffle","Lockon","Cold Snap","Apotheosis","Loop","Panacea","DollysMirror"],"campfire_rested":6,"item_purchase_floors":[8,8,8,31,31,31,39],"current_hp_per_floor":[68,67,65,54,43,65,56,82,82,82,82,75,70,58,84,57,80,65,65,58,41,41,26,55,45,45,43,72,72,54,54,83,74,91,80,48,48,43,43,73,0,0],"gold":7,"neow_bonus":"BOSS_RELIC","is_daily":false,"chose_seed":false,"campfire_upgraded":1,"win_rate":0.0,"timestamp":1607680375,"path_taken":["M","?","?","?","M","R","M","$","T","R","?","E","M","?","R","BOSS","M","?","?","?","?","E","R","M","T","M","R","?","?","?","R","BOSS","M","?","?","?","?","R","E"],"items_purchased_type":["Relic","Card","Card","Card","Card","Card","Relic"],"build_version":"2020-11-30","purchased_purges":1,"victory":false,"max_hp_per_floor":[75,75,75,75,75,75,75,82,82,82,82,87,87,87,87,87,87,87,87,87,92,92,97,97,97,97,97,97,97,97,97,97,97,97,97,97,97,102,102,102,102,102],"card_choices":[{"not_picked":["Aggregate","Tempest"],"picked":"Go for the Eyes","floor":1},{"not_picked":["Compile Driver","Ball Lightning"],"picked":"Gash","floor":2},{"not_picked":["Chaos","Steam"],"picked":"Ball Lightning","floor":3},{"not_picked":["Steam Power","Static Discharge"],"picked":"Ball Lightning","floor":5},{"not_picked":["Undo","Heatsinks"],"picked":"Cold Snap","floor":7},{"not_picked":["Hologram","Loop"],"picked":"Thunder Strike","floor":12},{"not_picked":["Sweeping Beam","Turbo"],"picked":"Cold Snap","floor":13},{"not_picked":["Steam","Go for the Eyes"],"picked":"Cold Snap","floor":14},{"not_picked":["Rainbow","Meteor Strike"],"picked":"Reboot","floor":16},{"not_picked":["Compile Driver","Hologram"],"picked":"Go for the Eyes+1","floor":18},{"not_picked":["Undo","Rebound"],"picked":"Double Energy+1","floor":20},{"not_picked":["Turbo","Tempest+1"],"picked":"Double Energy+1","floor":23},{"not_picked":["Consume","Hologram"],"picked":"Scrape+1","floor":25},{"not_picked":["Reprogram","Conserve Battery"],"picked":"Ball Lightning+1","floor":27},{"not_picked":["Redo","Stack"],"picked":"Streamline+1","floor":30},{"not_picked":["Amplify","Machine Learning"],"picked":"Creative AI","floor":33},{"not_picked":["Steam+1","Redo","Turbo+1"],"picked":"SKIP","floor":35},{"not_picked":["Leap","Sweeping Beam"],"picked":"Streamline","floor":36},{"not_picked":["Stack+1","Darkness"],"picked":"Gash","floor":38}],"player_experience":394739,"relics_obtained":[{"floor":9,"key":"Matryoshka"},{"floor":12,"key":"Turnip"},{"floor":14,"key":"Mummified Hand"},{"floor":23,"key":"Toy Ornithopter"},{"floor":26,"key":"Art of War"},{"floor":26,"key":"Meat on the Bone"},{"floor":36,"key":"Incense Burner"}],"event_choices":[{"damage_healed":0,"gold_gain":75,"player_choice":"Gather Gold","damage_taken":11,"max_hp_gain":0,"max_hp_loss":0,"event_name":"World of Goop","floor":4,"gold_loss":0},{"damage_healed":0,"gold_gain":0,"player_choice":"Searched \u00271\u0027 times","damage_taken":0,"max_hp_gain":0,"max_hp_loss":0,"event_name":"Dead Adventurer","floor":14,"gold_loss":0},{"damage_healed":0,"gold_gain":0,"player_choice":"Copied","damage_taken":0,"max_hp_gain":0,"max_hp_loss":0,"event_name":"Duplicator","floor":19,"gold_loss":0,"cards_obtained":["Gash"]},{"damage_healed":0,"gold_gain":0,"player_choice":"Shed Blood","damage_taken":22,"max_hp_gain":5,"max_hp_loss":0,"event_name":"Forgotten Altar","floor":21,"gold_loss":0},{"damage_healed":0,"gold_gain":99,"player_choice":"Stole From Cult","damage_taken":0,"max_hp_gain":0,"max_hp_loss":0,"event_name":"Nest","floor":22,"gold_loss":0},{"damage_healed":0,"gold_gain":0,"player_choice":"Opened","damage_taken":0,"relics_obtained":["Girya"],"max_hp_gain":0,"max_hp_loss":0,"event_name":"The Mausoleum","floor":29,"gold_loss":0,"cards_obtained":["Writhe"]},{"damage_healed":0,"gold_gain":0,"player_choice":"Fight","damage_taken":0,"max_hp_gain":0,"max_hp_loss":0,"event_name":"Mysterious Sphere","floor":36,"gold_loss":0},{"damage_healed":0,"gold_gain":0,"player_choice":"Bought 3 Potions","damage_taken":0,"max_hp_gain":0,"max_hp_loss":0,"event_name":"The Woman in Blue","floor":37,"gold_loss":0}],"is_beta":false,"boss_relics":[{"not_picked":["Empty Cage","Sozu"],"picked":"Cursed Key"},{"not_picked":["Nuclear Battery","Busted Crown"],"picked":"Astrolabe"}],"items_purged_floors":[31],"is_endless":false,"potions_floor_spawned":[1,2,5,12,23,25,35,36,38],"killed_by":"Nemesis","ascension_level":7}}