{"host":"foq4mrde4mssg7vt","time":1607709216,"event":{"mods":["AchievementEnabler","BaseMod","Colored Map","Colored Powertips","Highlight Path","Minty Spire (QoL Compilation)","Relic Stats","everything is the same but u backflip on backflip"],"gold_per_floor":[117,117,131,131,152,152,185,185,185,200,218,218,241,274,274,405,405,418,418,418,434,414,414,434,473,473,473,489,520,545,561,561,689,752,770,793,807,826,850,850,894,894,894,894,894],"floor_reached":44,"playtime":3064,"items_purged":[],"score":751,"play_id":"ab6fa064-e6a7-4721-8de2-3f5d97139819","local_time":"20201212015336","is_ascension_mode":true,"campfire_choices":[{"data":"Bash","floor":6.0,"key":"SMITH"},{"data":"Rampage","floor":8.0,"key":"SMITH"},{"data":"Feed","floor":12.0,"key":"SMITH"},{"data":"Rage","floor":15.0,"key":"SMITH"},{"data":"True Grit","floor":23.0,"key":"SMITH"},{"floor":32.0,"key":"REST"},{"floor":40,"key":"REST"},{"floor":42,"key":"REST"}],"circlet_count":0,"master_deck":["Strike_R","Strike_R","Strike_R","Strike_R","Defend_R+1","Defend_R","Defend_R","Defend_R","Bash+1","Rampage+1","Thunderclap","Headbutt","Battle Trance","Feed+1","Feel No Pain","Rage+1","Reaper","Offering","True Grit+1","Limit Break","Clothesline","Dual Wield","Dropkick+1","Fiend Fire","Shrug It Off+1","Burning Pact","Parasite","Dark Embrace"],"relics":["Burning Blood","Gambling Chip","Lantern","Golden Idol","Strawberry","Mercury Hourglass","Velvet Choker","CaptainsWheel","Bag of Preparation","StrikeDummy","Tiny House","Bronze Scales","Incense Burner"],"acts_visited":["Exordium","TheCity","TheBeyond"],"potions_floor_usage":[44],"damage_taken":[{"damage":0.0,"enemies":"Small Slimes","floor":1.0,"turns":3.0},{"damage":3.0,"enemies":"2 Louse","floor":3.0,"turns":4.0},{"damage":0.0,"enemies":"Cultist","floor":5.0,"turns":2.0},{"damage":30.0,"enemies":"Lagavulin","floor":7.0,"turns":5.0},{"damage":0.0,"enemies":"2 Fungi Beasts","floor":10.0,"turns":2.0},{"damage":6.0,"enemies":"Gremlin Gang","floor":11.0,"turns":5.0},{"damage":13.0,"enemies":"3 Louse","floor":13.0,"turns":3.0},{"damage":13.0,"enemies":"3 Sentries","floor":14.0,"turns":7.0},{"damage":21.0,"enemies":"The Guardian","floor":16.0,"turns":10.0},{"damage":16.0,"enemies":"2 Thieves","floor":18.0,"turns":4.0},{"damage":19.0,"enemies":"Spheric Guardian","floor":21.0,"turns":5.0},{"damage":25.0,"enemies":"Centurion and Healer","floor":24.0,"turns":7.0},{"damage":6.0,"enemies":"Gremlin Leader","floor":25.0,"turns":4.0},{"damage":6.0,"enemies":"3 Cultists","floor":28.0,"turns":4.0},{"damage":82.0,"enemies":"Slavers","floor":29.0,"turns":8.0},{"damage":6.0,"enemies":"Cultist and Chosen","floor":30.0,"turns":4.0},{"damage":14.0,"enemies":"Centurion and Healer","floor":31.0,"turns":5.0},{"damage":97.0,"enemies":"Champ","floor":33.0,"turns":9.0},{"damage":17.0,"enemies":"3 Shapes","floor":35.0,"turns":7.0},{"damage":26.0,"enemies":"3 Darklings","floor":36.0,"turns":11.0},{"damage":55.0,"enemies":"Writhing Mass","floor":37.0,"turns":10.0},{"damage":39,"enemies":"Maw","floor":38,"turns":8},{"damage":16,"enemies":"Transient","floor":39,"turns":5},{"damage":54,"enemies":"Nemesis","floor":41,"turns":7},{"damage":134,"enemies":"Reptomancer","floor":44,"turns":9}],"seed_played":"-3110314980227877151","potions_obtained":[{"floor":1.0,"key":"EssenceOfSteel"},{"floor":5.0,"key":"AttackPotion"},{"floor":7.0,"key":"ElixirPotion"},{"floor":11.0,"key":"Weak Potion"},{"floor":13.0,"key":"Strength Potion"},{"floor":16.0,"key":"FearPotion"},{"floor":21.0,"key":"BlessingOfTheForge"},{"floor":25.0,"key":"Explosive Potion"},{"floor":29.0,"key":"Swift Potion"},{"floor":30.0,"key":"ColorlessPotion"},{"floor":33.0,"key":"PowerPotion"},{"floor":34.0,"key":"CultistPotion"},{"floor":36.0,"key":"LiquidMemories"},{"floor":41,"key":"BloodPotion"}],"is_trial":false,"path_per_floor":["M","?","M","?","M","R","E","R","T","M","M","R","M","E","R","B",null,"M","?","?","M","?","R","M","E","T","?","M","E","M","M","R","B",null,"M","M","M","M","M","R","E","R","T","E"],"character_chosen":"IRONCLAD","items_purchased":[],"campfire_rested":3,"item_purchase_floors":[],"current_hp_per_floor":[72,69,72,67,67,67,50,50,50,56,59,59,56,53,53,44,75,80,80,80,71,71,71,68,72,72,72,100,40,48,60,96,15,103,124,116,75,49,45,90,46,91,91,0,0],"gold":894,"neow_bonus":"ONE_RARE_RELIC","is_daily":false,"chose_seed":false,"campfire_upgraded":5,"win_rate":0.0,"timestamp":1607709216,"path_taken":["M","?","M","?","M","R","E","R","T","M","M","R","M","E","R","BOSS","BOSS","M","?","?","?","?","R","?","E","T","?","?","E","M","M","R","BOSS","M","?","M","M","M","R","E","R","T","E"],"items_purchased_type":[],"build_version":"2020-11-30","purchased_purges":0,"victory":false,"max_hp_per_floor":[72,72,72,67,67,67,74,74,74,74,77,77,81,85,85,85,85,89,89,89,93,93,93,97,101,101,101,105,109,113,121,121,125,130,138,142,146,150,150,150,150,150,150,150,150],"relic_stats":{"counters":[25,148],"Golden Idol":186,"Gambling Chip":[88],"Bronze Scales":[36],"Bag of Preparation":[24],"obtain_stats":[{"Lantern":2,"Tiny House":34,"Golden Idol":4,"Velvet Choker":17,"Bag of Preparation":26,"Incense Burner":43,"Burning Blood":0,"Mercury Hourglass":14,"CaptainsWheel":25,"Gambling Chip":0,"Strawberry":7,"Bronze Scales":41,"StrikeDummy":29},{"Lantern":1,"Tiny House":18,"Golden Idol":2,"Velvet Choker":9,"Bag of Preparation":13,"Incense Burner":24,"Burning Blood":0,"Mercury Hourglass":8,"CaptainsWheel":13,"Gambling Chip":0,"Strawberry":4,"Bronze Scales":24,"StrikeDummy":15},{"Lantern":3,"Tiny House":91,"Golden Idol":7,"Velvet Choker":41,"Bag of Preparation":61,"Incense Burner":139,"Burning Blood":0,"Mercury Hourglass":31,"CaptainsWheel":61,"Gambling Chip":0,"Strawberry":14,"Bronze Scales":139,"StrikeDummy":73}],"Burning Blood":132,"Mercury Hourglass":[459]},"card_choices":[{"not_picked":["Second Wind","Wild Strike"],"picked":"Rampage","floor":1.0},{"not_picked":["Warcry","Flex"],"picked":"Thunderclap","floor":3.0},{"not_picked":["Thunderclap","Iron Wave"],"picked":"Headbutt","floor":5.0},{"not_picked":["Thunderclap","Dark Embrace"],"picked":"Battle Trance","floor":7.0},{"not_picked":["Flame Barrier","Warcry"],"picked":"Feed","floor":10.0},{"not_picked":["Headbutt","Flex"],"picked":"Feel No Pain","floor":11.0},{"not_picked":["Iron Wave","Sentinel"],"picked":"Rage","floor":13.0},{"not_picked":["Thunderclap","Anger"],"picked":"Reaper","floor":14.0},{"not_picked":["Double Tap","Barricade"],"picked":"Offering","floor":16.0},{"not_picked":["Flex","Anger"],"picked":"True Grit","floor":18.0},{"not_picked":["Headbutt","Sentinel"],"picked":"Clothesline","floor":21.0},{"not_picked":["Thunderclap","Rampage"],"picked":"Dual Wield","floor":24.0},{"not_picked":["Hemokinesis+1","Twin Strike","Flex"],"picked":"SKIP","floor":25.0},{"not_picked":["Bloodletting","Rage+1"],"picked":"Dropkick+1","floor":28.0},{"not_picked":["Headbutt","Infernal Blade+1"],"picked":"Fiend Fire","floor":29.0},{"not_picked":["Armaments","Seeing Red","Flex"],"picked":"SKIP","floor":30.0},{"not_picked":["Hemokinesis+1","Clash","Headbutt"],"picked":"SKIP","floor":31.0},{"not_picked":["Armaments","Heavy Blade+1"],"picked":"Shrug It Off+1","floor":34.0},{"not_picked":["Perfected Strike+1","Wild Strike+1","Infernal Blade+1"],"picked":"SKIP","floor":35.0},{"not_picked":["Wild Strike+1","Uppercut"],"picked":"Burning Pact","floor":36.0},{"not_picked":["Wild Strike","Headbutt+1","Battle Trance+1"],"picked":"SKIP","floor":37.0},{"not_picked":["Thunderclap","Pummel","Seeing Red+1"],"picked":"SKIP","floor":38},{"not_picked":["True Grit","Heavy Blade","Thunderclap"],"picked":"SKIP","floor":39},{"not_picked":["Pommel Strike","Infernal Blade"],"picked":"Dark Embrace","floor":41}],"player_experience":143668,"relics_obtained":[{"floor":7.0,"key":"Strawberry"},{"floor":14.0,"key":"Mercury Hourglass"},{"floor":25.0,"key":"CaptainsWheel"},{"floor":26.0,"key":"Bag of Preparation"},{"floor":29.0,"key":"StrikeDummy"},{"floor":41,"key":"Bronze Scales"},{"floor":43,"key":"Incense Burner"}],"event_choices":[{"damage_healed":0.0,"max_hp_gain":0.0,"max_hp_loss":0.0,"gold_gain":0.0,"event_name":"Scrap Ooze","player_choice":"Success","floor":2.0,"gold_loss":0.0,"damage_taken":3.0,"relics_obtained":["Lantern"]},{"damage_healed":0.0,"max_hp_gain":0.0,"max_hp_loss":5.0,"gold_gain":0.0,"event_name":"Golden Idol","player_choice":"Lose Max HP","floor":4.0,"gold_loss":0.0,"damage_taken":0.0,"relics_obtained":["Golden Idol"]},{"damage_healed":0.0,"max_hp_gain":0.0,"max_hp_loss":0.0,"gold_gain":0.0,"event_name":"Ghosts","player_choice":"Ignored","floor":19.0,"gold_loss":0.0,"damage_taken":0.0},{"damage_healed":0.0,"max_hp_gain":0.0,"max_hp_loss":0.0,"gold_gain":0.0,"event_name":"Match and Keep!","player_choice":"1 cards matched","floor":20.0,"gold_loss":0.0,"damage_taken":0.0,"cards_obtained":["Limit Break"]},{"damage_healed":0.0,"max_hp_gain":0.0,"max_hp_loss":0.0,"gold_gain":0.0,"event_name":"The Woman in Blue","player_choice":"Bought 1 Potion","floor":22.0,"gold_loss":0.0,"damage_taken":0.0},{"cards_removed":["Strike_R"],"damage_healed":0.0,"max_hp_gain":0.0,"max_hp_loss":0.0,"gold_gain":0.0,"event_name":"Purifier","player_choice":"Purged","floor":27.0,"gold_loss":0.0,"damage_taken":0.0}],"is_beta":false,"boss_relics":[{"not_picked":["Calling Bell","Runic Dome"],"picked":"Velvet Choker"},{"not_picked":["Busted Crown","Mark of Pain"],"picked":"Tiny House"}],"items_purged_floors":[],"is_endless":false,"potions_floor_spawned":[1,5,7,11,13,16,21,25,29,30,33,36,38,39,41],"killed_by":"Reptomancer","ascension_level":7}}