{"host":"x6tlfgqpy55vgxdn","time":1607700013,"event":{"mods":["AchievementEnabler","BaseMod","DeckTracker","Minty Spire (QoL Compilation)","Permanent Neow","StSLib","SuperFastMode"],"gold_per_floor":[217,217,217,231,247,247,285,285,285,210,241,241,241,166,166,262,262,275,293,313,313,341,369,30,42,68,68,68,13,32,51,51,123,123,140,362,362,387,387,418,418,430,442,454,37,37,37,62,62,62],"floor_reached":51,"playtime":1601,"items_purged":["Strike_R","Strike_R"],"score":1349,"play_id":"9778ebe0-b85a-447e-89de-6107be98a312","local_time":"20201212002013","is_ascension_mode":true,"campfire_choices":[{"data":"Inflame","floor":6.0,"key":"SMITH"},{"data":"Sword Boomerang","floor":12.0,"key":"SMITH"},{"data":"Disarm","floor":15.0,"key":"SMITH"},{"data":"Pommel Strike","floor":27.0,"key":"SMITH"},{"data":"Bash","floor":32.0,"key":"SMITH"},{"floor":41.0,"key":"DIG"},{"floor":44,"key":"DIG"},{"floor":49,"key":"DIG"}],"circlet_count":0,"master_deck":["AscendersBane","Strike_R","Defend_R","Defend_R","Bash+1","Inflame+1","Sword Boomerang+1","Flame Barrier","Disarm+1","Pommel Strike+1","Havoc+1","Limit Break","Shockwave+1","Flash of Steel","Madness","Madness","Chrysalis","Flash of Steel","Reaper"],"relics":["Burning Blood","Singing Bowl","Bloody Idol","Bottled Tornado","Vajra","Potion Belt","Runic Pyramid","Red Mask","Lantern","Kunai","Juzu Bracelet","Pen Nib","Fusion Hammer","Shovel","Thread and Needle","MawBank","Self Forming Clay","Bottled Lightning","Membership Card","Boot","Art of War"],"acts_visited":["Exordium","TheCity","TheBeyond"],"potions_floor_usage":[50,50,50,50],"damage_taken":[{"damage":18.0,"enemies":"Small Slimes","floor":1.0,"turns":5.0},{"damage":0.0,"enemies":"2 Louse","floor":4.0,"turns":3.0},{"damage":2.0,"enemies":"Jaw Worm","floor":5.0,"turns":4.0},{"damage":21.0,"enemies":"Gremlin Nob","floor":7.0,"turns":4.0},{"damage":18.0,"enemies":"Lagavulin","floor":11.0,"turns":6.0},{"damage":10.0,"enemies":"Hexaghost","floor":16.0,"turns":9.0},{"damage":12.0,"enemies":"3 Byrds","floor":18.0,"turns":3.0},{"damage":30.0,"enemies":"2 Thieves","floor":19.0,"turns":5.0},{"damage":9.0,"enemies":"Snake Plant","floor":20.0,"turns":4.0},{"damage":45.0,"enemies":"Masked Bandits","floor":22.0,"turns":4.0},{"damage":9.0,"enemies":"Gremlin Leader","floor":23.0,"turns":6.0},{"damage":12.0,"enemies":"Chosen and Byrds","floor":25.0,"turns":5.0},{"damage":8.0,"enemies":"Centurion and Healer","floor":30.0,"turns":6.0},{"damage":0.0,"enemies":"Snecko","floor":31.0,"turns":3.0},{"damage":35.0,"enemies":"Champ","floor":33.0,"turns":6.0},{"damage":12.0,"enemies":"3 Shapes","floor":35.0,"turns":18.0},{"damage":0.0,"enemies":"Mind Bloom Boss Battle","floor":38.0,"turns":4.0},{"damage":45.0,"enemies":"Reptomancer","floor":40.0,"turns":5.0},{"damage":3,"enemies":"Giant Head","floor":48,"turns":4},{"damage":5,"enemies":"Awakened One","floor":50,"turns":6}],"seed_played":"5891795219810830441","potions_obtained":[{"floor":1.0,"key":"SteroidPotion"},{"floor":4.0,"key":"BloodPotion"},{"floor":16.0,"key":"DistilledChaos"},{"floor":18.0,"key":"BlessingOfTheForge"},{"floor":19.0,"key":"CultistPotion"},{"floor":40.0,"key":"Dexterity Potion"}],"is_trial":false,"path_per_floor":["M","?","?","M","M","R","E","?","T","?","E","R","?","$","R","B",null,"M","M","M","?","?","E","$","M","T","R","T","$","M","M","R","B",null,"M","?","?","?","?","E","R","?","T","R","$","?","?","E","R","B",null],"character_chosen":"IRONCLAD","items_purchased":["Kunai","PowerPotion","PowerPotion","Membership Card","CultistPotion","PowerPotion","PowerPotion","Chrysalis"],"campfire_rested":0,"item_purchase_floors":[24,24,29,45,45,45,45,45],"current_hp_per_floor":[56,38,38,44,50,50,35,28,28,28,16,16,16,16,16,14,58,54,32,31,31,14,18,18,19,24,24,24,24,29,40,40,16,69,68,73,67,80,63,31,31,36,41,46,51,51,51,59,59,94],"gold":62,"neow_bonus":"HUNDRED_GOLD","is_daily":false,"chose_seed":false,"campfire_upgraded":5,"win_rate":0.0,"timestamp":1607700013,"path_taken":["M","?","?","M","M","R","E","?","T","?","E","R","?","?","R","BOSS","M","M","M","?","?","E","$","?","T","R","?","?","M","M","R","BOSS","M","?","?","?","?","E","R","?","T","R","$","?","?","E","R","BOSS"],"items_purchased_type":["Relic","Potion","Potion","Relic","Potion","Potion","Potion","Card"],"build_version":"2020-11-30","purchased_purges":2,"victory":true,"max_hp_per_floor":[75,75,68,68,70,70,70,70,70,70,70,70,70,70,70,72,72,74,76,78,78,80,82,82,84,84,84,84,84,86,86,86,86,86,86,86,90,92,92,94,94,94,94,94,94,94,94,94,94,94],"card_choices":[{"not_picked":["Sword Boomerang","Havoc"],"picked":"Inflame","floor":1.0},{"not_picked":["Cleave","Sentinel"],"picked":"Sword Boomerang","floor":4.0},{"not_picked":["Blood for Blood","Burning Pact","Clothesline"],"picked":"Singing Bowl","floor":5.0},{"not_picked":["Flex","Havoc"],"picked":"Flame Barrier","floor":7.0},{"not_picked":["Reckless Charge","Feel No Pain"],"picked":"Disarm","floor":11.0},{"not_picked":["Impervious","Bludgeon","Fiend Fire"],"picked":"Singing Bowl","floor":16.0},{"not_picked":["Armaments","Twin Strike+1","Clothesline"],"picked":"Singing Bowl","floor":18.0},{"not_picked":["Cleave+1","Headbutt+1","Iron Wave"],"picked":"Singing Bowl","floor":19.0},{"not_picked":["Clothesline","Bludgeon","Infernal Blade"],"picked":"Singing Bowl","floor":20.0},{"not_picked":["Disarm","Hemokinesis","Shrug It Off"],"picked":"Singing Bowl","floor":22.0},{"not_picked":["Shrug It Off","Anger","Infernal Blade"],"picked":"Singing Bowl","floor":23.0},{"not_picked":["Clothesline","Blood for Blood+1","Perfected Strike"],"picked":"Singing Bowl","floor":25.0},{"not_picked":["Sword Boomerang","Whirlwind+1","Uppercut"],"picked":"Singing Bowl","floor":30.0},{"not_picked":["Searing Blow","Thunderclap"],"picked":"Havoc+1","floor":31.0},{"not_picked":["Reaper","Immolate"],"picked":"Limit Break","floor":33.0},{"not_picked":["Reckless Charge","Inflame"],"picked":"Shockwave+1","floor":35.0},{"not_picked":["Discovery","Madness"],"picked":"Flash of Steel","floor":37.0},{"not_picked":["Blind","Sadistic Nature","Jack Of All Trades"],"picked":"Singing Bowl","floor":37.0},{"not_picked":["HandOfGreed","Mayhem","Secret Weapon"],"picked":"Singing Bowl","floor":37.0},{"not_picked":["Clothesline","Anger","Wild Strike"],"picked":"Singing Bowl","floor":38.0},{"not_picked":["Ghostly Armor","Wild Strike","Spot Weakness+1"],"picked":"Singing Bowl","floor":40.0},{"not_picked":["Intimidate+1","Disarm"],"picked":"Reaper","floor":48}],"player_experience":117332,"relics_obtained":[{"floor":7.0,"key":"Bottled Tornado"},{"floor":9.0,"key":"Vajra"},{"floor":11.0,"key":"Potion Belt"},{"floor":22.0,"key":"Red Mask"},{"floor":23.0,"key":"Lantern"},{"floor":26.0,"key":"Juzu Bracelet"},{"floor":28.0,"key":"Pen Nib"},{"floor":38.0,"key":"Shovel"},{"floor":40.0,"key":"Thread and Needle"},{"floor":41.0,"key":"MawBank"},{"floor":43,"key":"Self Forming Clay"},{"floor":44,"key":"Bottled Lightning"},{"floor":48,"key":"Boot"},{"floor":49,"key":"Art of War"}],"event_choices":[{"damage_healed":0.0,"max_hp_gain":0.0,"max_hp_loss":0.0,"gold_gain":0.0,"event_name":"Scrap Ooze","player_choice":"Success","floor":2.0,"gold_loss":0.0,"damage_taken":18.0,"relics_obtained":["Singing Bowl"]},{"damage_healed":0.0,"max_hp_gain":0.0,"max_hp_loss":7.0,"gold_gain":0.0,"event_name":"Golden Idol","player_choice":"Lose Max HP","floor":3.0,"gold_loss":0.0,"damage_taken":0.0,"relics_obtained":["Golden Idol"]},{"cards_removed":["Strike_R"],"damage_healed":0.0,"max_hp_gain":0.0,"max_hp_loss":0.0,"gold_gain":0.0,"event_name":"Golden Wing","player_choice":"Card Removal","floor":8.0,"gold_loss":0.0,"damage_taken":7.0},{"cards_removed":["Defend_R"],"damage_healed":0.0,"max_hp_gain":0.0,"max_hp_loss":0.0,"gold_gain":0.0,"event_name":"The Cleric","player_choice":"Card Removal","floor":10.0,"gold_loss":75.0,"damage_taken":0.0},{"damage_healed":0.0,"max_hp_gain":0.0,"max_hp_loss":0.0,"gold_gain":0.0,"cards_transformed":["Strike_R"],"event_name":"Living Wall","player_choice":"Change","floor":13.0,"gold_loss":0.0,"damage_taken":0.0,"cards_obtained":["Pommel Strike"]},{"damage_healed":0.0,"max_hp_gain":0.0,"max_hp_loss":0.0,"gold_gain":0.0,"event_name":"Forgotten Altar","player_choice":"Gave Idol","floor":21.0,"relics_lost":["Golden Idol"],"gold_loss":0.0,"damage_taken":0.0,"relics_obtained":["Bloody Idol"]},{"damage_healed":0.0,"max_hp_gain":0.0,"max_hp_loss":0.0,"gold_gain":0.0,"event_name":"Masked Bandits","player_choice":"Fought Bandits","floor":22.0,"gold_loss":0.0,"damage_taken":0.0},{"damage_healed":0.0,"max_hp_gain":0.0,"max_hp_loss":0.0,"gold_gain":222.0,"event_name":"Tomb of Lord Red Mask","player_choice":"Wore Mask","floor":36.0,"gold_loss":0.0,"damage_taken":0.0},{"damage_healed":0.0,"max_hp_gain":0.0,"max_hp_loss":0.0,"gold_gain":0.0,"event_name":"SensoryStone","player_choice":"Memory 3","floor":37.0,"gold_loss":0.0,"damage_taken":10.0},{"damage_healed":0.0,"max_hp_gain":0.0,"max_hp_loss":0.0,"gold_gain":0.0,"event_name":"MindBloom","player_choice":"Fight","floor":38.0,"gold_loss":0.0,"damage_taken":0.0},{"damage_healed":0.0,"max_hp_gain":0.0,"max_hp_loss":0.0,"gold_gain":0.0,"event_name":"Winding Halls","player_choice":"Embrace Madness","floor":39.0,"gold_loss":0.0,"damage_taken":17.0,"cards_obtained":["Madness","Madness"]},{"damage_healed":0,"gold_gain":0,"player_choice":"Ignored","damage_taken":0,"max_hp_gain":0,"max_hp_loss":0,"event_name":"Mysterious Sphere","floor":42,"gold_loss":0},{"cards_removed":["Defend_R"],"damage_healed":0,"gold_gain":0,"player_choice":"Removed Skill","damage_taken":0,"max_hp_gain":0,"max_hp_loss":0,"event_name":"Falling","floor":46,"gold_loss":0},{"damage_healed":0,"gold_gain":0,"player_choice":"Copied","damage_taken":0,"max_hp_gain":0,"max_hp_loss":0,"event_name":"Duplicator","floor":47,"gold_loss":0,"cards_obtained":["Flash of Steel"]}],"is_beta":false,"boss_relics":[{"not_picked":["Empty Cage","Black Blood"],"picked":"Runic Pyramid"},{"not_picked":["Astrolabe","Snecko Eye"],"picked":"Fusion Hammer"}],"items_purged_floors":[14,45],"is_endless":false,"potions_floor_spawned":[1,4,16,18,19,40],"ascension_level":17}}