{"host":"5gc11emcm5chfr5t","time":1607666843,"event":{"mods":["2.2 Compatiblity","AchievementEnabler","BaseMod","Bestiary","Better Note","Colored Map","Colored Powertips","Googly Eyes","Minty Spire (QoL Compilation)","Rare Cards Sparkle","StSLib"],"gold_per_floor":[116,116,116,132,151,151,178,353,353,364,364,396,8,27,27,27,27],"floor_reached":16,"playtime":617,"items_purged":["Doubt"],"score":127,"play_id":"47e8c26d-02c5-4655-a658-ff4d09e794a8","local_time":"20201211010723","is_ascension_mode":true,"campfire_choices":[{"data":"Barricade","floor":6,"key":"SMITH"},{"floor":11,"key":"REST"},{"floor":15,"key":"REST"}],"circlet_count":0,"master_deck":["Strike_R","Strike_R","Strike_R","Strike_R","Strike_R","Defend_R","Defend_R","Defend_R","Defend_R","Bash","Barricade+1","Thunderclap","Perfected Strike","Clash","Iron Wave","Feed","Panacea","Ghostly Armor","Entrench"],"relics":["Burning Blood","TungstenRod","Letter Opener","WingedGreaves","Boot"],"acts_visited":["Exordium"],"potions_floor_usage":[7,10,14],"damage_taken":[{"damage":0,"enemies":"2 Louse","floor":1,"turns":3},{"damage":10,"enemies":"Cultist","floor":4,"turns":4},{"damage":7,"enemies":"Small Slimes","floor":5,"turns":4},{"damage":24,"enemies":"Gremlin Nob","floor":7,"turns":4},{"damage":0,"enemies":"Exordium Wildlife","floor":10,"turns":2},{"damage":78,"enemies":"3 Sentries","floor":12,"turns":18},{"damage":0,"enemies":"Looter","floor":14,"turns":3},{"damage":38,"enemies":"Hexaghost","floor":16,"turns":21}],"seed_played":"2721381063004108328","potions_obtained":[{"floor":5,"key":"PowerPotion"},{"floor":7,"key":"Explosive Potion"},{"floor":12,"key":"Block Potion"}],"is_trial":false,"path_per_floor":["M","?","$","M","M","R","E","?","T","M","R","E","$","M","R","B"],"character_chosen":"IRONCLAD","items_purchased":["Boot","Panacea","Ghostly Armor"],"campfire_rested":2,"item_purchase_floors":[13,13,13],"current_hp_per_floor":[80,80,80,76,75,75,57,57,57,63,80,8,8,14,38,0,0],"gold":27,"neow_bonus":"ONE_RANDOM_RARE_CARD","is_daily":false,"chose_seed":false,"campfire_upgraded":1,"win_rate":0.0,"timestamp":1607666843,"path_taken":["M","?","?","M","M","R","E","?","T","M","R","E","$","?","R","BOSS"],"items_purchased_type":["Relic","Card","Card"],"build_version":"2020-11-30","purchased_purges":1,"victory":false,"max_hp_per_floor":[80,80,80,80,80,80,80,80,80,80,80,80,80,80,80,80,80],"card_choices":[{"not_picked":["Warcry","Evolve","Feel No Pain"],"picked":"SKIP","floor":1},{"not_picked":["Warcry","Clothesline"],"picked":"Thunderclap","floor":4},{"not_picked":["Flex","Heavy Blade"],"picked":"Perfected Strike","floor":5},{"not_picked":["Reckless Charge","Havoc"],"picked":"Clash","floor":7},{"not_picked":["Fire Breathing","Shrug It Off"],"picked":"Iron Wave","floor":10},{"not_picked":["Anger","Perfected Strike"],"picked":"Feed","floor":12},{"not_picked":["Whirlwind","Uppercut"],"picked":"Entrench","floor":14}],"player_experience":313071,"relics_obtained":[{"floor":7,"key":"TungstenRod"},{"floor":9,"key":"Letter Opener"},{"floor":12,"key":"WingedGreaves"}],"event_choices":[{"damage_healed":0,"gold_gain":0,"player_choice":"Full Heal","damage_taken":0,"max_hp_gain":0,"max_hp_loss":0,"event_name":"Wheel of Change","floor":2,"gold_loss":0},{"damage_healed":0,"gold_gain":175,"player_choice":"AGREE","damage_taken":0,"max_hp_gain":0,"max_hp_loss":0,"event_name":"Liars Game","floor":8,"gold_loss":0,"cards_obtained":["Doubt"]}],"is_beta":false,"boss_relics":[],"items_purged_floors":[13],"is_endless":false,"potions_floor_spawned":[5,7,12],"killed_by":"Hexaghost","ascension_level":3}}