{"host":"9544bpadt41uu5ar","time":1607678549,"event":{"mods":["Act Like it!","BaseMod","Dota2Spire","Gensokyo","Hallownest","Highlight Path","KomeijiMod","Luminous","Marisa（F雨　魔理沙）","Minty Spire (QoL Compilation)","Remilia（蕾米莉亚）","Replay The Spire","StSLib","The Bug Knight","The Cursed","The Servant 0.9.4","Youmu（魂魄妖梦）","【东方二次创作】八云紫mod","【遗物卡牌】REMEMod"],"gold_per_floor":[133,145,145,156,192,205,205,218,243,243,180,196,196,476,476],"floor_reached":14,"playtime":651,"items_purged":["ReplayTheSpireMod:Restless Dread"],"score":107,"play_id":"0f14ff86-0daa-4e74-b91c-152f8d41ad33","local_time":"20201211172229","is_ascension_mode":false,"campfire_choices":[{"data":"Gensokyo:CrescentMoonSlash","floor":13,"key":"SMITH"}],"circlet_count":0,"master_deck":["AT_purpleEX","AT_purpleEX","AT_purpleEX","Defend_purpleEX","Defend_purpleEX","Defend_purpleEX","Defend_purpleEX","Observe_purple_1","Observe_purple_2","Shallow_ocean_purpleEX","Line_surface_state_purple","Line_surface_state_purple","DimensionStaggered_purple","Gensokyo:CrescentMoonSlash+1","PositiveMatter_Antimatter_Universe_purple","DarkRealmRedLine_purple","CommonSense_AntiCommonSense_purple","CommonSense_AntiCommonSense_purple","PurpleNeedle_purple"],"relics":["Boundary_crack","Memoryfragments_purpleEX","REME_ComplimentaryCards","NeowsBlessing","Gensokyo:OccultBall","Dota2Spire:BladeMail","ReplayTheSpireMod:CursedCoin"],"acts_visited":["Gensokyo:Gensokyo"],"potions_floor_usage":[],"damage_taken":[{"damage":0,"enemies":"Gensokyo:Gryphon","floor":1,"turns":1},{"damage":0,"enemies":"Gensokyo:2_Kodama","floor":2,"turns":1},{"damage":0,"enemies":"Gensokyo:Python","floor":4,"turns":1},{"damage":20,"enemies":"Gensokyo:5_Fairies","floor":6,"turns":10},{"damage":11,"enemies":"Gensokyo:3_Kodama","floor":8,"turns":5},{"damage":22,"enemies":"Gensokyo:LivingMonolith","floor":12,"turns":4},{"damage":33,"enemies":"Gensokyo:Cirno","floor":14,"turns":3}],"seed_played":"3709654324439911942","potions_obtained":[{"floor":5,"key":"ColorlessPotion"},{"floor":5,"key":"PowerPotion"},{"floor":5,"key":"Strength Potion"}],"is_trial":false,"path_per_floor":["M","M","?","M","?","M","?","M","T","?","$","M","R","E"],"character_chosen":"Youkari","items_purchased":["ReplayTheSpireMod:CursedCoin","DarkRealmRedLine_purple","CommonSense_AntiCommonSense_purple"],"campfire_rested":0,"item_purchase_floors":[11,11,11],"current_hp_per_floor":[70,70,70,70,70,55,48,40,40,40,40,29,29,0,0],"gold":476,"neow_bonus":"THREE_ENEMY_KILL","is_daily":false,"chose_seed":false,"campfire_upgraded":1,"win_rate":0.0,"timestamp":1607678549,"path_taken":["M","M","?","?","?","M","?","M","T","?","?","?","R","E"],"items_purchased_type":["Relic","Card","Card"],"build_version":"2020-11-30","purchased_purges":1,"victory":false,"max_hp_per_floor":[70,70,70,70,70,70,70,70,70,70,70,70,70,70,70],"card_choices":[{"not_picked":["WatchEChange_purple","PositiveMatter_Antimatter_Universe_purple"],"picked":"Shallow_ocean_purpleEX","floor":1},{"not_picked":["OpenedBox_purple","Mirror_WaveAndshot_purple"],"picked":"Line_surface_state_purple","floor":2},{"not_picked":["StateDuplicate_purple","Realm_recovery_purpleEX"],"picked":"Line_surface_state_purple","floor":4},{"not_picked":["ButterflyHabitatTemple_purple","MeetDecomposer_purple"],"picked":"DimensionStaggered_purple","floor":5},{"not_picked":["Know_ledgeAbilityRealm_purple","Line_surface_state_purple","WeekHit_purple"],"picked":"SKIP","floor":6},{"not_picked":["RuleDissolution_purple","MeetDecomposer_purple"],"picked":"PositiveMatter_Antimatter_Universe_purple","floor":8},{"not_picked":["Anti_communist_purple","Realm_recovery_purpleEX"],"picked":"PurpleNeedle_purple","floor":12}],"player_experience":53019,"relics_obtained":[{"floor":4,"key":"Gensokyo:OccultBall"},{"floor":9,"key":"Dota2Spire:BladeMail"},{"floor":12,"key":"Gensokyo:OccultBall"}],"event_choices":[],"is_beta":false,"boss_relics":[],"items_purged_floors":[11],"is_endless":false,"potions_floor_spawned":[6,8],"killed_by":"Gensokyo:Cirno","ascension_level":0}}