{"host":"o5or1zybx7au40zl","time":1607693178,"event":{"mods":["2.2 Compatiblity","Act Like it!","BaseMod","Better Third Choice","Conspire","Dota2Spire","GifTheSpireLib","Hubris","Infinite Spire","Minty Spire (QoL Compilation)","Replay The Spire","StSLib","The Bug Knight"],"gold_per_floor":[111,32,32,51,68,93,93,112,138,155,155,155],"floor_reached":11,"playtime":350,"items_purged":[],"score":75,"play_id":"b79ddc92-57e8-46d8-87a0-f2052ccc2849","local_time":"20201211142618","is_ascension_mode":false,"campfire_choices":[{"floor":7,"key":"RECALL"}],"circlet_count":0,"master_deck":["HollowMod:NailStrikeStart","HollowMod:NailStrikeStart","HollowMod:NailStrikeStart","HollowMod:NailStrikeStart","HollowMod:QuickDashStart","HollowMod:QuickDashStart","HollowMod:QuickDashStart","HollowMod:QuickDashStart","HollowMod:FocusHealStart","HollowMod:PogoStrike","Panache","HollowMod:PerfectDash","HollowMod:FastStrike","ReplayTheSpireMod:Black Plague","HollowMod:HeavyBlow","HollowMod:HeavyBlow","HollowMod:PerfectDash","HollowMod:DungDefenderAura","HollowMod:VoidDash"],"relics":["HollowMod:VesselMask","ReplayTheSpireMod:TigerMarble"],"acts_visited":["Exordium"],"potions_floor_usage":[8,8,11],"damage_taken":[{"damage":2,"enemies":"2 Louse","floor":1,"turns":3},{"damage":4,"enemies":"Jaw Worm","floor":4,"turns":3},{"damage":0,"enemies":"Cultist","floor":5,"turns":3},{"damage":13,"enemies":"Lagavulin","floor":6,"turns":5},{"damage":4,"enemies":"Lots of Slimes","floor":8,"turns":6},{"damage":1,"enemies":"Looter","floor":10,"turns":3},{"damage":26,"enemies":"3 Sentries","floor":11,"turns":6}],"seed_played":"-1644055333372267870","potions_obtained":[{"floor":5,"key":"SpeedPotion"},{"floor":6,"key":"Fruit Juice"},{"floor":10,"key":"SneckoOil"}],"is_trial":false,"path_per_floor":["M","$","?","M","M","E","R","M","T","M","E"],"character_chosen":"THE_BUGKNIGHT","items_purchased":["HollowMod:FastStrike"],"campfire_rested":0,"item_purchase_floors":[2],"current_hp_per_floor":[52,52,35,31,31,18,18,19,19,18,0,0],"gold":155,"neow_bonus":"RANDOM_COLORLESS_2","is_daily":false,"chose_seed":false,"campfire_upgraded":0,"win_rate":0.0,"timestamp":1607693178,"path_taken":["M","$","?","M","M","E","R","M","T","M","E"],"items_purchased_type":["Card"],"build_version":"2020-11-30","purchased_purges":0,"victory":false,"max_hp_per_floor":[75,75,75,75,75,75,75,80,80,80,80,80],"card_choices":[{"not_picked":["Secret Weapon","Transmutation"],"picked":"Panache","floor":0},{"not_picked":["HollowMod:VengefulVoid","HollowMod:InfectedCysts"],"picked":"HollowMod:PerfectDash","floor":1},{"not_picked":["hubris:Fate","infinitespire:TheBestDefense"],"picked":"ReplayTheSpireMod:Black Plague","floor":3},{"not_picked":["HollowMod:TaintedHusks","HollowMod:ChannelNail"],"picked":"HollowMod:HeavyBlow","floor":4},{"not_picked":["HollowMod:ChannelNail","HollowMod:SoulSplash"],"picked":"HollowMod:HeavyBlow","floor":5},{"not_picked":["HollowMod:BaldurShell","HollowMod:CrystalDash"],"picked":"HollowMod:PerfectDash","floor":6},{"not_picked":["HollowMod:PureNailStrike","HollowMod:CrystalDash"],"picked":"HollowMod:DungDefenderAura","floor":8},{"not_picked":["HollowMod:MantisMark","HollowMod:SharpenedShadows"],"picked":"HollowMod:VoidDash","floor":10}],"player_experience":958564,"relics_obtained":[{"floor":6,"key":"ReplayTheSpireMod:TigerMarble"}],"event_choices":[],"is_beta":false,"boss_relics":[],"items_purged_floors":[],"is_endless":false,"potions_floor_spawned":[5,6,10],"killed_by":"3 Sentries","ascension_level":0}}