{"host":"j4g6ia6asvpyu2b0","time":1607686020,"event":{"mods":["BaseMod","Colored Map","Minty Spire (QoL Compilation)","Permanent Neow","Quick Restart","Relic Stats","StSLib","Unceasing Turn Reminder"],"gold_per_floor":[118,293,68,86,105,105,134,134,160,195,24,59,78,93,93,197,197,213,213,312,324,324,352,352,384,408,408,428,461,461,474,474,570,570,586,232,251,261,276,307,307,359,407,257,267,267,301,313,313,313,313,313,36,65,65,65],"floor_reached":55,"playtime":2083,"items_purged":["Doubt","Strike_B","Pain","Decay"],"score":895,"play_id":"d6764608-d6db-448d-bbab-81760c5ee111","local_time":"20201211042700","is_ascension_mode":true,"campfire_choices":[{"data":"Biased Cognition","floor":6.0,"key":"SMITH"},{"data":"Zap","floor":8.0,"key":"SMITH"},{"floor":15.0,"key":"REST"},{"data":"Loop","floor":24.0,"key":"SMITH"},{"data":"Skim","floor":27.0,"key":"SMITH"},{"data":"Capacitor","floor":32.0,"key":"SMITH"},{"floor":41,"key":"REST"},{"floor":46,"key":"RECALL"},{"floor":49,"key":"REST"},{"floor":52,"key":"REST"}],"circlet_count":0,"master_deck":["Strike_B","Defend_B+1","Defend_B","Defend_B","Defend_B+1","Zap+1","Dualcast","Biased Cognition+1","Ball Lightning","Core Surge","Skim+1","BootSequence","White Noise","Compile Driver","Loop+1","Capacitor+1","Melter","Steam","Buffer","Streamline","Aggregate","Cold Snap","Redo+1","Coolheaded","Glacier","Chill+1","Loop","Undo","Echo Form","Static Discharge+1","Capacitor","Coolheaded","Tempest","Capacitor","Amplify","Barrage+1","Echo Form","Tempest+1","Heatsinks","Compile Driver","Conserve Battery","Storm+1"],"relics":["Cracked Core","Happy Flower","War Paint","Art of War","Torii","Cursed Key","PreservedInsect","Bag of Marbles","Bronze Scales","Gremlin Horn","Fusion Hammer","OrangePellets","Kunai","Ice Cream","Pantograph","DataDisk","Bag of Preparation"],"acts_visited":["Exordium","TheCity","TheBeyond","TheEnding"],"potions_floor_usage":[42,55,55],"damage_taken":[{"damage":0.0,"enemies":"2 Louse","floor":1.0,"turns":1.0},{"damage":1.0,"enemies":"Jaw Worm","floor":4.0,"turns":3.0},{"damage":0.0,"enemies":"Small Slimes","floor":5.0,"turns":3.0},{"damage":8.0,"enemies":"Lagavulin","floor":7.0,"turns":6.0},{"damage":11.0,"enemies":"3 Sentries","floor":10.0,"turns":5.0},{"damage":28.0,"enemies":"Gremlin Nob","floor":12.0,"turns":4.0},{"damage":0.0,"enemies":"3 Louse","floor":13.0,"turns":2.0},{"damage":0.0,"enemies":"Large Slime","floor":14.0,"turns":2.0},{"damage":3.0,"enemies":"Hexaghost","floor":16.0,"turns":6.0},{"damage":2.0,"enemies":"Shell Parasite","floor":18.0,"turns":4.0},{"damage":0.0,"enemies":"Chosen","floor":21.0,"turns":3.0},{"damage":13.0,"enemies":"Gremlin Leader","floor":23.0,"turns":7.0},{"damage":8.0,"enemies":"Slavers","floor":25.0,"turns":4.0},{"damage":11.0,"enemies":"Shelled Parasite and Fungi","floor":28.0,"turns":4.0},{"damage":1.0,"enemies":"Gremlin Leader","floor":29.0,"turns":7.0},{"damage":13.0,"enemies":"Snake Plant","floor":31.0,"turns":4.0},{"damage":20.0,"enemies":"Automaton","floor":33.0,"turns":10.0},{"damage":37.0,"enemies":"3 Darklings","floor":35.0,"turns":6.0},{"damage":0.0,"enemies":"3 Shapes","floor":37.0,"turns":5.0},{"damage":0.0,"enemies":"Maw","floor":38.0,"turns":8.0},{"damage":13.0,"enemies":"Spire Growth","floor":39.0,"turns":6.0},{"damage":19,"enemies":"Reptomancer","floor":40,"turns":6},{"damage":3,"enemies":"2 Orb Walkers","floor":42,"turns":4},{"damage":1,"enemies":"Transient","floor":45,"turns":5},{"damage":0,"enemies":"Giant Head","floor":47,"turns":7},{"damage":10,"enemies":"Maw","floor":48,"turns":6},{"damage":22,"enemies":"Donu and Deca","floor":50,"turns":7},{"damage":45,"enemies":"Shield and Spear","floor":54,"turns":5},{"damage":72,"enemies":"The Heart","floor":55,"turns":3}],"seed_played":"-6909925534333100800","potions_obtained":[{"floor":5.0,"key":"Regen Potion"},{"floor":7.0,"key":"Weak Potion"},{"floor":14.0,"key":"PotionOfCapacity"},{"floor":23.0,"key":"Fire Potion"},{"floor":25.0,"key":"Dexterity Potion"},{"floor":29.0,"key":"PowerPotion"},{"floor":37.0,"key":"LiquidMemories"},{"floor":45,"key":"DuplicationPotion"},{"floor":47,"key":"DuplicationPotion"}],"is_trial":false,"path_per_floor":["M","?","$","M","M","R","E","R","T","E","$","E","M","M","R","B",null,"M","?","?","M","?","E","R","E","T","R","M","E","?","M","R","B",null,"M","$","M","M","M","E","R","?","T","$","M","R","E","M","R","B",null,"R","$","E","B"],"character_chosen":"DEFECT","items_purchased":["Core Surge","Loop","OrangePellets","Capacitor","DataDisk","Heatsinks","Compile Driver","Conserve Battery"],"campfire_rested":4,"item_purchase_floors":[3,11,36,36,53,53,53,53],"current_hp_per_floor":[54,54,54,53,53,53,45,45,45,34,34,6,6,6,28,25,75,73,73,73,73,73,60,60,52,52,52,41,40,40,27,27,7,75,38,38,38,38,25,6,28,25,25,25,24,24,24,14,36,39,75,75,75,30,0,0],"gold":65,"neow_bonus":"THREE_RARE_CARDS","is_daily":false,"chose_seed":false,"campfire_upgraded":5,"win_rate":0.0,"timestamp":1607686020,"path_taken":["M","?","$","M","M","R","E","R","T","E","$","E","M","M","R","BOSS","M","?","?","M","?","E","R","E","T","R","M","E","?","M","R","BOSS","M","$","M","M","M","E","R","?","T","$","M","R","E","M","R","BOSS","R","$","E","BOSS"],"items_purchased_type":["Card","Card","Relic","Card","Relic","Card","Card","Card"],"build_version":"2020-11-30","purchased_purges":4,"victory":false,"max_hp_per_floor":[75,75,75,75,75,75,75,75,75,75,75,75,75,75,75,75,75,75,75,75,75,75,75,75,75,75,75,75,75,75,75,75,75,75,75,75,75,75,75,75,75,75,75,75,75,75,75,75,75,75,75,75,75,75,75,75],"relic_stats":{"Happy Flower":[43],"Torii":55,"Gremlin Horn":[13,13],"counters":[29,143],"PreservedInsect":339,"Bag of Preparation":[2],"War Paint":["Defend_B","Defend_B"],"Cursed Key":2,"OrangePellets":[15],"Bronze Scales":[301],"Pantograph":50,"Art of War":[20],"Kunai":[4],"obtain_stats":[{"Ice Cream":42,"Happy Flower":7,"Torii":12,"Gremlin Horn":29,"PreservedInsect":23,"Bag of Preparation":54,"War Paint":9,"Cursed Key":17,"OrangePellets":36,"DataDisk":53,"Bronze Scales":26,"Pantograph":47,"Fusion Hammer":34,"Art of War":10,"Bag of Marbles":25,"Kunai":40,"Cracked Core":0},{"Ice Cream":23,"Happy Flower":4,"Torii":6,"Gremlin Horn":15,"PreservedInsect":12,"Bag of Preparation":28,"War Paint":4,"Cursed Key":9,"OrangePellets":18,"DataDisk":27,"Bronze Scales":13,"Pantograph":25,"Fusion Hammer":17,"Art of War":5,"Bag of Marbles":13,"Kunai":22,"Cracked Core":0},{"Ice Cream":110,"Happy Flower":13,"Torii":22,"Gremlin Horn":61,"PreservedInsect":46,"Bag of Preparation":140,"War Paint":13,"Cursed Key":32,"OrangePellets":81,"DataDisk":135,"Bronze Scales":50,"Pantograph":122,"Fusion Hammer":75,"Art of War":18,"Bag of Marbles":50,"Kunai":106,"Cracked Core":0}]},"card_choices":[{"not_picked":["Echo Form","Electrodynamics"],"picked":"Biased Cognition","floor":0.0},{"not_picked":["Cold Snap","Reinforced Body"],"picked":"Ball Lightning","floor":1.0},{"not_picked":["Fusion","Beam Cell"],"picked":"Skim","floor":4.0},{"not_picked":["Auto Shields","Rebound"],"picked":"BootSequence","floor":5.0},{"not_picked":["Go for the Eyes","Consume"],"picked":"White Noise","floor":7.0},{"not_picked":["Streamline","Beam Cell"],"picked":"Compile Driver","floor":10.0},{"not_picked":["Conserve Battery","Compile Driver"],"picked":"Capacitor","floor":12.0},{"not_picked":["Barrage","Reboot"],"picked":"Melter","floor":13.0},{"not_picked":["Double Energy","Force Field"],"picked":"Steam","floor":14.0},{"not_picked":["Reboot","All For One"],"picked":"Buffer","floor":16.0},{"not_picked":["Gash","Streamline","Sunder"],"picked":"SKIP","floor":18.0},{"not_picked":["Beam Cell","Scrape"],"picked":"Cold Snap","floor":21.0},{"not_picked":["Stack","Go for the Eyes"],"picked":"Redo+1","floor":23.0},{"not_picked":["Rip and Tear+1","Blizzard"],"picked":"Coolheaded","floor":25.0},{"not_picked":["Steam+1","Streamline"],"picked":"Glacier","floor":28.0},{"not_picked":["Beam Cell","Fusion"],"picked":"Chill+1","floor":29.0},{"not_picked":["Melter","Aggregate"],"picked":"Undo","floor":31.0},{"not_picked":["Machine Learning","Seek"],"picked":"Echo Form","floor":33.0},{"not_picked":["Streamline","Rebound+1"],"picked":"Static Discharge+1","floor":35.0},{"not_picked":["Blizzard+1","Aggregate+1"],"picked":"Coolheaded","floor":37.0},{"not_picked":["Barrage","Rebound"],"picked":"Tempest","floor":38.0},{"not_picked":["Leap+1","Compile Driver"],"picked":"Capacitor","floor":39},{"not_picked":["Redo","All For One"],"picked":"Amplify","floor":40},{"not_picked":["Doom and Gloom","Leap"],"picked":"Barrage+1","floor":42},{"not_picked":["Hello World","Ball Lightning","Conserve Battery"],"picked":"SKIP","floor":45},{"not_picked":["Hologram","Conserve Battery+1"],"picked":"Echo Form","floor":47},{"not_picked":["Aggregate","Capacitor+1"],"picked":"Tempest+1","floor":48},{"not_picked":["Rip and Tear+1","Leap+1"],"picked":"Storm+1","floor":54}],"player_experience":605159,"relics_obtained":[{"floor":7.0,"key":"Happy Flower"},{"floor":9.0,"key":"War Paint"},{"floor":10.0,"key":"Art of War"},{"floor":12.0,"key":"Torii"},{"floor":23.0,"key":"PreservedInsect"},{"floor":25.0,"key":"Bag of Marbles"},{"floor":26.0,"key":"Bronze Scales"},{"floor":29.0,"key":"Gremlin Horn"},{"floor":40,"key":"Kunai"},{"floor":42,"key":"Ice Cream"},{"floor":47,"key":"Pantograph"},{"floor":54,"key":"Bag of Preparation"}],"event_choices":[{"damage_healed":0.0,"max_hp_gain":0.0,"max_hp_loss":0.0,"gold_gain":175.0,"event_name":"Liars Game","player_choice":"AGREE","floor":2.0,"gold_loss":0.0,"damage_taken":0.0,"cards_obtained":["Doubt"]},{"damage_healed":0.0,"max_hp_gain":0.0,"max_hp_loss":0.0,"gold_gain":0.0,"cards_transformed":["Strike_B","Strike_B"],"event_name":"Drug Dealer","player_choice":"Became Test Subject","floor":19.0,"gold_loss":0.0,"damage_taken":0.0,"cards_obtained":["Streamline","Aggregate"]},{"damage_healed":0.0,"max_hp_gain":0.0,"max_hp_loss":0.0,"gold_gain":99.0,"event_name":"Nest","player_choice":"Stole From Cult","floor":20.0,"gold_loss":0.0,"damage_taken":0.0},{"damage_healed":0.0,"max_hp_gain":0.0,"max_hp_loss":0.0,"gold_gain":0.0,"event_name":"Vampires","player_choice":"Ignored","floor":22.0,"gold_loss":0.0,"damage_taken":0.0},{"damage_healed":0.0,"max_hp_gain":0.0,"max_hp_loss":0.0,"gold_gain":0.0,"event_name":"The Library","player_choice":"Read","floor":30.0,"gold_loss":0.0,"damage_taken":0.0,"cards_obtained":["Loop"]},{"damage_healed":0,"gold_gain":0,"player_choice":"Fight","damage_taken":0,"max_hp_gain":0,"max_hp_loss":0,"event_name":"Mysterious Sphere","floor":42,"gold_loss":0}],"is_beta":false,"boss_relics":[{"not_picked":["Velvet Choker","Snecko Eye"],"picked":"Cursed Key"},{"not_picked":["Empty Cage","Pandora\u0027s Box"],"picked":"Fusion Hammer"}],"items_purged_floors":[3,11,36,44],"is_endless":false,"potions_floor_spawned":[5,7,14,16,18,23,25,29,37,40,45,47,54],"killed_by":"The Heart","ascension_level":1}}