{"host":"woah5shdh5xsovm3","time":1607715896,"event":{"mods":["BaseMod","BetterRewards","Downfall","Hermit","Hubris","Infinite Spire","Koishi","LagranYue(???·?)","Marisa????????","Minty Spire (QoL Compilation)","Remilia??????","Replay The Spire","Shop Mod","StSLib","SuperFastMode","The Animator","The Bug Knight","The Construct","The Cursed","The Disciple","The Hierophant","The Necromancer","The Poker Player","The Runesmith","The Servant 0.9.4"],"gold_per_floor":[115,130,130,141,153,160,160,160,160,160,194,194,300,300,300,280,280],"floor_reached":16,"playtime":626,"items_purged":[],"score":110,"play_id":"983c01f4-850f-42b8-b276-c7244ceb8efb","local_time":"20201211134456","is_ascension_mode":false,"campfire_choices":[{"data":"hierophant:ChurchCoffers","floor":8,"key":"SMITH"},{"floor":12,"key":"REST"},{"floor":15,"key":"REST"}],"circlet_count":0,"master_deck":["hierophant:Strike_Hierophant","hierophant:Strike_Hierophant","hierophant:Strike_Hierophant","hierophant:Punish","hierophant:Defend_Hierophant","hierophant:Defend_Hierophant","hierophant:Defend_Hierophant","hierophant:Defend_Hierophant","hierophant:ChurchCoffers+1","hierophant:FieryStrike","hierophant:FlamingChariot","hierophant:Invocation","hierophant:FieryStrike"],"relics":["hierophant:PropheticMaskRelic","LagranYue:RandomDrawCardRelic","NeowsBlessing","infinitespire:PuzzleCube","hubris:MobiusCoin","Art of War","Onion Ring"],"acts_visited":["Exordium"],"potions_floor_usage":[10,11,16],"damage_taken":[{"damage":0,"enemies":"Cultist","floor":1,"turns":1},{"damage":0,"enemies":"Small Slimes","floor":2,"turns":1},{"damage":0,"enemies":"2 Louse","floor":4,"turns":1},{"damage":11,"enemies":"Blue Slaver","floor":5,"turns":5},{"damage":31,"enemies":"Lagavulin","floor":6,"turns":6},{"damage":0,"enemies":"Gremlin Gang","floor":10,"turns":1},{"damage":9,"enemies":"3 Sentries","floor":11,"turns":5},{"damage":51,"enemies":"Hexaghost","floor":16,"turns":9}],"seed_played":"-7079737035635945681","potions_obtained":[{"floor":2,"key":"PowerPotion"},{"floor":4,"key":"SmokeBomb"},{"floor":13,"key":"Weak Potion"}],"is_trial":false,"path_per_floor":["M","M","$","M","M","E","?","R","T","M","E","R","?","$","R","B"],"character_chosen":"HIEROPHANT","items_purchased":[],"campfire_rested":2,"item_purchase_floors":[],"current_hp_per_floor":[75,75,75,75,64,33,33,33,33,33,24,46,28,28,50,0,0],"gold":280,"neow_bonus":"THREE_ENEMY_KILL","is_daily":false,"chose_seed":false,"campfire_upgraded":1,"win_rate":0.0,"timestamp":1607715896,"path_taken":["M","M","?","M","M","E","?","R","T","M","E","R","?","?","R","BOSS"],"items_purchased_type":[],"build_version":"2020-11-30","purchased_purges":0,"victory":false,"max_hp_per_floor":[75,75,75,75,75,75,75,75,75,75,75,75,75,75,75,75,75],"card_choices":[{"not_picked":["hierophant:DisplayOfPower","hierophant:MorningPrayer"],"picked":"hierophant:FieryStrike","floor":1},{"not_picked":["hierophant:MorningPrayer","hierophant:Generosity","hierophant:HammerAndAnvil"],"picked":"SKIP","floor":2},{"not_picked":["hierophant:PassingBell","hierophant:DisplayOfPower","hierophant:FlamingChariot"],"picked":"SKIP","floor":4},{"not_picked":["hierophant:PassingBell","hierophant:DisplayOfPower"],"picked":"hierophant:FlamingChariot","floor":4},{"not_picked":["hierophant:Encroach","hierophant:SecretStash"],"picked":"hierophant:Invocation","floor":5},{"not_picked":["hierophant:MorningPrayer","hierophant:AuricBeam","hierophant:Endure"],"picked":"SKIP","floor":6},{"not_picked":["hierophant:MirrorShield","hierophant:Chorus","hierophant:FaithHealing"],"picked":"SKIP","floor":11},{"not_picked":["hierophant:CursedGold","hierophant:ArchangelShield"],"picked":"hierophant:FieryStrike","floor":13}],"player_experience":384312,"relics_obtained":[{"floor":6,"key":"infinitespire:PuzzleCube"},{"floor":9,"key":"hubris:MobiusCoin"},{"floor":11,"key":"Art of War"},{"floor":13,"key":"Onion Ring"}],"event_choices":[{"cards_removed":["hierophant:Strike_Hierophant"],"damage_healed":0,"gold_gain":0,"player_choice":"Forget","damage_taken":0,"max_hp_gain":0,"max_hp_loss":0,"event_name":"Living Wall","floor":7,"gold_loss":0}],"is_beta":false,"boss_relics":[],"items_purged_floors":[],"is_endless":false,"potions_floor_spawned":[2,4,10],"killed_by":"Hexaghost","ascension_level":0}}