{"host":"j05tanvorlbs2t7f","time":1607699427,"event":{"mods":["2.2 Compatiblity","AchievementEnabler","BaseMod","BetterRewards","Card Forge","Colored Powertips","Conspire","Downfall","Minty Spire (QoL Compilation)","Permanent Neow","Replay The Spire","Shade Mod","StSLib","The Bug Knight","The Construct","The Cursed","The Forsaken","The Hierophant","The Sage","TheHeartMod"],"gold_per_floor":[110,128,203,203,39,39,73,73,142,142,157,122,222,252,252,326,326,343,363,278,292,302,335,93,103,181,192,248,248,264,276,276,351,351,368,368,28,78,0,0,31,31,56,71,106,106,121,141,141,141,141,141,141,2,29,29,29],"floor_reached":56,"playtime":3748,"items_purged":[],"score":2220,"play_id":"633cb32c-6de3-4293-b46e-7f48ef5b6ca8","local_time":"20201211161027","is_ascension_mode":true,"campfire_choices":[{"floor":6.0,"key":"REST"},{"floor":8.0,"key":"REST"},{"data":"Sunder","floor":10.0,"key":"SMITH"},{"data":"Zap","floor":15.0,"key":"SMITH"},{"floor":29.0,"key":"REST"},{"floor":32.0,"key":"REST"},{"floor":40.0,"key":"REST"},{"floor":46.0,"key":"RECALL"},{"data":"Conserve Battery","floor":53.0,"key":"SMITH"}],"circlet_count":0,"master_deck":["AscendersBane","Strike_B","Strike_B","Strike_B","Strike_B","Defend_B","Defend_B","Defend_B+1","Defend_B","Zap+1","Dualcast","Capacitor+1","Conserve Battery+1","Sunder+1","Turbo","Conserve Battery","Ball Lightning","Redo","Conserve Battery+1","Double Energy+1","Stack+1","Heatsinks+1","Conserve Battery+1","Compile Driver","Defragment+1","Self Repair+1","Amplify+1","Static Discharge+1","Turbo+1","Defragment+1","Cold Snap","Glacier","Go for the Eyes","ReplayTheSpireMod:Calculation Training+1","White Noise+1","Amplify+1","Defragment+1","Stack","Ball Lightning+1","Echo Form+1","Ball Lightning+1","Cold Snap","FIFO Queue+1","Core Surge","Double Energy+1","Redo","Conserve Battery+1","conspire:SharedLibrary+1","ReplayTheSpireMod:System Scan+1","Storm+1","Hologram","Cold Snap+1"],"relics":["Cracked Core","Hammer of Thor","Seething Fire","Anvil of the Gods","Happy Flower","Lizard Tail","DataDisk","Mango","War Paint","Potion Belt","conspire:Boomerang","Frozen Egg 2","Art of War","Nuclear Battery","Prayer Wheel","Akabeko","InkBottle","Juzu Bracelet","Cables","ReplayFunnel","Symbiotic Virus","Torii","Red Mask","Pet Ghost","Replay:Antivirus Software","Replay:Rubber Ducky"],"acts_visited":[],"potions_floor_usage":[56],"damage_taken":[{"damage":0.0,"enemies":"conspire:RoseBush","floor":1.0,"turns":2.0},{"damage":12.0,"enemies":"Jaw Worm","floor":2.0,"turns":3.0},{"damage":7.0,"enemies":"3 Sentries","floor":7.0,"turns":6.0},{"damage":0.0,"enemies":"2 Louse","floor":11.0,"turns":2.0},{"damage":0.0,"enemies":"HollowMod:MossKnight","floor":14.0,"turns":4.0},{"damage":51.0,"enemies":"Fading Forest","floor":16.0,"turns":13.0},{"damage":41.0,"enemies":"2 Thieves","floor":18.0,"turns":5.0},{"damage":29.0,"enemies":"Snecko","floor":19.0,"turns":4.0},{"damage":7.0,"enemies":"Snake Plant","floor":21.0,"turns":3.0},{"damage":8.0,"enemies":"3 Cultists","floor":22.0,"turns":4.0},{"damage":23.0,"enemies":"Replay:Snechameleon","floor":23.0,"turns":5.0},{"damage":14.0,"enemies":"conspire:HollyBat","floor":25.0,"turns":7.0},{"damage":0.0,"enemies":"Centurion and Healer","floor":27.0,"turns":3.0},{"damage":0.0,"enemies":"Snecko","floor":30.0,"turns":7.0},{"damage":23.0,"enemies":"conspire:HollyBat","floor":31.0,"turns":9.0},{"damage":0.0,"enemies":"Automaton","floor":33.0,"turns":7.0},{"damage":21.0,"enemies":"3 Darklings","floor":35.0,"turns":4.0},{"damage":45.0,"enemies":"2 Orb Walkers","floor":38.0,"turns":4.0},{"damage":0.0,"enemies":"R_Hoarder","floor":41.0,"turns":8.0},{"damage":0.0,"enemies":"3 Shapes","floor":44.0,"turns":5.0},{"damage":16.0,"enemies":"HollowMod:StalkingDevout","floor":45.0,"turns":4.0},{"damage":1.0,"enemies":"Sphere and 2 Shapes","floor":47.0,"turns":6.0},{"damage":0.0,"enemies":"Transient","floor":48.0,"turns":6.0},{"damage":29.0,"enemies":"Transient","floor":49.0,"turns":5.0},{"damage":9.0,"enemies":"Donu and Deca","floor":50.0,"turns":7.0},{"damage":12.0,"enemies":"Replay:Hell Engine","floor":51.0,"turns":11.0},{"damage":25,"enemies":"Shield and Spear","floor":55,"turns":5},{"damage":99,"enemies":"The Heart","floor":56,"turns":5}],"seed_played":"2852914580595703269","potions_obtained":[{"floor":2.0,"key":"Reflective Coating"},{"floor":4.0,"key":"FocusPotion"},{"floor":19.0,"key":"SneckoOil"},{"floor":22.0,"key":"Fire Potion"},{"floor":23.0,"key":"BlessingOfTheForge"},{"floor":28.0,"key":"GamblersBrew"},{"floor":31.0,"key":"SkillPotion"},{"floor":33.0,"key":"Reflective Coating"},{"floor":38.0,"key":"Regen Potion"},{"floor":41.0,"key":"PowerPotion"},{"floor":45.0,"key":"PowerPotion"}],"is_trial":false,"path_per_floor":["M","M","?","?","$","R","E","R","T","R","M","?","?","E","R","B",null,"M","M","?","M","M","E","$","M","T","M","?","R","M","M","R","B",null,"M","?","$","?","?","R","E","$","T","M","E","R","M","M","R","B","B",null,"R","$","E","B"],"character_chosen":"DEFECT","items_purchased":["Happy Flower","Capacitor","DataDisk","Conserve Battery","War Paint","Sunder","Turbo","Potion Belt","Juzu Bracelet","Defragment+1","Symbiotic Virus","Cold Snap","Storm+1","Hologram"],"campfire_rested":5,"item_purchase_floors":[0,0,0,0,0,0,0,5,24,24,37,37,54,54],"current_hp_per_floor":[36,24,13,13,13,38,31,56,56,56,56,77,77,77,77,26,70,29,42,42,35,27,24,24,20,20,30,30,55,65,52,77,85,85,74,74,74,29,29,54,64,64,64,84,78,78,77,85,56,82,80,84,84,84,69,0,0],"gold":29,"neow_bonus":"","is_daily":false,"chose_seed":false,"campfire_upgraded":3,"win_rate":0.0,"timestamp":1607699427,"path_taken":["M","M","?","?","$","R","E","R","T","R","?","?","?","E","R","BOSS","M","?","?","M","M","E","$","M","T","M","?","R","M","M","R","BOSS","M","?","?","?","?","R","E","$","T","M","E","R","M","M","R","BOSS","BOSS","R","$","E","BOSS"],"items_purchased_type":["Relic","Card","Relic","Card","Relic","Card","Card","Relic","Relic","Card","Relic","Card","Card","Card"],"build_version":"2020-11-30","purchased_purges":0,"victory":false,"max_hp_per_floor":[85,85,85,85,85,85,85,85,85,85,85,85,85,85,85,85,85,85,85,85,85,85,85,85,85,85,85,85,85,85,85,85,85,85,85,85,85,85,85,85,85,85,85,85,85,85,85,85,85,85,85,85,85,85,85,85,85],"card_choices":[{"not_picked":["Barrage","Panic Button"],"picked":"Conserve Battery","floor":1.0},{"not_picked":["conspire:Rain","ReplayTheSpireMod:Repulse"],"picked":"Ball Lightning","floor":2.0},{"not_picked":["Sweeping Beam","Reprogram"],"picked":"Redo","floor":7.0},{"not_picked":["Undo","Leap"],"picked":"Conserve Battery","floor":11.0},{"not_picked":["Cold Snap","Skim"],"picked":"Double Energy","floor":14.0},{"not_picked":["Rainbow","Reboot"],"picked":"ReplayTheSpireMod:Fabricate Wheel","floor":16.0},{"not_picked":["Time Bomb+1","Go for the Eyes"],"picked":"Stack+1","floor":18.0},{"not_picked":["Sweeping Beam","BasicCrystalCard+1"],"picked":"Heatsinks+1","floor":18.0},{"not_picked":["Panic Button","Stack"],"picked":"Conserve Battery","floor":19.0},{"not_picked":["Recycle","ReplayTheSpireMod:Repulse"],"picked":"Compile Driver","floor":19.0},{"not_picked":["Ball Lightning","Sweeping Beam"],"picked":"Defragment+1","floor":21.0},{"not_picked":["Rebound","Stack"],"picked":"Self Repair+1","floor":21.0},{"not_picked":["Lockon","Glacier"],"picked":"Amplify","floor":22.0},{"not_picked":["Rebound","Sweeping Beam+1"],"picked":"Static Discharge+1","floor":22.0},{"not_picked":["Gash","Tempest"],"picked":"Turbo+1","floor":23.0},{"not_picked":["Rebound","Coolheaded"],"picked":"Cold Snap","floor":25.0},{"not_picked":["conspire:SharedLibrary+1","Redo"],"picked":"Glacier","floor":25.0},{"not_picked":["Sweeping Beam","Rebound"],"picked":"Go for the Eyes","floor":27.0},{"not_picked":["BasicCrystalCard","Redo"],"picked":"ReplayTheSpireMod:Calculation Training","floor":27.0},{"not_picked":["BasicCrystalCard","ReplaySort"],"picked":"White Noise+1","floor":28.0},{"not_picked":["Glacier","Gash"],"picked":"Amplify","floor":28.0},{"not_picked":["Cold Snap","Panic Button"],"picked":"Defragment+1","floor":30.0},{"not_picked":["Turbo","FTL","Barrage"],"picked":"SKIP","floor":30.0},{"not_picked":["Fusion","Genetic Algorithm"],"picked":"Stack","floor":31.0},{"not_picked":["Turbo","Sweeping Beam"],"picked":"Ball Lightning","floor":31.0},{"not_picked":["Biased Cognition+1","Reboot"],"picked":"Echo Form+1","floor":33.0},{"not_picked":["Panic Button","Force Field"],"picked":"Ball Lightning+1","floor":35.0},{"not_picked":["Chaos","Skim","Streamline"],"picked":"SKIP","floor":35.0},{"not_picked":["ReplayTheSpireMod:System Scan","Tempest+1"],"picked":"FIFO Queue+1","floor":38.0},{"not_picked":["Lockon+1","Panic Button"],"picked":"Core Surge","floor":41.0},{"not_picked":["ReplayTheSpireMod:Dual Polarity","Fusion+1"],"picked":"Double Energy","floor":44.0},{"not_picked":["Rebound+1","Melter","Consume"],"picked":"SKIP","floor":44.0},{"not_picked":["BasicCrystalCard","Rebound","conspire:Rain+1"],"picked":"SKIP","floor":45.0},{"not_picked":["Sunder","Steam+1"],"picked":"Redo","floor":47.0},{"not_picked":["Rebound+1","Fusion"],"picked":"Conserve Battery+1","floor":47.0},{"not_picked":["Tempest","ReplayTheSpireMod:System Scan"],"picked":"conspire:SharedLibrary+1","floor":48.0},{"not_picked":["Rebound","Time Bomb","Conserve Battery"],"picked":"SKIP","floor":48.0},{"not_picked":["Go for the Eyes","Cold Snap"],"picked":"ReplayTheSpireMod:System Scan+1","floor":49.0},{"not_picked":["Meteor Strike","Leap"],"picked":"Cold Snap+1","floor":55}],"player_experience":448101,"relics_obtained":[{"floor":7.0,"key":"conspire:Boomerang"},{"floor":9.0,"key":"Frozen Egg 2"},{"floor":14.0,"key":"Art of War"},{"floor":23.0,"key":"InkBottle"},{"floor":26.0,"key":"Cables"},{"floor":28.0,"key":"ReplayFunnel"},{"floor":38.0,"key":"Torii"},{"floor":41.0,"key":"Pet Ghost"},{"floor":45.0,"key":"Replay:Antivirus Software"},{"floor":55,"key":"Replay:Rubber Ducky"}],"event_choices":[{"damage_healed":0.0,"max_hp_gain":0.0,"max_hp_loss":0.0,"gold_gain":75.0,"event_name":"World of Goop","player_choice":"Gather Gold","floor":3.0,"gold_loss":0.0,"damage_taken":11.0},{"damage_healed":0.0,"max_hp_gain":0.0,"max_hp_loss":0.0,"gold_gain":0.0,"event_name":"Lab","player_choice":"Got Potions","floor":4.0,"gold_loss":0.0,"damage_taken":0.0},{"damage_healed":21.0,"max_hp_gain":0.0,"max_hp_loss":0.0,"gold_gain":0.0,"event_name":"The Cleric","player_choice":"Healed","floor":12.0,"gold_loss":35.0,"damage_taken":0.0},{"damage_healed":0.0,"max_hp_gain":0.0,"max_hp_loss":0.0,"gold_gain":100.0,"event_name":"Wheel of Change","player_choice":"Gold","floor":13.0,"gold_loss":0.0,"damage_taken":0.0},{"damage_healed":0.0,"max_hp_gain":0.0,"max_hp_loss":0.0,"gold_gain":0.0,"event_name":"Addict","player_choice":"Obtained Relic","floor":20.0,"gold_loss":85.0,"damage_taken":0.0,"relics_obtained":["Akabeko"]},{"damage_healed":0.0,"max_hp_gain":0.0,"max_hp_loss":0.0,"gold_gain":0.0,"event_name":"SecretPortal","player_choice":"Ignored","floor":36.0,"gold_loss":0.0,"damage_taken":0.0},{"damage_healed":0.0,"max_hp_gain":0.0,"max_hp_loss":0.0,"gold_gain":0.0,"event_name":"Mysterious Sphere","player_choice":"Fight","floor":38.0,"gold_loss":0.0,"damage_taken":0.0},{"damage_healed":0.0,"max_hp_gain":0.0,"max_hp_loss":0.0,"gold_gain":0.0,"event_name":"Tomb of Lord Red Mask","player_choice":"Paid","floor":39.0,"gold_loss":78.0,"damage_taken":0.0,"relics_obtained":["Red Mask"]}],"is_beta":false,"boss_relics":[{"not_picked":["Ring of Chaos","Replay:Ancient Bell"],"picked":"Nuclear Battery"},{"not_picked":["Replay:Drink Me","conspire:SlowCooker","Coffee Dripper"]}],"items_purged_floors":[],"is_endless":false,"potions_floor_spawned":[2,19,22,23,31,33,38,41,45,48],"killed_by":"The Heart","ascension_level":20}}