{"host":"htqwg582tjjtn9p7","time":1607693549,"event":{"mods":["2.2 Compatiblity","AchievementEnabler","Act Like it!","Aspiration","BaseMod","Better Third Choice","Colored Map","Conspire","Curses Come First","Displayed Cursed Tome","Energized Spire","Force Act Four","GifTheSpireLib","Hermit","Highlight Path","JesterMod","Mad Scientist","Minty Spire (QoL Compilation)","Pale of the Ancients","Permanent Neow","Random Character Button","Relic Stats","Replay The Spire","Robot Space Explorer","Somnambulant","Spicy Shops","Spikes Relics","StSLib","Stuff the Spire","The Blue Laboratory","The Disciple","The Dragon Tamer","The Forsaken","The Gatherer","The Judge","The Jungle","The Runesmith","The Servant 0.9.4"],"gold_per_floor":[110,110,129,139,44,44,44,75,75,75,75],"floor_reached":10,"playtime":317,"items_purged":[],"score":79,"play_id":"e785aa6b-cf79-423a-a321-29b2152ee385","local_time":"20201211143229","is_ascension_mode":true,"campfire_choices":[{"data":"conspire:Banana","floor":6,"key":"SMITH"}],"circlet_count":0,"master_deck":["hermit:Strike_Hermit","hermit:Strike_Hermit","hermit:Strike_Hermit","hermit:Strike_Hermit","hermit:Defend_Hermit","hermit:Defend_Hermit","hermit:Defend_Hermit","hermit:Defend_Hermit","hermit:Snapshot","hermit:Covet","hermit:TrackingShot","Pain","hermit:CursedWeapon","hermit:Determination","conspire:Banana+1","hermit:Dive"],"relics":["hermit:Momento","StuffTheSpire:MayFlowers","WarpedTongs","Blood Vial","conspire:Flyswatter"],"acts_visited":["Exordium"],"potions_floor_usage":[10],"damage_taken":[{"damage":5,"enemies":"Small Slimes","floor":1,"turns":3},{"damage":3,"enemies":"Jaw Worm","floor":3,"turns":4},{"damage":3,"enemies":"Cultist","floor":4,"turns":3},{"damage":45,"enemies":"Lagavulin","floor":8,"turns":8},{"damage":31,"enemies":"Gremlin Nob","floor":10,"turns":4}],"seed_played":"7215507070175339022","potions_obtained":[{"floor":8,"key":"blueLaboratory:PhilterOfMotion"}],"is_trial":false,"path_per_floor":["M","?","M","M","$","R","$","E","T","E"],"character_chosen":"HERMIT","items_purchased":["conspire:Banana"],"campfire_rested":0,"item_purchase_floors":[5],"current_hp_per_floor":[63,63,60,57,57,57,57,20,20,0,0],"gold":75,"neow_bonus":"ONE_RARE_RELIC","is_daily":false,"chose_seed":false,"campfire_upgraded":1,"win_rate":0.0,"timestamp":1607693549,"path_taken":["M","?","M","M","?","R","$","E","T","E"],"items_purchased_type":["Card"],"build_version":"2020-11-30","purchased_purges":0,"victory":false,"max_hp_per_floor":[68,68,68,68,68,68,68,70,70,72,72],"relic_stats":{"Blood Vial":2,"counters":[5,22],"obtain_stats":[{"Blood Vial":8,"StuffTheSpire:MayFlowers":0,"hermit:Momento":0,"WarpedTongs":2,"conspire:Flyswatter":9},{"Blood Vial":4,"StuffTheSpire:MayFlowers":0,"hermit:Momento":0,"WarpedTongs":1,"conspire:Flyswatter":4},{"Blood Vial":18,"StuffTheSpire:MayFlowers":0,"hermit:Momento":0,"WarpedTongs":3,"conspire:Flyswatter":18}],"WarpedTongs":[19]},"card_choices":[{"not_picked":["hermit:Snipe","hermit:Feint"],"picked":"hermit:TrackingShot","floor":1},{"not_picked":["hermit:Dive","hermit:NoHoldsBarred"],"picked":"hermit:CursedWeapon","floor":3},{"not_picked":["hermit:Ricochet","hermit:Coalescence"],"picked":"hermit:Determination","floor":4},{"not_picked":["hermit:CalledShot","hermit:Gestalt"],"picked":"hermit:Dive","floor":8}],"player_experience":1639960,"relics_obtained":[{"floor":8,"key":"Blood Vial"},{"floor":9,"key":"conspire:Flyswatter"}],"event_choices":[{"damage_healed":0,"gold_gain":0,"player_choice":"Rummage","damage_taken":0,"relics_obtained":["WarpedTongs"],"max_hp_gain":0,"max_hp_loss":0,"event_name":"Accursed Blacksmith","floor":2,"gold_loss":0,"cards_obtained":["Pain"]}],"is_beta":false,"boss_relics":[],"items_purged_floors":[],"is_endless":false,"potions_floor_spawned":[8],"killed_by":"Gremlin Nob","ascension_level":4}}