{"host":"07ljfmttuzqopd7f","time":1607721460,"event":{"mods":["2.2 Compatiblity","BaseMod","Bestiary","Block Reminder","Colored Map","Colored Powertips","Curses Come First","Hermit","Minty Spire (QoL Compilation)","Quick Restart","Random Character Button","Rare Cards Sparkle","Relic Stats","StSLib","The Cursed","UnlockEverythingMod"],"gold_per_floor":[12,12,27,40,54,54,86,98,136,162,188,232,244,272,284,397,409,434,59,72,92,110,110,120,120,120,139,165,181,181,181,181],"floor_reached":31,"playtime":1798,"items_purged":["hermit:Strike_Hermit"],"score":373,"play_id":"72e01e51-6bee-4a27-969f-b88fafd875d5","local_time":"20201211161740","is_ascension_mode":true,"campfire_choices":[{"data":"1","floor":6,"key":"LIFT"},{"data":"2","floor":8,"key":"LIFT"},{"data":"3","floor":13,"key":"LIFT"},{"floor":15,"key":"REST"},{"data":"hermit:PistolWhip","floor":23,"key":"SMITH"},{"floor":30,"key":"REST"}],"circlet_count":0,"master_deck":["hermit:Strike_Hermit","hermit:Strike_Hermit","hermit:Defend_Hermit","hermit:Defend_Hermit","hermit:Defend_Hermit","hermit:Defend_Hermit","hermit:Snapshot","hermit:Covet","hermit:Misfire","hermit:WideOpen","hermit:LowProfile","hermit:Snipe","hermit:RoundhouseKick","hermit:Coalescence","hermit:Glare","hermit:RoundhouseKick","hermit:PistolWhip+1","hermit:ShadowCloak","Violence","hermit:Dissolve","hermit:SprayPray","hermit:LoneWolf+1","hermit:Roulette","hermit:EyeOfTheStorm"],"relics":["hermit:Momento","Girya","MawBank","Anchor","Orichalcum","Runic Pyramid","Pantograph","MealTicket"],"acts_visited":["Exordium","TheCity"],"potions_floor_usage":[4,7,7,14,24,28,31],"damage_taken":[{"damage":1,"enemies":"Cultist","floor":1,"turns":5},{"damage":0,"enemies":"Small Slimes","floor":3,"turns":3},{"damage":4,"enemies":"Jaw Worm","floor":4,"turns":2},{"damage":9,"enemies":"3 Louse","floor":5,"turns":3},{"damage":32,"enemies":"3 Sentries","floor":7,"turns":9},{"damage":0,"enemies":"Lots of Slimes","floor":10,"turns":1},{"damage":0,"enemies":"Gremlin Gang","floor":11,"turns":2},{"damage":0,"enemies":"Gremlin Nob","floor":12,"turns":3},{"damage":9,"enemies":"Large Slime","floor":14,"turns":5},{"damage":46,"enemies":"The Guardian","floor":16,"turns":14},{"damage":4,"enemies":"Shell Parasite","floor":18,"turns":4},{"damage":0,"enemies":"Chosen","floor":20,"turns":4},{"damage":9,"enemies":"Snecko","floor":21,"turns":5},{"damage":11,"enemies":"Centurion and Healer","floor":22,"turns":5},{"damage":8,"enemies":"Snake Plant","floor":24,"turns":4},{"damage":0,"enemies":"Snecko","floor":27,"turns":3},{"damage":20,"enemies":"Book of Stabbing","floor":28,"turns":6},{"damage":3,"enemies":"Chosen and Byrds","floor":29,"turns":6},{"damage":34,"enemies":"Gremlin Leader","floor":31,"turns":2}],"seed_played":"3413597145850755172","potions_obtained":[{"floor":3,"key":"Weak Potion"},{"floor":4,"key":"BlessingOfTheForge"},{"floor":7,"key":"Fruit Juice"},{"floor":12,"key":"Energy Potion"},{"floor":21,"key":"BlessingOfTheForge"},{"floor":24,"key":"Dexterity Potion"},{"floor":29,"key":"GamblersBrew"}],"is_trial":false,"path_per_floor":["M","?","M","M","M","R","E","R","T","M","M","E","R","M","R","B",null,"M","$","M","M","M","R","M","?","T","M","E","M","R","E"],"character_chosen":"HERMIT","items_purchased":["hermit:PistolWhip","hermit:ShadowCloak","Violence"],"campfire_rested":2,"item_purchase_floors":[19,19,19],"current_hp_per_floor":[74,74,74,70,61,61,34,34,34,34,34,34,34,25,49,3,61,57,57,57,48,37,37,29,29,29,29,9,6,30,0,0],"gold":181,"neow_bonus":"ONE_RARE_RELIC","is_daily":false,"chose_seed":false,"campfire_upgraded":1,"win_rate":0.0,"timestamp":1607721460,"path_taken":["M","?","M","M","?","R","E","R","T","M","M","E","R","M","R","BOSS","M","$","M","M","M","R","M","?","T","M","E","M","R","E"],"items_purchased_type":["Card","Card","Card"],"build_version":"2020-11-30","purchased_purges":1,"victory":false,"max_hp_per_floor":[75,75,75,75,75,75,80,80,80,80,80,80,80,80,80,80,80,80,80,80,80,80,80,80,80,80,80,80,80,80,80,80],"relic_stats":{"counters":[19,86],"Pantograph":0,"MealTicket":0,"Orichalcum":[78],"MawBank":144,"obtain_stats":[{"Girya":0,"Anchor":9,"Pantograph":26,"MealTicket":28,"Orichalcum":12,"MawBank":7,"hermit:Momento":0,"Runic Pyramid":17},{"Girya":0,"Anchor":5,"Pantograph":15,"MealTicket":17,"Orichalcum":8,"MawBank":5,"hermit:Momento":0,"Runic Pyramid":10},{"Girya":0,"Anchor":22,"Pantograph":69,"MealTicket":78,"Orichalcum":28,"MawBank":22,"hermit:Momento":0,"Runic Pyramid":47}]},"card_choices":[{"not_picked":["hermit:BodyArmor","hermit:Ricochet"],"picked":"hermit:Misfire","floor":1},{"not_picked":["hermit:Grudge","hermit:Headshot"],"picked":"hermit:WideOpen","floor":3},{"not_picked":["hermit:ItchyTrigger","hermit:Dive"],"picked":"hermit:LowProfile","floor":4},{"not_picked":["hermit:Scavenge","hermit:Deadeye"],"picked":"hermit:Snipe","floor":5},{"not_picked":["hermit:Glare","hermit:Enervate"],"picked":"hermit:RoundhouseKick","floor":7},{"not_picked":["hermit:GhostlyPresence","hermit:TrackingShot"],"picked":"hermit:Coalescence","floor":10},{"not_picked":["hermit:Shortfuse","hermit:Vantage"],"picked":"hermit:Glare","floor":11},{"not_picked":["hermit:WideOpen","hermit:Misfire","hermit:Roulette"],"picked":"SKIP","floor":12},{"not_picked":["hermit:Misfire","hermit:TrackingShot","hermit:Coalescence"],"picked":"SKIP","floor":14},{"not_picked":["hermit:EternalForm","hermit:Purgatory"],"picked":"hermit:RoundhouseKick","floor":16},{"not_picked":["hermit:BigShot+1","hermit:Ricochet+1","hermit:BodyArmor"],"picked":"SKIP","floor":18},{"not_picked":["hermit:BodyArmor+1","hermit:Ricochet"],"picked":"hermit:Dissolve","floor":20},{"not_picked":["hermit:Grudge","hermit:Ricochet","hermit:Headshot"],"picked":"SKIP","floor":21},{"not_picked":["hermit:TrackingShot","hermit:FullyLoaded"],"picked":"hermit:SprayPray","floor":22},{"not_picked":["hermit:HoleUp","hermit:Coalescence+1","hermit:FullyLoaded"],"picked":"SKIP","floor":24},{"not_picked":["hermit:Determination","hermit:ItchyTrigger+1"],"picked":"hermit:LoneWolf+1","floor":27},{"not_picked":["hermit:Misfire","hermit:Maintenance"],"picked":"hermit:Roulette","floor":28},{"not_picked":["hermit:Desperado","hermit:LoneWolf"],"picked":"hermit:EyeOfTheStorm","floor":29}],"player_experience":375311,"relics_obtained":[{"floor":7,"key":"MawBank"},{"floor":9,"key":"Anchor"},{"floor":12,"key":"Orichalcum"},{"floor":26,"key":"Pantograph"},{"floor":28,"key":"MealTicket"}],"event_choices":[{"cards_removed":["hermit:Strike_Hermit"],"damage_healed":0,"gold_gain":0,"player_choice":"Purged","damage_taken":0,"max_hp_gain":0,"max_hp_loss":0,"event_name":"Purifier","floor":2,"gold_loss":0},{"damage_healed":0,"gold_gain":0,"player_choice":"Ignored","damage_taken":0,"max_hp_gain":0,"max_hp_loss":0,"event_name":"Vampires","floor":25,"gold_loss":0}],"is_beta":false,"boss_relics":[{"not_picked":["SacredBark","Tiny House"],"picked":"Runic Pyramid"}],"items_purged_floors":[19],"is_endless":false,"potions_floor_spawned":[3,4,7,12,21,24,29],"killed_by":"Gremlin Leader","ascension_level":5}}