{"host":"28p8ce41sjwa6lzf","time":1607709820,"event":{"mods":["BaseMod","Colored Map","Colored Powertips","Highlight Path","Minty Spire (QoL Compilation)","Permanent Neow","Quick Restart","Random Character Button","Rare Cards Sparkle","Relic Stats","StSLib","Unceasing Turn Reminder"],"gold_per_floor":[116,116,129,24,40,40,70,70,146,146,146,161,187,199,199,272,272,289,35,51,70,70,89,89,89],"floor_reached":24,"playtime":1169,"items_purged":["Strike_B","Strike_B"],"score":416,"play_id":"37712394-b5d1-4079-a17b-4013aa77c150","local_time":"20201211120340","is_ascension_mode":true,"campfire_choices":[{"data":"Streamline","floor":6.0,"key":"SMITH"},{"data":"Ball Lightning","floor":8,"key":"SMITH"},{"floor":10,"key":"REST"},{"data":"Static Discharge","floor":15,"key":"SMITH"}],"circlet_count":0,"master_deck":["AscendersBane","Strike_B","Defend_B","Defend_B","Defend_B","Defend_B","Zap","Dualcast","Thunder Strike","Rip and Tear","Steam","Streamline+1","Ball Lightning+1","Storm","Darkness","Static Discharge+1","Hyperbeam","Go for the Eyes","Capacitor","Leap","Turbo","Tempest"],"relics":["Cracked Core","Oddly Smooth Stone","Symbiotic Virus","InkBottle","Runic Pyramid","Membership Card"],"acts_visited":["Exordium","TheCity"],"potions_floor_usage":[7,12,13,18,24],"damage_taken":[{"damage":11.0,"enemies":"Small Slimes","floor":1.0,"turns":3.0},{"damage":1.0,"enemies":"Cultist","floor":3.0,"turns":3.0},{"damage":4.0,"enemies":"2 Louse","floor":5.0,"turns":2.0},{"damage":24,"enemies":"Lagavulin","floor":7,"turns":4},{"damage":0,"enemies":"Gremlin Gang","floor":12,"turns":3},{"damage":8,"enemies":"3 Sentries","floor":13,"turns":5},{"damage":5,"enemies":"Looter","floor":14,"turns":2},{"damage":24,"enemies":"The Guardian","floor":16,"turns":7},{"damage":0,"enemies":"Spheric Guardian","floor":18,"turns":3},{"damage":4,"enemies":"3 Byrds","floor":20,"turns":2},{"damage":16,"enemies":"Cultist and Chosen","floor":21,"turns":5},{"damage":23,"enemies":"Shelled Parasite and Fungi","floor":23,"turns":4},{"damage":14,"enemies":"Book of Stabbing","floor":24,"turns":2}],"seed_played":"6162057694465124856","potions_obtained":[{"floor":1.0,"key":"DuplicationPotion"},{"floor":3.0,"key":"Energy Potion"},{"floor":7,"key":"ColorlessPotion"},{"floor":16,"key":"DuplicationPotion"},{"floor":18,"key":"GamblersBrew"},{"floor":21,"key":"FocusPotion"}],"is_trial":false,"path_per_floor":["M","?","M","$","M","R","E","R","T","R","?","M","E","M","R","B",null,"M","$","M","M","?","M","E"],"character_chosen":"DEFECT","items_purchased":["Streamline","Membership Card","Capacitor"],"campfire_rested":1,"item_purchase_floors":[4,19,19],"current_hp_per_floor":[53,46,45,45,41,41,17,17,17,38,38,38,30,25,25,1,54,54,54,50,34,34,11,0,0],"gold":89,"neow_bonus":"ONE_RANDOM_RARE_CARD","is_daily":false,"chose_seed":false,"campfire_upgraded":3,"win_rate":0.0,"timestamp":1607709820,"path_taken":["M","?","M","$","M","R","E","R","T","R","?","M","E","M","R","BOSS","M","$","M","M","?","M","E"],"items_purchased_type":["Card","Relic","Card"],"build_version":"2020-11-30","purchased_purges":2,"victory":false,"max_hp_per_floor":[71,71,71,71,71,71,71,71,71,71,71,71,71,71,71,71,71,71,71,71,71,71,71,71,71],"relic_stats":{"counters":[13,45],"obtain_stats":[{"Oddly Smooth Stone":7,"Membership Card":19,"Cracked Core":0,"Symbiotic Virus":9,"InkBottle":13,"Runic Pyramid":17},{"Oddly Smooth Stone":4,"Membership Card":9,"Cracked Core":0,"Symbiotic Virus":4,"InkBottle":6,"Runic Pyramid":8},{"Oddly Smooth Stone":12,"Membership Card":32,"Cracked Core":0,"Symbiotic Virus":12,"InkBottle":20,"Runic Pyramid":29}],"InkBottle":[6]},"card_choices":[{"not_picked":["Sweeping Beam","Rebound"],"picked":"Rip and Tear","floor":1.0},{"not_picked":["Stack","Darkness"],"picked":"Steam","floor":3.0},{"not_picked":["Sweeping Beam","Darkness"],"picked":"Ball Lightning","floor":5.0},{"not_picked":["Stack","Fusion"],"picked":"Storm","floor":7},{"not_picked":["Barrage","Sunder"],"picked":"Darkness","floor":12},{"not_picked":["Steam","Reprogram"],"picked":"Static Discharge","floor":13},{"not_picked":["Go for the Eyes","Coolheaded","Sunder"],"picked":"SKIP","floor":14},{"not_picked":["Meteor Strike","Machine Learning"],"picked":"Hyperbeam","floor":16},{"not_picked":["Rebound","Compile Driver"],"picked":"Go for the Eyes","floor":18},{"not_picked":["Hologram","Hello World"],"picked":"Leap","floor":20},{"not_picked":["Gash","Leap"],"picked":"Turbo","floor":21},{"not_picked":["Hologram","Compile Driver"],"picked":"Tempest","floor":23}],"player_experience":977332,"relics_obtained":[{"floor":7,"key":"Oddly Smooth Stone"},{"floor":9,"key":"Symbiotic Virus"},{"floor":13,"key":"InkBottle"}],"event_choices":[{"cards_removed":["Strike_B"],"damage_healed":0.0,"max_hp_gain":0.0,"max_hp_loss":0.0,"gold_gain":0.0,"event_name":"Golden Wing","player_choice":"Card Removal","floor":2.0,"gold_loss":0.0,"damage_taken":7.0},{"damage_healed":0,"gold_gain":0,"player_choice":"Ignored","damage_taken":0,"max_hp_gain":0,"max_hp_loss":0,"event_name":"Liars Game","floor":11,"gold_loss":0},{"damage_healed":0,"gold_gain":0,"player_choice":"Ignored","damage_taken":0,"max_hp_gain":0,"max_hp_loss":0,"event_name":"Cursed Tome","floor":22,"gold_loss":0}],"is_beta":false,"boss_relics":[{"not_picked":["Runic Dome","Velvet Choker"],"picked":"Runic Pyramid"}],"items_purged_floors":[4,19],"is_endless":false,"potions_floor_spawned":[1,3,5,7,16,18,21],"killed_by":"Book of Stabbing","ascension_level":20}}