{"host":"j1scnswqkwb5ezp5","time":1607694003,"event":{"mods":["Act Like it!","BaseMod","Hallownest","Minty Spire (QoL Compilation)","StSLib","The Bug Knight"],"gold_per_floor":[115,115,115,125,125,151,151,181,232,77,112,77,131,141,141,244,244,264,363,373,373,373,405,405,437,462,462,475,475,486,505,505,604,604,621,701,721,739,347,347,364,364,364,383,129,484,484,484,484,484],"floor_reached":51,"playtime":2467,"items_purged":[],"score":826,"play_id":"b2d53ffb-c5ca-44c7-aef9-f6a35206eea4","local_time":"20201211214003","is_ascension_mode":false,"campfire_choices":[{"data":"Pray","floor":7.0,"key":"SMITH"},{"data":"Consecrate","floor":15.0,"key":"SMITH"},{"data":"Vault","floor":24.0,"key":"SMITH"},{"floor":29.0,"key":"REST"},{"floor":32.0,"key":"REST"},{"floor":40.0,"key":"DIG"},{"floor":42.0,"key":"DIG"},{"data":"DevaForm","floor":47.0,"key":"SMITH"},{"data":"WindmillStrike","floor":49.0,"key":"SMITH"}],"circlet_count":0,"master_deck":["Strike_P+1","Strike_P","Strike_P+1","Strike_P","Defend_P","Defend_P","Defend_P","Defend_P","Eruption+1","Vigilance+1","JustLucky","Pray+1","FollowUp+1","WindmillStrike+1","Consecrate+1","SashWhip","Vault+1","EmptyBody","JustLucky","EmptyFist","FlurryOfBlows+1","FollowUp","ReachHeaven","LessonLearned","CurseOfTheBell","Crescendo+1","CutThroughFate","Consecrate+1","CutThroughFate+1","ReachHeaven","DevaForm+1"],"relics":["PureWater","NeowsBlessing","Damaru","Whetstone","Regal Pillow","Tiny Chest","Ancient Tea Set","Bag of Marbles","Philosopher\u0027s Stone","Thread and Needle","InkBottle","Anchor","Vajra","Calling Bell","Dream Catcher","Toxic Egg 2","Shovel","Eternal Feather","HandDrill","Boot","PreservedInsect","Mercury Hourglass","Letter Opener","Kunai","Old Coin","Ornamental Fan"],"acts_visited":["Exordium","TheCity","TheBeyond"],"potions_floor_usage":[],"damage_taken":[{"damage":0.0,"enemies":"2 Louse","floor":1.0,"turns":1.0},{"damage":0.0,"enemies":"Small Slimes","floor":4.0,"turns":1.0},{"damage":0.0,"enemies":"Lagavulin","floor":6.0,"turns":1.0},{"damage":27.0,"enemies":"3 Sentries","floor":8.0,"turns":6.0},{"damage":3.0,"enemies":"Gremlin Nob","floor":11.0,"turns":3.0},{"damage":0.0,"enemies":"Jaw Worm","floor":14.0,"turns":1.0},{"damage":64.0,"enemies":"The Guardian","floor":16.0,"turns":6.0},{"damage":0.0,"enemies":"Spheric Guardian","floor":18.0,"turns":2.0},{"damage":16.0,"enemies":"3 Byrds","floor":20.0,"turns":4.0},{"damage":19.0,"enemies":"HollowMod:Nosk","floor":23.0,"turns":7.0},{"damage":16.0,"enemies":"Slavers","floor":25.0,"turns":6.0},{"damage":0.0,"enemies":"Centurion and Healer","floor":28.0,"turns":3.0},{"damage":0.0,"enemies":"Snake Plant","floor":30.0,"turns":2.0},{"damage":0.0,"enemies":"3 Cultists","floor":31.0,"turns":3.0},{"damage":8.0,"enemies":"Collector","floor":33.0,"turns":6.0},{"damage":0.0,"enemies":"Orb Walker","floor":35.0,"turns":3.0},{"damage":1.0,"enemies":"3 Shapes","floor":37.0,"turns":5.0},{"damage":13.0,"enemies":"Maw","floor":38.0,"turns":6.0},{"damage":24.0,"enemies":"Writhing Mass","floor":41.0,"turns":5.0},{"damage":0.0,"enemies":"Jaw Worm Horde","floor":44.0,"turns":3.0},{"damage":14.0,"enemies":"2 Orb Walkers","floor":46.0,"turns":4.0},{"damage":74,"enemies":"Time Eater","floor":50,"turns":7}],"seed_played":"-6753329942952691875","potions_obtained":[{"floor":4.0,"key":"SneckoOil"},{"floor":11.0,"key":"Weak Potion"},{"floor":16.0,"key":"Ancient Potion"},{"floor":25.0,"key":"DuplicationPotion"},{"floor":30.0,"key":"SteroidPotion"},{"floor":33.0,"key":"SpeedPotion"},{"floor":37.0,"key":"Swift Potion"},{"floor":38.0,"key":"SteroidPotion"},{"floor":44.0,"key":"SteroidPotion"}],"is_trial":false,"path_per_floor":["M","?","?","M","$","E","R","E","T","$","E","?","T","M","R","B",null,"M","?","M","T","?","E","R","E","T","?","M","R","M","M","R","B",null,"M","T","M","M","$","R","M","R","T","M","$","?","R","T","R","B",null],"character_chosen":"WATCHER","items_purchased":["Tiny Chest","HandDrill","Boot","FairyPotion","Kunai"],"campfire_rested":2,"item_purchase_floors":[10,39,39,39,45],"current_hp_per_floor":[72,72,77,77,77,77,77,50,50,50,47,66,66,66,66,2,77,77,77,61,61,61,42,42,26,26,10,10,48,48,48,77,69,77,77,77,76,63,63,77,53,68,68,68,68,54,72,72,77,3],"gold":484,"neow_bonus":"THREE_ENEMY_KILL","is_daily":false,"chose_seed":false,"campfire_upgraded":5,"win_rate":0.0,"timestamp":1607694003,"path_taken":["M","?","?","M","$","E","R","E","T","?","E","?","?","M","R","BOSS","M","?","M","?","?","E","R","E","T","?","?","R","M","M","R","BOSS","M","?","M","M","$","R","M","R","T","?","?","?","R","?","R","BOSS"],"items_purchased_type":["Relic","Relic","Relic","Potion","Relic"],"build_version":"2020-11-30","purchased_purges":0,"victory":true,"max_hp_per_floor":[72,72,77,77,77,77,77,77,77,77,77,77,77,77,77,77,77,77,77,77,77,77,77,77,77,77,77,77,77,77,77,77,77,77,77,77,77,77,77,77,77,77,77,77,77,77,77,77,77,77],"card_choices":[{"not_picked":["ClearTheMind","Protect"],"picked":"JustLucky","floor":1.0},{"not_picked":["FlurryOfBlows","WaveOfTheHand"],"picked":"Pray","floor":4.0},{"not_picked":["WindmillStrike","CutThroughFate"],"picked":"FollowUp","floor":6.0},{"not_picked":["DeceiveReality","SashWhip"],"picked":"WindmillStrike","floor":8.0},{"not_picked":["Judgement","Protect"],"picked":"Consecrate","floor":11.0},{"not_picked":["BowlingBash","Sanctity"],"picked":"SashWhip","floor":14.0},{"not_picked":["ConjureBlade","Judgement"],"picked":"Vault","floor":16.0},{"not_picked":["Nirvana","WindmillStrike"],"picked":"EmptyBody","floor":18.0},{"not_picked":["Protect","BowlingBash+1"],"picked":"JustLucky","floor":20.0},{"not_picked":["WaveOfTheHand","Indignation+1"],"picked":"EmptyFist","floor":23.0},{"not_picked":["Tantrum","DeceiveReality","WaveOfTheHand"],"picked":"SKIP","floor":25.0},{"not_picked":["EmptyFist","FollowUp"],"picked":"FlurryOfBlows","floor":28.0},{"not_picked":["Protect","Adaptation"],"picked":"FollowUp","floor":30.0},{"not_picked":["ConjureBlade","Nirvana"],"picked":"ReachHeaven","floor":31.0},{"not_picked":["Establishment","Scrawl"],"picked":"LessonLearned","floor":33.0},{"not_picked":["EmptyFist+1","Vengeance+1"],"picked":"Crescendo+1","floor":35.0},{"not_picked":["Conclude","FlyingSleeves+1"],"picked":"CutThroughFate","floor":37.0},{"not_picked":["FlyingSleeves+1","CrushJoints"],"picked":"Consecrate+1","floor":38.0},{"not_picked":["WindmillStrike+1","Conclude"],"picked":"CutThroughFate+1","floor":41.0},{"not_picked":["Indignation+1","CrushJoints"],"picked":"ReachHeaven","floor":44.0},{"not_picked":["PathToVictory+1","BowlingBash+1"],"picked":"DevaForm","floor":46.0}],"player_experience":273618,"relics_obtained":[{"floor":6.0,"key":"Damaru"},{"floor":8.0,"key":"Whetstone"},{"floor":9.0,"key":"Regal Pillow"},{"floor":11.0,"key":"Ancient Tea Set"},{"floor":13.0,"key":"Bag of Marbles"},{"floor":21.0,"key":"Thread and Needle"},{"floor":23.0,"key":"InkBottle"},{"floor":25.0,"key":"Anchor"},{"floor":26.0,"key":"Vajra"},{"floor":34.0,"key":"Dream Catcher"},{"floor":34.0,"key":"Toxic Egg 2"},{"floor":34.0,"key":"Shovel"},{"floor":36.0,"key":"Eternal Feather"},{"floor":40.0,"key":"PreservedInsect"},{"floor":42.0,"key":"Mercury Hourglass"},{"floor":43.0,"key":"Letter Opener"},{"floor":46.0,"key":"Old Coin"},{"floor":48.0,"key":"Ornamental Fan"}],"event_choices":[{"damage_healed":0.0,"max_hp_gain":0.0,"max_hp_loss":0.0,"gold_gain":0.0,"event_name":"Living Wall","player_choice":"Grow","floor":2.0,"gold_loss":0.0,"damage_taken":0.0,"cards_upgraded":["Eruption"]},{"damage_healed":0.0,"max_hp_gain":5.0,"max_hp_loss":0.0,"gold_gain":0.0,"event_name":"Big Fish","player_choice":"Donut","floor":3.0,"gold_loss":0.0,"damage_taken":0.0},{"damage_healed":19.0,"max_hp_gain":0.0,"max_hp_loss":0.0,"gold_gain":0.0,"event_name":"The Cleric","player_choice":"Healed","floor":12.0,"gold_loss":35.0,"damage_taken":0.0},{"damage_healed":0.0,"max_hp_gain":0.0,"max_hp_loss":0.0,"gold_gain":99.0,"event_name":"Nest","player_choice":"Stole From Cult","floor":19.0,"gold_loss":0.0,"damage_taken":0.0},{"damage_healed":0.0,"max_hp_gain":0.0,"max_hp_loss":0.0,"gold_gain":0.0,"event_name":"Beggar","player_choice":"Ignored","floor":22.0,"gold_loss":0.0,"damage_taken":0.0},{"damage_healed":0.0,"max_hp_gain":0.0,"max_hp_loss":0.0,"gold_gain":0.0,"event_name":"Cursed Tome","player_choice":"Obtained Book","floor":27.0,"gold_loss":0.0,"damage_taken":16.0},{"damage_healed":0.0,"max_hp_gain":0.0,"max_hp_loss":0.0,"gold_gain":0.0,"event_name":"Mysterious Sphere","player_choice":"Fight","floor":46.0,"gold_loss":0.0,"damage_taken":0.0}],"is_beta":false,"boss_relics":[{"not_picked":["VioletLotus","Tiny House"],"picked":"Philosopher\u0027s Stone"},{"not_picked":["Snecko Eye","Empty Cage"],"picked":"Calling Bell"}],"items_purged_floors":[],"is_endless":false,"potions_floor_spawned":[4,11,16,25,30,33,37,38,44],"ascension_level":0}}