{"host":"p7j7o00jacnw7qzt","time":1607709511,"event":{"mods":["BaseMod","Colored Map","Colored Powertips","DeckTracker","Highlight Path","Minty Spire (QoL Compilation)","Relic Stats"],"gold_per_floor":[116,116,128,53,67,67,67,67,67,93,108,126,201,226,226,304,304,315,765,785,371,421,421,450,461,507,525,525,525],"floor_reached":28,"playtime":1041,"items_purged":["Strike_R","Strike_R"],"score":696,"play_id":"e3255548-c1c7-4841-9205-708dae55b4a5","local_time":"20201211125831","is_ascension_mode":true,"campfire_choices":[{"data":"Hemokinesis","floor":6.0,"key":"SMITH"},{"data":"Bloodletting","floor":8.0,"key":"SMITH"},{"data":"Whirlwind","floor":15.0,"key":"SMITH"},{"data":"Rupture","floor":23.0,"key":"SMITH"}],"circlet_count":0,"master_deck":["AscendersBane","Strike_R+1","Strike_R","Defend_R","Defend_R+1","Defend_R+1","Defend_R","Bash","Hemokinesis+1","Second Wind+1","Bloodletting+1","Whirlwind+1","Second Wind","Demon Form","Shrug It Off","Rupture+1","Power Through","Evolve","Entrench"],"relics":["Burning Blood","Red Skull","StrikeDummy","Charon\u0027s Ashes","War Paint","Coffee Dripper","TheAbacus","The Courier","Dream Catcher"],"acts_visited":["TheCity"],"potions_floor_usage":[],"damage_taken":[{"damage":3.0,"enemies":"Cultist","floor":1.0,"turns":3.0},{"damage":2.0,"enemies":"Small Slimes","floor":3.0,"turns":2.0},{"damage":2.0,"enemies":"2 Louse","floor":5.0,"turns":3.0},{"damage":24.0,"enemies":"3 Sentries","floor":10.0,"turns":8.0},{"damage":2.0,"enemies":"Large Slime","floor":11.0,"turns":3.0},{"damage":2.0,"enemies":"Exordium Thugs","floor":12.0,"turns":3.0},{"damage":7.0,"enemies":"Lagavulin","floor":14.0,"turns":3.0},{"damage":4.0,"enemies":"Slime Boss","floor":16.0,"turns":5.0},{"damage":0.0,"enemies":"3 Byrds","floor":18.0,"turns":4.0},{"damage":0.0,"enemies":"2 Thieves","floor":20.0,"turns":2.0},{"damage":5.0,"enemies":"Gremlin Leader","floor":24.0,"turns":4.0},{"damage":17.0,"enemies":"Snake Plant","floor":25.0,"turns":5.0},{"damage":3.0,"enemies":"Sentry and Sphere","floor":27.0,"turns":4.0},{"damage":12,"enemies":"Book of Stabbing","floor":28,"turns":4}],"seed_played":"7240163582731619523","potions_obtained":[{"floor":1.0,"key":"ElixirPotion"},{"floor":5.0,"key":"Regen Potion"},{"floor":18.0,"key":"Swift Potion"},{"floor":24.0,"key":"Weak Potion"},{"floor":27.0,"key":"Ancient Potion"}],"is_trial":false,"path_per_floor":["M","?","M","$","M","R","?","R","T","E","M","M","?","E","R","B",null,"M","?","M","$","?","R","E","M","T","M","E"],"character_chosen":"IRONCLAD","items_purchased":["TheAbacus","Power Through","Evolve"],"campfire_rested":0,"item_purchase_floors":[21,21,21],"current_hp_per_floor":[71,60,64,64,68,68,45,45,45,27,31,35,24,23,23,39,66,72,26,32,32,32,32,33,22,22,25,13,13],"gold":525,"neow_bonus":"TRANSFORM_CARD","is_daily":false,"chose_seed":false,"campfire_upgraded":4,"win_rate":0.0,"timestamp":1607709511,"path_taken":["M","?","M","$","M","R","?","R","T","E","M","M","?","E","R","BOSS","M","?","?","$","?","R","E","M","T","M","E"],"items_purchased_type":["Relic","Card","Card"],"build_version":"2020-11-30","purchased_purges":2,"victory":false,"max_hp_per_floor":[75,75,75,75,75,75,75,75,75,75,75,75,75,75,75,75,75,75,75,75,75,75,75,75,75,75,75,75,75],"relic_stats":{"Dream Catcher":0,"TheAbacus":[24],"counters":[14,53],"Charon\u0027s Ashes":[142],"War Paint":["Defend_R","Defend_R"],"obtain_stats":[{"Dream Catcher":26,"TheAbacus":21,"Charon\u0027s Ashes":10,"The Courier":24,"Coffee Dripper":17,"War Paint":14,"StrikeDummy":9,"Burning Blood":0,"Red Skull":2},{"Dream Catcher":12,"TheAbacus":10,"Charon\u0027s Ashes":4,"The Courier":11,"Coffee Dripper":8,"War Paint":7,"StrikeDummy":3,"Burning Blood":0,"Red Skull":1},{"Dream Catcher":45,"TheAbacus":36,"Charon\u0027s Ashes":16,"The Courier":40,"Coffee Dripper":30,"War Paint":25,"StrikeDummy":8,"Burning Blood":0,"Red Skull":3}],"Burning Blood":78},"card_choices":[{"not_picked":["Sword Boomerang","Thunderclap"],"picked":"Second Wind","floor":1.0},{"not_picked":["Thunderclap","Warcry"],"picked":"Bloodletting","floor":3.0},{"not_picked":["Armaments","Sever Soul","Clash"],"picked":"SKIP","floor":5.0},{"not_picked":["Anger","Clash","Clothesline"],"picked":"SKIP","floor":10.0},{"not_picked":["Armaments","Ghostly Armor","Havoc"],"picked":"SKIP","floor":11.0},{"not_picked":["Pommel Strike","Thunderclap"],"picked":"Whirlwind","floor":12.0},{"not_picked":["Inflame","Fire Breathing"],"picked":"Second Wind","floor":14.0},{"not_picked":["Double Tap","Corruption"],"picked":"Demon Form","floor":16.0},{"not_picked":["Combust","Havoc"],"picked":"Shrug It Off","floor":18.0},{"not_picked":["Pummel","Entrench"],"picked":"Rupture","floor":20.0},{"not_picked":["Warcry","Berserk"],"picked":"Entrench","floor":24.0},{"not_picked":["Anger","Thunderclap","Warcry"],"picked":"SKIP","floor":25.0},{"not_picked":["Sword Boomerang","Flex","Exhume"],"picked":"SKIP","floor":27.0}],"player_experience":773175,"relics_obtained":[{"floor":9.0,"key":"StrikeDummy"},{"floor":10.0,"key":"Charon\u0027s Ashes"},{"floor":14.0,"key":"War Paint"},{"floor":24.0,"key":"The Courier"},{"floor":26.0,"key":"Dream Catcher"}],"event_choices":[{"damage_healed":0.0,"max_hp_gain":0.0,"max_hp_loss":0.0,"gold_gain":0.0,"event_name":"Scrap Ooze","player_choice":"Success","floor":2.0,"gold_loss":0.0,"damage_taken":11.0,"relics_obtained":["Red Skull"]},{"damage_healed":0.0,"max_hp_gain":0.0,"max_hp_loss":0.0,"gold_gain":0.0,"event_name":"Shining Light","player_choice":"Entered Light","floor":7.0,"gold_loss":0.0,"damage_taken":23.0,"cards_upgraded":["Strike_R","Second Wind"]},{"damage_healed":0.0,"max_hp_gain":0.0,"max_hp_loss":0.0,"gold_gain":75.0,"event_name":"World of Goop","player_choice":"Gather Gold","floor":13.0,"gold_loss":0.0,"damage_taken":11.0},{"damage_healed":0.0,"max_hp_gain":0.0,"max_hp_loss":0.0,"gold_gain":450.0,"event_name":"Knowing Skull","player_choice":"GOLD GOLD GOLD GOLD GOLD ","floor":19.0,"potions_obtained":[],"gold_loss":0.0,"damage_taken":46.0,"cards_obtained":[]},{"damage_healed":0.0,"max_hp_gain":0.0,"max_hp_loss":0.0,"gold_gain":50.0,"event_name":"Nest","player_choice":"Stole From Cult","floor":22.0,"gold_loss":0.0,"damage_taken":0.0}],"is_beta":false,"boss_relics":[{"not_picked":["Pandora\u0027s Box","Runic Pyramid"],"picked":"Coffee Dripper"}],"items_purged_floors":[4,21],"is_endless":false,"potions_floor_spawned":[1,5,12,18,24,27],"killed_by":"Book of Stabbing","ascension_level":20}}