{"host":"wbdly04l9mkn9nrc","time":1607689117,"event":{"mods":["AchievementEnabler","BaseMod","BetterRewards","Minty Spire (QoL Compilation)","StSLib","[IsaacMod]ÒÔÈö¼âËþ"],"gold_per_floor":[114,114,2,2,2,2,27,54,54,65,94,68,82,101,101,197,197,217,237,237,237,237,263,263,263,289,202,202,106,117,4,4,99,99,109,38,88,88,104,104,139,150,174,0,35,35,49,66,66,66],"floor_reached":51,"playtime":3254,"items_purged":["Defend_P","Defend_P"],"score":917,"play_id":"226e43f8-f65e-4d9a-8d12-dac2a649eb91","local_time":"20201211201837","is_ascension_mode":true,"campfire_choices":[{"floor":6.0,"key":"REST"},{"floor":15.0,"key":"REST"},{"data":"Eruption","floor":24.0,"key":"SMITH"},{"data":"Collect","floor":28.0,"key":"SMITH"},{"data":"Indignation","floor":32.0,"key":"SMITH"},{"data":"Metamorphosis","floor":40,"key":"SMITH"},{"data":"Scrawl","floor":46,"key":"SMITH"},{"data":"ClearTheMind","floor":49,"key":"SMITH"}],"circlet_count":0,"master_deck":["Defend_P","Defend_P","Eruption+1","Vigilance","DeusExMachina+1","ClearTheMind+1","Blasphemy+1","SashWhip+1","EmptyBody","Scrawl+1","BowlingBash+1","WheelKick+1","CarveReality+1","Brilliance+1","Collect+1","ReachHeaven+1","Bite+1","Bite+1","Bite+1","Bite+1","Bite+1","CrushJoints+1","Perseverance","FollowUp+1","Indignation+1","Metamorphosis+1","FlurryOfBlows+1","CutThroughFate+1","Pray","Prostrate","Noxious Fumes+1","FlurryOfBlows+1","Rebound+1","Finisher+1","EmptyFist+1"],"relics":["PureWater","HushsDoor","TheBible","SteamSale","Molten Egg 2","Tiny Chest","Happy Flower","Bronze Scales","Darkstone Periapt","Orichalcum","Meat on the Bone","VioletLotus","Enchiridion","SatanicBible","Centennial Puzzle","Mummified Hand","Nunchaku","PrismaticShard","MealTicket","SlaversCollar","Lizard Tail","Pear","HowToJump","Red Mask","Smiling Mask","Pear"],"acts_visited":["Exordium","TheCity","TheBeyond"],"potions_floor_usage":[],"damage_taken":[{"damage":0.0,"enemies":"2 Louse","floor":1.0,"turns":1.0},{"damage":9.0,"enemies":"Gremlin Nob","floor":8.0,"turns":4.0},{"damage":0.0,"enemies":"Small Slimes","floor":10.0,"turns":3.0},{"damage":20.0,"enemies":"3 Sentries","floor":11.0,"turns":8.0},{"damage":1.0,"enemies":"Jaw Worm","floor":13.0,"turns":3.0},{"damage":4.0,"enemies":"Blue Slaver","floor":14.0,"turns":2.0},{"damage":3.0,"enemies":"Hexaghost","floor":16.0,"turns":5.0},{"damage":5.0,"enemies":"3 Byrds","floor":18.0,"turns":2.0},{"damage":5.0,"enemies":"2 Thieves","floor":19.0,"turns":3.0},{"damage":29.0,"enemies":"Slavers","floor":23.0,"turns":3.0},{"damage":3.0,"enemies":"Snecko","floor":30.0,"turns":3.0},{"damage":52.0,"enemies":"Champ","floor":33.0,"turns":7.0},{"damage":0.0,"enemies":"3 Shapes","floor":35.0,"turns":3.0},{"damage":23.0,"enemies":"Mind Bloom Boss Battle","floor":37.0,"turns":5.0},{"damage":0,"enemies":"3 Darklings","floor":39,"turns":4},{"damage":0,"enemies":"Giant Head","floor":41,"turns":4},{"damage":0,"enemies":"Jaw Worm Horde","floor":42,"turns":3},{"damage":0,"enemies":"Nemesis","floor":45,"turns":3},{"damage":7,"enemies":"Spire Growth","floor":47,"turns":2},{"damage":0,"enemies":"Transient","floor":48,"turns":5},{"damage":65,"enemies":"Time Eater","floor":50,"turns":7}],"seed_played":"-2241360085172957901","potions_obtained":[{"floor":1.0,"key":"Block Potion"},{"floor":8.0,"key":"SteroidPotion"},{"floor":11.0,"key":"BottledMiracle"},{"floor":18.0,"key":"FearPotion"},{"floor":23.0,"key":"Energy Potion"},{"floor":35.0,"key":"BottledMiracle"},{"floor":41,"key":"FairyPotion"}],"is_trial":false,"path_per_floor":["M","?","$","?","?","R","T","E","T","M","E","$","M","M","R","B",null,"M","M","?","?","T","E","R","T","T","$","R","$","M","$","R","B",null,"M","$","?","T","M","R","E","M","T","?","E","R","M","M","R","B",null],"character_chosen":"WATCHER","items_purchased":["SteamSale","Molten Egg 2","Tiny Chest","Happy Flower","BowlingBash+1","Perseverance","FollowUp+1","PrismaticShard","MealTicket","Indignation","CutThroughFate+1","Pray","Prostrate"],"campfire_rested":2,"item_purchase_floors":[0,0,0,3,12,27,29,29,31,31,36,36,36],"current_hp_per_floor":[40,40,40,33,19,40,40,31,31,31,11,11,22,30,51,48,72,67,62,46,46,46,29,29,29,29,29,29,29,35,35,35,16,50,50,50,27,37,46,46,58,60,60,60,60,60,56,60,60,35],"gold":66,"neow_bonus":"","is_daily":false,"chose_seed":false,"campfire_upgraded":6,"win_rate":0.0,"timestamp":1607689117,"path_taken":["M","?","$","?","?","R","?","E","T","M","E","$","M","M","R","BOSS","M","M","?","?","?","E","R","?","T","$","R","$","?","?","R","BOSS","M","$","?","?","M","R","E","M","T","?","E","R","M","M","R","BOSS"],"items_purchased_type":["Relic","Relic","Relic","Relic","Undefined","Card","Undefined","Relic","Relic","Card","Undefined","Card","Card"],"build_version":"2020-11-30","purchased_purges":2,"victory":true,"max_hp_per_floor":[72,72,72,72,72,72,72,72,72,72,72,72,72,72,72,72,72,72,72,72,50,50,50,50,50,50,50,50,50,50,50,50,50,50,50,50,50,60,60,60,60,60,60,60,60,60,60,60,60,70],"card_choices":[{"not_picked":[],"picked":"Bomb","floor":0.0},{"not_picked":["DeceiveReality","Vengeance"],"picked":"ClearTheMind","floor":1.0},{"not_picked":["BowlingBash+1","PathToVictory"],"picked":"SashWhip+1","floor":8.0},{"not_picked":["Evaluate","Vengeance"],"picked":"EmptyBody","floor":10.0},{"not_picked":["WreathOfFlame","Swivel"],"picked":"Scrawl","floor":11.0},{"not_picked":["Weave+1","BowlingBash+1"],"picked":"WheelKick+1","floor":13.0},{"not_picked":["Perseverance","ClearTheMind"],"picked":"CarveReality+1","floor":14.0},{"not_picked":["Ragnarok+1","Judgement"],"picked":"Brilliance+1","floor":16.0},{"not_picked":["Protect+1","ThirdEye"],"picked":"Collect","floor":18.0},{"not_picked":["FlyingSleeves+1","Vengeance"],"picked":"ReachHeaven+1","floor":19.0},{"not_picked":["CarveReality+1","SignatureMove+1"],"picked":"CrushJoints+1","floor":23.0},{"not_picked":["Cold Snap+1","Scrape+1","Sweeping Beam+1"],"picked":"SKIP","floor":30.0},{"not_picked":["Fission","Corruption"],"picked":"Metamorphosis","floor":33.0},{"not_picked":["Deflect+1","FollowUp+1"],"picked":"FlurryOfBlows+1","floor":35.0},{"not_picked":["Fasting2","Beam Cell+1"],"picked":"Noxious Fumes+1","floor":39},{"not_picked":["PiercingWail","Searing Blow+1","BowlingBash+1"],"picked":"SKIP","floor":41},{"not_picked":["Thinking Ahead","ThirdEye"],"picked":"FlurryOfBlows+1","floor":42},{"not_picked":["Reflex","Clash+1"],"picked":"Rebound+1","floor":45},{"not_picked":["Prepared+1","Rupture+1"],"picked":"Finisher+1","floor":47},{"not_picked":["Dodge and Roll+1","Collect+1"],"picked":"EmptyFist+1","floor":48}],"player_experience":65361,"relics_obtained":[{"floor":7.0,"key":"Bronze Scales"},{"floor":8.0,"key":"Darkstone Periapt"},{"floor":9.0,"key":"Orichalcum"},{"floor":11.0,"key":"Meat on the Bone"},{"floor":20.0,"key":"Enchiridion"},{"floor":22.0,"key":"SatanicBible"},{"floor":23.0,"key":"Centennial Puzzle"},{"floor":25.0,"key":"Mummified Hand"},{"floor":26.0,"key":"Nunchaku"},{"floor":37.0,"key":"Lizard Tail"},{"floor":38.0,"key":"Pear"},{"floor":41,"key":"Diplopia"},{"floor":43,"key":"HowToJump"},{"floor":45,"key":"Smiling Mask"}],"event_choices":[{"damage_healed":0.0,"max_hp_gain":0.0,"max_hp_loss":0.0,"gold_gain":0.0,"cards_transformed":["Strike_P"],"event_name":"Living Wall","player_choice":"Change","floor":2.0,"gold_loss":0.0,"damage_taken":0.0,"cards_obtained":["Blasphemy"]},{"cards_removed":["Strike_P"],"damage_healed":0.0,"max_hp_gain":0.0,"max_hp_loss":0.0,"gold_gain":0.0,"event_name":"Golden Wing","player_choice":"Card Removal","floor":4.0,"gold_loss":0.0,"damage_taken":7.0},{"damage_healed":0.0,"max_hp_gain":0.0,"max_hp_loss":0.0,"gold_gain":0.0,"event_name":"Shining Light","player_choice":"Entered Light","floor":5.0,"gold_loss":0.0,"damage_taken":14.0,"cards_upgraded":["Blasphemy","DeusExMachina"]},{"damage_healed":0.0,"max_hp_gain":0.0,"max_hp_loss":0.0,"gold_gain":0.0,"event_name":"Cursed Tome","player_choice":"Obtained Book","floor":20.0,"gold_loss":0.0,"damage_taken":16.0},{"damage_healed":0.0,"max_hp_gain":0.0,"max_hp_loss":22.0,"gold_gain":0.0,"event_name":"Vampires","player_choice":"Became a vampire","floor":21.0,"gold_loss":0.0,"damage_taken":0.0,"cards_obtained":["Bite","Bite","Bite","Bite","Bite"]},{"damage_healed":0.0,"max_hp_gain":0.0,"max_hp_loss":0.0,"gold_gain":0.0,"event_name":"MindBloom","player_choice":"Fight","floor":37.0,"gold_loss":0.0,"damage_taken":0.0},{"damage_healed":0,"gold_gain":0,"player_choice":"Paid","damage_taken":0,"relics_obtained":["Red Mask"],"max_hp_gain":0,"max_hp_loss":0,"event_name":"Tomb of Lord Red Mask","floor":44,"gold_loss":174}],"is_beta":false,"boss_relics":[{"not_picked":["SacredBark","Astrolabe"],"picked":"VioletLotus"},{"not_picked":[]},{"not_picked":["Busted Crown","Velvet Choker"],"picked":"SlaversCollar"},{"not_picked":[]}],"items_purged_floors":[3,27],"is_endless":false,"potions_floor_spawned":[1,8,11,18,23,30,35,41,45,47],"ascension_level":1}}