{"host":"3xls0xm49ftugio7","time":1607683945,"event":{"mods":["2.2 Compatiblity","AchievementEnabler","Act Like it!","BaseMod","Colored Powertips","GifTheSpireLib","Hermit","Minty Spire (QoL Compilation)","Quick Restart","Relic Stats","StSLib","The Florist","The Hierophant"],"gold_per_floor":[109,259,7,7,21,21,54,54,54,71,71,71],"floor_reached":11,"playtime":300,"items_purged":["Doubt"],"score":138,"play_id":"fe789a84-2e4d-41a0-b83e-0c02f5f5b3ea","local_time":"20201211125225","is_ascension_mode":true,"campfire_choices":[{"data":"hermit:Vantage","floor":6.0,"key":"SMITH"},{"data":"hermit:WideOpen","floor":8,"key":"SMITH"}],"circlet_count":0,"master_deck":["AscendersBane","hermit:Strike_Hermit","hermit:Strike_Hermit","hermit:Strike_Hermit","hermit:Strike_Hermit","hermit:Defend_Hermit","hermit:Defend_Hermit","hermit:Defend_Hermit","hermit:Defend_Hermit","hermit:Snapshot","hermit:Covet","hermit:Misfire","hermit:FatalDesire+1","hermit:Roulette","hermit:Vantage+1","hermit:WideOpen+1","hermit:HeroicBravado+1"],"relics":["hermit:Momento","Boot","Toxic Egg 2"],"acts_visited":["Exordium"],"potions_floor_usage":[7],"damage_taken":[{"damage":2.0,"enemies":"Small Slimes","floor":1.0,"turns":4.0},{"damage":7.0,"enemies":"Jaw Worm","floor":5.0,"turns":2.0},{"damage":30,"enemies":"3 Sentries","floor":7,"turns":7},{"damage":0,"enemies":"Cultist","floor":10,"turns":2},{"damage":33,"enemies":"Gremlin Nob","floor":11,"turns":4}],"seed_played":"972653967611968600","potions_obtained":[{"floor":5.0,"key":"Explosive Potion"}],"is_trial":false,"path_per_floor":["M","?","$","?","M","R","E","R","T","M","E"],"character_chosen":"HERMIT","items_purchased":["hermit:FatalDesire","hermit:Roulette"],"campfire_rested":0,"item_purchase_floors":[3,3],"current_hp_per_floor":[69,69,69,69,62,62,32,32,32,32,0,0],"gold":71,"neow_bonus":"TEN_PERCENT_HP_BONUS","is_daily":false,"chose_seed":false,"campfire_upgraded":2,"win_rate":0.0,"timestamp":1607683945,"path_taken":["M","?","$","?","M","R","E","R","T","M","E"],"items_purchased_type":["Card","Card"],"build_version":"2020-11-30","purchased_purges":1,"victory":false,"max_hp_per_floor":[78,78,78,78,78,78,78,78,78,78,78,78],"relic_stats":{"counters":[5,19],"Boot":[0],"obtain_stats":[{"Toxic Egg 2":9,"Boot":7,"hermit:Momento":0},{"Toxic Egg 2":3,"Boot":3,"hermit:Momento":0},{"Toxic Egg 2":13,"Boot":13,"hermit:Momento":0}]},"card_choices":[{"not_picked":["hermit:BodyArmor","hermit:CalledShot"],"picked":"hermit:Misfire","floor":1.0},{"not_picked":["hermit:WideOpen","hermit:DeadMansHand"],"picked":"hermit:Vantage","floor":5.0},{"not_picked":["hermit:Headshot","hermit:Virtue"],"picked":"hermit:WideOpen","floor":7},{"not_picked":["hermit:CalledShot","hermit:Roulette"],"picked":"hermit:HeroicBravado+1","floor":10}],"player_experience":809677,"relics_obtained":[{"floor":7,"key":"Boot"},{"floor":9,"key":"Toxic Egg 2"}],"event_choices":[{"damage_healed":0.0,"max_hp_gain":0.0,"max_hp_loss":0.0,"gold_gain":150.0,"event_name":"Liars Game","player_choice":"AGREE","floor":2.0,"gold_loss":0.0,"damage_taken":0.0,"cards_obtained":["Doubt"]},{"damage_healed":0.0,"max_hp_gain":0.0,"max_hp_loss":0.0,"gold_gain":0.0,"event_name":"Living Wall","player_choice":"Grow","floor":4.0,"gold_loss":0.0,"damage_taken":0.0,"cards_upgraded":["hermit:FatalDesire"]}],"is_beta":false,"boss_relics":[],"items_purged_floors":[3],"is_endless":false,"potions_floor_spawned":[5],"killed_by":"Gremlin Nob","ascension_level":19}}