{"host":"56qj8mvhgmcu65ix","time":1607725083,"event":{"mods":["AchievementEnabler","BaseMod","Better Vampires","Colored Map","Colored Powertips","DeckTracker","Highlight Path","Minty Spire (QoL Compilation)","Permanent Neow","Quick Restart","Rare Cards Sparkle","Relic Stats","StSLib","everything is the same but u backflip on backflip","slay the spire mod where everything is the same but ironclad has a cowboy hat"],"gold_per_floor":[110,128,278,163,175,175,200,200,225,225,237,254,283,345,345,419,419,430,246,265,265,281,306,317,317,364,393,393,268,295,306,306,377,377,388,436,456,481,331,359,125,125,125,138,138,173,173,192,192,192,192],"floor_reached":50,"playtime":2688,"items_purged":["Doubt","Bash","Writhe","Strike_R+1","Strike_R+1"],"score":1117,"play_id":"d3034708-d0e8-4f7b-9c09-d912867a7d57","local_time":"20201211161803","is_ascension_mode":true,"campfire_choices":[{"data":"Uppercut","floor":6.0,"key":"SMITH"},{"data":"Spot Weakness","floor":8.0,"key":"SMITH"},{"data":"Battle Trance","floor":10.0,"key":"SMITH"},{"data":"Inflame","floor":15.0,"key":"SMITH"},{"data":"Fiend Fire","floor":25.0,"key":"SMITH"},{"data":"Pummel","floor":32.0,"key":"SMITH"},{"floor":49.0,"key":"RECALL"}],"circlet_count":0,"master_deck":["AscendersBane","Strike_R+1","Strike_R+1","Defend_R+1","Defend_R+1","Defend_R+1","Defend_R+1","Uppercut+1","Battle Trance+1","Spot Weakness+1","Intimidate+1","Heavy Blade+1","Pummel+1","Inflame+1","Anger","Fiend Fire+1","Seeing Red+1","Evolve","Shrug It Off","Thunderclap+1","Reaper","True Grit+1","Demon Form","Shrug It Off","Madness","Madness","Armaments","Impervious"],"relics":["Black Blood","NeowsBlessing","PreservedInsect","Lantern","Nunchaku","Whetstone","Sundial","Happy Flower","CaptainsWheel","Akabeko","War Paint","Fusion Hammer","WingedGreaves","StoneCalendar","Mercury Hourglass","HornCleat","Smiling Mask"],"acts_visited":["TheBeyond"],"potions_floor_usage":[],"damage_taken":[{"damage":0.0,"enemies":"Small Slimes","floor":1.0,"turns":1.0},{"damage":0.0,"enemies":"2 Louse","floor":2.0,"turns":1.0},{"damage":0.0,"enemies":"Jaw Worm","floor":5.0,"turns":1.0},{"damage":24.0,"enemies":"Gremlin Nob","floor":7.0,"turns":4.0},{"damage":8.0,"enemies":"Looter","floor":11.0,"turns":2.0},{"damage":3.0,"enemies":"Exordium Wildlife","floor":12.0,"turns":3.0},{"damage":15.0,"enemies":"Lagavulin","floor":13.0,"turns":3.0},{"damage":27.0,"enemies":"Lagavulin Event","floor":14.0,"turns":4.0},{"damage":18.0,"enemies":"Slime Boss","floor":16.0,"turns":8.0},{"damage":15.0,"enemies":"Shell Parasite","floor":18.0,"turns":2.0},{"damage":25.0,"enemies":"3 Byrds","floor":20.0,"turns":5.0},{"damage":33.0,"enemies":"3 Cultists","floor":22.0,"turns":6.0},{"damage":5.0,"enemies":"Slavers","floor":23.0,"turns":4.0},{"damage":20.0,"enemies":"Snecko","floor":24.0,"turns":4.0},{"damage":22.0,"enemies":"Book of Stabbing","floor":27.0,"turns":4.0},{"damage":0.0,"enemies":"Centurion and Healer","floor":31.0,"turns":4.0},{"damage":86.0,"enemies":"Collector","floor":33.0,"turns":10.0},{"damage":66.0,"enemies":"3 Darklings","floor":35.0,"turns":8.0},{"damage":37.0,"enemies":"2 Orb Walkers","floor":36.0,"turns":4.0},{"damage":0.0,"enemies":"Orb Walker","floor":37.0,"turns":3.0},{"damage":0.0,"enemies":"Mind Bloom Boss Battle","floor":38.0,"turns":4.0},{"damage":19.0,"enemies":"Reptomancer","floor":40.0,"turns":3.0},{"damage":29.0,"enemies":"Maw","floor":44.0,"turns":7.0},{"damage":44.0,"enemies":"Giant Head","floor":46.0,"turns":7.0},{"damage":5.0,"enemies":"3 Darklings","floor":48.0,"turns":5.0},{"damage":98,"enemies":"Donu and Deca","floor":50,"turns":6}],"seed_played":"6359667249567448502","potions_obtained":[{"floor":7.0,"key":"BloodPotion"},{"floor":11.0,"key":"CultistPotion"},{"floor":14.0,"key":"BlessingOfTheForge"},{"floor":22.0,"key":"Weak Potion"},{"floor":27.0,"key":"Fire Potion"},{"floor":31.0,"key":"EntropicBrew"},{"floor":36.0,"key":"FearPotion"},{"floor":37.0,"key":"Regen Potion"},{"floor":40.0,"key":"Dexterity Potion"}],"is_trial":false,"path_per_floor":["M","M","?","$","M","R","E","R","T","R","M","M","E","?","R","B",null,"M","$","M","?","M","E","M","R","T","E","?","$","T","M","R","B",null,"M","?","M","?","$","E","$","?","T","M","?","E","?","M","R","B"],"character_chosen":"IRONCLAD","items_purchased":["Battle Trance","Evolve","Shrug It Off"],"campfire_rested":0,"item_purchase_floors":[4,19,41],"current_hp_per_floor":[74,75,75,75,75,75,57,57,57,57,55,58,49,28,28,31,64,61,61,48,48,27,34,26,26,26,16,16,16,16,44,44,36,65,68,75,75,75,75,68,68,68,68,58,44,55,55,75,75,0,0],"gold":192,"neow_bonus":"THREE_ENEMY_KILL","is_daily":false,"chose_seed":false,"campfire_upgraded":6,"win_rate":0.0,"timestamp":1607725083,"path_taken":["M","M","?","$","M","R","E","R","T","R","M","M","E","?","R","BOSS","M","$","M","?","M","E","M","R","T","E","?","?","?","M","R","BOSS","M","?","M","?","$","E","$","?","T","?","?","E","?","?","R","BOSS"],"items_purchased_type":["Card","Card","Card"],"build_version":"2020-11-30","purchased_purges":5,"victory":false,"max_hp_per_floor":[75,75,75,75,75,75,75,75,75,75,75,75,75,75,75,75,75,75,75,75,75,75,75,75,75,75,75,75,75,75,75,75,75,75,75,75,75,75,75,75,75,75,75,75,75,75,75,75,75,75,75],"relic_stats":{"Nunchaku":[17],"Happy Flower":[21],"counters":[26,113],"Sundial":[6],"Black Blood":187,"StoneCalendar":[26],"PreservedInsect":333,"Whetstone":["Heavy Blade","Strike_R"],"War Paint":["Seeing Red","Intimidate"],"Smiling Mask":0,"obtain_stats":[{"Lantern":9,"NeowsBlessing":0,"Happy Flower":26,"Black Blood":17,"StoneCalendar":38,"PreservedInsect":7,"Whetstone":14,"War Paint":30,"Smiling Mask":46,"Burning Blood":0,"Akabeko":28,"Mercury Hourglass":40,"Nunchaku":13,"CaptainsWheel":27,"HornCleat":43,"Sundial":23,"Fusion Hammer":34,"WingedGreaves":36},{"Lantern":4,"NeowsBlessing":0,"Happy Flower":14,"Black Blood":9,"StoneCalendar":21,"PreservedInsect":4,"Whetstone":8,"War Paint":15,"Smiling Mask":24,"Burning Blood":0,"Akabeko":15,"Mercury Hourglass":22,"Nunchaku":7,"CaptainsWheel":15,"HornCleat":22,"Sundial":13,"Fusion Hammer":17,"WingedGreaves":19},{"Lantern":7,"NeowsBlessing":0,"Happy Flower":48,"Black Blood":27,"StoneCalendar":85,"PreservedInsect":7,"Whetstone":19,"War Paint":52,"Smiling Mask":102,"Burning Blood":0,"Akabeko":52,"Mercury Hourglass":88,"Nunchaku":15,"CaptainsWheel":52,"HornCleat":88,"Sundial":44,"Fusion Hammer":66,"WingedGreaves":78}],"Mercury Hourglass":[85]},"card_choices":[{"not_picked":["Perfected Strike","Pummel"],"picked":"Uppercut","floor":1.0},{"not_picked":["Armaments","Sword Boomerang","Bloodletting"],"picked":"SKIP","floor":2.0},{"not_picked":["Metallicize","Warcry"],"picked":"Spot Weakness","floor":5.0},{"not_picked":["Power Through","Pommel Strike"],"picked":"Intimidate","floor":7.0},{"not_picked":["Havoc","Dual Wield"],"picked":"Heavy Blade","floor":11.0},{"not_picked":["Iron Wave","Perfected Strike"],"picked":"Pummel","floor":12.0},{"not_picked":["Second Wind","Twin Strike"],"picked":"Inflame","floor":13.0},{"not_picked":["Clash","Pommel Strike"],"picked":"Anger","floor":14.0},{"not_picked":["Double Tap","Barricade"],"picked":"Fiend Fire","floor":16.0},{"not_picked":["Spot Weakness","Iron Wave"],"picked":"Seeing Red","floor":18.0},{"not_picked":["Headbutt","Infernal Blade"],"picked":"Shrug It Off","floor":20.0},{"not_picked":["Body Slam","Blood for Blood+1","Havoc"],"picked":"SKIP","floor":22.0},{"not_picked":["Perfected Strike","Clash","Bloodletting"],"picked":"SKIP","floor":23.0},{"not_picked":["Perfected Strike","Clash","Bloodletting"],"picked":"SKIP","floor":23.0},{"not_picked":["Metallicize","Inflame"],"picked":"Thunderclap+1","floor":24.0},{"not_picked":["Rupture","Clash"],"picked":"Reaper","floor":27.0},{"not_picked":["Heavy Blade","Thunderclap"],"picked":"True Grit+1","floor":31.0},{"not_picked":["Feed","Juggernaut"],"picked":"Demon Form","floor":33.0},{"not_picked":["Anger","Heavy Blade","Uppercut"],"picked":"SKIP","floor":35.0},{"not_picked":["Body Slam","Reckless Charge","Headbutt"],"picked":"SKIP","floor":37.0},{"not_picked":["Fiend Fire","Wild Strike","Havoc"],"picked":"SKIP","floor":40.0},{"not_picked":["Seeing Red","Searing Blow+1","Armaments"],"picked":"SKIP","floor":44.0},{"not_picked":["Flex+1","True Grit"],"picked":"Armaments","floor":46.0},{"not_picked":["Anger+1","Sword Boomerang","Cleave"],"picked":"SKIP","floor":48.0}],"player_experience":297983,"relics_obtained":[{"floor":7.0,"key":"PreservedInsect"},{"floor":9.0,"key":"Lantern"},{"floor":13.0,"key":"Nunchaku"},{"floor":14.0,"key":"Whetstone"},{"floor":23.0,"key":"Sundial"},{"floor":26.0,"key":"Happy Flower"},{"floor":27.0,"key":"CaptainsWheel"},{"floor":30.0,"key":"War Paint"},{"floor":36.0,"key":"WingedGreaves"},{"floor":38.0,"key":"StoneCalendar"},{"floor":40.0,"key":"Mercury Hourglass"},{"floor":43.0,"key":"HornCleat"},{"floor":46.0,"key":"Smiling Mask"}],"event_choices":[{"damage_healed":0.0,"max_hp_gain":0.0,"max_hp_loss":0.0,"gold_gain":150.0,"event_name":"Liars Game","player_choice":"AGREE","floor":3.0,"gold_loss":0.0,"damage_taken":0.0,"cards_obtained":["Doubt"]},{"damage_healed":0.0,"max_hp_gain":0.0,"max_hp_loss":0.0,"gold_gain":0.0,"event_name":"Dead Adventurer","player_choice":"Searched \u00271\u0027 times","floor":14.0,"gold_loss":0.0,"damage_taken":0.0},{"damage_healed":0.0,"max_hp_gain":0.0,"max_hp_loss":0.0,"gold_gain":0.0,"event_name":"Back to Basics","player_choice":"Simplicity","floor":21.0,"gold_loss":0.0,"damage_taken":0.0,"cards_upgraded":["Strike_R","Strike_R","Strike_R","Strike_R","Defend_R","Defend_R","Defend_R","Defend_R"]},{"damage_healed":0.0,"max_hp_gain":0.0,"max_hp_loss":0.0,"gold_gain":0.0,"event_name":"The Mausoleum","player_choice":"Opened","floor":28.0,"gold_loss":0.0,"damage_taken":0.0,"relics_obtained":["Akabeko"],"cards_obtained":["Writhe"]},{"damage_healed":0.0,"max_hp_gain":0.0,"max_hp_loss":0.0,"gold_gain":0.0,"event_name":"Mysterious Sphere","player_choice":"Fight","floor":36.0,"gold_loss":0.0,"damage_taken":0.0},{"damage_healed":0.0,"max_hp_gain":0.0,"max_hp_loss":0.0,"gold_gain":0.0,"event_name":"MindBloom","player_choice":"Fight","floor":38.0,"gold_loss":0.0,"damage_taken":0.0},{"damage_healed":0.0,"max_hp_gain":0.0,"max_hp_loss":0.0,"gold_gain":0.0,"event_name":"Transmorgrifier","player_choice":"Ignored","floor":42.0,"gold_loss":0.0,"damage_taken":0.0},{"damage_healed":0.0,"max_hp_gain":0.0,"max_hp_loss":0.0,"gold_gain":0.0,"event_name":"Winding Halls","player_choice":"Embrace Madness","floor":45.0,"gold_loss":0.0,"damage_taken":14.0,"cards_obtained":["Madness","Madness"]},{"damage_healed":0.0,"max_hp_gain":0.0,"max_hp_loss":0.0,"gold_gain":0.0,"cards_transformed":["Strike_R"],"event_name":"Transmorgrifier","player_choice":"Transformed","floor":47.0,"gold_loss":0.0,"damage_taken":0.0,"cards_obtained":["Impervious"]}],"is_beta":false,"boss_relics":[{"not_picked":["Pandora\u0027s Box","Tiny House"],"picked":"Black Blood"},{"not_picked":["Runic Dome","Snecko Eye"],"picked":"Fusion Hammer"}],"items_purged_floors":[4,19,29,39,41],"is_endless":false,"potions_floor_spawned":[7,11,12,14,22,27,31,36,37,40,44],"killed_by":"Donu and Deca","ascension_level":19}}