{"host":"2psfthmeyefnuu1p","time":1607700463,"event":{"mods":["Aspiration","BaseMod","Challenge The Spire","Conspire","Downfall","GungeonMod","Hermit","Minty Spire (QoL Compilation)","Quick Restart","Replay The Spire","RumiaBox-露米娅的神秘盒子","Spicy Shops","StSLib","The Bladedancer","The Cursed","The Gatherer","The Jungle","The Runesmith","Uncapped","[IsaacMod]以撒尖塔","vexMod","【功能Mod】混沌之环修复补丁","篝火指南"],"gold_per_floor":[110,196,196,102,115,140,140,32,110,122,48,65,40,69,0,97,97,116,116,116,116,116,116,135,153,153,253,273,273,188,188,88,186,186,201,201,217,217,217,217,245,245,291,291,380,430,511,511,511,596,596,596,596,677,1057],"floor_reached":56,"playtime":3985,"items_purged":["Looming Evil","Strike_B","Strike_B","Strike_B","Regret","Doubt","Strike_B+1","Amnesia","Meteor Strike+1","Defend_B+1","Parasite"],"score":1357,"play_id":"b97c63d9-7721-4ccc-b7ad-14091cc1e4d3","local_time":"20201211232743","is_ascension_mode":false,"campfire_choices":[{"floor":40,"key":"RECALL"}],"circlet_count":0,"master_deck":["SuicideKing","Barrage+1","Go for the Eyes+1","Sunder+1","Defragment+1","Coolheaded+1","FIFO Queue+1","BasicCrystalCard+1","BasicCrystalCard+1","Rainbow+1","Conserve Battery+1","Crystallizer+1","Leap+1","expansioncontent:GoopSpray+1","expansioncontent:Chronoboost+1","DoctorFetus+1","FIFO Queue+1","Conserve Battery+1","Biased Cognition+1","Ball Lightning+1","Steam+1","Defragment+1","BasicCrystalCard+1","Compile Driver+1","Barrage+1","Sweeping Beam+1","Lockon+1","Barrage+1","conspire:SharedLibrary+1","Biased Cognition+1","Redo+1","conspire:SharedLibrary","Defragment+1","Sweeping Beam+1","Defragment+1","Panic Button","Fusion+1","ElectricPowerLearning","expansioncontent:CaCaw","DemoMod:Invincible","expansioncontent:CaCaw","Mirror Shield+1","Buffer+1","Echo Form+1","Echo Form+1","Reboot+1","Crystallizer","Parasite"],"relics":["Cracked Core","HushsDoor","SteamSale","NeowsBlessing","ReplayTheSpireMod:Ring of Exchange","ReplayTheSpireMod:Ring of Addiction","SacredBark","Chameleon Ring","vexMod:PaidLearning","DemoMod:PartiallyEatenCheese","Potion Belt","MaYiHuaBei","Lee\u0027s Waffle","Membership Card","JudasShadow","Bottled Lightning","Cursed Key","BookofShadows","ReplayTheSpireMod:TigerMarble","conspire:SeveredTorchhead","conspire:Flyswatter","aspiration:SeaSaltIceCream","aspiration:Nostalgia","Replay:M_StaffOfTheSnake","Snack Pack","Fusion Hammer","Runesmith:Nanobots","War Paint","conspire:SlowCooker","MutagenicStrength","DemoMod:MonsterBlood","Honey Jar","DemoMod:ClearGuonStone","DoctorsRemote","conspire:RunicOctahedron","Peace Pipe","PillsDrop","GodSword6","DemoMod:ResourcefulSack","SlaversCollar","SatanicBible","Orrery","Anchor","Eternal Feather","ReplayTheSpireMod:Ninjato","Bag of Preparation","vexMod:TanglingVine","Whetstone","vexMod:InvisibilityCloak","SoulBox","Mark of the Bloom","DemoMod:GlassGuonStoneRelic","GodSword7","DollysMirror","Replay:Rubber Ducky","Mirror","aspiration:Lifesprig","aspiration:FaultyCoupler","Simple Rune","aspiration:MobileForge","Replay:Bandana","InkBottle","DemoMod:JetPack","PunchingBag","Vajra","ClockworkSouvenir","Geode","Tiny House","BookOfRevelations","Bottled Flame","conspire:SpecialSausage","conspire:BottledYoYo","vexMod:Spyglass","Lizard Tail","Busted Crown","FossilizedHelix","YumHeart","StoneCalendar","aspiration:Stellarator","SalivaCoin","aspiration:HummingbirdHeart","Philosopher\u0027s Stone","SumBook"],"acts_visited":["Exordium","TheCity","TheBeyond","TheEnding"],"potions_floor_usage":[28,33,55,55,55,55],"damage_taken":[{"damage":0.0,"enemies":"Small Slimes","floor":1.0,"turns":1.0},{"damage":0.0,"enemies":"Cultist","floor":5.0,"turns":1.0},{"damage":0.0,"enemies":"3 Sentries","floor":6.0,"turns":1.0},{"damage":9.0,"enemies":"Jaw Worm","floor":10.0,"turns":2.0},{"damage":11.0,"enemies":"Large Slime","floor":12.0,"turns":4.0},{"damage":0.0,"enemies":"Gremlin Nob","floor":14.0,"turns":1.0},{"damage":29.0,"enemies":"The Guardian","floor":16.0,"turns":8.0},{"damage":50.0,"enemies":"Spheric Guardian","floor":18.0,"turns":6.0},{"damage":0,"enemies":"Shell Parasite","floor":24,"turns":3},{"damage":4,"enemies":"Chosen and Byrds","floor":25,"turns":4},{"damage":13,"enemies":"Centurion and Healer","floor":28,"turns":4},{"damage":0,"enemies":"Automaton","floor":33,"turns":4},{"damage":0,"enemies":"Orb Walker","floor":35,"turns":2},{"damage":0,"enemies":"3 Darklings","floor":37,"turns":3},{"damage":0,"enemies":"R_Hoarder","floor":41,"turns":3},{"damage":0,"enemies":"Reptomancer","floor":45,"turns":3},{"damage":0,"enemies":"Writhing Mass","floor":47,"turns":3},{"damage":0,"enemies":"Donu and Deca","floor":50,"turns":2},{"damage":0,"enemies":"Shield and Spear","floor":54,"turns":2},{"damage":0,"enemies":"Delirium","floor":55,"turns":9}],"seed_played":"-8125164832691532950","potions_obtained":[{"floor":3.0,"key":"Fire Potion"},{"floor":3.0,"key":"Strength Potion"},{"floor":3.0,"key":"EntropicBrew"},{"floor":6.0,"key":"DemoMod:LeadSkinPotion"},{"floor":14.0,"key":"Reflective Coating"},{"floor":18.0,"key":"PowerPotion"},{"floor":28,"key":"FocusPotion"},{"floor":33,"key":"ColorlessPotion"},{"floor":37,"key":"SteroidPotion"},{"floor":45,"key":"DemoMod:LeadSkinPotion"}],"is_trial":false,"path_per_floor":["M","?","?","$","M","E","?","$","T","M","R","M","?","E","R","B",null,"M","$","?","$","?","R","M","M","T","?","M","$","?","T","R","B",null,"M","?","M","?","?","R","E","R","T","R","E","$","M","?","R","B",null,"R","$","E","B",null],"character_chosen":"DEFECT","items_purchased":["Barrage","vexMod:PaidLearning","Potion Belt","Defragment","FIFO Queue","Lee\u0027s Waffle","JudasShadow","Bottled Lightning","Cursed Key","BookofShadows","ReplayTheSpireMod:TigerMarble","conspire:SeveredTorchhead","conspire:Flyswatter","Crystallizer","Leap","expansioncontent:GoopSpray","Swift Potion","hexamod:EctoCoolerPotion","SteroidPotion","SkillPotion","aspiration:SeaSaltIceCream","Snack Pack","Fusion Hammer","Runesmith:Nanobots","War Paint","conspire:SlowCooker","DistilledChaos","Block Potion","expansioncontent:Chronoboost","DoctorFetus","DemoMod:MonsterBlood","Honey Jar","DemoMod:ClearGuonStone","DoctorsRemote","conspire:RunicOctahedron","PotionOfCapacity","FIFO Queue","Conserve Battery","Peace Pipe","GodSword6","BasicCrystalCard","ChaosCard","DemoMod:ResourcefulSack","SlaversCollar","SatanicBible","Orrery","ReplayTheSpireMod:Ninjato","Bag of Preparation","vexMod:TanglingVine","Whetstone","vexMod:InvisibilityCloak","conspire:SharedLibrary","DollysMirror","Replay:Rubber Ducky","Mirror","aspiration:Lifesprig","aspiration:FaultyCoupler","SpeedPotion","aspiration:MobileForge","Replay:Bandana","InkBottle","DemoMod:JetPack","Panic Button","Explosive Potion","Vajra","ClockworkSouvenir","Geode","Tiny House","BookOfRevelations","Bottled Flame","conspire:SpecialSausage","conspire:BottledYoYo","vexMod:Spyglass","Lizard Tail","Busted Crown","FossilizedHelix","DemoMod:Invincible","YumHeart","StoneCalendar","aspiration:Stellarator","SalivaCoin","aspiration:HummingbirdHeart","Philosopher\u0027s Stone","expansioncontent:CaCaw"],"campfire_rested":0,"item_purchase_floors":[4,4,8,8,11,15,17,19,19,19,19,19,19,19,19,19,19,19,19,19,21,21,21,21,21,21,21,21,21,21,23,23,23,23,23,23,23,23,23,29,29,29,29,29,29,29,32,32,32,32,32,32,42,42,42,42,42,42,44,44,44,44,44,44,46,46,46,46,49,49,49,52,52,52,52,52,52,53,53,53,53,53,53,53],"current_hp_per_floor":[75,60,60,60,60,60,60,60,60,51,51,40,40,40,78,47,63,13,13,13,13,13,20,20,16,16,16,3,3,3,3,24,35,65,65,65,63,63,63,61,61,61,59,59,59,57,57,57,57,57,57,57,55,55,53],"gold":1057,"neow_bonus":"THREE_ENEMY_KILL","is_daily":false,"chose_seed":false,"campfire_upgraded":0,"win_rate":0.0,"timestamp":1607700463,"path_taken":["M","?","?","$","M","E","?","$","T","M","R","?","?","E","R","BOSS","M","$","?","?","?","R","M","M","T","?","M","$","?","?","R","BOSS","M","?","M","?","?","R","E","R","T","R","E","$","M","?","R","BOSS","R","$","E","BOSS"],"items_purchased_type":["Card","Relic","Relic","Card","Card","Relic","Relic","Relic","Relic","Relic","Relic","Relic","Relic","Card","Card","Card","Potion","Potion","Potion","Potion","Relic","Relic","Relic","Relic","Relic","Relic","Potion","Potion","Card","Card","Relic","Relic","Relic","Relic","Relic","Potion","Card","Card","Relic","Relic","Card","Card","Relic","Relic","Relic","Relic","Relic","Relic","Relic","Relic","Relic","Card","Relic","Relic","Relic","Relic","Relic","Potion","Relic","Relic","Relic","Relic","Card","Potion","Relic","Relic","Relic","Relic","Relic","Relic","Relic","Relic","Relic","Relic","Relic","Relic","Card","Relic","Relic","Relic","Relic","Relic","Relic","Card"],"build_version":"2020-11-30","purchased_purges":11,"victory":true,"max_hp_per_floor":[75,75,75,75,75,75,75,75,75,73,73,73,71,71,78,76,63,63,63,63,61,61,68,66,66,66,64,64,64,64,64,62,65,65,65,65,63,63,63,61,61,61,59,59,59,62,62,62,60,60,60,58,55,55,53],"card_choices":[{"not_picked":[],"picked":"SuicideKing","floor":0.0},{"not_picked":["Compile Driver","Steam"],"picked":"Ball Lightning","floor":1.0},{"not_picked":["Ball Lightning","Storm"],"picked":"Go for the Eyes","floor":5.0},{"not_picked":["Seek","Turbo"],"picked":"Meteor Strike","floor":6.0},{"not_picked":["ReplayTheSpireMod:System Scan","Bomb"],"picked":"Coolheaded","floor":10.0},{"not_picked":["Leap","BootSequence"],"picked":"BasicCrystalCard","floor":12.0},{"not_picked":["Self Repair","Undo"],"picked":"BasicCrystalCard","floor":14.0},{"not_picked":["ReplayTheSpireMod:Omega Cannon","Machine Learning"],"picked":"Rainbow","floor":16.0},{"not_picked":["ReplayTheSpireMod:System Scan+1","BootSequence"],"picked":"Conserve Battery","floor":18.0},{"not_picked":["ClearTheMind","Rebound","Dagger Throw"],"picked":"Biased Cognition","floor":24},{"not_picked":["Steam Power","Rebound","Turbo"],"picked":"Ball Lightning","floor":25},{"not_picked":["Aggregate","CutThroughFate","Stack"],"picked":"Steam","floor":27},{"not_picked":["Redo","Leap","Panic Button+1"],"picked":"Defragment","floor":28},{"not_picked":["Fan","Turbo+1","Doppelganger"],"picked":"Compile Driver","floor":29},{"not_picked":["Steam","Nirvana","Compile Driver"],"picked":"Barrage","floor":29},{"not_picked":["ReplaySort+1","Glacier","Grand Finale"],"picked":"Sweeping Beam","floor":29},{"not_picked":["Hologram","Melter","Well Laid Plans"],"picked":"Lockon","floor":29},{"not_picked":["Compile Driver","Turbo","FTL"],"picked":"Barrage+1","floor":29},{"not_picked":["Seek","Glass Knife","Grand Finale"],"picked":"Biased Cognition","floor":33},{"not_picked":["Rebound+1","Reprogram","conspire:Rain+1"],"picked":"Redo+1","floor":35},{"not_picked":["Go for the Eyes+1","All For One","Stack"],"picked":"conspire:SharedLibrary","floor":37},{"not_picked":["Go for the Eyes","Double Energy","Auto Shields+1"],"picked":"Sweeping Beam+1","floor":41},{"not_picked":["ReplayTheSpireMod:GoodbyeWorld","Sweeping Beam","Fan","Stack+1"],"picked":"SKIP","floor":45},{"not_picked":["Distribution+1","Hologram","Aggregate+1"],"picked":"Fusion+1","floor":46},{"not_picked":["Coolheaded","ReplayTheSpireMod:GoodbyeWorld+1","Barrage"],"picked":"ElectricPowerLearning","floor":47},{"not_picked":["Finesse","expansioncontent:FaceSlap","Replay:Bootleg Shield Generator"],"picked":"expansioncontent:CaCaw","floor":48},{"not_picked":["Rebound+1"],"picked":"Crystallizer","floor":54}],"player_experience":134710,"relics_obtained":[{"floor":3.0,"key":"ReplayTheSpireMod:Ring of Exchange"},{"floor":3.0,"key":"ReplayTheSpireMod:Ring of Addiction"},{"floor":3.0,"key":"SacredBark"},{"floor":3.0,"key":"Chameleon Ring"},{"floor":6.0,"key":"DemoMod:PartiallyEatenCheese"},{"floor":14.0,"key":"MaYiHuaBei"},{"floor":26,"key":"PillsDrop"},{"floor":31,"key":"Eternal Feather"},{"floor":41,"key":"GodSword7"},{"floor":43,"key":"Simple Rune"},{"floor":45,"key":"PunchingBag"},{"floor":54,"key":"SumBook"}],"event_choices":[{"damage_healed":0,"gold_gain":0,"player_choice":"Inject Mutagens","damage_taken":0,"relics_obtained":["MutagenicStrength"],"max_hp_gain":0,"max_hp_loss":0,"event_name":"Drug Dealer","floor":22,"gold_loss":0},{"damage_healed":0,"gold_gain":0,"player_choice":"Obtained Relic","damage_taken":0,"relics_obtained":["Anchor"],"max_hp_gain":0,"max_hp_loss":0,"event_name":"Addict","floor":30,"gold_loss":85},{"damage_healed":0,"gold_gain":0,"player_choice":"Upgrade","damage_taken":0,"relics_obtained":["Mark of the Bloom"],"max_hp_gain":0,"max_hp_loss":0,"event_name":"MindBloom","floor":36,"gold_loss":0,"cards_upgraded":["Strike_B","Defend_B","Defend_B","Defend_B","Dualcast","Go for the Eyes","Defragment","Coolheaded","FIFO Queue","BasicCrystalCard","BasicCrystalCard","Rainbow","Conserve Battery","Crystallizer","expansioncontent:GoopSpray","expansioncontent:Chronoboost","DoctorFetus","FIFO Queue","Conserve Battery","Biased Cognition","Ball Lightning","Steam","Defragment","BasicCrystalCard","Compile Driver","Barrage","Sweeping Beam","ReplayTheSpireMod:Faulty Equipment","conspire:SharedLibrary","Biased Cognition"]},{"damage_healed":0,"gold_gain":0,"player_choice":"Copied","damage_taken":0,"max_hp_gain":0,"max_hp_loss":0,"event_name":"Duplicator","floor":38,"gold_loss":0,"cards_obtained":["Defragment"]},{"damage_healed":0,"gold_gain":0,"player_choice":"Memory 1","damage_taken":0,"max_hp_gain":0,"max_hp_loss":0,"event_name":"SensoryStone","floor":48,"gold_loss":0}],"is_beta":false,"boss_relics":[{"not_picked":["Painkiller Herb","Black Star"],"picked":"Membership Card"},{"not_picked":[]},{"not_picked":["Frozen Eye","Calling Bell"],"picked":"SoulBox"},{"not_picked":[]}],"items_purged_floors":[11,19,21,23,32,32,42,44,46,52,53],"is_endless":false,"potions_floor_spawned":[6,14,18,28,33,37,45,47],"ascension_level":0}}