{"host":"jrmqsbok61y7b34d","time":1607699124,"event":{"mods":["BaseMod","Colored Map","Colored Powertips","Emptier Cage","Minty Spire (QoL Compilation)","Permanent Neow","Quick Restart","Relic Stats","StSLib","Unceasing Turn Reminder"],"gold_per_floor":[117,136,152,77,77,106,106,135,181,200,200,200,76,151,151,249,249,260,278,292,292,207,207,207,207,207],"floor_reached":25,"playtime":1804,"items_purged":["Strike_B","Defend_B"],"score":334,"play_id":"2097377d-7a35-4e4d-8ce4-0353576e0fe5","local_time":"20201211150524","is_ascension_mode":true,"campfire_choices":[{"floor":7.0,"key":"REST"},{"floor":11.0,"key":"REST"},{"floor":15.0,"key":"REST"},{"data":"Reinforced Body","floor":23,"key":"SMITH"}],"circlet_count":0,"master_deck":["AscendersBane","Defend_B+1","Defend_B","Defend_B+1","Zap","Dualcast","Melter","Hologram","Melter","Sweeping Beam","FTL","Undo","Glacier","Conserve Battery","Core Surge","Reinforced Body+1","Steam+1","Streamline","RitualDagger"],"relics":["Cracked Core","Sundial","Lantern","Vajra","Nuclear Battery","Orichalcum","Molten Egg 2"],"acts_visited":["Exordium","TheCity"],"potions_floor_usage":[16,25],"damage_taken":[{"damage":0.0,"enemies":"Jaw Worm","floor":1.0,"turns":3.0},{"damage":0.0,"enemies":"2 Louse","floor":2.0,"turns":4.0},{"damage":1.0,"enemies":"Cultist","floor":3.0,"turns":3.0},{"damage":49.0,"enemies":"Gremlin Nob","floor":6.0,"turns":5.0},{"damage":22.0,"enemies":"3 Sentries","floor":8.0,"turns":10.0},{"damage":0.0,"enemies":"Looter","floor":10.0,"turns":2.0},{"damage":24,"enemies":"Slime Boss","floor":16,"turns":12},{"damage":7,"enemies":"3 Byrds","floor":18,"turns":5},{"damage":5,"enemies":"2 Thieves","floor":19,"turns":5},{"damage":0,"enemies":"Snake Plant","floor":20,"turns":6},{"damage":47,"enemies":"Gremlin Leader","floor":25,"turns":10}],"seed_played":"-3322715600642232395","potions_obtained":[{"floor":1.0,"key":"SpeedPotion"},{"floor":10.0,"key":"Strength Potion"},{"floor":19,"key":"Block Potion"}],"is_trial":false,"path_per_floor":["M","M","M","$","?","E","R","E","T","M","R","?","$","?","R","B",null,"M","M","M","?","?","R","T","E"],"character_chosen":"DEFECT","items_purchased":["Conserve Battery"],"campfire_rested":3,"item_purchase_floors":[13],"current_hp_per_floor":[68,68,67,67,53,4,24,2,2,2,22,22,22,16,36,12,54,47,42,42,36,36,36,36,0,0],"gold":207,"neow_bonus":"TRANSFORM_TWO_CARDS","is_daily":false,"chose_seed":false,"campfire_upgraded":1,"win_rate":0.0,"timestamp":1607699124,"path_taken":["M","M","M","$","?","E","R","E","T","M","R","?","$","?","R","BOSS","M","?","M","?","?","R","?","E"],"items_purchased_type":["Card"],"build_version":"2020-11-30","purchased_purges":2,"victory":false,"max_hp_per_floor":[68,68,68,68,68,68,68,68,68,68,68,68,68,68,68,68,68,68,68,68,68,68,68,68,68,68],"relic_stats":{"counters":[11,65],"Sundial":[12],"Orichalcum":[12],"obtain_stats":[{"Lantern":8,"Sundial":6,"Vajra":9,"Molten Egg 2":24,"Orichalcum":22,"Cracked Core":0,"Nuclear Battery":17},{"Lantern":5,"Sundial":4,"Vajra":5,"Molten Egg 2":10,"Orichalcum":10,"Cracked Core":0,"Nuclear Battery":7},{"Lantern":25,"Sundial":15,"Vajra":25,"Molten Egg 2":55,"Orichalcum":55,"Cracked Core":0,"Nuclear Battery":39}]},"card_choices":[{"not_picked":["Skim","Leap"],"picked":"Melter","floor":1.0},{"not_picked":["Redo","Hologram"],"picked":"Sweeping Beam","floor":2.0},{"not_picked":["Turbo","Hello World","Sweeping Beam"],"picked":"SKIP","floor":3.0},{"not_picked":["Coolheaded","Stack"],"picked":"FTL","floor":6.0},{"not_picked":["Sweeping Beam","Echo Form"],"picked":"Undo","floor":8.0},{"not_picked":["Leap","Coolheaded"],"picked":"Glacier","floor":10.0},{"not_picked":["Hyperbeam","Fission"],"picked":"Core Surge","floor":16},{"not_picked":["Stack","Static Discharge"],"picked":"Reinforced Body","floor":18},{"not_picked":["Darkness","Stack"],"picked":"Steam+1","floor":19},{"not_picked":["Steam+1","Undo"],"picked":"Streamline","floor":20}],"player_experience":902571,"relics_obtained":[{"floor":6.0,"key":"Sundial"},{"floor":8.0,"key":"Lantern"},{"floor":9.0,"key":"Vajra"},{"floor":24,"key":"Molten Egg 2"}],"event_choices":[{"damage_healed":0.0,"max_hp_gain":0.0,"max_hp_loss":0.0,"gold_gain":0.0,"event_name":"Shining Light","player_choice":"Entered Light","floor":5.0,"gold_loss":0.0,"damage_taken":14.0,"cards_upgraded":["Defend_B","Defend_B"]},{"cards_removed":["Strike_B"],"damage_healed":0.0,"max_hp_gain":0.0,"max_hp_loss":0.0,"gold_gain":0.0,"event_name":"Living Wall","player_choice":"Forget","floor":12.0,"gold_loss":0.0,"damage_taken":0.0},{"damage_healed":0.0,"max_hp_gain":0.0,"max_hp_loss":0.0,"gold_gain":75.0,"event_name":"FaceTrader","player_choice":"Touch","floor":14.0,"gold_loss":0.0,"damage_taken":6.0},{"damage_healed":0,"gold_gain":0,"player_choice":"Joined the Cult","damage_taken":6,"max_hp_gain":0,"max_hp_loss":0,"event_name":"Nest","floor":21,"gold_loss":0,"cards_obtained":["RitualDagger"]},{"damage_healed":0,"gold_gain":0,"player_choice":"Obtained Relic","damage_taken":0,"relics_obtained":["Orichalcum"],"max_hp_gain":0,"max_hp_loss":0,"event_name":"Addict","floor":22,"gold_loss":85}],"is_beta":false,"boss_relics":[{"not_picked":["SlaversCollar","Empty Cage"],"picked":"Nuclear Battery"}],"items_purged_floors":[4,13],"is_endless":false,"potions_floor_spawned":[1,10,19],"killed_by":"Gremlin Leader","ascension_level":12}}