{"host":"htrf3ac8hcpiz3aq","time":1607660480,"event":{"mods":["Act Like it!","BaseMod","Colored Map","Colored Powertips","Highlight Path","Marisa（F雨　魔理沙）","Minty Spire (QoL Compilation)","Reimu（博丽灵梦）","Replay The Spire","StSLib"],"gold_per_floor":[18,18,10,20,20,25,25,33,59,59,59],"floor_reached":10,"playtime":423,"items_purged":[],"score":95,"play_id":"6a854f79-f8ae-479e-b709-d0f382fcce20","local_time":"20201211122120","is_ascension_mode":true,"campfire_choices":[{"floor":7,"key":"REST"}],"circlet_count":0,"master_deck":["Strike_G","Strike_G","Strike_G","Strike_G","Strike_G","Defend_G","Defend_G","Defend_G","Defend_G","Defend_G","Survivor","Neutralize","Tactician","Poor:ReiMu","Escape Plan","Acrobatics","Dagger Spray","Expertise"],"relics":["Ring of the Snake","PureWhite:ReiMu","YidongShenshe:ReiMu","MealTicket","Replay:Rubber Ducky","Toy Ornithopter"],"acts_visited":["Exordium"],"potions_floor_usage":[6,10],"damage_taken":[{"damage":2,"enemies":"Small Slimes","floor":1,"turns":4},{"damage":2,"enemies":"Jaw Worm","floor":3,"turns":7},{"damage":2,"enemies":"Cultist","floor":4,"turns":4},{"damage":40,"enemies":"3 Sentries","floor":6,"turns":13},{"damage":31,"enemies":"Replay:BlueRogue","floor":8,"turns":11},{"damage":0,"enemies":"3 Sentries","floor":10,"turns":1}],"seed_played":"3236364658732851983","potions_obtained":[{"floor":1,"key":"Doom Potion"},{"floor":4,"key":"SteroidPotion"}],"is_trial":false,"path_per_floor":["M","?","M","M","?","E","R","E","T","E"],"character_chosen":"THE_SILENT","items_purchased":[],"campfire_rested":1,"item_purchase_floors":[],"current_hp_per_floor":[68,68,66,64,64,24,45,14,14,19,19],"gold":59,"neow_bonus":"ONE_RARE_RELIC","is_daily":false,"chose_seed":false,"campfire_upgraded":0,"win_rate":0.0,"timestamp":1607660480,"path_taken":["M","?","M","M","?","E","R","E","T","E"],"items_purchased_type":[],"build_version":"2020-11-30","purchased_purges":0,"victory":false,"max_hp_per_floor":[70,70,70,70,70,70,70,70,70,70,70],"card_choices":[{"not_picked":["Well Laid Plans","Bane"],"picked":"Tactician","floor":1},{"not_picked":["Backflip","Toxin Wave"],"picked":"Escape Plan","floor":3},{"not_picked":["ReplayTheSpireMod:The Works","Skewer"],"picked":"Acrobatics","floor":4},{"not_picked":["Underhanded Strike","ReplayTheSpireMod:The Works"],"picked":"Dagger Spray","floor":6},{"not_picked":["Replay:Poison Smokescreen","Skewer"],"picked":"Expertise","floor":8}],"player_experience":457513,"relics_obtained":[{"floor":6,"key":"MealTicket"},{"floor":8,"key":"Replay:Rubber Ducky"},{"floor":9,"key":"Toy Ornithopter"}],"event_choices":[{"damage_healed":0,"gold_gain":0,"player_choice":"带走神社","damage_taken":0,"relics_obtained":["YidongShenshe:ReiMu"],"max_hp_gain":0,"max_hp_loss":0,"event_name":"yidonshenshe","floor":2,"gold_loss":0,"cards_obtained":["Poor:ReiMu"]},{"damage_healed":0,"gold_gain":0,"player_choice":"Ignored","damage_taken":0,"max_hp_gain":0,"max_hp_loss":0,"event_name":"Golden Wing","floor":5,"gold_loss":0}],"is_beta":false,"boss_relics":[],"items_purged_floors":[],"is_endless":false,"potions_floor_spawned":[1,4],"killed_by":"3 Sentries","ascension_level":5}}