{"host":"o5jvvi5yapo90aia","time":1607666426,"event":{"mods":["BaseMod","CapriCore","Minty Spire (QoL Compilation)","MostiFishMod","Prisma Mod","Spicy Shops","StSLib","TestMod","The Immortal","【东方二次创作】八云紫mod","【人物mod】游戏王New YuGiOh mod","【功能Mod】Neow奖励"],"gold_per_floor":[112,112,128,148,148,177,177,202,202,230,230,155,80,155,155,232,232,251,176,196,214,214,242,242,242,269,301,301,314,314,97,97,178,178,195,215,245,250,250,250,282,299,323,323,323,363,363,404,404,414,424,424,424,22,66,81],"floor_reached":57,"playtime":1820,"items_purged":["Defend_P","Sanctity"],"score":3680,"play_id":"3834d97e-9c80-4fa7-ac99-dd581c185824","local_time":"20201211140026","is_ascension_mode":true,"campfire_choices":[{"data":"Strike_P","floor":7.0,"key":"PURGE"},{"data":"Defend_P","floor":15.0,"key":"PURGE"},{"data":"Eruption","floor":24.0,"key":"PURGE"},{"data":"Strike_P+1","floor":28.0,"key":"PURGE"},{"data":"Defend_P+1","floor":30.0,"key":"PURGE"},{"floor":32,"key":"RECALL"},{"data":"BattleHymn+1","floor":40,"key":"PURGE"},{"data":"Vigilance+1","floor":44,"key":"PURGE"},{"data":"Creative AI+1","floor":49,"key":"PURGE"},{"data":"Vault+1","floor":53,"key":"PURGE"}],"circlet_count":0,"master_deck":["FearNoEvil+1","Tantrum+1","LessonLearned+1","MentalFortress+1","Adaptation+1","InnerPeace+1","MostiFishMod:Speedup+1","Barricade+1","MostiFishMod:RacingGame+1"],"relics":["DaveBox","testmod-TestBox","testmod-NegativeEmotionEnhancer","xbg","testmod-BatchProcessingSystem","Question Card","testmod-DragonStarHat","testmod-HeartOfDaVinci","testmod-Hope","ImportantClient","testmod-Temperance","Pantograph","Bag of Preparation","Matryoshka","OrangePellets","Nuclear Battery","StoneCalendar","Civilization","Lantern","testmod-LifeArmor","Red Skull","Pocketwatch","Smiling Mask","Membership Card","Sundial","Brimstone","testmod-Antiphasic","Art of War","Boot"],"acts_visited":["Exordium","TheCity","TheBeyond","TheEnding"],"potions_floor_usage":[38,56,56],"damage_taken":[{"damage":8.0,"enemies":"2 Louse","floor":1.0,"turns":2.0},{"damage":10.0,"enemies":"Small Slimes","floor":3.0,"turns":3.0},{"damage":6.0,"enemies":"Jaw Worm","floor":4.0,"turns":2.0},{"damage":8.0,"enemies":"3 Sentries","floor":6.0,"turns":5.0},{"damage":0.0,"enemies":"Gremlin Nob","floor":8.0,"turns":3.0},{"damage":30.0,"enemies":"3 Sentries","floor":10.0,"turns":4.0},{"damage":12.0,"enemies":"Hexaghost","floor":16.0,"turns":5.0},{"damage":0.0,"enemies":"Chosen","floor":18.0,"turns":4.0},{"damage":0.0,"enemies":"2 Thieves","floor":20.0,"turns":3.0},{"damage":20.0,"enemies":"Snake Plant","floor":21.0,"turns":4.0},{"damage":21.0,"enemies":"Book of Stabbing","floor":23.0,"turns":4.0},{"damage":34.0,"enemies":"Slavers","floor":27.0,"turns":4.0},{"damage":0.0,"enemies":"Snecko","floor":29.0,"turns":3.0},{"damage":0,"enemies":"Champ","floor":33,"turns":1},{"damage":0,"enemies":"Orb Walker","floor":35,"turns":2},{"damage":0,"enemies":"3 Darklings","floor":36,"turns":2},{"damage":0,"enemies":"Mind Bloom Boss Battle","floor":37,"turns":2},{"damage":0,"enemies":"Mind Bloom Boss Battle","floor":38,"turns":2},{"damage":0,"enemies":"Giant Head","floor":41,"turns":1},{"damage":0,"enemies":"Maw","floor":42,"turns":1},{"damage":0,"enemies":"Nemesis","floor":46,"turns":2},{"damage":0,"enemies":"Giant Head","floor":48,"turns":2},{"damage":0,"enemies":"Donu and Deca","floor":50,"turns":1},{"damage":0,"enemies":"Time Eater","floor":51,"turns":2},{"damage":0,"enemies":"Shield and Spear","floor":55,"turns":2},{"damage":41,"enemies":"The Heart","floor":56,"turns":5}],"seed_played":"6176633907039861421","potions_obtained":[{"floor":1.0,"key":"SkillPotion"},{"floor":3.0,"key":"SpeedPotion"},{"floor":10.0,"key":"Energy Potion"},{"floor":33,"key":"Dexterity Potion"},{"floor":42,"key":"LiquidBronze"},{"floor":46,"key":"Strength Potion"}],"is_trial":false,"path_per_floor":["M","?","M","M","?","E","R","E","T","E","?","?","$","?","R","B",null,"M","?","M","M","?","E","R","T","T","E","R","M","R","$","R","B",null,"M","M","?","?","?","R","E","M","T","R","?","E","?","E","R","B","B",null,"R","$","E","B",null],"character_chosen":"WATCHER","items_purchased":["OrangePellets","Membership Card","Sundial","Brimstone","testmod-Antiphasic","Art of War","ColorlessPotion"],"campfire_rested":0,"item_purchase_floors":[31,54,54,54,54,54,54],"current_hp_per_floor":[56,56,50,46,46,43,43,46,46,21,26,26,26,15,15,7,62,66,66,71,53,53,36,36,36,36,8,8,10,10,10,10,39,75,79,88,90,91,91,91,93,96,96,96,96,100,95,100,100,107,115,115,115,115,125,101],"gold":81,"neow_bonus":"BOSS_RELIC","is_daily":false,"chose_seed":false,"campfire_upgraded":0,"win_rate":0.0,"timestamp":1607666426,"path_taken":["M","?","M","M","?","E","R","E","T","E","?","?","$","?","R","BOSS","M","?","M","M","?","E","R","?","T","E","R","M","R","$","R","BOSS","M","M","?","?","?","R","E","?","T","R","?","E","?","E","R","BOSS","BOSS","R","$","E","BOSS"],"items_purchased_type":["Relic","Relic","Relic","Relic","Relic","Relic","Potion"],"build_version":"2020-11-30","purchased_purges":2,"victory":true,"max_hp_per_floor":[69,69,70,71,71,72,72,73,73,74,79,79,79,79,79,80,80,81,81,82,83,83,84,84,84,84,85,85,86,86,86,86,87,87,88,89,90,91,91,91,93,96,96,96,96,100,95,100,100,107,115,115,115,115,125,141],"card_choices":[{"not_picked":["BattleHymn","FlurryOfBlows"],"picked":"FearNoEvil","floor":1.0},{"not_picked":["EmptyFist","EmptyMind","Halt"],"picked":"Tantrum","floor":2.0},{"not_picked":["Crescendo","Conclude","Nirvana"],"picked":"LessonLearned","floor":2.0},{"not_picked":["Prostrate","BowlingBash","Halt"],"picked":"MentalFortress","floor":2.0},{"not_picked":["Pray","CutThroughFate","Protect"],"picked":"BattleHymn","floor":3.0},{"not_picked":["FlurryOfBlows","Pray","Crescendo","FlyingSleeves"],"picked":"SKIP","floor":4.0},{"not_picked":["BowlingBash","CutThroughFate","FlyingSleeves","MostiFishMod:Disappear"],"picked":"SKIP","floor":6.0},{"not_picked":["BowlingBash","ClearTheMind","Consecrate"],"picked":"Fasting2","floor":8.0},{"not_picked":["JustLucky","FlurryOfBlows","CutThroughFate"],"picked":"Sanctity","floor":10.0},{"not_picked":["MostiFishMod:OutWit","Wish","MasterReality"],"picked":"Vault","floor":16.0},{"not_picked":["BowlingBash","ClearTheMind","BattleHymn","Vengeance"],"picked":"SKIP","floor":18.0},{"not_picked":["MentalFortress","Perseverance","Halt"],"picked":"Adaptation","floor":20.0},{"not_picked":["WreathOfFlame","EmptyMind","FlyingSleeves"],"picked":"InnerPeace","floor":21.0},{"not_picked":["BattleHymn","Vault","Halt","ThirdEye"],"picked":"SKIP","floor":23.0},{"not_picked":["Crescendo","FlyingSleeves","CrushJoints","SandsOfTime"],"picked":"SKIP","floor":27.0},{"not_picked":["EmptyFist","WindmillStrike","FlurryOfBlows"],"picked":"MostiFishMod:Speedup","floor":29.0},{"not_picked":["SashWhip+1","JustLucky","ClearTheMind","DeceiveReality"],"picked":"SKIP","floor":35},{"not_picked":["Consecrate","EmptyBody+1","Conclude+1","FollowUp"],"picked":"SKIP","floor":36},{"not_picked":["ClearTheMind","InnerPeace+1","Swivel","MostiFishMod:MemoryFragments"],"picked":"SKIP","floor":41},{"not_picked":["CutThroughFate","EmptyFist","CrushJoints","FlurryOfBlows"],"picked":"SKIP","floor":42},{"not_picked":["WaveOfTheHand","CutThroughFate","Tantrum","Meditate+1"],"picked":"SKIP","floor":46},{"not_picked":["SashWhip","PathToVictory","ThirdEye","EmptyMind"],"picked":"SKIP","floor":48},{"not_picked":["SashWhip+1","Pray","Adaptation","ThirdEye+1"],"picked":"SKIP","floor":55}],"player_experience":1259836,"relics_obtained":[{"floor":1.0,"key":"Question Card"},{"floor":8.0,"key":"testmod-DragonStarHat"},{"floor":9.0,"key":"testmod-HeartOfDaVinci"},{"floor":10.0,"key":"testmod-Hope"},{"floor":16.0,"key":"ImportantClient"},{"floor":23.0,"key":"Pantograph"},{"floor":26.0,"key":"Bag of Preparation"},{"floor":27.0,"key":"Matryoshka"},{"floor":37,"key":"StoneCalendar"},{"floor":41,"key":"Lantern"},{"floor":43,"key":"testmod-LifeArmor"},{"floor":43,"key":"Red Skull"},{"floor":46,"key":"Pocketwatch"},{"floor":48,"key":"Smiling Mask"},{"floor":55,"key":"Boot"}],"event_choices":[{"damage_healed":0.0,"max_hp_gain":0.0,"max_hp_loss":0.0,"gold_gain":0.0,"event_name":"给自己的盒子","player_choice":"Swap Relic","floor":2.0,"relics_lost":["Orrery"],"gold_loss":0.0,"damage_taken":0.0,"relics_obtained":["Orrery"]},{"damage_healed":0.0,"max_hp_gain":0.0,"max_hp_loss":0.0,"gold_gain":0.0,"event_name":"Liars Game","player_choice":"Ignored","floor":5.0,"gold_loss":0.0,"damage_taken":0.0},{"damage_healed":0.0,"max_hp_gain":5.0,"max_hp_loss":0.0,"gold_gain":0.0,"event_name":"Big Fish","player_choice":"Donut","floor":11.0,"gold_loss":0.0,"damage_taken":0.0},{"cards_removed":["Strike_P"],"damage_healed":0.0,"max_hp_gain":0.0,"max_hp_loss":0.0,"gold_gain":0.0,"event_name":"The Cleric","player_choice":"Card Removal","floor":12.0,"gold_loss":75.0,"damage_taken":0.0},{"damage_healed":0.0,"max_hp_gain":0.0,"max_hp_loss":0.0,"gold_gain":75.0,"event_name":"World of Goop","player_choice":"Gather Gold","floor":14.0,"gold_loss":0.0,"damage_taken":11.0},{"cards_removed":["Defend_P"],"damage_healed":0.0,"max_hp_gain":0.0,"max_hp_loss":0.0,"gold_gain":0.0,"event_name":"Beggar","player_choice":"Gave Gold","floor":19.0,"gold_loss":75.0,"damage_taken":0.0},{"damage_healed":0.0,"max_hp_gain":0.0,"max_hp_loss":0.0,"gold_gain":0.0,"event_name":"The Mausoleum","player_choice":"Ignored","floor":22.0,"gold_loss":0.0,"damage_taken":0.0},{"damage_healed":0,"gold_gain":0,"player_choice":"Fight","damage_taken":0,"max_hp_gain":0,"max_hp_loss":0,"event_name":"MindBloom","floor":37,"gold_loss":0},{"damage_healed":0,"gold_gain":0,"player_choice":"Gave Potion","damage_taken":0,"relics_obtained":["Civilization"],"max_hp_gain":0,"max_hp_loss":0,"event_name":"WeMeetAgain","floor":39,"gold_loss":0},{"cards_removed":["Fasting2"],"damage_healed":0,"gold_gain":0,"player_choice":"Removed Power","damage_taken":0,"max_hp_gain":0,"max_hp_loss":0,"event_name":"Falling","floor":45,"gold_loss":0},{"damage_healed":0,"gold_gain":0,"player_choice":"Max HP","damage_taken":0,"max_hp_gain":0,"max_hp_loss":5,"event_name":"Winding Halls","floor":47,"gold_loss":0}],"is_beta":false,"boss_relics":[{"not_picked":["HereWithMe","OneHitWonderSystem"],"picked":"testmod-Temperance"},{"not_picked":["testmod-DeterminationOfClimber","testmod-Prudence"],"picked":"Nuclear Battery"}],"items_purged_floors":[13,31],"is_endless":false,"potions_floor_spawned":[1,3,10,16,33,37,42,46,48],"ascension_level":20}}