{"host":"0cnf9zf1gia27zti","time":1607730988,"event":{"mods":["BaseMod","BetterRewards","Card Forge","Colored Map","Colored Powertips","Conspire","Downfall","Minty Spire (QoL Compilation)","Quick Restart","Replay The Spire","Shade Mod","Spicy Shops","StSLib"],"gold_per_floor":[109,125,125,136,149,149,167,230,278,295,295,310,97,123,123,118,118,137,150,88,107,107,142,161,191,191,47,58,73,73,173,173,169,169,186,186,206,234,234,234,249,249,249,249,303,303,315,315,315,315],"floor_reached":51,"playtime":15296,"items_purged":["Parasite"],"score":1181,"play_id":"0df59113-dd40-45a5-85fa-8f9dec4a0d5c","local_time":"20201211235628","is_ascension_mode":true,"campfire_choices":[{"data":"ReplayTheSpireMod:Muscle Training","floor":6,"key":"SMITH"},{"floor":11,"key":"REST"},{"floor":32,"key":"REST"},{"floor":40,"key":"REST"},{"data":"Barricade","floor":42,"key":"SMITH"},{"data":"Replay:SS_hec_2","floor":44,"key":"SMITH"},{"floor":49,"key":"REST"}],"circlet_count":0,"master_deck":["AscendersBane","Strike_R","Strike_R","Strike_R","Strike_R","Defend_R","Defend_R","Defend_R","Defend_R","Bash","Metallicize","Fire Breathing","Iron Wave","Thunderclap","Perfected Strike","ReplayTheSpireMod:Muscle Training+1","Pummel","Rampage","Whirlwind+1","Barricade+1","Shockwave+1","ReplayTheSpireMod:Limb From Limb","Exhume","Shrug It Off+1","Whirlwind+1","Juggernaut","ReplayTheSpireMod:Brewmster","Replay:SS_hec_2+1","Blind","Shrug It Off+1","Replay:SS_hec_2","Shrug It Off","Shrug It Off+1","ReplayReversal","Whirlwind+1","Parasite"],"relics":["Burning Blood","Hammer of Thor","Seething Fire","Anvil of the Gods","Replay:Wax Seal","Orichalcum","Anchor","Potion Belt","ReplayTheSpireMod:CursedCoin","Orrery","ReplayFunnel","Pen Nib","Replay:Bottled Eggs","War Paint","Ring of Chaos","ReplayTheSpireMod:ShopPack","Darkstone Periapt","Art of War","conspire:Dentures","DollysMirror","conspire:SlowCooker","Snack Pack","Replay:Ringing Soul","Magic Flower","ReplayTheSpireMod:TigerMarble"],"acts_visited":["Exordium","TheCity","TheBeyond"],"potions_floor_usage":[5,5,7,12,16,16,16,18,25,25,25,28,28,28,28,28,29,29,29,29,29,29,29,29,29,29,33,33,33,33,33,33,33,33,33,33,33,33,35,35,35,38,38,38,38,38,38,38,38,38,38,41,41,41,41,41,41,41,45,45,45,45,45,47,47,50,50,50,50,50,50,50,50,50,50,50,50,50,50,50,50,50,50],"damage_taken":[{"damage":1,"enemies":"Cultist","floor":1,"turns":3},{"damage":0,"enemies":"2 Louse","floor":2,"turns":3},{"damage":1,"enemies":"Jaw Worm","floor":4,"turns":3},{"damage":1,"enemies":"Lots of Slimes","floor":5,"turns":4},{"damage":0,"enemies":"Red Slaver","floor":7,"turns":3},{"damage":1,"enemies":"Blue Slaver","floor":10,"turns":4},{"damage":2,"enemies":"Exordium Wildlife","floor":12,"turns":2},{"damage":18,"enemies":"Hexaghost","floor":16,"turns":11},{"damage":42,"enemies":"Spheric Guardian","floor":18,"turns":9},{"damage":31,"enemies":"Chosen","floor":19,"turns":8},{"damage":0,"enemies":"Snake Plant","floor":21,"turns":6},{"damage":10,"enemies":"Book of Stabbing","floor":23,"turns":10},{"damage":3,"enemies":"Centurion and Healer","floor":24,"turns":12},{"damage":42,"enemies":"Slavers","floor":25,"turns":10},{"damage":0,"enemies":"Snecko","floor":28,"turns":11},{"damage":2,"enemies":"Shelled Parasite and Fungi","floor":29,"turns":13},{"damage":9,"enemies":"Automaton","floor":33,"turns":15},{"damage":21,"enemies":"3 Darklings","floor":35,"turns":11},{"damage":2,"enemies":"Orb Walker","floor":37,"turns":7},{"damage":23,"enemies":"conspire:MimicChest","floor":38,"turns":20},{"damage":3,"enemies":"Spire Growth","floor":41,"turns":16},{"damage":92,"enemies":"2 Orb Walkers","floor":45,"turns":8},{"damage":13,"enemies":"Writhing Mass","floor":47,"turns":20},{"damage":0,"enemies":"Time Eater","floor":50,"turns":18}],"seed_played":"8224687865182703126","potions_obtained":[{"floor":2,"key":"SkillPotion"},{"floor":4,"key":"Strength Potion"},{"floor":5,"key":"ColorlessPotion"},{"floor":8,"key":"FairyPotion"},{"floor":8,"key":"hexamod:EctoCoolerPotion"},{"floor":12,"key":"Block Potion"},{"floor":15,"key":"Doom Potion"},{"floor":15,"key":"AttackPotion"},{"floor":16,"key":"LifebloodPotion"},{"floor":18,"key":"Swift Potion"},{"floor":25,"key":"DistilledChaos"},{"floor":28,"key":"ColorlessPotion"},{"floor":29,"key":"Weak Potion"},{"floor":37,"key":"Fire Potion"},{"floor":38,"key":"DistilledChaos"},{"floor":45,"key":"DuplicationPotion"}],"is_trial":false,"path_per_floor":["M","M","?","M","M","R","M","?","T","M","R","M","$","T","R_BF","B",null,"M","M","$","M","?","E","M","E","T","$","M","M","?","$","R","B",null,"M","?","M","?","$","R","M","R","T","R","?","?","M","T","R","B",null],"character_chosen":"IRONCLAD","items_purchased":["Replay:Wax Seal","Orichalcum","Anchor","Metallicize","Fire Breathing","Potion Belt","ReplayTheSpireMod:CursedCoin","Orrery","Whirlwind","Replay:Bottled Eggs","ReplayTheSpireMod:ShopPack","DollysMirror"],"campfire_rested":4,"item_purchase_floors":[0,0,0,0,0,0,0,0,13,13,20,27],"current_hp_per_floor":[41,47,47,52,57,57,63,33,33,38,61,65,65,65,65,53,71,35,10,10,16,16,12,15,8,8,8,14,18,18,24,48,83,83,68,68,72,55,55,79,83,83,83,83,29,29,61,61,88,92],"gold":315,"neow_bonus":"","is_daily":false,"chose_seed":false,"campfire_upgraded":3,"win_rate":0.0,"timestamp":1607730988,"path_taken":["M","M","?","?","M","R","M","?","T","?","R","M","$","?","R_BF","BOSS","M","M","$","M","?","E","M","E","T","$","M","M","?","$","R","BOSS","M","?","M","?","$","R","M","R","T","R","?","?","M","?","R","BOSS"],"items_purchased_type":["Relic","Relic","Relic","Card","Card","Relic","Relic","Relic","Card","Relic","Relic","Relic"],"build_version":"2020-11-30","purchased_purges":1,"victory":true,"max_hp_per_floor":[77,77,77,77,77,77,77,77,77,77,77,77,77,77,77,77,77,77,77,77,77,77,77,77,77,77,77,77,77,77,83,83,83,83,83,83,83,83,83,83,83,83,83,83,83,83,92,92,92,92],"card_choices":[{"not_picked":["Sword Boomerang","Evolve"],"picked":"Iron Wave","floor":0},{"not_picked":["Entrench","Perfected Strike"],"picked":"Thunderclap","floor":0},{"not_picked":["ReplayTheSpireMod:Strike From Hell","Reckless Charge"],"picked":"Perfected Strike","floor":0},{"not_picked":["Feel No Pain","Juggernaut"],"picked":"ReplayTheSpireMod:Muscle Training","floor":0},{"not_picked":["Run Through","Massacre"],"picked":"Pummel","floor":0},{"not_picked":["True Grit","ReplayTheSpireMod:Strike From Hell"],"picked":"Rampage","floor":1},{"not_picked":["Heavy Blade","Havoc"],"picked":"Whirlwind","floor":2},{"not_picked":["Iron Wave","Wild Strike"],"picked":"Barricade","floor":4},{"not_picked":["Anger","Twin Strike"],"picked":"Shockwave","floor":5},{"not_picked":["Power Through","Run Through"],"picked":"ReplayTheSpireMod:Limb From Limb","floor":7},{"not_picked":["Rampage","Sentinel"],"picked":"Exhume","floor":10},{"not_picked":["True Grit","Warcry"],"picked":"Shrug It Off","floor":12},{"not_picked":["Fiend Fire","conspire:HitWhereItHurts"],"picked":"Juggernaut","floor":16},{"not_picked":["Wild Strike","ReplayTheSpireMod:Strike From Hell","Headbutt+1"],"picked":"SKIP","floor":18},{"not_picked":["Pommel Strike","Clothesline","Thunderclap"],"picked":"SKIP","floor":19},{"not_picked":["HandOfGreed","Magnetism"],"picked":"ReplayTheSpireMod:Brewmster","floor":20},{"not_picked":["Purity","Enlightenment"],"picked":"Replay:SS_hec_2","floor":20},{"not_picked":["Replay:Bootleg Shield Generator","expansioncontent:BronzeBeam"],"picked":"Blind","floor":20},{"not_picked":["Pommel Strike+1","conspire:HitWhereItHurts","Sword Boomerang"],"picked":"SKIP","floor":21},{"not_picked":["Replay:Undeath\u0027s Touch","ReplayTheSpireMod:Strike From Hell","Wild Strike"],"picked":"SKIP","floor":23},{"not_picked":["Sever Soul+1","Perfected Strike","Carnage+1"],"picked":"SKIP","floor":24},{"not_picked":["Flame Barrier","Infernal Blade"],"picked":"Shrug It Off+1","floor":25},{"not_picked":["Rampage","Abandon"],"picked":"Shrug It Off","floor":28},{"not_picked":["Clothesline","Hemokinesis"],"picked":"Shrug It Off+1","floor":29},{"not_picked":["conspire:Charge+1","Anger+1"],"picked":"ReplayReversal","floor":35},{"not_picked":["Iron Wave","ReplayTheSpireMod:Corrosion Curse","Havoc"],"picked":"SKIP","floor":37},{"not_picked":["Anger+1","Sentinel"],"picked":"Whirlwind+1","floor":41},{"not_picked":["Armaments","Dark Embrace","ReplayTheSpireMod:Limb From Limb"],"picked":"SKIP","floor":47}],"player_experience":1901013,"relics_obtained":[{"floor":8,"key":"ReplayFunnel"},{"floor":9,"key":"Pen Nib"},{"floor":14,"key":"War Paint"},{"floor":23,"key":"Darkstone Periapt"},{"floor":25,"key":"Art of War"},{"floor":26,"key":"conspire:Dentures"},{"floor":38,"key":"Snack Pack"},{"floor":43,"key":"Replay:Ringing Soul"},{"floor":45,"key":"Magic Flower"},{"floor":48,"key":"ReplayTheSpireMod:TigerMarble"}],"event_choices":[{"cards_removed":["Strike_R"],"damage_healed":0,"gold_gain":0,"player_choice":"Purged","damage_taken":0,"max_hp_gain":0,"max_hp_loss":0,"event_name":"Purifier","floor":3,"gold_loss":0},{"damage_healed":0,"gold_gain":0,"player_choice":"Leave","damage_taken":0,"max_hp_gain":0,"max_hp_loss":0,"event_name":"conspire:Investor","floor":22,"gold_loss":0},{"damage_healed":0,"gold_gain":0,"player_choice":"Ignored","damage_taken":0,"max_hp_gain":0,"max_hp_loss":0,"event_name":"Vampires","floor":30,"gold_loss":0},{"damage_healed":0,"gold_gain":0,"player_choice":"Ignored","damage_taken":0,"max_hp_gain":0,"max_hp_loss":0,"event_name":"Tomb of Lord Red Mask","floor":36,"gold_loss":0},{"damage_healed":0,"gold_gain":0,"player_choice":"Fight","damage_taken":0,"max_hp_gain":0,"max_hp_loss":0,"event_name":"Mysterious Sphere","floor":45,"gold_loss":0}],"is_beta":false,"boss_relics":[{"not_picked":["Snecko Heart","Snecko Eye"],"picked":"Ring of Chaos"},{"not_picked":["Runic Pyramid","Busted Crown"],"picked":"conspire:SlowCooker"}],"items_purged_floors":[0],"is_endless":false,"potions_floor_spawned":[2,4,5,12,16,18,25,28,29,37,38,45],"ascension_level":10}}