{"host":"6x4iiutqpimyd4s6","time":1607713723,"event":{"mods":["AchievementEnabler","BaseMod","BetterRewards","Colored Map","Data Control","Minty Spire (QoL Compilation)","Nulf Mod","Remove Card Discount Mod","Shop Mod","StSLib"],"gold_per_floor":[112,122,297,297,315,315,332,332,357,357,368,385,395,433,433,433,433],"floor_reached":16,"playtime":439,"items_purged":[],"score":104,"play_id":"fcd6ab98-21d9-480a-b78e-d63a45cf2e71","local_time":"20201211140843","is_ascension_mode":false,"campfire_choices":[{"data":"Dualcast","floor":6,"key":"SMITH"},{"data":"Hologram","floor":8,"key":"SMITH"},{"data":"Consume","floor":15,"key":"SMITH"}],"circlet_count":0,"master_deck":["Strike_B","Strike_B","Strike_B","Strike_B","Defend_B","Defend_B","Defend_B","Defend_B","Zap+1","Dualcast+1","Doubt","Hologram+1","Consume+1","Capacitor"],"relics":["Cracked Core","Nulfmod:PlaceholderRelic","Nulfmod:PlaceholderRelic2","Blood Vial","CeramicFish"],"acts_visited":["Exordium"],"potions_floor_usage":[],"damage_taken":[{"damage":0,"enemies":"2 Louse","floor":1,"turns":2},{"damage":0,"enemies":"Small Slimes","floor":2,"turns":2},{"damage":0,"enemies":"Cultist","floor":5,"turns":3},{"damage":1,"enemies":"Blue Slaver","floor":7,"turns":3},{"damage":6,"enemies":"Large Slime","floor":11,"turns":5},{"damage":4,"enemies":"3 Louse","floor":12,"turns":2},{"damage":0,"enemies":"Blue Slaver","floor":13,"turns":3},{"damage":11,"enemies":"3 Sentries","floor":14,"turns":6},{"damage":32,"enemies":"Hexaghost","floor":16,"turns":12}],"seed_played":"3749617018580642568","potions_obtained":[{"floor":1,"key":"Strength Potion"},{"floor":2,"key":"BlessingOfTheForge"},{"floor":5,"key":"Ancient Potion"}],"is_trial":false,"path_per_floor":["M","M","?","?","M","R","M","R","T","?","M","M","M","E","R","B"],"character_chosen":"DEFECT","items_purchased":[],"campfire_rested":0,"item_purchase_floors":[],"current_hp_per_floor":[68,68,68,68,68,68,67,67,67,67,63,61,63,54,54,24,24],"gold":433,"neow_bonus":"TWENTY_PERCENT_HP_BONUS","is_daily":false,"chose_seed":false,"campfire_upgraded":3,"win_rate":0.0,"timestamp":1607713723,"path_taken":["M","M","?","?","M","R","?","R","T","?","M","M","M","E","R","BOSS"],"items_purchased_type":[],"build_version":"2020-11-30","purchased_purges":0,"victory":false,"max_hp_per_floor":[89,89,89,89,89,89,89,89,89,89,89,89,89,89,89,89,89],"card_choices":[{"not_picked":["Force Field","Darkness","Rip and Tear"],"picked":"SKIP","floor":1},{"not_picked":["Chill","Cold Snap","Barrage"],"picked":"SKIP","floor":2},{"not_picked":["Static Discharge","Undo","Doom and Gloom"],"picked":"SKIP","floor":5},{"not_picked":["Redo","Compile Driver"],"picked":"Hologram","floor":7},{"not_picked":["Streamline","Go for the Eyes","Skim"],"picked":"SKIP","floor":11},{"not_picked":["Reinforced Body","Darkness","Leap"],"picked":"SKIP","floor":12},{"not_picked":["Ball Lightning","Conserve Battery"],"picked":"Consume","floor":13},{"not_picked":["Rebound","Echo Form"],"picked":"Capacitor","floor":14}],"player_experience":281221,"relics_obtained":[{"floor":9,"key":"Blood Vial"},{"floor":14,"key":"CeramicFish"}],"event_choices":[{"damage_healed":0,"gold_gain":175,"player_choice":"AGREE","damage_taken":0,"max_hp_gain":0,"max_hp_loss":0,"event_name":"Liars Game","floor":3,"gold_loss":0,"cards_obtained":["Doubt"]},{"damage_healed":0,"gold_gain":0,"player_choice":"Bought 0 Potions","damage_taken":0,"max_hp_gain":0,"max_hp_loss":0,"event_name":"The Woman in Blue","floor":4,"gold_loss":0},{"damage_healed":0,"gold_gain":0,"player_choice":"Grow","damage_taken":0,"max_hp_gain":0,"max_hp_loss":0,"event_name":"Living Wall","floor":10,"gold_loss":0,"cards_upgraded":["Zap"]}],"is_beta":false,"boss_relics":[],"items_purged_floors":[],"is_endless":false,"potions_floor_spawned":[1,2,5,12],"killed_by":"Hexaghost","ascension_level":0}}