{"host":"msmkw03x1o7nq45i","time":1607695565,"event":{"mods":["AchievementEnabler","BaseMod","Bestiary","Colored Powertips","GifTheSpireLib","Highlight Path","Minty Spire (QoL Compilation)","Random Character Button","StSLib","everything is the same but u backflip on backflip"],"gold_per_floor":[112,132,142,156,176,176,202,202,202,216,216,196,215,227,227,332,332,347,123,123,138,151,151,164,177,177,177,177],"floor_reached":27,"playtime":1710,"items_purged":["Defend_P"],"score":332,"play_id":"fd300e7a-ff50-4dea-9fa1-da60939c7ba7","local_time":"20201211160605","is_ascension_mode":true,"campfire_choices":[{"data":"SashWhip","floor":6,"key":"SMITH"},{"data":"TalkToTheHand","floor":8,"key":"SMITH"},{"data":"Halt","floor":11,"key":"SMITH"},{"data":"FlurryOfBlows","floor":15,"key":"SMITH"},{"floor":23,"key":"REST"}],"circlet_count":0,"master_deck":["AscendersBane","Strike_P+1","Strike_P+1","Strike_P+1","Strike_P+1","Defend_P+1","Defend_P+1","Eruption","Vigilance","SashWhip+1","Adaptation","FearNoEvil","TalkToTheHand+1","Halt+1","FlurryOfBlows+1","CutThroughFate","Consecrate","Blasphemy","ClearTheMind","TalkToTheHand","Vengeance","WaveOfTheHand+1","DeceiveReality+1","EmptyMind","Regret"],"relics":["Cursed Key","Lantern","Mummified Hand","Empty Cage","Yang"],"acts_visited":["Exordium","TheCity"],"potions_floor_usage":[5,7,7,10,14,18,25,27],"damage_taken":[{"damage":0,"enemies":"Cultist","floor":1,"turns":3},{"damage":1,"enemies":"Small Slimes","floor":2,"turns":4},{"damage":3,"enemies":"2 Louse","floor":3,"turns":4},{"damage":1,"enemies":"Looter","floor":4,"turns":4},{"damage":10,"enemies":"Exordium Wildlife","floor":5,"turns":3},{"damage":7,"enemies":"Lagavulin","floor":7,"turns":6},{"damage":0,"enemies":"Lots of Slimes","floor":10,"turns":3},{"damage":0,"enemies":"2 Fungi Beasts","floor":13,"turns":2},{"damage":0,"enemies":"Looter","floor":14,"turns":2},{"damage":27,"enemies":"The Guardian","floor":16,"turns":10},{"damage":12,"enemies":"Shell Parasite","floor":18,"turns":4},{"damage":14,"enemies":"2 Thieves","floor":21,"turns":2},{"damage":30,"enemies":"Snecko","floor":22,"turns":6},{"damage":10,"enemies":"Chosen and Byrds","floor":24,"turns":5},{"damage":5,"enemies":"Snake Plant","floor":25,"turns":3},{"damage":17,"enemies":"Snecko","floor":27,"turns":4}],"seed_played":"-6194364654181910151","potions_obtained":[{"floor":1,"key":"EntropicBrew"},{"floor":3,"key":"Ambrosia"},{"floor":7,"key":"Swift Potion"},{"floor":12,"key":"Ancient Potion"},{"floor":13,"key":"DuplicationPotion"},{"floor":14,"key":"EssenceOfSteel"},{"floor":18,"key":"Ancient Potion"},{"floor":22,"key":"SkillPotion"}],"is_trial":false,"path_per_floor":["M","M","M","M","M","R","E","R","T","M","R","?","M","M","R","B",null,"M","$","?","M","M","R","M","M","T","M"],"character_chosen":"WATCHER","items_purchased":["TalkToTheHand","Vengeance"],"campfire_rested":1,"item_purchase_floors":[19,19],"current_hp_per_floor":[65,64,61,60,50,50,43,43,43,43,43,43,43,43,43,16,58,46,46,46,32,2,23,13,8,8,0,0],"gold":177,"neow_bonus":"BOSS_RELIC","is_daily":false,"chose_seed":false,"campfire_upgraded":4,"win_rate":0.0,"timestamp":1607695565,"path_taken":["M","?","M","M","M","R","E","R","T","M","R","?","?","M","R","BOSS","M","$","?","M","M","R","M","M","T","M"],"items_purchased_type":["Card","Card"],"build_version":"2020-11-30","purchased_purges":1,"victory":false,"max_hp_per_floor":[72,72,72,72,72,72,72,72,72,72,72,72,72,72,72,72,72,72,72,72,72,72,72,72,72,72,72,72],"card_choices":[{"not_picked":["SignatureMove","Perseverance"],"picked":"SashWhip","floor":1},{"not_picked":["Prostrate","ThirdEye"],"picked":"Adaptation","floor":2},{"not_picked":["Indignation","BattleHymn"],"picked":"FearNoEvil","floor":3},{"not_picked":["FearNoEvil","SashWhip"],"picked":"TalkToTheHand","floor":4},{"not_picked":["ClearTheMind","Evaluate"],"picked":"Halt","floor":5},{"not_picked":["EmptyBody","FlyingSleeves"],"picked":"FlurryOfBlows","floor":7},{"not_picked":["Evaluate","SignatureMove"],"picked":"CutThroughFate","floor":10},{"not_picked":["Worship","FlyingSleeves"],"picked":"Consecrate","floor":13},{"not_picked":["SandsOfTime","Consecrate","JustLucky"],"picked":"SKIP","floor":14},{"not_picked":["Establishment","DevaForm"],"picked":"Blasphemy","floor":16},{"not_picked":["Sanctity+1","Pray"],"picked":"ClearTheMind","floor":18},{"not_picked":["Perseverance","CrushJoints"],"picked":"WaveOfTheHand+1","floor":21},{"not_picked":["Consecrate","Halt"],"picked":"DeceiveReality+1","floor":22},{"not_picked":["WreathOfFlame","SandsOfTime","Pray"],"picked":"SKIP","floor":24},{"not_picked":["Vengeance+1","SandsOfTime+1"],"picked":"EmptyMind","floor":25}],"player_experience":259744,"relics_obtained":[{"floor":7,"key":"Lantern"},{"floor":9,"key":"Mummified Hand"},{"floor":26,"key":"Yang"}],"event_choices":[{"damage_healed":0,"gold_gain":0,"player_choice":"Bought 1 Potion","damage_taken":0,"max_hp_gain":0,"max_hp_loss":0,"event_name":"The Woman in Blue","floor":12,"gold_loss":0},{"damage_healed":0,"gold_gain":0,"player_choice":"Simplicity","damage_taken":0,"max_hp_gain":0,"max_hp_loss":0,"event_name":"Back to Basics","floor":20,"gold_loss":0,"cards_upgraded":["Strike_P","Strike_P","Strike_P","Strike_P","Defend_P","Defend_P"]}],"is_beta":false,"boss_relics":[{"not_picked":["Tiny House","Fusion Hammer"],"picked":"Empty Cage"}],"items_purged_floors":[19],"is_endless":false,"potions_floor_spawned":[1,3,7,13,14,18,22],"killed_by":"Snecko","ascension_level":10}}