{"host":"y087t2reloz9bi43","time":1607693146,"event":{"mods":["2.2 Compatiblity","AchievementEnabler","Aspiration","BaseMod","Beaked The Cultist","Better Vampires","BetterRewards","Colored Map","Colored Powertips","Conspire","Downfall","Ekko","Fireblade Mod","Friendly Minions","GifTheSpireLib","Halation","Hermit","Hubris","Infinite Spire","Jedi Mod","Mad Scientist","Marisa????????","Mimic Mod","Minty Spire (QoL Compilation)","Permanent Neow","Rare Cards Sparkle","Relic Stats","Replay The Spire","Robot Space Explorer","Shade Mod","Shop Mod","StSLib","The Blackbeard","The Bug Knight","The Construct","The Cursed","The Hierophant","The Jungle","The Necromancer","The Runesmith","The Servant 0.9.4","TheHero","TheVacant","Uncapped","everything is the same but u backflip on backflip","vexMod"],"gold_per_floor":[113,153,173,18,18,44,44,63,117,132,64,64,239,254,254,352,1018,1038,1038,1049,543,559,593,593,593,593],"floor_reached":25,"playtime":2519,"items_purged":["Doubt"],"score":246,"play_id":"cd186564-2f8e-49da-97ae-8db9ad13191e","local_time":"20201211132546","is_ascension_mode":false,"campfire_choices":[{"data":"MadScienceMod:RecyclingStation","floor":7,"key":"SMITH"},{"data":"MadScienceMod:HideBehindJunk","floor":12,"key":"SMITH"},{"floor":15,"key":"REST"},{"floor":24,"key":"REST"}],"circlet_count":0,"master_deck":["MadScienceMod:Strike_MadScience","MadScienceMod:Strike_MadScience","MadScienceMod:Strike_MadScience","MadScienceMod:Strike_MadScience","MadScienceMod:Defend_MadScience","MadScienceMod:Defend_MadScience","MadScienceMod:Defend_MadScience","MadScienceMod:Defend_MadScience","MadScienceMod:PoweredStrike","MadScienceMod:HideBehindJunk+1","hubris:Wrath","MadScienceMod:Weaponize+1","MadScienceMod:AssemblyLine+1","MadScienceMod:RecyclingStation+1","MadScienceMod:MinatureWeapons+1","MadScienceMod:Tune","MadScienceMod:OilDrum","MadScienceMod:MinatureWeapons+1","MadScienceMod:BandageBot"],"relics":["MadScienceMod:FuelTank","hubris:HollowSoul","Strawberry","Guide Book","HollowMod:StagPassRelic","conspire:BottledYoYo","vexMod:RockOfEvil","halation:EternalFortune","Mummified Hand","halation:Sosunser","Chameleon Ring"],"acts_visited":["Exordium","TheCity"],"potions_floor_usage":[16,18,20],"damage_taken":[{"damage":0,"enemies":"Cultist","floor":1,"turns":4},{"damage":16,"enemies":"infinitespire:Voidling","floor":2,"turns":6},{"damage":21,"enemies":"infinitespire:Voidling","floor":3,"turns":4},{"damage":32,"enemies":"Replay:BlueRogue","floor":6,"turns":7},{"damage":2,"enemies":"conspire:RoseBush","floor":8,"turns":3},{"damage":0,"enemies":"Exordium Wildlife","floor":10,"turns":3},{"damage":6,"enemies":"Blue Slaver","floor":14,"turns":4},{"damage":30,"enemies":"Slime Boss","floor":16,"turns":4},{"damage":22,"enemies":"conspire:FuzzyDice","floor":18,"turns":6},{"damage":14,"enemies":"Shell Parasite","floor":20,"turns":4},{"damage":39,"enemies":"Snake Plant","floor":22,"turns":4},{"damage":7,"enemies":"Replay:Snechameleon","floor":23,"turns":7},{"damage":21,"enemies":"3 Cultists","floor":25,"turns":4}],"seed_played":"2090900071097253254","potions_obtained":[{"floor":8,"key":"DuplicationPotion"},{"floor":16,"key":"Languid Potion"},{"floor":18,"key":"Swift Potion"},{"floor":22,"key":"BlessingOfTheForge"}],"is_trial":false,"path_per_floor":["M","MIM","M","$","?","E","R","M","T","M","$","R","?","M","R","B",null,"M","?","M","$","M","E","R","M"],"character_chosen":"MAD_SCIENTIST","items_purchased":["Guide Book","MadScienceMod:MinatureWeapons","MadScienceMod:MinatureWeapons","Mummified Hand","halation:Sosunser"],"campfire_rested":2,"item_purchase_floors":[4,11,21,21,21],"current_hp_per_floor":[75,66,45,45,42,10,10,8,8,41,41,41,41,35,59,29,82,60,63,49,49,10,6,32,0,0],"gold":593,"neow_bonus":"CURSED_BOSS_RELIC","is_daily":false,"chose_seed":false,"campfire_upgraded":2,"win_rate":0.0,"timestamp":1607693146,"path_taken":["M","?","M","$","?","E","R","M","T","?","$","R","?","M","R","BOSS","M","?","M","$","M","E","R","M"],"items_purchased_type":["Relic","Card","Card","Relic","Relic"],"build_version":"2020-11-30","purchased_purges":1,"victory":false,"max_hp_per_floor":[75,82,82,82,82,82,82,82,82,82,82,82,82,82,82,82,82,82,85,85,85,85,88,88,88,88],"relic_stats":{"counters":[13,66],"Mummified Hand":[12],"obtain_stats":[{"MadScienceMod:FuelTank":0,"Chameleon Ring":23,"Mummified Hand":21,"halation:Sosunser":21,"Strawberry":2,"Guide Book":4,"halation:EternalFortune":19,"hubris:HollowSoul":0,"conspire:BottledYoYo":6,"HollowMod:StagPassRelic":5,"vexMod:RockOfEvil":17},{"MadScienceMod:FuelTank":0,"Chameleon Ring":12,"Mummified Hand":10,"halation:Sosunser":10,"Strawberry":2,"Guide Book":3,"halation:EternalFortune":9,"hubris:HollowSoul":0,"conspire:BottledYoYo":4,"HollowMod:StagPassRelic":3,"vexMod:RockOfEvil":8},{"MadScienceMod:FuelTank":0,"Chameleon Ring":59,"Mummified Hand":48,"halation:Sosunser":48,"Strawberry":10,"Guide Book":14,"halation:EternalFortune":44,"hubris:HollowSoul":0,"conspire:BottledYoYo":21,"HollowMod:StagPassRelic":14,"vexMod:RockOfEvil":38}]},"card_choices":[{"not_picked":["MadScienceMod:Refuel","MadScienceMod:NowOrNever"],"picked":"MadScienceMod:Weaponize","floor":1},{"not_picked":["MadScienceMod:RadioactiveSword","MadScienceMod:Refuel"],"picked":"MadScienceMod:AssemblyLine","floor":2},{"not_picked":["MadScienceMod:Strafe","MadScienceMod:RadioactiveSword","MadScienceMod:FumeBlast"],"picked":"SKIP","floor":3},{"not_picked":["MadScienceMod:Mechanize","MadScienceMod:Retarget"],"picked":"MadScienceMod:RecyclingStation","floor":6},{"not_picked":["MadScienceMod:OmniHammer","MadScienceMod:FlameCannon","MadScienceMod:FlameThrower"],"picked":"SKIP","floor":8},{"not_picked":["MadScienceMod:FlameCannon","MadScienceMod:FlameThrower","MadScienceMod:LightOnFire"],"picked":"SKIP","floor":10},{"not_picked":["MadScienceMod:Refuel","MadScienceMod:OilDrum","MadScienceMod:AutoStrike"],"picked":"SKIP","floor":14},{"not_picked":["MadScienceMod:AutoStrike","MadScienceMod:PowerArmor+1"],"picked":"MadScienceMod:Tune","floor":18},{"not_picked":["MadScienceMod:Refuel","MadScienceMod:MechanicalClaw"],"picked":"MadScienceMod:OilDrum","floor":20},{"not_picked":["MadScienceMod:OilDrum","MadScienceMod:GattlingGun","MadScienceMod:FlexibleSpear"],"picked":"SKIP","floor":22},{"not_picked":["MadScienceMod:Bombardment","MadScienceMod:AcidSpray"],"picked":"MadScienceMod:BandageBot","floor":23}],"player_experience":320421,"relics_obtained":[{"floor":2,"key":"Strawberry"},{"floor":6,"key":"conspire:BottledYoYo"},{"floor":23,"key":"halation:EternalFortune"},{"floor":23,"key":"Chameleon Ring"}],"event_choices":[{"damage_healed":0,"gold_gain":0,"player_choice":"Success","damage_taken":3,"relics_obtained":["HollowMod:StagPassRelic"],"max_hp_gain":0,"max_hp_loss":0,"event_name":"Scrap Ooze","floor":5,"gold_loss":0},{"damage_healed":0,"gold_gain":175,"player_choice":"AGREE","damage_taken":0,"max_hp_gain":0,"max_hp_loss":0,"event_name":"Liars Game","floor":13,"gold_loss":0,"cards_obtained":["Doubt"]}],"is_beta":false,"boss_relics":[{"not_picked":["construct:WeddingRing","Sozu"],"picked":"vexMod:RockOfEvil"}],"items_purged_floors":[21],"is_endless":false,"potions_floor_spawned":[8,16,18,22],"killed_by":"3 Cultists","ascension_level":0}}