{"host":"svdrdpvpxtppvaze","time":1607662459,"event":{"mods":["AchievementEnabler","BaseMod","BetterRewards","Colored Powertips","Downfall","Googly Eyes","Hubris","Infinite Spire","Minty Spire (QoL Compilation)","Quick Restart","Rare Cards Sparkle","Replay The Spire","Shop Mod","StSLib"],"gold_per_floor":[114,114,124,142,348,348,367,393,463,463,274,274,2,17,17,113,113,129,152,164,264,283,283,208,208,208,226,253,266,266,293,293,390,390,409,420,420,175,175,175,203,203,250,273,288,288,288,322,322,322],"floor_reached":51,"playtime":1788,"items_purged":["Strike_B","Strike_B","Strike_B+1"],"score":1041,"play_id":"2a4732e5-d850-4368-bc19-71b669ffdfe5","local_time":"20201211105419","is_ascension_mode":false,"campfire_choices":[{"data":"Defragment","floor":6,"key":"SMITH"},{"data":"Dualcast","floor":10,"key":"SMITH"},{"data":"Streamline","floor":12,"key":"SMITH"},{"floor":15,"key":"REST"},{"data":"Apotheosis","floor":23,"key":"SMITH"},{"data":"Echo Form","floor":25,"key":"SMITH"},{"data":"FTL","floor":30,"key":"SMITH"},{"data":"Double Energy","floor":32,"key":"SMITH"},{"floor":40,"key":"REST"},{"floor":42,"key":"REST"},{"floor":47,"key":"REST"}],"circlet_count":0,"master_deck":["Defend_B","Defend_B","Defend_B","Defend_B","Zap","Dualcast+1","ReplayGash+1","Melter","Conserve Battery","Stack","Redo","Defragment+1","Streamline+1","Electrodynamics","FTL+1","BootSequence+1","Apotheosis+1","Self Repair","Double Energy+1","Ball Lightning","ReplayTheSpireMod:Calculation Training","Echo Form+1","Double Energy+1","Glacier","Self Repair+1","Coolheaded","infinitespire:NeuralNetwork"],"relics":["Cracked Core","infinitespire:Joker Card","ReplayTheSpireMod:Lightbulb","Mirror","BargainBundle","hubris:TerracottaHorce","Omamori","infinitespire:Bottled Soul","infinitespire:WardingShard","Whetstone","Fusion Hammer","Replay:Frozen Program","hubris:Towel","Replay:Accelerometer","Nunchaku","Blue Doll","Ginger","infinitespire:Satchel"],"acts_visited":["Exordium","TheCity","TheBeyond"],"potions_floor_usage":[8,16,20,27,50,50,50],"damage_taken":[{"damage":0,"enemies":"Cultist","floor":1,"turns":4},{"damage":0,"enemies":"infinitespire:Voidling","floor":3,"turns":3},{"damage":0,"enemies":"Small Slimes","floor":4,"turns":3},{"damage":0,"enemies":"Exordium Wildlife","floor":7,"turns":2},{"damage":16,"enemies":"Replay:BlueRogue","floor":8,"turns":5},{"damage":0,"enemies":"Large Slime","floor":14,"turns":4},{"damage":0,"enemies":"Slime Boss","floor":16,"turns":5},{"damage":0,"enemies":"Chosen","floor":18,"turns":4},{"damage":13,"enemies":"3 Byrds","floor":20,"turns":4},{"damage":1,"enemies":"Snake Plant","floor":22,"turns":3},{"damage":2,"enemies":"Centurion and Healer","floor":27,"turns":4},{"damage":0,"enemies":"Gremlin Leader","floor":28,"turns":5},{"damage":1,"enemies":"Cultist and Chosen","floor":29,"turns":6},{"damage":10,"enemies":"Book of Stabbing","floor":31,"turns":5},{"damage":22,"enemies":"Automaton","floor":33,"turns":9},{"damage":7,"enemies":"Orb Walker","floor":35,"turns":4},{"damage":0,"enemies":"3 Shapes","floor":36,"turns":3},{"damage":57,"enemies":"Reptomancer","floor":41,"turns":5},{"damage":28,"enemies":"Writhing Mass","floor":45,"turns":4},{"damage":50,"enemies":"Nemesis","floor":48,"turns":5},{"damage":3,"enemies":"Donu and Deca","floor":50,"turns":6}],"seed_played":"-1586008421826465354","potions_obtained":[{"floor":1,"key":"SkillPotion"},{"floor":7,"key":"ColorlessPotion"},{"floor":16,"key":"LiquidMemories"},{"floor":22,"key":"Strength Potion"},{"floor":29,"key":"CultistPotion"},{"floor":48,"key":"FocusPotion"}],"is_trial":false,"path_per_floor":["M","?","M","M","?","R","M","E","T","R","$","R","$","M","R","B",null,"M","T","M","?","M","R","$","R","T","M","E","M","R","E","R","B",null,"M","M","?","$","?","R","E","R","T","T","M","AVR","R","E","R","B",null],"character_chosen":"DEFECT","items_purchased":["ReplayGash","FTL","BootSequence","Weak Potion","BargainBundle","Apotheosis","Self Repair","Double Energy","Ball Lightning","Ancient Potion","Strength Potion","Replay:Frozen Program"],"campfire_rested":4,"item_purchase_floors":[0,11,11,11,13,13,13,13,13,13,13,38],"current_hp_per_floor":[61,61,61,61,43,43,43,27,27,27,27,27,27,34,56,56,70,75,75,62,62,61,61,61,61,61,69,75,75,75,75,75,73,75,75,75,58,58,58,75,52,74,74,74,66,66,75,55,75,75],"gold":322,"neow_bonus":"","is_daily":false,"chose_seed":false,"campfire_upgraded":7,"win_rate":0.0,"timestamp":1607662459,"path_taken":["M","?","?","?","?","R","M","E","T","R","?","R","$","M","R","BOSS","M","?","M","?","?","R","?","R","T","?","E","M","R","E","R","BOSS","M","M","?","$","?","R","E","R","T","?","M","AVR","R","E","R","BOSS"],"items_purchased_type":["Card","Card","Card","Potion","Relic","Card","Card","Card","Card","Potion","Potion","Relic"],"build_version":"2020-11-30","purchased_purges":3,"victory":true,"max_hp_per_floor":[75,75,75,75,75,75,75,75,75,75,75,75,75,75,75,75,75,75,75,75,75,75,75,75,75,75,75,75,75,75,75,75,75,75,75,75,75,75,75,75,75,75,75,75,75,75,75,75,75,75],"card_choices":[{"not_picked":["Consume","Stack"],"picked":"Melter","floor":1},{"not_picked":["Compile Driver","Skim"],"picked":"Stack","floor":3},{"not_picked":["Beam Cell","Cold Snap"],"picked":"Redo","floor":4},{"not_picked":["Doom and Gloom","Cold Snap"],"picked":"Defragment","floor":5},{"not_picked":["ReplayTheSpireMod:Omega Cannon","Ball Lightning"],"picked":"Streamline","floor":7},{"not_picked":["Rebound","Consume"],"picked":"Electrodynamics","floor":8},{"not_picked":["Loop","FIFO Queue"],"picked":"ReplayTheSpireMod:Calculation Training","floor":14},{"not_picked":["Biased Cognition","ReplayTheSpireMod:Fabricate Wheel"],"picked":"Echo Form","floor":16},{"not_picked":["Hologram","Beam Cell"],"picked":"Double Energy+1","floor":18},{"not_picked":["Compile Driver","Streamline","Conserve Battery"],"picked":"SKIP","floor":20},{"not_picked":["Melter+1","FTL"],"picked":"Glacier","floor":22},{"not_picked":["Tempest","Heatsinks"],"picked":"Self Repair+1","floor":27},{"not_picked":["Leap+1","Self Repair","Capacitor"],"picked":"SKIP","floor":28},{"not_picked":["Stack+1","Redo","Fission"],"picked":"SKIP","floor":29},{"not_picked":["Leap+1","BasicCrystalCard+1","hubris:Ukulele+1"],"picked":"SKIP","floor":31},{"not_picked":["Leap+1","Stack+1","Panic Button"],"picked":"SKIP","floor":35},{"not_picked":["Force Field","Go for the Eyes"],"picked":"Coolheaded","floor":36},{"not_picked":["infinitespire:FinalStrike","infinitespire:DeathsTouch"],"picked":"infinitespire:NeuralNetwork","floor":37},{"not_picked":["Conserve Battery+1","Electrodynamics","Ball Lightning"],"picked":"SKIP","floor":41},{"not_picked":["Crystallizer","Redo+1","Ball Lightning+1"],"picked":"SKIP","floor":45},{"not_picked":["Reinforced Body+1","FTL","ReplayRNGCard"],"picked":"SKIP","floor":48}],"player_experience":6378,"relics_obtained":[{"floor":8,"key":"ReplayTheSpireMod:Lightbulb"},{"floor":9,"key":"Mirror"},{"floor":19,"key":"Omamori"},{"floor":26,"key":"infinitespire:Bottled Soul"},{"floor":28,"key":"infinitespire:WardingShard"},{"floor":31,"key":"Whetstone"},{"floor":41,"key":"Replay:Accelerometer"},{"floor":43,"key":"Nunchaku"},{"floor":44,"key":"Blue Doll"},{"floor":48,"key":"infinitespire:Satchel"}],"event_choices":[{"damage_healed":0,"gold_gain":0,"cards_transformed":["Strike_B"],"player_choice":"Transformed","damage_taken":0,"max_hp_gain":0,"max_hp_loss":0,"event_name":"Transmorgrifier","floor":2,"gold_loss":0,"cards_obtained":["Conserve Battery"]},{"damage_healed":0,"gold_gain":100,"player_choice":"Pray","damage_taken":0,"max_hp_gain":0,"max_hp_loss":0,"event_name":"Golden Shrine","floor":21,"gold_loss":0}],"is_beta":false,"boss_relics":[{"not_picked":["Honey Jar","ReplayTheSpireMod:DimensionalGlitch"],"picked":"hubris:TerracottaHorce"},{"not_picked":["Abe\u0027s Treasure","Philosopher\u0027s Stone"],"picked":"Fusion Hammer"}],"items_purged_floors":[24,38,46],"is_endless":false,"potions_floor_spawned":[1,7,16,22,29,33,48],"ascension_level":0}}