{"host":"tkinv8gv6hgcc58b","time":1607667393,"event":{"mods":["BaseMod","Colored Map","Downfall","Googly Eyes","Hermit","Minty Spire (QoL Compilation)","READ ME - Guardian Mod","StSLib","The Cursed","The Disciple"],"gold_per_floor":[111,111,111,121,134,134,54,87,87,18,18,18,93,112,112,189,189,202,202,202,219,72,72,104,104,104,54,74,85,85,95,95,168,168,182,182,182,182,204,216,263,275,287,17,17,37,64,77,77,77],"floor_reached":51,"playtime":2081,"items_purged":[],"score":1273,"play_id":"fec1a80a-e4f5-4cf6-a34a-e98a0e67b077","local_time":"20201211011633","is_ascension_mode":true,"campfire_choices":[{"data":"Cloak And Dagger","floor":6,"key":"SMITH"},{"floor":12,"key":"REST"},{"floor":15,"key":"REST"},{"data":"Bullet Time","floor":23,"key":"SMITH"},{"floor":25,"key":"REST"},{"floor":30,"key":"REST"},{"data":"Accuracy","floor":32,"key":"SMITH"},{"data":"Adrenaline","floor":40,"key":"SMITH"},{"floor":42,"key":"REST"},{"data":"expansioncontent:TimeRipple","floor":49,"key":"SMITH"}],"circlet_count":0,"master_deck":["AscendersBane","Strike_G","Strike_G","Strike_G","Strike_G","Strike_G","Defend_G","Defend_G","Defend_G","Defend_G","Defend_G","Survivor","Neutralize","CurseOfTheBell","Cloak And Dagger+1","Heel Hook","Sucker Punch","Infinite Blades","Terror","Infinite Blades+1","Dash","Corpse Explosion","Bullet Time+1","Dash","Accuracy+1","Caltrops","Backflip+1","Adrenaline+1","Prepared","Backflip","Prepared","Apotheosis+1","expansioncontent:TimeRipple+1","Backflip","Backflip+1"],"relics":["Calling Bell","Regal Pillow","Pantograph","Du-Vu Doll","Ninja Scroll","Darkstone Periapt","Sozu","MutagenicStrength","Pen Nib","Kunai","Shuriken","Busted Crown","Matryoshka","MawBank","Guardian:PocketSentry","Lizard Tail","Strawberry","Question Card","Paper Crane"],"acts_visited":["Exordium","TheCity","TheBeyond"],"potions_floor_usage":[16,16,50],"damage_taken":[{"damage":0,"enemies":"2 Louse","floor":1,"turns":3},{"damage":4,"enemies":"Jaw Worm","floor":4,"turns":3},{"damage":1,"enemies":"Small Slimes","floor":5,"turns":3},{"damage":24,"enemies":"3 Sentries","floor":8,"turns":8},{"damage":10,"enemies":"3 Louse","floor":14,"turns":3},{"damage":22,"enemies":"Hexaghost","floor":16,"turns":7},{"damage":6,"enemies":"3 Byrds","floor":18,"turns":4},{"damage":7,"enemies":"Chosen","floor":21,"turns":2},{"damage":32,"enemies":"Book of Stabbing","floor":24,"turns":6},{"damage":31,"enemies":"Shelled Parasite and Fungi","floor":28,"turns":3},{"damage":0,"enemies":"Chosen and Byrds","floor":29,"turns":4},{"damage":15,"enemies":"Snecko","floor":31,"turns":4},{"damage":65,"enemies":"Automaton","floor":33,"turns":8},{"damage":6,"enemies":"Orb Walker","floor":35,"turns":3},{"damage":1,"enemies":"3 Shapes","floor":39,"turns":4},{"damage":12,"enemies":"Giant Head","floor":41,"turns":6},{"damage":12,"enemies":"Sphere and 2 Shapes","floor":46,"turns":4},{"damage":16,"enemies":"Nemesis","floor":47,"turns":3},{"damage":4,"enemies":"4 Shapes","floor":48,"turns":2},{"damage":21,"enemies":"Donu and Deca","floor":50,"turns":4}],"seed_played":"-5927890567580369509","potions_obtained":[{"floor":1,"key":"AttackPotion"},{"floor":14,"key":"AttackPotion"},{"floor":16,"key":"Poison Potion"}],"is_trial":false,"path_per_floor":["M","?","?","M","M","R","$","E","T","$","?","R","?","M","R","B",null,"M","?","?","M","$","R","E","R","T","?","M","M","R","M","R","B",null,"M","?","T","T","M","R","E","R","T","$","?","M","E","M","R","B",null],"character_chosen":"THE_SILENT","items_purchased":["Infinite Blades","Infinite Blades","Pen Nib","Apotheosis","expansioncontent:TimeRipple"],"campfire_rested":5,"item_purchase_floors":[7,10,22,44,44],"current_hp_per_floor":[63,63,63,59,58,58,58,34,34,34,34,70,59,49,70,48,65,59,59,59,52,52,52,20,56,56,56,25,25,61,46,46,5,54,48,48,48,48,47,47,35,70,77,77,77,65,49,45,45,49],"gold":77,"neow_bonus":"BOSS_RELIC","is_daily":false,"chose_seed":false,"campfire_upgraded":5,"win_rate":0.0,"timestamp":1607667393,"path_taken":["M","?","?","?","M","R","$","E","T","$","?","R","?","?","R","BOSS","M","?","?","?","?","R","E","R","T","?","?","M","R","M","R","BOSS","M","?","?","?","M","R","E","R","T","$","?","?","E","?","R","BOSS"],"items_purchased_type":["Card","Card","Relic","Card","Card"],"build_version":"2020-11-30","purchased_purges":0,"victory":true,"max_hp_per_floor":[70,70,70,70,70,70,70,70,70,70,70,70,70,70,70,70,70,70,70,70,70,70,70,70,70,70,70,70,70,70,70,70,70,70,70,70,70,70,70,70,70,70,77,77,77,77,77,77,77,77],"card_choices":[{"not_picked":["Deflect","Dagger Throw"],"picked":"Cloak And Dagger","floor":1},{"not_picked":["Poisoned Stab","Bane"],"picked":"Heel Hook","floor":4},{"not_picked":["Reflex","Dodge and Roll"],"picked":"Sucker Punch","floor":5},{"not_picked":["Endless Agony","Backflip"],"picked":"Terror","floor":8},{"not_picked":["Outmaneuver","Dagger Throw"],"picked":"Dash","floor":14},{"not_picked":["Tools of the Trade","Storm of Steel"],"picked":"Corpse Explosion","floor":16},{"not_picked":["Acrobatics","Flechettes"],"picked":"Deadly Poison","floor":18},{"not_picked":["Outmaneuver","PiercingWail"],"picked":"Dash","floor":21},{"not_picked":["Die Die Die","Outmaneuver"],"picked":"Accuracy","floor":24},{"not_picked":["Bane+1","Deflect","Dodge and Roll"],"picked":"SKIP","floor":28},{"not_picked":["Underhanded Strike","Slice"],"picked":"Caltrops","floor":29},{"not_picked":["Caltrops","Deflect"],"picked":"Backflip+1","floor":31},{"not_picked":["Unload","Storm of Steel"],"picked":"Adrenaline","floor":33},{"not_picked":[],"picked":"Prepared","floor":35},{"not_picked":[],"picked":"Backflip","floor":39},{"not_picked":[],"picked":"Prepared","floor":41},{"not_picked":["Tactician+1"],"picked":"Backflip","floor":46},{"not_picked":["Deflect","Dodge and Roll"],"picked":"SKIP","floor":47},{"not_picked":["Reflex"],"picked":"Backflip+1","floor":48}],"player_experience":965084,"relics_obtained":[{"floor":0,"key":"Regal Pillow"},{"floor":0,"key":"Pantograph"},{"floor":0,"key":"Du-Vu Doll"},{"floor":8,"key":"Ninja Scroll"},{"floor":9,"key":"Darkstone Periapt"},{"floor":24,"key":"Kunai"},{"floor":26,"key":"Shuriken"},{"floor":37,"key":"Matryoshka"},{"floor":38,"key":"MawBank"},{"floor":38,"key":"Guardian:PocketSentry"},{"floor":41,"key":"Lizard Tail"},{"floor":43,"key":"Strawberry"},{"floor":43,"key":"Question Card"},{"floor":47,"key":"Paper Crane"}],"event_choices":[{"damage_healed":0,"gold_gain":0,"player_choice":"Leave","damage_taken":0,"max_hp_gain":0,"max_hp_loss":0,"event_name":"The Cleric","floor":2,"gold_loss":0},{"damage_healed":0,"gold_gain":0,"player_choice":"Ignored","damage_taken":0,"max_hp_gain":0,"max_hp_loss":0,"event_name":"Golden Wing","floor":3,"gold_loss":0},{"damage_healed":0,"gold_gain":0,"player_choice":"Grow","damage_taken":0,"max_hp_gain":0,"max_hp_loss":0,"event_name":"Living Wall","floor":11,"gold_loss":0,"cards_upgraded":["Infinite Blades"]},{"damage_healed":0,"gold_gain":75,"player_choice":"Gather Gold","damage_taken":11,"max_hp_gain":0,"max_hp_loss":0,"event_name":"World of Goop","floor":13,"gold_loss":0},{"damage_healed":0,"gold_gain":0,"player_choice":"Inject Mutagens","damage_taken":0,"relics_obtained":["MutagenicStrength"],"max_hp_gain":0,"max_hp_loss":0,"event_name":"Drug Dealer","floor":19,"gold_loss":0},{"damage_healed":0,"gold_gain":0,"cards_transformed":["Deadly Poison"],"player_choice":"Transformed","damage_taken":0,"max_hp_gain":0,"max_hp_loss":0,"event_name":"Transmorgrifier","floor":20,"gold_loss":0,"cards_obtained":["Bullet Time"]},{"damage_healed":0,"gold_gain":0,"player_choice":"Bet on Owner","damage_taken":0,"max_hp_gain":0,"max_hp_loss":0,"event_name":"The Joust","floor":27,"gold_loss":50},{"damage_healed":0,"gold_gain":0,"player_choice":"Memory 1","damage_taken":0,"max_hp_gain":0,"max_hp_loss":0,"event_name":"SensoryStone","floor":36,"gold_loss":0},{"damage_healed":0,"gold_gain":0,"player_choice":"Upgraded","damage_taken":0,"max_hp_gain":0,"max_hp_loss":0,"event_name":"Upgrade Shrine","floor":45,"gold_loss":0,"cards_upgraded":["Apotheosis"]}],"is_beta":false,"boss_relics":[{"not_picked":["Snecko Eye","Runic Dome"],"picked":"Sozu"},{"not_picked":["SlaversCollar","Astrolabe"],"picked":"Busted Crown"}],"items_purged_floors":[],"is_endless":false,"potions_floor_spawned":[1,14,16,18,29,31,33],"ascension_level":13}}