{"host":"z9grmtg2w0nmz8n1","time":1607675779,"event":{"mods":["BaseMod","Better Third Choice","BetterRewards","CCEM","Colored Map","GifTheSpireLib","Hubris","Infinite Spire","Jedi Mod","Jorbs\u0027s Wanderer Trilogy","Minty Spire (QoL Compilation)","Permanent Neow","Replay The Spire","StSLib","Stuff the Spire","The Bug Knight"],"gold_per_floor":[114,130,130,55,65,90,190,205,205,222,222,41,53,87,87,190,190,207,225,315,328,328,328,150,150,150,182,192,212,212,223,223,327,327,347,365,365,365,365,365,170,197,244,244,244],"floor_reached":44,"playtime":2571,"items_purged":["Strike_G","Strike_G","Strike_G","Strike_G","Envenom"],"score":618,"play_id":"ff323e53-a6cf-49a1-97f1-5499eed7c140","local_time":"20201211063619","is_ascension_mode":false,"campfire_choices":[{"data":"ReplayTheSpireMod:Shiv Toss","floor":11,"key":"SMITH"},{"floor":15,"key":"RECALL"},{"data":"ReplayTheSpireMod:Scrap Shanks","floor":23,"key":"SMITH"},{"data":"Blade Dance","floor":32,"key":"SMITH"}],"circlet_count":0,"master_deck":["Defend_G+1","Defend_G+1","Defend_G+1","Defend_G+1","Survivor+1","Neutralize+1","ReplayTheSpireMod:Shiv Toss+1","Blade Dance+1","Accuracy+1","ReplayTheSpireMod:Scrap Shanks+1","Footwork+1","Blade Dance+1","Prepared+1","Hidden Blade+1","Prepared+1","infinitespire:Menacing+1","Calculated Gamble+1"],"relics":["Ring of the Snake","Lizard Tail","White Beast Statue","hubris:BottledRain","WristBlade","hubris:BottledHeart","The Courier","StuffTheSpire:Experiment12","hubris:AstralHammer","Coffee Dripper","Dream Catcher","Mark of the Bloom","Ornamental Fan","Shuriken","jedi:shrinkray"],"acts_visited":["Exordium","TheCity","TheBeyond"],"potions_floor_usage":[6,10,14,16,20,21,27,29,31,33],"damage_taken":[{"damage":0,"enemies":"Cultist","floor":1,"turns":4},{"damage":5,"enemies":"Jaw Worm","floor":2,"turns":4},{"damage":0,"enemies":"Small Slimes","floor":5,"turns":5},{"damage":5,"enemies":"Replay:BlueRogue","floor":6,"turns":7},{"damage":6,"enemies":"Red Slaver","floor":8,"turns":3},{"damage":20,"enemies":"Gremlin Gang","floor":10,"turns":5},{"damage":2,"enemies":"Large Slime","floor":13,"turns":6},{"damage":21,"enemies":"3 Sentries","floor":14,"turns":6},{"damage":0,"enemies":"Fading Forest","floor":16,"turns":11},{"damage":3,"enemies":"3 Byrds","floor":18,"turns":4},{"damage":1,"enemies":"Chosen","floor":19,"turns":3},{"damage":6,"enemies":"Centurion and Healer","floor":21,"turns":4},{"damage":0,"enemies":"Gremlin Leader","floor":27,"turns":4},{"damage":0,"enemies":"Cultist and Chosen","floor":28,"turns":4},{"damage":1,"enemies":"Snake Plant","floor":29,"turns":3},{"damage":0,"enemies":"Snecko","floor":31,"turns":2},{"damage":0,"enemies":"Collector","floor":33,"turns":4},{"damage":0,"enemies":"Orb Walker","floor":35,"turns":3},{"damage":0,"enemies":"3 Darklings","floor":36,"turns":3},{"damage":0,"enemies":"Nemesis","floor":42,"turns":4},{"damage":2,"enemies":"Nightmare","floor":44,"turns":3}],"seed_played":"8645335373611483600","potions_obtained":[{"floor":2,"key":"Regen Potion"},{"floor":5,"key":"AttackPotion"},{"floor":8,"key":"Cursed Concoction"},{"floor":10,"key":"FairyPotion"},{"floor":13,"key":"SpeedPotion"},{"floor":14,"key":"LiquidBronze"},{"floor":16,"key":"Swift Potion"},{"floor":19,"key":"jedi:mysterypotion"},{"floor":21,"key":"Poison Potion"},{"floor":27,"key":"FairyPotion"},{"floor":28,"key":"jedi:StrikingPotion"},{"floor":29,"key":"Fire Potion"},{"floor":31,"key":"SkillPotion"},{"floor":33,"key":"jedi:StrikingPotion"},{"floor":35,"key":"SkillPotion"}],"is_trial":false,"path_per_floor":["M","M","T","$","M","E","?","M","T","M","R","$","M","E","R","B",null,"M","M","?","M","?","R","$","?","T","E","M","M","AVR","M","R","B",null,"M","M","?","AVR","?","R","$","E","T","NM"],"character_chosen":"THE_SILENT","items_purchased":["Footwork","Prepared","Ornamental Fan"],"campfire_rested":0,"item_purchase_floors":[12,24,41],"current_hp_per_floor":[70,65,65,65,65,60,60,54,54,34,34,34,32,25,25,25,70,67,66,54,48,48,48,48,1,1,1,1,1,1,1,1,1,1,1,1,1,1,1,1,1,1,1,0,0],"gold":244,"neow_bonus":"THREE_CARDS","is_daily":false,"chose_seed":false,"campfire_upgraded":3,"win_rate":0.0,"timestamp":1607675779,"path_taken":["M","M","?","?","M","E","?","?","T","?","R","$","M","E","R","BOSS","M","?","?","?","?","R","?","?","T","E","M","M","AVR","?","R","BOSS","M","M","?","AVR","?","R","$","E","T","NM"],"items_purchased_type":["Card","Card","Relic"],"build_version":"2020-11-30","purchased_purges":5,"victory":false,"max_hp_per_floor":[70,70,70,70,70,70,70,70,70,70,70,70,70,70,70,70,70,70,70,70,70,70,70,70,1,1,1,1,1,1,1,1,1,1,1,1,1,1,1,1,1,1,1,1,1],"card_choices":[{"not_picked":["Dodge and Roll","Deflect"],"picked":"ReplayTheSpireMod:Shiv Toss","floor":0},{"not_picked":["Quick Slash","Endless Agony","hubris:SlightOfHand"],"picked":"SKIP","floor":1},{"not_picked":["Acrobatics","Dagger Throw"],"picked":"Blade Dance","floor":2},{"not_picked":["Caltrops","Deadly Poison","StuffTheSpire:Fury"],"picked":"SKIP","floor":5},{"not_picked":["Predator","StuffTheSpire:BumpUp"],"picked":"Accuracy","floor":6},{"not_picked":["All Out Attack","StuffTheSpire:Injection"],"picked":"ReplayTheSpireMod:Scrap Shanks","floor":8},{"not_picked":["Riddle With Holes","Escape Plan","StuffTheSpire:Python"],"picked":"SKIP","floor":10},{"not_picked":["After Image","Eviscerate"],"picked":"Blade Dance","floor":13},{"not_picked":["Backflip","Predator"],"picked":"Prepared","floor":14},{"not_picked":["StuffTheSpire:MirrorStance","Backflip+1","Deflect+1"],"picked":"SKIP","floor":18},{"not_picked":["jedi:pocketpoison","Slice"],"picked":"Hidden Blade","floor":19},{"not_picked":["Quick Slash+1","Well Laid Plans","StuffTheSpire:BumpUp"],"picked":"SKIP","floor":21},{"not_picked":["Choke","StuffTheSpire:BumpUp","jedi:pocketpoison"],"picked":"SKIP","floor":27},{"not_picked":["hubris:SlightOfHand","jedi:acidrain+1","Expertise"],"picked":"SKIP","floor":28},{"not_picked":["Dash","Night Terror","hubris:Sniper"],"picked":"SKIP","floor":29},{"not_picked":["PiercingWail+1","StuffTheSpire:BumpUp","ReplayTheSpireMod:Tripwire"],"picked":"SKIP","floor":31},{"not_picked":["Wraith Form v2","Corpse Explosion"],"picked":"Envenom","floor":33},{"not_picked":["Skewer","StuffTheSpire:MirrorStance+1","Deadly Poison+1"],"picked":"SKIP","floor":35},{"not_picked":["StuffTheSpire:Injection+1","StuffTheSpire:Python"],"picked":"Calculated Gamble+1","floor":36},{"not_picked":["Replay:Poison Smokescreen+1","Deflect","ReplayTheSpireMod:From All Sides"],"picked":"SKIP","floor":42}],"player_experience":530609,"relics_obtained":[{"floor":6,"key":"Lizard Tail"},{"floor":9,"key":"White Beast Statue"},{"floor":14,"key":"hubris:BottledRain"},{"floor":26,"key":"The Courier"},{"floor":27,"key":"StuffTheSpire:Experiment12"},{"floor":42,"key":"Shuriken"},{"floor":43,"key":"jedi:shrinkray"}],"event_choices":[{"damage_healed":0,"gold_gain":100,"player_choice":"Pray","damage_taken":0,"max_hp_gain":0,"max_hp_loss":0,"event_name":"Golden Shrine","floor":7,"gold_loss":0},{"damage_healed":0,"gold_gain":90,"player_choice":"GOLD ","damage_taken":12,"max_hp_gain":0,"max_hp_loss":0,"event_name":"Knowing Skull","floor":20,"potions_obtained":[],"gold_loss":0,"cards_obtained":[]},{"cards_removed":["Strike_G"],"damage_healed":0,"gold_gain":0,"player_choice":"Elegance","damage_taken":0,"max_hp_gain":0,"max_hp_loss":0,"event_name":"betterThird:BetterWriting","floor":22,"gold_loss":0},{"cards_removed":["Defend_G"],"damage_healed":0,"gold_gain":0,"player_choice":"Removed Skill","damage_taken":0,"max_hp_gain":0,"max_hp_loss":0,"event_name":"Falling","floor":37,"gold_loss":0},{"damage_healed":0,"gold_gain":0,"player_choice":"Upgrade","damage_taken":0,"relics_obtained":["Mark of the Bloom"],"max_hp_gain":0,"max_hp_loss":0,"event_name":"MindBloom","floor":39,"gold_loss":0,"cards_upgraded":["Defend_G","Defend_G","Defend_G","Defend_G","Survivor","Neutralize","Accuracy","Footwork","Blade Dance","Prepared","Hidden Blade","Prepared","infinitespire:Menacing"]}],"is_beta":false,"boss_relics":[{"not_picked":["infinitespire:Cupcake","hubris:GrandSneckoEye"],"picked":"WristBlade"},{"not_picked":["ReplayTheSpireMod:SealedPack","Empty Cage"],"picked":"Coffee Dripper"}],"items_purged_floors":[4,12,24,30,38],"is_endless":false,"potions_floor_spawned":[2,5,8,10,13,14,16,18,19,21,27,28,29,31,33,35,36,42],"killed_by":"Nightmare","ascension_level":0}}