{"host":"9h8npza6ronlejsv","time":1607650395,"event":{"mods":["BaseMod","Minty Spire (QoL Compilation)","Permanent Neow","StSLib"],"gold_per_floor":[113,123,138,154,154,186,186,202,247,266,279,310,320,336,336,411,411,425,340,354,373,388,388,421,441,441,470,520,192,208,226,226,305,305,320,320,334,242,269,294,308,328,328,358,358,373,405,421,421,421],"floor_reached":51,"playtime":2935,"items_purged":[],"score":1553,"play_id":"5f9f4c6b-8c31-4bf5-b1bd-6a73f68aeef7","local_time":"20201210203315","is_ascension_mode":true,"campfire_choices":[{"data":"Corpse Explosion","floor":7.0,"key":"SMITH"},{"data":"Wraith Form v2","floor":15,"key":"SMITH"},{"data":"Catalyst","floor":23,"key":"SMITH"},{"floor":32,"key":"REST"},{"data":"Tactician","floor":49,"key":"SMITH"}],"circlet_count":0,"master_deck":["AscendersBane","Survivor","Neutralize","Heel Hook","Endless Agony","Adrenaline","Die Die Die","Die Die Die","Noxious Fumes","Wraith Form v2+1","Backflip","Dodge and Roll","Corpse Explosion+1","Blur","Adrenaline","PiercingWail","Tools of the Trade","Burst+1","PiercingWail+1","Quick Slash+1","Catalyst+1","Backflip","Reflex+1","Night Terror","Prepared+1","Bullet Time+1","Outmaneuver","Footwork","Catalyst","Tactician+1"],"relics":["Pandora\u0027s Box","Ninja Scroll","Dream Catcher","Pantograph","Astrolabe","Tiny Chest","Blood Vial","Kunai","TwistedFunnel","Snake Skull","Runic Pyramid","MealTicket","PreservedInsect","Torii","Mercury Hourglass","Thread and Needle","Pen Nib"],"acts_visited":["Exordium","TheCity","TheBeyond"],"potions_floor_usage":[12,24,50,50],"damage_taken":[{"damage":0.0,"enemies":"Cultist","floor":1.0,"turns":2.0},{"damage":0.0,"enemies":"2 Louse","floor":2.0,"turns":1.0},{"damage":0.0,"enemies":"Small Slimes","floor":3.0,"turns":2.0},{"damage":2.0,"enemies":"Red Slaver","floor":4.0,"turns":3.0},{"damage":12.0,"enemies":"Gremlin Nob","floor":6.0,"turns":4.0},{"damage":0.0,"enemies":"3 Louse","floor":8.0,"turns":1.0},{"damage":10.0,"enemies":"Gremlin Gang","floor":10.0,"turns":2.0},{"damage":0.0,"enemies":"2 Fungi Beasts","floor":11.0,"turns":2.0},{"damage":0,"enemies":"Lagavulin","floor":12,"turns":1},{"damage":0,"enemies":"Blue Slaver","floor":13,"turns":2},{"damage":0,"enemies":"3 Louse","floor":14,"turns":2},{"damage":18,"enemies":"The Guardian","floor":16,"turns":9},{"damage":0,"enemies":"3 Byrds","floor":18,"turns":2},{"damage":1,"enemies":"Shell Parasite","floor":20,"turns":6},{"damage":0,"enemies":"Centurion and Healer","floor":21,"turns":3},{"damage":4,"enemies":"Cultist and Chosen","floor":22,"turns":6},{"damage":6,"enemies":"Book of Stabbing","floor":24,"turns":4},{"damage":0,"enemies":"Chosen and Byrds","floor":25,"turns":4},{"damage":6,"enemies":"Gremlin Leader","floor":27,"turns":7},{"damage":17,"enemies":"Snecko","floor":30,"turns":4},{"damage":16,"enemies":"Shelled Parasite and Fungi","floor":31,"turns":4},{"damage":25,"enemies":"Collector","floor":33,"turns":7},{"damage":4,"enemies":"Orb Walker","floor":35,"turns":4},{"damage":0,"enemies":"3 Darklings","floor":37,"turns":2},{"damage":25,"enemies":"Nemesis","floor":40,"turns":3},{"damage":0,"enemies":"Maw","floor":41,"turns":4},{"damage":13,"enemies":"Spire Growth","floor":42,"turns":3},{"damage":0,"enemies":"Reptomancer","floor":44,"turns":3},{"damage":1,"enemies":"4 Shapes","floor":46,"turns":3},{"damage":0,"enemies":"Giant Head","floor":47,"turns":7},{"damage":0,"enemies":"Transient","floor":48,"turns":5},{"damage":23,"enemies":"Time Eater","floor":50,"turns":5}],"seed_played":"-4306531513307202988","potions_obtained":[{"floor":4.0,"key":"SkillPotion"},{"floor":8.0,"key":"CultistPotion"},{"floor":10.0,"key":"SteroidPotion"},{"floor":12,"key":"Energy Potion"},{"floor":24,"key":"Dexterity Potion"},{"floor":37,"key":"EssenceOfSteel"}],"is_trial":false,"path_per_floor":["M","M","M","M","?","E","R","M","T","M","M","E","M","M","R","B",null,"M","$","M","M","M","R","E","M","T","E","?","$","M","M","R","B",null,"M","?","M","?","T","E","M","M","T","E","?","M","E","M","R","B",null],"character_chosen":"THE_SILENT","items_purchased":["Catalyst","TwistedFunnel","Snake Skull"],"campfire_rested":1,"item_purchase_floors":[19,29,29],"current_hp_per_floor":[59,59,59,57,57,45,45,45,45,35,35,35,35,35,35,42,60,60,60,59,59,55,55,49,49,49,45,45,45,30,16,35,37,59,57,57,59,59,59,36,38,27,27,29,29,30,32,34,34,38],"gold":421,"neow_bonus":"BOSS_RELIC","is_daily":false,"chose_seed":false,"campfire_upgraded":4,"win_rate":0.0,"timestamp":1607650395,"path_taken":["M","M","M","M","?","E","R","M","T","M","M","E","M","M","R","BOSS","M","$","?","M","M","R","E","M","T","E","?","$","M","M","R","BOSS","M","?","M","?","?","E","M","M","T","E","?","M","E","M","R","BOSS"],"items_purchased_type":["Card","Relic","Relic"],"build_version":"2020-11-30","purchased_purges":0,"victory":true,"max_hp_per_floor":[66,66,66,66,66,66,66,66,66,66,66,66,66,66,66,66,66,66,66,66,66,66,66,66,66,66,66,66,66,66,66,66,66,66,66,66,66,66,66,66,66,66,66,66,66,66,66,66,66,66],"card_choices":[{"not_picked":["Sucker Punch","Accuracy"],"picked":"Backflip","floor":1.0},{"not_picked":["Concentrate","Deflect","Blade Dance"],"picked":"SKIP","floor":2.0},{"not_picked":["Prepared","All Out Attack","Accuracy"],"picked":"SKIP","floor":3.0},{"not_picked":["Dash","Slice"],"picked":"Dodge and Roll","floor":4.0},{"not_picked":["Tools of the Trade","Blade Dance"],"picked":"Corpse Explosion","floor":6.0},{"not_picked":["All Out Attack","Deflect","Blade Dance"],"picked":"SKIP","floor":8.0},{"not_picked":["Dodge and Roll","Infinite Blades"],"picked":"Blur","floor":10.0},{"not_picked":["Slice","Blade Dance","Poisoned Stab"],"picked":"SKIP","floor":11.0},{"not_picked":["Well Laid Plans","Outmaneuver"],"picked":"Adrenaline","floor":12},{"not_picked":["Sucker Punch","Bane","Masterful Stab"],"picked":"SKIP","floor":13},{"not_picked":["Deadly Poison","Sucker Punch"],"picked":"PiercingWail","floor":14},{"not_picked":["Venomology","Grand Finale"],"picked":"Tools of the Trade","floor":16},{"not_picked":["Choke","Dash","Cloak And Dagger"],"picked":"SKIP","floor":18},{"not_picked":["Dagger Spray","Endless Agony","Crippling Poison"],"picked":"SKIP","floor":20},{"not_picked":["Dagger Throw","PiercingWail","Flying Knee"],"picked":"SKIP","floor":21},{"not_picked":["Distraction","Infinite Blades"],"picked":"Backflip","floor":22},{"not_picked":["Blade Dance+1","Concentrate"],"picked":"Reflex+1","floor":24},{"not_picked":["Terror","Concentrate","PiercingWail"],"picked":"SKIP","floor":25},{"not_picked":["Poisoned Stab","Terror"],"picked":"Night Terror","floor":27},{"not_picked":["PiercingWail","Quick Slash","Underhanded Strike+1"],"picked":"SKIP","floor":30},{"not_picked":["Quick Slash","All Out Attack"],"picked":"Prepared+1","floor":31},{"not_picked":["Corpse Explosion","Unload"],"picked":"Bullet Time","floor":33},{"not_picked":["Deadly Poison+1","Dagger Spray","Skewer"],"picked":"SKIP","floor":35},{"not_picked":["Prepared","Glass Knife"],"picked":"Outmaneuver","floor":37},{"not_picked":["Backflip+1","Caltrops"],"picked":"Footwork","floor":40},{"not_picked":["Deadly Poison+1","Acrobatics"],"picked":"Catalyst","floor":41},{"not_picked":["Terror","Dodge and Roll"],"picked":"Tactician","floor":42},{"not_picked":["Dash","Dagger Spray+1","Deadly Poison"],"picked":"SKIP","floor":44},{"not_picked":["Night Terror","Terror+1","Deflect"],"picked":"SKIP","floor":46},{"not_picked":["Deadly Poison","Prepared","Backflip"],"picked":"SKIP","floor":47},{"not_picked":["Cloak And Dagger+1","Prepared","Quick Slash+1"],"picked":"SKIP","floor":48}],"player_experience":232994,"relics_obtained":[{"floor":6.0,"key":"Ninja Scroll"},{"floor":9.0,"key":"Dream Catcher"},{"floor":12,"key":"Pantograph"},{"floor":24,"key":"Tiny Chest"},{"floor":26,"key":"Blood Vial"},{"floor":27,"key":"Kunai"},{"floor":39,"key":"PreservedInsect"},{"floor":40,"key":"Torii"},{"floor":43,"key":"Mercury Hourglass"},{"floor":44,"key":"Thread and Needle"},{"floor":47,"key":"Pen Nib"}],"event_choices":[{"damage_healed":0.0,"max_hp_gain":0.0,"max_hp_loss":0.0,"gold_gain":0.0,"cards_transformed":["Flechettes"],"event_name":"Transmorgrifier","player_choice":"Transformed","floor":5.0,"gold_loss":0.0,"damage_taken":0.0,"cards_obtained":["Deadly Poison"]},{"damage_healed":0,"gold_gain":50,"player_choice":"Stole From Cult","damage_taken":0,"max_hp_gain":0,"max_hp_loss":0,"event_name":"Nest","floor":28,"gold_loss":0},{"damage_healed":0,"gold_gain":0,"player_choice":"Ignored","damage_taken":0,"max_hp_gain":0,"max_hp_loss":0,"event_name":"Tomb of Lord Red Mask","floor":36,"gold_loss":0},{"damage_healed":0,"gold_gain":0,"player_choice":"Paid Gold","damage_taken":0,"relics_obtained":["MealTicket"],"max_hp_gain":0,"max_hp_loss":0,"event_name":"WeMeetAgain","floor":38,"gold_loss":92},{"damage_healed":0,"gold_gain":0,"player_choice":"Forge","damage_taken":0,"max_hp_gain":0,"max_hp_loss":0,"event_name":"Accursed Blacksmith","floor":45,"gold_loss":0,"cards_upgraded":["Bullet Time"]}],"is_beta":false,"boss_relics":[{"not_picked":["Velvet Choker","SacredBark"],"picked":"Astrolabe"},{"not_picked":["Tiny House","Black Star"],"picked":"Runic Pyramid"}],"items_purged_floors":[],"is_endless":false,"potions_floor_spawned":[4,8,10,12,13,14,21,22,24,25,37,40,46,48],"ascension_level":16}}