{"host":"u515qumgrc6s41he","time":1607689566,"event":{"mods":["2.2 Compatiblity","AchievementEnabler","Ascension Reborn","BaseMod","CapriCore","Colored Map","Colored Powertips","Downfall","Hermit","Keyboard Shortcuts","Marisa£¨Ùöéë¡¡Øª×âÞÞ£©","Minty Spire (QoL Compilation)","Permanent Neow","Quick Restart","Rare Cards Sparkle","Relic Stats","Replay The Spire","StSLib","Td1madao Mod","The Cursed","The Immortal"],"gold_per_floor":[119,119,137,156,175,205,19,19,19,45,65,65,107,119,119,233,233,256,256,269,85,85,85,126,140,154,182,210,238,276,230,244,733,747,775,649,665,681,694,694,718,734,734,734,734,771,831,831,831,831,831,831,303,335,335,335],"floor_reached":55,"playtime":1401,"items_purged":["MagicChant+1"],"score":150,"play_id":"65f68aec-432a-455f-a317-0104e842a402","local_time":"20201211212606","is_ascension_mode":true,"campfire_choices":[{"data":"GravityBeat","floor":12,"key":"SMITH"},{"floor":15,"key":"RECALL"},{"data":"GravityBeat","floor":23,"key":"SMITH"},{"data":"PowerUp","floor":25,"key":"SMITH"},{"data":"LuminesStrike","floor":32,"key":"SMITH"},{"data":"LuminesStrike","floor":40,"key":"SMITH"},{"data":"GrandCross","floor":49,"key":"SMITH"},{"floor":52,"key":"REST"}],"circlet_count":0,"master_deck":["Strike_MRS+1","Strike_MRS+1","Strike_MRS+1","Strike_MRS+1","Defend_MRS+1","Defend_MRS+1","Defend_MRS+1","MasterSpark+1","UpSweep+1","LuminesStrike+1","6A+1","PowerUp+1","NonDirectionalLaser+1","GalacticHalo+1","Parasite","Parasite","PowerUp+1","GravityBeat+1","GravityBeat+1","GrandCross+1","LuminesStrike+1","DC+1","Acceleration+1","GalacticHalo+1","UnstableBomb+1","DC+1","LuminesStrike+1","DC+1","DoubleSpark+1","MilkyWay+1","DC+1","Acceleration+1","Wraith","GalacticHalo+1"],"relics":["MiniHakkero","Strawberry","Golden Egg","HandmadeGrimoire","Smiling Mask","Toxic Egg 2","Quantum Egg","ShroomBag","Question Card","MagicBroom","SacredBark","Onion Ring","MawBank","Art of War","Replay:Bottled Snecko","Pear","Old Coin","Busted Crown","ReplayTheSpireMod:ShopPack","ReplayTheSpireMod:TigerMarble","Letter Opener","InkBottle","Replay:PocketPolymizer","Iron Hammer","Counterbalance","ClockworkSouvenir","ReplayFunnel"],"acts_visited":["Exordium","TheCity","TheBeyond","TheEnding"],"potions_floor_usage":[4,5,6,6,13,13,14,18,18,20,20,24,24,27,28,28,28,29,30,33,33,38,38,42,42,50,50,55,55],"damage_taken":[{"damage":0,"enemies":"Small Slimes","floor":1,"turns":2},{"damage":0,"enemies":"Cultist","floor":3,"turns":2},{"damage":0,"enemies":"2 Louse","floor":4,"turns":1},{"damage":0,"enemies":"Looter","floor":5,"turns":1},{"damage":14,"enemies":"Lagavulin","floor":6,"turns":3},{"damage":0,"enemies":"The Mushroom Lair","floor":10,"turns":2},{"damage":0,"enemies":"3 Louse","floor":11,"turns":1},{"damage":0,"enemies":"Replay:BlueRogue","floor":13,"turns":2},{"damage":0,"enemies":"Gremlin Gang","floor":14,"turns":2},{"damage":21,"enemies":"Fading Forest","floor":16,"turns":11},{"damage":0,"enemies":"2 Thieves","floor":18,"turns":2},{"damage":0,"enemies":"3 Byrds","floor":20,"turns":2},{"damage":0,"enemies":"Gremlin Leader","floor":24,"turns":1},{"damage":0,"enemies":"Cultist and Chosen","floor":27,"turns":2},{"damage":0,"enemies":"Chosen and Byrds","floor":28,"turns":2},{"damage":0,"enemies":"Snecko","floor":29,"turns":1},{"damage":0,"enemies":"Snake Plant","floor":30,"turns":1},{"damage":7,"enemies":"Pondfish","floor":33,"turns":6},{"damage":9,"enemies":"3 Shapes","floor":35,"turns":2},{"damage":0,"enemies":"Orb Walker","floor":37,"turns":1},{"damage":0,"enemies":"Transient","floor":38,"turns":5},{"damage":4,"enemies":"Writhing Mass","floor":39,"turns":2},{"damage":7,"enemies":"Sphere and 2 Shapes","floor":41,"turns":2},{"damage":0,"enemies":"Transient","floor":42,"turns":5},{"damage":7,"enemies":"Giant Head","floor":46,"turns":4},{"damage":0,"enemies":"Mind Bloom Boss Battle","floor":47,"turns":2},{"damage":38,"enemies":"Donu and Deca","floor":50,"turns":4},{"damage":9,"enemies":"Shield and Spear","floor":54,"turns":2},{"damage":148,"enemies":"The Heart","floor":55,"turns":6}],"seed_played":"-9023892191209476429","potions_obtained":[{"floor":1,"key":"Fire Potion"},{"floor":1,"key":"Swift Potion"},{"floor":3,"key":"ColorlessPotion"},{"floor":4,"key":"LiquidBronze"},{"floor":5,"key":"Block Potion"},{"floor":6,"key":"LiquidMemories"},{"floor":10,"key":"Languid Potion"},{"floor":13,"key":"Reflective Coating"},{"floor":14,"key":"Fruit Juice"},{"floor":16,"key":"Strength Potion"},{"floor":18,"key":"EssenceOfSteel"},{"floor":18,"key":"Fruit Juice"},{"floor":20,"key":"DuplicationPotion"},{"floor":20,"key":"Fire Potion"},{"floor":24,"key":"Fire Potion"},{"floor":27,"key":"EntropicBrew"},{"floor":28,"key":"ColorlessPotion"},{"floor":29,"key":"AttackPotion"},{"floor":30,"key":"ColorlessPotion"},{"floor":33,"key":"Fire Potion"},{"floor":35,"key":"Explosive Potion"},{"floor":38,"key":"Milkshake"},{"floor":39,"key":"LiquidMemories"},{"floor":42,"key":"Explosive Potion"},{"floor":46,"key":"Block Potion"},{"floor":54,"key":"Ancient Potion"}],"is_trial":false,"path_per_floor":["M","?","M","M","M","E","$","T","T","?","M","R","E","M","R","B",null,"M","?","M","$","?","R","E","R","T","M","M","M","M","?","R","B",null,"M","$","M","M","M","R","M","M","T","?","?","E","?","?","R","B",null,"R","$","E","B"],"character_chosen":"MARISA","items_purchased":["HandmadeGrimoire","Onion Ring","ReplayTheSpireMod:ShopPack","Iron Hammer","Counterbalance","ClockworkSouvenir"],"campfire_rested":1,"item_purchase_floors":[7,21,36,53,53,53],"current_hp_per_floor":[87,87,87,87,87,73,73,73,73,73,73,73,76,89,89,78,97,97,97,107,107,107,107,107,107,107,107,107,117,117,117,117,120,122,116,116,116,122,118,118,111,114,114,114,114,110,113,113,113,88,121,121,121,115,0,0],"gold":335,"neow_bonus":"RANDOM_COMMON_RELIC","is_daily":false,"chose_seed":false,"campfire_upgraded":6,"win_rate":0.0,"timestamp":1607689566,"path_taken":["M","?","M","M","M","E","$","?","T","?","M","R","E","M","R","BOSS","M","?","M","$","?","R","E","R","T","M","M","?","M","?","R","BOSS","M","$","M","M","M","R","M","M","T","?","?","E","?","?","R","BOSS","R","$","E","BOSS"],"items_purchased_type":["Relic","Relic","Relic","Relic","Relic","Relic"],"build_version":"2020-11-30","purchased_purges":1,"victory":false,"max_hp_per_floor":[87,87,87,87,87,87,87,87,87,87,87,87,87,92,92,97,97,97,97,107,107,107,107,107,107,107,107,107,117,117,117,117,122,122,122,122,122,122,122,122,122,122,122,122,122,122,122,116,116,121,121,121,121,121,121,121],"relic_stats":{"Busted Crown":26,"counters":[29,79],"Art of War":[0],"Letter Opener":[25],"Smiling Mask":25,"Question Card":23,"MawBank":168,"obtain_stats":[{"ReplayFunnel":54,"Golden Egg":6,"Replay:PocketPolymizer":47,"SacredBark":17,"Smiling Mask":8,"Old Coin":33,"ClockworkSouvenir":53,"Strawberry":0,"Iron Hammer":53,"HandmadeGrimoire":7,"Replay:Bottled Snecko":26,"Toxic Egg 2":9,"InkBottle":46,"MagicBroom":16,"Pear":29,"Quantum Egg":9,"Counterbalance":53,"Letter Opener":43,"Question Card":13,"MawBank":24,"ShroomBag":10,"Busted Crown":34,"Onion Ring":21,"Art of War":26,"ReplayTheSpireMod:TigerMarble":43,"MiniHakkero":0,"ReplayTheSpireMod:ShopPack":36},{"ReplayFunnel":28,"Golden Egg":5,"Replay:PocketPolymizer":26,"SacredBark":10,"Smiling Mask":5,"Old Coin":18,"ClockworkSouvenir":27,"Strawberry":0,"Iron Hammer":27,"HandmadeGrimoire":5,"Replay:Bottled Snecko":13,"Toxic Egg 2":5,"InkBottle":25,"MagicBroom":10,"Pear":16,"Quantum Egg":5,"Counterbalance":27,"Letter Opener":24,"Question Card":8,"MawBank":13,"ShroomBag":6,"Busted Crown":18,"Onion Ring":12,"Art of War":13,"ReplayTheSpireMod:TigerMarble":24,"MiniHakkero":0,"ReplayTheSpireMod:ShopPack":19},{"ReplayFunnel":73,"Golden Egg":9,"Replay:PocketPolymizer":67,"SacredBark":27,"Smiling Mask":9,"Old Coin":44,"ClockworkSouvenir":71,"Strawberry":0,"Iron Hammer":71,"HandmadeGrimoire":9,"Replay:Bottled Snecko":32,"Toxic Egg 2":9,"InkBottle":65,"MagicBroom":27,"Pear":37,"Quantum Egg":9,"Counterbalance":71,"Letter Opener":61,"Question Card":14,"MawBank":32,"ShroomBag":11,"Busted Crown":44,"Onion Ring":31,"Art of War":32,"ReplayTheSpireMod:TigerMarble":61,"MiniHakkero":0,"ReplayTheSpireMod:ShopPack":46}],"InkBottle":[8]},"card_choices":[{"not_picked":["MachineGunSpark","GasGiant"],"picked":"LuminesStrike","floor":1},{"not_picked":["StarlightTyphoon+1","IllusionStar"],"picked":"6A","floor":3},{"not_picked":["WitchOfGreed","MagicChant+1","PropBag"],"picked":"SKIP","floor":4},{"not_picked":["Acceleration+1","AsteroidBelt"],"picked":"PowerUp","floor":5},{"not_picked":["Singularity","FairyDestructionRay+1"],"picked":"NonDirectionalLaser+1","floor":6},{"not_picked":["FairyDestructionRay","ManaRampage"],"picked":"GalacticHalo+1","floor":6},{"not_picked":["OrrerysSun","IllusionStar+1"],"picked":"PowerUp+1","floor":10},{"not_picked":["GalacticHalo+1","DragonMeteor"],"picked":"GravityBeat","floor":11},{"not_picked":["MilkyWay+1","DoubleSpark"],"picked":"GravityBeat","floor":13},{"not_picked":["OneTimeOff+1","CollectingQuirk"],"picked":"GrandCross","floor":13},{"not_picked":["UnstableBomb","DoubleSpark","MysteriousBeam"],"picked":"LuminesStrike+1","floor":14},{"not_picked":["DoubleSpark+1","ChargeUpSpray","RefractionSpark"],"picked":"DC+1","floor":18},{"not_picked":["PowerUp+1","DragonMeteor+1","6A+1"],"picked":"Acceleration+1","floor":20},{"not_picked":["MysteriousBeam","WitchOfGreed","GravityBeat"],"picked":"GalacticHalo+1","floor":24},{"not_picked":["LuminesStrike+1","SporeBomb+1","ShootingEcho+1"],"picked":"UnstableBomb+1","floor":27},{"not_picked":["AlicesGift","PowerUp+1","FinalSpark"],"picked":"MagicChant+1","floor":28},{"not_picked":["SporeBomb+1","ShootingEcho","MilkyWay+1"],"picked":"DC+1","floor":29},{"not_picked":["EventHorizon+1","IllusionStar+1","Acceleration+1"],"picked":"LuminesStrike","floor":30},{"not_picked":["OneTimeOff+1"],"picked":"DC+1","floor":35},{"not_picked":["GalacticHalo+1","Occultation+1"],"picked":"SKIP","floor":37},{"not_picked":["StarBarrage+1"],"picked":"DoubleSpark+1","floor":38},{"not_picked":["PowerUp+1"],"picked":"MilkyWay+1","floor":39},{"not_picked":["EventHorizon"],"picked":"DC+1","floor":41},{"not_picked":["SuperPerseids+1"],"picked":"Acceleration+1","floor":42},{"not_picked":["Orbital+1","SatelliteIllusion"],"picked":"SKIP","floor":46},{"not_picked":["OrrerysSun+1"],"picked":"GalacticHalo+1","floor":54}],"player_experience":197789,"relics_obtained":[{"floor":6,"key":"Golden Egg"},{"floor":8,"key":"Smiling Mask"},{"floor":9,"key":"Toxic Egg 2"},{"floor":9,"key":"Quantum Egg"},{"floor":10,"key":"ShroomBag"},{"floor":13,"key":"Question Card"},{"floor":16,"key":"MagicBroom"},{"floor":24,"key":"MawBank"},{"floor":26,"key":"Art of War"},{"floor":26,"key":"Replay:Bottled Snecko"},{"floor":29,"key":"Pear"},{"floor":33,"key":"Old Coin"},{"floor":43,"key":"ReplayTheSpireMod:TigerMarble"},{"floor":43,"key":"Letter Opener"},{"floor":46,"key":"InkBottle"},{"floor":47,"key":"Replay:PocketPolymizer"},{"floor":54,"key":"ReplayFunnel"}],"event_choices":[{"damage_healed":0,"gold_gain":0,"player_choice":"Ignored","damage_taken":0,"max_hp_gain":0,"max_hp_loss":0,"event_name":"NoteForYourself","floor":2,"gold_loss":0},{"damage_healed":0,"gold_gain":0,"player_choice":"Fought Mushrooms","damage_taken":0,"max_hp_gain":0,"max_hp_loss":0,"event_name":"Mushrooms_MRS","floor":10,"gold_loss":0},{"damage_healed":0,"gold_gain":0,"player_choice":"Ignored","damage_taken":0,"max_hp_gain":0,"max_hp_loss":0,"event_name":"Cursed Tome","floor":19,"gold_loss":0},{"damage_healed":0,"gold_gain":0,"player_choice":"Forge","damage_taken":0,"max_hp_gain":0,"max_hp_loss":0,"event_name":"Accursed Blacksmith","floor":22,"gold_loss":0,"cards_upgraded":["6A"]},{"cards_removed":["Defend_MRS"],"damage_healed":0,"gold_gain":0,"player_choice":"Removed Skill","damage_taken":0,"max_hp_gain":0,"max_hp_loss":0,"event_name":"Falling","floor":44,"gold_loss":0},{"damage_healed":0,"gold_gain":0,"player_choice":"Ignored","damage_taken":0,"max_hp_gain":0,"max_hp_loss":0,"event_name":"OrinTheCat","floor":45,"gold_loss":0},{"damage_healed":0,"gold_gain":0,"player_choice":"Fight","damage_taken":0,"max_hp_gain":0,"max_hp_loss":0,"event_name":"MindBloom","floor":47,"gold_loss":0},{"damage_healed":0,"gold_gain":0,"player_choice":"Max HP","damage_taken":0,"max_hp_gain":0,"max_hp_loss":6,"event_name":"Winding Halls","floor":48,"gold_loss":0}],"is_beta":false,"boss_relics":[{"not_picked":["Sozu","Runic Pyramid"],"picked":"SacredBark"},{"not_picked":["Snecko Heart","Coffee Dripper"],"picked":"Busted Crown"}],"items_purged_floors":[36],"is_endless":false,"potions_floor_spawned":[1,4,11,14,16,18,20,28,29,37,46,47],"killed_by":"The Heart","ascension_level":-20}}