{"host":"5pvsezzv96u4cz40","time":1607655135,"event":{"mods":["Act Like it!","BaseMod","BetterRewards","CapriCore","Colored Map","Colored Powertips","Duelist Mod","GifTheSpireLib","Hubris","Menagerie","Minty Spire (QoL Compilation)","Replay The Spire","Shop Mod","StSLib","[IsaacMod]????"],"gold_per_floor":[143,98,118,132,132,132,207,241,261,261,261,287,304,318,20,32,32,158,158,176,176,199,213,230,230,282,100,100,148,178,239,256,283,290,408,408,430,419,419,345,364,412,412,412,429,429,429,471,495,495,495,559,559,643,643],"floor_reached":54,"playtime":7066,"items_purged":[],"score":742,"play_id":"9431d136-1968-44e5-9f23-ba598d71e38e","local_time":"20201211035215","is_ascension_mode":false,"campfire_choices":[{"floor":10,"key":"REST"},{"data":"Fluid Movement","floor":17,"key":"SMITH"},{"data":"theDuelist:VeilDarkness","floor":25,"key":"SMITH"},{"data":"theDuelist:DragonPiper","floor":46,"key":"SMITH"},{"floor":51,"key":"REST"},{"data":"theDuelist:Babycerasaurus","floor":53,"key":"SMITH"}],"circlet_count":0,"master_deck":["theDuelist:DarkHorus","theDuelist:MadFlameKaiju+1","theDuelist:DragonPiper+1","theDuelist:BattleguardKing+1","theDuelist:DragonCaptureJar","theDuelist:CastleWalls","theDuelist:ArmedDragon5+1","theDuelist:JurassicImpact+1","Fluid Movement+1","theDuelist:EvolutionBurst","theDuelist:MirageDragon","Hidden Blade","theDuelist:SpiralSpearStrike+1","theDuelist:CyberEndDragon","theDuelist:Kabazauls+1","theDuelist:DragonCaptureJar","theDuelist:BabyDragon","theDuelist:Lancephorhynchus","theDuelist:MadSwordBeast+1","theDuelist:Babycerasaurus+1","theDuelist:EyeTimaeus","theDuelist:RainbowOverdragon+1","theDuelist:Hinotama","theDuelist:Babycerasaurus+1","theDuelist:MirageDragon+1","theDuelist:LesserDragon","theDuelist:CaveDragon","theDuelist:Terraforming+1","theDuelist:Destroyersaurus+1","theDuelist:DarkDriceratops+1"],"relics":["theDuelist:MillenniumPuzzle","theDuelist:CardPoolRelic","theDuelist:CardPoolBasicRelic","theDuelist:BoosterPackPoolRelic","theDuelist:CardPoolAddRelic","theDuelist:CardPoolMinusRelic","theDuelist:CardPoolSaveRelic","theDuelist:CardPoolOptionsRelic","HushsDoor","SalivaCoin","Snake Skull","theDuelist:MetronomeRelicB","hubris:BottledRain","Ornamental Fan","hubris:VirtuousBlindfold","theDuelist:FatMaxHPRelic","Another Sword","Lantern","Onion Ring","theDuelist:BoosterPackHealer","hubris:ScarierMask","theDuelist:NamelessPowerRelicA","Potion Belt","ReplayTheSpireMod:Ninjato","hubris:Reverence","Mercury Hourglass","Whetstone"],"acts_visited":["Exordium","TheCity","TheBeyond"],"potions_floor_usage":[8,18,18,26,29,30,35,35,35,42,42,54,54,54,54],"damage_taken":[{"damage":1,"enemies":"Jaw Worm","floor":1,"turns":2},{"damage":0,"enemies":"Cultist","floor":3,"turns":2},{"damage":0,"enemies":"2 Louse","floor":4,"turns":2},{"damage":6,"enemies":"Gremlin Nob","floor":7,"turns":4},{"damage":7,"enemies":"3 Sentries","floor":8,"turns":7},{"damage":0,"enemies":"Red Slaver","floor":9,"turns":2},{"damage":5,"enemies":"Blue Slaver","floor":12,"turns":2},{"damage":1,"enemies":"Exordium Thugs","floor":13,"turns":3},{"damage":0,"enemies":"Exordium Wildlife","floor":14,"turns":3},{"damage":0,"enemies":"Looter","floor":16,"turns":2},{"damage":16,"enemies":"Hexaghost","floor":18,"turns":9},{"damage":2,"enemies":"3 Byrds","floor":20,"turns":6},{"damage":5,"enemies":"Shell Parasite","floor":22,"turns":4},{"damage":0,"enemies":"Centurion and Healer","floor":23,"turns":6},{"damage":3,"enemies":"Cultist and Chosen","floor":24,"turns":6},{"damage":11,"enemies":"Chosen and Byrds","floor":26,"turns":5},{"damage":6,"enemies":"theDuelist:KaibaA2","floor":29,"turns":2},{"damage":9,"enemies":"Shelled Parasite and Fungi","floor":30,"turns":3},{"damage":21,"enemies":"Gremlin Leader","floor":31,"turns":5},{"damage":0,"enemies":"Snake Plant","floor":32,"turns":4},{"damage":8,"enemies":"Chosen and Byrds","floor":33,"turns":5},{"damage":0,"enemies":"Champ","floor":35,"turns":9},{"damage":11,"enemies":"Orb Walker","floor":37,"turns":2},{"damage":0,"enemies":"3 Shapes","floor":41,"turns":2},{"damage":28,"enemies":"Giant Head","floor":42,"turns":8},{"damage":1,"enemies":"Transient","floor":45,"turns":5},{"damage":16,"enemies":"4 Shapes","floor":48,"turns":3},{"damage":10,"enemies":"Spire Growth","floor":49,"turns":5},{"damage":6,"enemies":"Hiden Room Battle","floor":52,"turns":3},{"damage":272,"enemies":"Delirium","floor":54,"turns":15}],"seed_played":"2193417591135967317","potions_obtained":[{"floor":4,"key":"theDuelist:DragonfirePotion"},{"floor":9,"key":"theDuelist:WaterBottle"},{"floor":14,"key":"Energy Potion"},{"floor":18,"key":"DuplicationPotion"},{"floor":22,"key":"theDuelist:SolderPotionB"},{"floor":24,"key":"ColorlessPotion"},{"floor":26,"key":"theDuelist:CoolBottle"},{"floor":30,"key":"DuplicationPotion"},{"floor":31,"key":"theDuelist:DebuffFuryPotion"},{"floor":35,"key":"theDuelist:VampireVial"},{"floor":45,"key":"theDuelist:FreezingPotion"},{"floor":48,"key":"theDuelist:DragonOrbBottle"},{"floor":49,"key":"theDuelist:WhiteBottle"}],"is_trial":false,"path_per_floor":["M","$","M","M","PTL","PTL","?","E","M","R","T","M","M","M","$","M","R","B",null,"M","?","M","M","M","R","M","$","T","E","M","E","M","M","R_BF","B",null,"M","?","?","$","M","E","PTL","PTL","M","R","T","M","M","T","R","?","R","B"],"character_chosen":"THE_DUELIST","items_purchased":["theDuelist:DragonPiper","Ornamental Fan","theDuelist:DarkHorus","theDuelist:EvolutionBurst","theDuelist:FatMaxHPRelic","Reflective Coating","theDuelist:MegaupgradePotion","theDuelist:CyberEndDragon","Fire Potion","theDuelist:MirageDragon"],"campfire_rested":2,"item_purchase_floors":[2,15,15,27,27,27,36,36,40,40],"current_hp_per_floor":[79,79,79,79,79,79,73,66,66,80,80,75,74,74,74,74,74,58,80,78,78,73,73,70,70,59,259,259,253,244,223,223,215,209,209,274,267,267,267,267,271,243,243,243,242,242,242,230,220,220,274,257,257,0,0],"gold":643,"neow_bonus":"TRANSFORM_CARD","is_daily":false,"chose_seed":false,"campfire_upgraded":4,"win_rate":0.0,"timestamp":1607655135,"path_taken":["M","$","M","M","PTL","PTL","?","E","M","R","T","?","M","M","$","M","R","BOSS","M","?","M","M","M","R","?","?","T","E","?","E","M","M","R_BF","BOSS","M","?","?","$","M","E","PTL","PTL","?","R","T","M","M","?","R","?","R","BOSS"],"items_purchased_type":["Card","Relic","Card","Card","Relic","Potion","Potion","Card","Potion","Card"],"build_version":"2020-11-30","purchased_purges":0,"victory":false,"max_hp_per_floor":[80,80,80,80,80,80,80,80,80,80,80,80,80,80,80,80,80,80,80,80,80,80,80,80,80,80,280,280,280,280,280,280,280,280,280,274,274,274,274,274,274,274,274,274,274,274,274,274,274,274,274,274,274,274,274],"card_choices":[{"not_picked":["theDuelist:BlackStego","theDuelist:SilverDragon","theDuelist:MoltenDestruction","theDuelist:BlackPtera"],"picked":"theDuelist:TwinHeadedFire","floor":0},{"not_picked":["theDuelist:VeilDarkness+1","theDuelist:TyrantWing","theDuelist:SafeZone","theDuelist:DragonShield+1"],"picked":"theDuelist:DragonCaptureJar","floor":1},{"not_picked":["theDuelist:Kabazauls","theDuelist:Freezadon","theDuelist:CyberDinosaur","theDuelist:BlackStego"],"picked":"theDuelist:Babycerasaurus","floor":3},{"not_picked":["theDuelist:LesserDragon","theDuelist:SafeZone","theDuelist:DarkHorus","theDuelist:TornadoDragon"],"picked":"theDuelist:BlueEyesUltimate","floor":4},{"not_picked":["theDuelist:CurseDragon","theDuelist:GiantRex","theDuelist:TrihornedDragon","theDuelist:Lancephorhynchus"],"picked":"theDuelist:ArmedDragon5","floor":7},{"not_picked":["theDuelist:RedEyesZombie","theDuelist:VoidOgreDragon"],"picked":"theDuelist:SeismicShockwave","floor":8},{"not_picked":["theDuelist:RainbowOverdragon","theDuelist:MagicalStone","theDuelist:GreenGraveOni","theDuelist:DianKeto"],"picked":"theDuelist:Terraforming","floor":9},{"not_picked":["theDuelist:BlackBrutdrago","theDuelist:LavaDragon","theDuelist:DefenseZone","theDuelist:CurseDragon"],"picked":"Hidden Blade","floor":12},{"not_picked":["theDuelist:BerserkScales","theDuelist:ChimeratechOverdragon","theDuelist:FiveHeaded","theDuelist:QueenDragunDjinn"],"picked":"theDuelist:WaterDragon","floor":13},{"not_picked":["theDuelist:Hydrogeddon","theDuelist:Pyrorex","theDuelist:DefenseZone","theDuelist:HazyFlameHydra"],"picked":"Fluid Movement","floor":14},{"not_picked":["theDuelist:LostWorld","theDuelist:OceanDragonLord"],"picked":"theDuelist:ChimeratechOverdragon","floor":16},{"not_picked":["theDuelist:BSkullDragon","theDuelist:CyberDragonInfinity","theDuelist:DragonMastery","theDuelist:WingedDragonRa"],"picked":"ReplayRNGCard","floor":18},{"not_picked":["theDuelist:ArmedProtectorDragon","theDuelist:SliferSky","theDuelist:SurvivalFittest","theDuelist:TailSwipe"],"picked":"theDuelist:DefensiveTactics","floor":20},{"not_picked":["theDuelist:BlackPtera","theDuelist:Beatraptor","theDuelist:BabyDragon","theDuelist:CyberneticRevolution"],"picked":"theDuelist:MoltenDestruction","floor":22},{"not_picked":["theDuelist:BlackVeloci+1","theDuelist:DarkHorus","theDuelist:DreadnoughtDreadnoid","theDuelist:TrihornedDragon+1"],"picked":"theDuelist:VeilDarkness","floor":23},{"not_picked":["theDuelist:DoomkaiserDragon","theDuelist:TrihornedDragon","theDuelist:Carboneddon","theDuelist:BusterBladerDDS"],"picked":"theDuelist:Babycerasaurus+1","floor":24},{"not_picked":["theDuelist:GalaxySoldier+1","theDuelist:MiraculousDescent","theDuelist:TyrantWing","theDuelist:WhiteHornDragon+1"],"picked":"theDuelist:JurassicImpact+1","floor":26},{"not_picked":["theDuelist:BattleguardKing","theDuelist:BigFire+1","theDuelist:LightningDarts","theDuelist:Raigeki"],"picked":"theDuelist:Hinotama","floor":29},{"not_picked":["theDuelist:SphereChaos+1","theDuelist:Freezadon","theDuelist:MoltenDestruction","theDuelist:StarlightRoad+1"],"picked":"theDuelist:DarkDriceratops+1","floor":30},{"not_picked":["theDuelist:BattleguardKing","theDuelist:BigFire","theDuelist:Hinotama+1","theDuelist:LightningDarts"],"picked":"theDuelist:RainbowOverdragon+1","floor":31},{"not_picked":["theDuelist:DarkFactory","theDuelist:BigKoala","theDuelist:DianKeto+1","theDuelist:BlockGolem+1"],"picked":"theDuelist:BattleguardKing+1","floor":32},{"not_picked":["theDuelist:ArtifactIgnition","theDuelist:DragonMirror","theDuelist:DragonTreasure","theDuelist:EyeTimaeus"],"picked":"theDuelist:SpiralSpearStrike+1","floor":33},{"not_picked":["theDuelist:OceanDragonLord","theDuelist:QueenDragunDjinn","theDuelist:TailSwipe","ReplayRNGCard"],"picked":"theDuelist:Lancephorhynchus","floor":35},{"not_picked":["theDuelist:BlackStego+1","theDuelist:CyberDragonDrei+1","theDuelist:Frostosaurus","theDuelist:BackgroundDragon"],"picked":"theDuelist:Kabazauls+1","floor":37},{"not_picked":["theDuelist:BigFire","theDuelist:Hinotama+1","theDuelist:DestructPotion+4","theDuelist:RainbowBridge+1"],"picked":"theDuelist:Terraforming+1","floor":41},{"not_picked":["theDuelist:AncientGearGadjiltron","theDuelist:RedDragonArchfiend+1","theDuelist:BeserkDragon+1","theDuelist:GravityLash"],"picked":"theDuelist:MadFlameKaiju+1","floor":42},{"not_picked":["theDuelist:DefenseDraw","theDuelist:FireDarts+2","theDuelist:SafeZone+1","theDuelist:TyrantWing"],"picked":"theDuelist:DragonCaptureJar","floor":45},{"not_picked":["theDuelist:Babycerasaurus","theDuelist:BlackStego","theDuelist:BlackVeloci+1","theDuelist:SuperancientDinobeast+1"],"picked":"theDuelist:Destroyersaurus+1","floor":48},{"not_picked":["theDuelist:CyberDragonNachster","theDuelist:InfernityDoomDragon","theDuelist:RedRisingDragon","theDuelist:BlasterDragonInfernos"],"picked":"theDuelist:MirageDragon","floor":49},{"not_picked":["theDuelist:BlackStego+1","theDuelist:GiantRex","theDuelist:TrihornedDragon+1","theDuelist:BlackTyranno"],"picked":"theDuelist:MadSwordBeast+1","floor":52}],"player_experience":43139,"relics_obtained":[{"floor":8,"key":"theDuelist:MetronomeRelicB"},{"floor":11,"key":"hubris:BottledRain"},{"floor":28,"key":"Another Sword"},{"floor":29,"key":"Lantern"},{"floor":31,"key":"Onion Ring"},{"floor":42,"key":"Potion Belt"},{"floor":47,"key":"ReplayTheSpireMod:Ninjato"},{"floor":50,"key":"hubris:Reverence"},{"floor":52,"key":"Mercury Hourglass"},{"floor":52,"key":"Whetstone"}],"event_choices":[{"damage_healed":0,"gold_gain":0,"player_choice":"Searched \u00273\u0027 times","damage_taken":0,"relics_obtained":["Snake Skull"],"max_hp_gain":0,"max_hp_loss":0,"event_name":"Dead Adventurer","floor":7,"gold_loss":0},{"damage_healed":0,"gold_gain":0,"player_choice":"Leave","duelist":true,"damage_taken":0,"max_hp_gain":0,"max_hp_loss":0,"event_name":"Tomb of the Nameless","floor":21,"gold_loss":0},{"damage_healed":0,"gold_gain":0,"player_choice":"Dig - random Duelist relic","duelist":true,"damage_taken":0,"max_hp_gain":0,"max_hp_loss":0,"event_name":"Aknamkanon\u0027s Tomb","floor":34,"gold_loss":0},{"power_reward":2,"total_magic_score":100,"gold_gain":0,"duelist":true,"damage_taken":0,"relics_obtained":["theDuelist:NamelessPowerRelicA"],"points":2,"max_hp_gain":0,"max_hp_loss":0,"spent_points":{"magic":0,"greed":0,"war":0,"power":2,"hunger":0},"event_name":"Nameless Tomb","floor":38,"gold_loss":11,"cards_obtained":[]},{"damage_healed":0,"gold_gain":0,"player_choice":"Leave","duelist":true,"damage_taken":0,"max_hp_gain":0,"max_hp_loss":0,"event_name":"Card Trader","floor":39,"gold_loss":0},{"damage_healed":0,"gold_gain":0,"player_choice":"Fight","damage_taken":0,"max_hp_gain":0,"max_hp_loss":0,"event_name":"HidenRoomEvent","floor":52,"gold_loss":0}],"is_beta":false,"boss_relics":[{"not_picked":["Philosopher\u0027s Stone","Replay:Wanted Poster"],"picked":"hubris:VirtuousBlindfold"},{"not_picked":[]},{"not_picked":["Cursed Key","Replay:Drink Me"],"picked":"hubris:ScarierMask"},{"not_picked":[]}],"items_purged_floors":[],"is_endless":false,"potions_floor_spawned":[4,9,14,18,22,24,26,30,31,35,45,48,49],"killed_by":"Delirium","ascension_level":0}}