{"host":"pz1ko3gi7nsxydm3","time":1607721541,"event":{"mods":["AchievementEnabler","Act Like it!","BaseMod","Better Note","Better Third Choice","Colored Map","Downfall","Hallownest","Hermit","Hubris","Infinite Spire","Jorbs\u0027s Wanderer Trilogy","Minty Spire (QoL Compilation)","Rare Cards Sparkle","Replay The Spire","StSLib","The Bug Knight","The Jungle","??????REMEMod"],"gold_per_floor":[109,125,26,40,50,50,50,50,80,80,80,80,80,80,80,96,96,193,193,206,232,232,232,232,232],"floor_reached":24,"playtime":2254,"items_purged":[],"score":204,"play_id":"a3e88a49-1c8a-483f-a7dd-afe7fc9211f5","local_time":"20201211211901","is_ascension_mode":true,"campfire_choices":[{"floor":6,"key":"REST"},{"floor":10,"key":"RECALL"},{"floor":12,"key":"REST"},{"data":"hermit:Manifest","floor":14,"key":"SMITH"},{"data":"hermit:Maintenance","floor":17,"key":"SMITH"}],"circlet_count":0,"master_deck":["hermit:Strike_Hermit","hermit:Strike_Hermit","hermit:Strike_Hermit","hermit:Strike_Hermit","hermit:Defend_Hermit","hermit:Defend_Hermit","hermit:Defend_Hermit","hermit:Defend_Hermit","hermit:Snapshot","hermit:Covet","expansioncontent:StudyTheSpire","hermit:HighCaliber","hermit:Gestalt","Voices","hermit:Snipe","hermit:FlashPowder","hermit:Manifest+1","hermit:Maintenance+1","hermit:DeadOrAlive","hermit:Quickdraw","hermit:Determination+1","expansioncontent:StudyTheSpire+1"],"relics":["hermit:Momento","REME_ComplimentaryCards","Centennial Puzzle","ReplayTheSpireMod:CursedCoin","Frozen Egg 2","Kunai","Ancient Tea Set","hubris:Backtick","hermit:CharredGlove","Replay:Blank Codex"],"acts_visited":["Exordium","TheCity"],"potions_floor_usage":[21,24],"damage_taken":[{"damage":12,"enemies":"Cultist","floor":1,"turns":4},{"damage":0,"enemies":"Small Slimes","floor":2,"turns":3},{"damage":2,"enemies":"Jaw Worm","floor":4,"turns":4},{"damage":10,"enemies":"Looter","floor":5,"turns":2},{"damage":20,"enemies":"Lagavulin","floor":9,"turns":5},{"damage":1,"enemies":"Lots of Slimes","floor":16,"turns":4},{"damage":21,"enemies":"Fading Forest","floor":18,"turns":11},{"damage":4,"enemies":"Chosen","floor":20,"turns":6},{"damage":44,"enemies":"Cultist and Chosen","floor":21,"turns":5},{"damage":17,"enemies":"Centurion and Healer","floor":24,"turns":1}],"seed_played":"-885774141554520020","potions_obtained":[{"floor":4,"key":"Dexterity Potion"},{"floor":5,"key":"Ancient Potion"},{"floor":9,"key":"Weak Potion"},{"floor":18,"key":"DistilledChaos"},{"floor":20,"key":"PowerPotion"}],"is_trial":false,"path_per_floor":["M","M","$","M","M","R","PTL","PTL","E","R","T","R","?","R","?","M","R","B",null,"M","M","?","?","M"],"character_chosen":"HERMIT","items_purchased":["ReplayTheSpireMod:CursedCoin","Frozen Egg 2"],"campfire_rested":2,"item_purchase_floors":[3,3],"current_hp_per_floor":[63,63,63,61,51,73,73,73,53,53,53,75,75,75,75,74,74,53,75,71,27,11,11,0,0],"gold":232,"neow_bonus":"RANDOM_COMMON_RELIC","is_daily":false,"chose_seed":false,"campfire_upgraded":2,"win_rate":0.0,"timestamp":1607721541,"path_taken":["M","?","?","M","M","R","PTL","PTL","E","R","T","R","?","R","?","M","R","BOSS","M","?","?","?","?"],"items_purchased_type":["Relic","Relic"],"build_version":"2020-11-30","purchased_purges":0,"victory":false,"max_hp_per_floor":[75,75,75,75,75,75,75,75,75,75,75,75,75,75,75,75,75,75,75,75,75,75,75,75,75],"card_choices":[{"not_picked":["hermit:SprayPray","hermit:Horror"],"picked":"hermit:HighCaliber","floor":1},{"not_picked":["hermit:WideOpen","hermit:TrackingShot"],"picked":"hermit:Gestalt","floor":2},{"not_picked":["hermit:Desperado","hermit:Maintenance"],"picked":"hermit:Snipe","floor":4},{"not_picked":["hermit:Cheat","hermit:ItchyTrigger"],"picked":"hermit:FlashPowder","floor":5},{"not_picked":["hermit:LowProfile","hermit:HoleUp"],"picked":"hermit:Manifest","floor":9},{"not_picked":["hermit:Desperado","hermit:BigShot+1"],"picked":"hermit:Maintenance","floor":16},{"not_picked":["hermit:HighNoon+1","hermit:Dissolve"],"picked":"hermit:DeadOrAlive","floor":18},{"not_picked":["hermit:HoleUp","hermit:WideOpen"],"picked":"hermit:Quickdraw","floor":20},{"not_picked":["hermit:Scavenge","hermit:WideOpen"],"picked":"hermit:Determination+1","floor":21}],"player_experience":66424,"relics_obtained":[{"floor":9,"key":"Kunai"},{"floor":13,"key":"Ancient Tea Set"},{"floor":22,"key":"Replay:Blank Codex"}],"event_choices":[{"damage_healed":0,"gold_gain":0,"player_choice":"Bought 0 Potions","damage_taken":0,"max_hp_gain":0,"max_hp_loss":0,"event_name":"The Woman in Blue","floor":15,"gold_loss":0},{"damage_healed":0,"gold_gain":0,"player_choice":"Obtained Book","damage_taken":16,"max_hp_gain":0,"max_hp_loss":0,"event_name":"Cursed Tome","floor":22,"gold_loss":0},{"damage_healed":0,"gold_gain":0,"player_choice":"Copied","damage_taken":0,"max_hp_gain":0,"max_hp_loss":0,"event_name":"Duplicator","floor":23,"gold_loss":0,"cards_obtained":["expansioncontent:StudyTheSpire"]}],"is_beta":false,"boss_relics":[{"not_picked":["hermit:DentedPlate","Replay:Bronze Core"],"picked":"hubris:Backtick"}],"items_purged_floors":[],"is_endless":false,"potions_floor_spawned":[4,5,9,18,20],"killed_by":"Centurion and Healer","ascension_level":1}}