{"host":"ubpm0eshhmqm2tbo","time":1607726177,"event":{"mods":["BaseMod","Colored Powertips","Minty Spire (QoL Compilation)"],"gold_per_floor":[10,29,29,29,53,53,1,45,45,10,10,43,63,83,83,203,203,219,318,336,356,101,101,132,132,157,200,200,218,218,218,218],"floor_reached":31,"playtime":1347,"items_purged":[],"score":323,"play_id":"7b633f95-b105-4af0-9c0a-62b84d94b62f","local_time":"20201211173617","is_ascension_mode":true,"campfire_choices":[{"data":"Storm","floor":6,"key":"SMITH"},{"data":"Dualcast","floor":11,"key":"SMITH"},{"floor":15,"key":"REST"},{"floor":23,"key":"REST"},{"floor":25,"key":"REST"},{"data":"Ball Lightning","floor":30,"key":"SMITH"}],"circlet_count":0,"master_deck":["Strike_B","Strike_B","Strike_B","Strike_B","Defend_B","Defend_B","Defend_B","Zap","Dualcast+1","Melter","Sunder+1","Storm+1","Ball Lightning+1","Ball Lightning+1","Lockon+1","Ball Lightning+1","Beam Cell+1","Leap","Conserve Battery+1","Scrape+1","Biased Cognition","Streamline+1"],"relics":["Cracked Core","Golden Idol","Molten Egg 2","Bag of Marbles","Toy Ornithopter","SacredBark","Anchor","Tiny Chest","Centennial Puzzle","Potion Belt"],"acts_visited":["Exordium","TheCity"],"potions_floor_usage":[8,16,16,21,24,24,24,27,27],"damage_taken":[{"damage":0,"enemies":"Cultist","floor":1,"turns":4},{"damage":0,"enemies":"2 Louse","floor":2,"turns":2},{"damage":1,"enemies":"Jaw Worm","floor":5,"turns":2},{"damage":17,"enemies":"3 Sentries","floor":8,"turns":4},{"damage":14,"enemies":"Gremlin Nob","floor":12,"turns":3},{"damage":17,"enemies":"Large Slime","floor":13,"turns":4},{"damage":2,"enemies":"Blue Slaver","floor":14,"turns":2},{"damage":23,"enemies":"The Guardian","floor":16,"turns":7},{"damage":30,"enemies":"3 Byrds","floor":18,"turns":4},{"damage":22,"enemies":"Shell Parasite","floor":20,"turns":4},{"damage":23,"enemies":"Shelled Parasite and Fungi","floor":21,"turns":4},{"damage":0,"enemies":"Slavers","floor":24,"turns":4},{"damage":18,"enemies":"Book of Stabbing","floor":27,"turns":3},{"damage":0,"enemies":"Cultist and Chosen","floor":29,"turns":4},{"damage":56,"enemies":"Gremlin Leader","floor":31,"turns":4}],"seed_played":"2078855030106177845","potions_obtained":[{"floor":1,"key":"SteroidPotion"},{"floor":5,"key":"SpeedPotion"},{"floor":8,"key":"PotionOfCapacity"},{"floor":16,"key":"Block Potion"},{"floor":21,"key":"SkillPotion"},{"floor":27,"key":"BlessingOfTheForge"}],"is_trial":false,"path_per_floor":["M","M","?","?","M","R","$","E","T","?","R","E","M","M","R","B",null,"M","?","M","M","$","R","E","R","T","E","?","M","R","E"],"character_chosen":"DEFECT","items_purchased":["Ball Lightning","Anchor","EntropicBrew"],"campfire_rested":3,"item_purchase_floors":[7,22,22],"current_hp_per_floor":[75,75,57,57,56,56,56,39,39,57,57,43,26,24,46,33,75,45,45,23,5,5,27,42,64,64,56,56,56,56,0,0],"gold":218,"neow_bonus":"THREE_RARE_CARDS","is_daily":false,"chose_seed":false,"campfire_upgraded":3,"win_rate":0.0,"timestamp":1607726177,"path_taken":["M","M","?","?","M","R","$","E","T","?","R","E","M","M","R","BOSS","M","?","M","M","$","R","E","R","T","E","?","M","R","E"],"items_purchased_type":["Card","Relic","Potion"],"build_version":"2020-11-30","purchased_purges":0,"victory":false,"max_hp_per_floor":[75,75,75,75,75,75,75,75,75,75,75,75,75,75,75,75,75,75,75,75,75,75,75,75,75,75,75,75,75,75,75,75],"card_choices":[{"not_picked":["Creative AI","Fission"],"picked":"Echo Form","floor":0},{"not_picked":["Coolheaded","Force Field"],"picked":"Melter","floor":1},{"not_picked":["Cold Snap","Steam"],"picked":"Sunder","floor":2},{"not_picked":["Blizzard","Redo"],"picked":"Storm","floor":5},{"not_picked":["Meteor Strike+1","Steam"],"picked":"Ball Lightning+1","floor":8},{"not_picked":["Barrage+1","Reprogram","Compile Driver+1"],"picked":"SKIP","floor":12},{"not_picked":["Consume","Streamline+1"],"picked":"Lockon+1","floor":13},{"not_picked":["Barrage+1","Compile Driver+1","Turbo"],"picked":"SKIP","floor":14},{"not_picked":["BootSequence","FTL+1"],"picked":"Ball Lightning+1","floor":18},{"not_picked":["Consume+1","Hologram"],"picked":"Beam Cell+1","floor":20},{"not_picked":["Compile Driver+1","Scrape+1","Go for the Eyes+1"],"picked":"SKIP","floor":21},{"not_picked":["Genetic Algorithm","Double Energy"],"picked":"Leap","floor":24},{"not_picked":["Undo","Defragment"],"picked":"Conserve Battery+1","floor":27},{"not_picked":["Barrage+1","Skim"],"picked":"Streamline+1","floor":29}],"player_experience":170619,"relics_obtained":[{"floor":8,"key":"Molten Egg 2"},{"floor":9,"key":"Bag of Marbles"},{"floor":12,"key":"Toy Ornithopter"},{"floor":24,"key":"Tiny Chest"},{"floor":26,"key":"Centennial Puzzle"},{"floor":27,"key":"Potion Belt"}],"event_choices":[{"damage_healed":0,"gold_gain":0,"player_choice":"Take Damage","damage_taken":18,"relics_obtained":["Golden Idol"],"max_hp_gain":0,"max_hp_loss":0,"event_name":"Golden Idol","floor":3,"gold_loss":0},{"damage_healed":0,"gold_gain":0,"player_choice":"Grow","damage_taken":0,"max_hp_gain":0,"max_hp_loss":0,"event_name":"Living Wall","floor":4,"gold_loss":0,"cards_upgraded":["Sunder"]},{"damage_healed":18,"gold_gain":0,"player_choice":"Healed","damage_taken":0,"max_hp_gain":0,"max_hp_loss":0,"event_name":"The Cleric","floor":10,"gold_loss":35},{"damage_healed":0,"gold_gain":99,"player_choice":"Stole From Cult","damage_taken":0,"max_hp_gain":0,"max_hp_loss":0,"event_name":"Nest","floor":19,"gold_loss":0},{"damage_healed":0,"gold_gain":0,"cards_transformed":["Echo Form","Defend_B"],"player_choice":"Became Test Subject","damage_taken":0,"max_hp_gain":0,"max_hp_loss":0,"event_name":"Drug Dealer","floor":28,"gold_loss":0,"cards_obtained":["Scrape","Biased Cognition"]}],"is_beta":false,"boss_relics":[{"not_picked":["Sozu","Tiny House"],"picked":"SacredBark"}],"items_purged_floors":[],"is_endless":false,"potions_floor_spawned":[1,5,8,16,21,27],"killed_by":"Gremlin Leader","ascension_level":1}}