{"host":"21mhjgzknki7xfa8","time":1607675967,"event":{"mods":["BaseMod","Minty Spire (QoL Compilation)","StSLib","The Servant 0.9.4","WarShipGirlsR/’ΩΩ¢…Ÿ≈ÆR mod"],"gold_per_floor":[109,128,128,203,203,203,224,224,275,275,290,309,269,269,269,389,389,378,393,139,159,159,159,180,180,206,121,136,136,136,152,152,272,272,297,313,373,373,373,387,400,400,400,414,414,414,414,433,433,433],"floor_reached":51,"playtime":2302,"items_purged":[],"score":689,"play_id":"5435d29f-6d8d-4638-9128-87b8d86a527c","local_time":"20201211163927","is_ascension_mode":false,"campfire_choices":[{"data":"rmod:ammunitionsupply","floor":6,"key":"SMITH"},{"floor":8,"key":"REST"},{"data":"rmod:basicallowance","floor":10,"key":"SMITH"},{"data":"rmod:seals","floor":15,"key":"SMITH"},{"floor":23,"key":"REST"},{"data":"rmod:fletcher","floor":25,"key":"SMITH"},{"floor":30,"key":"REST"},{"data":"rmod:salvage","floor":32,"key":"SMITH"},{"floor":42,"key":"REST"},{"floor":45,"key":"REST"},{"data":"rmod:wife","floor":47,"key":"SMITH"},{"data":"rmod:fletcher","floor":49,"key":"SMITH"}],"circlet_count":0,"master_deck":["rmod:strick","rmod:strick","rmod:strick","rmod:strick","rmod:defend","rmod:defend+1","rmod:defend","rmod:defend","rmod:basicallowance+1","rmod:maingunfire","rmod:firesupport","rmod:diaomin","rmod:ammunitionsupply+1","rmod:gendarmerie+1","rmod:guardianhero","rmod:salvage+1","rmod:fletcherpendant","rmod:fletcher+1","rmod:firesupport","rmod:fletcherpendant","rmod:expedition","rmod:circuitoustactics","rmod:fletcher+1","rmod:luckystar","rmod:fletcherpendant","rmod:rockthrower+1","rmod:fletcherpendant","rmod:seals","rmod:fletcherpendant","rmod:wife+1","rmod:firesupport","rmod:fuelsupply+1","Enlightenment","rmod:ammunitionsupply+1","rmod:u235","rmod:selfconfidence+1","rmod:fletcher+1"],"relics":["rmod:firstchargereward","Golden Idol","War Paint","Letter Opener","rmod:monthlycard","Bottled Lightning","Regal Pillow","Potion Belt","Philosopher\u0027s Stone","Lizard Tail","Incense Burner"],"acts_visited":["TheCity","TheBeyond"],"potions_floor_usage":[16,16,33,37,37,50],"damage_taken":[{"damage":6,"enemies":"Cultist","floor":1,"turns":3},{"damage":0,"enemies":"2 Louse","floor":2,"turns":3},{"damage":1,"enemies":"Small Slimes","floor":7,"turns":3},{"damage":10,"enemies":"Looter","floor":11,"turns":2},{"damage":0,"enemies":"Blue Slaver","floor":12,"turns":3},{"damage":23,"enemies":"Hexaghost","floor":16,"turns":8},{"damage":20,"enemies":"2 Thieves","floor":18,"turns":5},{"damage":11,"enemies":"3 Byrds","floor":19,"turns":7},{"damage":15,"enemies":"Snecko","floor":21,"turns":6},{"damage":4,"enemies":"3 Cultists","floor":24,"turns":7},{"damage":29,"enemies":"Snake Plant","floor":28,"turns":6},{"damage":0,"enemies":"Shelled Parasite and Fungi","floor":31,"turns":4},{"damage":1,"enemies":"Automaton","floor":33,"turns":7},{"damage":26,"enemies":"3 Shapes","floor":35,"turns":3},{"damage":11,"enemies":"3 Darklings","floor":36,"turns":2},{"damage":40,"enemies":"2 Orb Walkers","floor":37,"turns":5},{"damage":0,"enemies":"Transient","floor":40,"turns":6},{"damage":0,"enemies":"Jaw Worm Horde","floor":41,"turns":3},{"damage":0,"enemies":"Spire Growth","floor":44,"turns":3},{"damage":0,"enemies":"3 Darklings","floor":48,"turns":2},{"damage":22,"enemies":"Time Eater","floor":50,"turns":8}],"seed_played":"-8259005049922046919","potions_obtained":[{"floor":2,"key":"ColorlessPotion"},{"floor":7,"key":"FearPotion"},{"floor":19,"key":"ColorlessPotion"},{"floor":24,"key":"Ancient Potion"},{"floor":28,"key":"GamblersBrew"},{"floor":35,"key":"GamblersBrew"},{"floor":37,"key":"SpeedPotion"},{"floor":48,"key":"EssenceOfSteel"}],"is_trial":false,"path_per_floor":["M","M","?","?","?","R","M","R","T","R","M","M","?","T","R","B",null,"M","M","$","M","?","R","M","R","T","?","M","?","R","M","R","B",null,"M","M","?","?","?","M","M","R","T","M","R","?","R","M","R","B",null],"character_chosen":"PRAEFECT","items_purchased":["Bottled Lightning"],"campfire_rested":5,"item_purchase_floors":[20],"current_hp_per_floor":[69,69,51,40,45,45,44,68,68,68,58,58,58,58,58,35,80,60,49,49,34,34,58,54,54,54,54,25,25,64,64,64,63,80,54,43,3,3,3,3,3,42,42,42,80,80,80,80,80,58],"gold":433,"neow_bonus":"THREE_CARDS","is_daily":false,"chose_seed":false,"campfire_upgraded":7,"win_rate":0.0,"timestamp":1607675967,"path_taken":["M","M","?","?","?","R","M","R","T","R","M","M","?","?","R","BOSS","M","M","$","M","?","R","M","R","T","?","M","?","R","?","R","BOSS","M","M","?","?","?","M","M","R","T","M","R","?","R","M","R","BOSS"],"items_purchased_type":["Relic"],"build_version":"2020-11-30","purchased_purges":0,"victory":true,"max_hp_per_floor":[75,75,75,75,80,80,80,80,80,80,80,80,80,80,80,80,80,80,80,80,80,80,80,80,80,80,80,80,80,80,80,80,80,80,80,80,80,80,80,80,80,80,80,80,80,80,80,80,80,80],"card_choices":[{"not_picked":["rmod:luckystar","rmod:highspeedshooting"],"picked":"rmod:firesupport","floor":0.0},{"not_picked":["rmod:circuitoustactics","rmod:lonelyqueen"],"picked":"rmod:diaomin","floor":1},{"not_picked":["rmod:highspeedshooting","rmod:circuitoustactics"],"picked":"rmod:ammunitionsupply","floor":2},{"not_picked":["rmod:highspeedshooting","rmod:steelsupply"],"picked":"rmod:gendarmerie","floor":7},{"not_picked":["rmod:intelligenceanalysis","rmod:highspeedshooting"],"picked":"rmod:guardianhero","floor":11},{"not_picked":["rmod:ammunitionsupply","rmod:luckystar"],"picked":"rmod:salvage","floor":12},{"not_picked":[],"picked":"rmod:seals","floor":13},{"not_picked":["rmod:stealaluminum","rmod:ridicule"],"picked":"rmod:fletcher","floor":16},{"not_picked":["rmod:highspeedshooting+1","rmod:unsinkable+1"],"picked":"rmod:firesupport","floor":18},{"not_picked":["rmod:steelsupply+1","rmod:lonelyqueen+1"],"picked":"rmod:expedition","floor":19},{"not_picked":["rmod:expedition","rmod:supportescort"],"picked":"rmod:circuitoustactics","floor":21},{"not_picked":["rmod:steelsupply+1","rmod:supportaircraftcarrier"],"picked":"rmod:luckystar","floor":24},{"not_picked":["rmod:overbreakdown+1","rmod:intelligenceanalysis+1"],"picked":"rmod:fletcherpendant","floor":28},{"not_picked":["rmod:spoils","rmod:concentratefire+1"],"picked":"rmod:rockthrower+1","floor":31},{"not_picked":["rmod:timeschanged","rmod:stealaluminum"],"picked":"rmod:seals","floor":33},{"not_picked":["rmod:fuelsupply","rmod:steelsupply"],"picked":"rmod:wife","floor":35},{"not_picked":["rmod:highspeedshooting+1","rmod:steelsupply"],"picked":"rmod:firesupport","floor":36},{"not_picked":["rmod:combined","rmod:mineteam"],"picked":"rmod:fuelsupply+1","floor":37},{"not_picked":["Panacea","Secret Technique"],"picked":"Enlightenment","floor":38},{"not_picked":["rmod:tearstotiara","rmod:steelsupply"],"picked":"rmod:ammunitionsupply+1","floor":40},{"not_picked":["rmod:supportaircraftcarrier","rmod:combined","rmod:steelsupply"],"picked":"SKIP","floor":41},{"not_picked":["rmod:firesupport","rmod:garrisonisland"],"picked":"rmod:u235","floor":44},{"not_picked":["rmod:steelsupply","rmod:combined+1"],"picked":"rmod:selfconfidence+1","floor":48}],"player_experience":59250,"relics_obtained":[{"floor":9,"key":"War Paint"},{"floor":14,"key":"Letter Opener"},{"floor":26,"key":"Regal Pillow"},{"floor":37,"key":"Lizard Tail"},{"floor":43,"key":"Incense Burner"}],"event_choices":[{"damage_healed":0,"gold_gain":0,"player_choice":"Take Damage","damage_taken":18,"relics_obtained":["Golden Idol"],"max_hp_gain":0,"max_hp_loss":0,"event_name":"Golden Idol","floor":3,"gold_loss":0},{"damage_healed":0,"gold_gain":75,"player_choice":"Gather Gold","damage_taken":11,"max_hp_gain":0,"max_hp_loss":0,"event_name":"World of Goop","floor":4,"gold_loss":0},{"damage_healed":0,"gold_gain":0,"player_choice":"Donut","damage_taken":0,"max_hp_gain":5,"max_hp_loss":0,"event_name":"Big Fish","floor":5,"gold_loss":0},{"damage_healed":0,"gold_gain":0,"player_choice":"Ignored","damage_taken":0,"max_hp_gain":0,"max_hp_loss":0,"event_name":"Vampires","floor":22,"gold_loss":0},{"damage_healed":0,"gold_gain":0,"player_choice":"Obtained Relic","damage_taken":0,"relics_obtained":["Potion Belt"],"max_hp_gain":0,"max_hp_loss":0,"event_name":"Addict","floor":27,"gold_loss":85},{"damage_healed":0,"gold_gain":0,"player_choice":"0 cards matched","damage_taken":0,"max_hp_gain":0,"max_hp_loss":0,"event_name":"Match and Keep!","floor":29,"gold_loss":0,"cards_obtained":[]},{"damage_healed":0,"gold_gain":0,"player_choice":"Fight","damage_taken":0,"max_hp_gain":0,"max_hp_loss":0,"event_name":"Mysterious Sphere","floor":37,"gold_loss":0},{"damage_healed":0,"gold_gain":0,"player_choice":"Memory 1","damage_taken":0,"max_hp_gain":0,"max_hp_loss":0,"event_name":"SensoryStone","floor":38,"gold_loss":0},{"cards_removed":["rmod:seals"],"damage_healed":0,"gold_gain":0,"player_choice":"Removed Power","damage_taken":0,"max_hp_gain":0,"max_hp_loss":0,"event_name":"Falling","floor":39,"gold_loss":0},{"damage_healed":0,"gold_gain":0,"player_choice":"Ignored","damage_taken":0,"max_hp_gain":0,"max_hp_loss":0,"event_name":"The Moai Head","floor":46,"gold_loss":0}],"is_beta":false,"boss_relics":[{"not_picked":["Tiny House","rmod:mogul"],"picked":"rmod:monthlycard"},{"not_picked":["Runic Dome","SlaversCollar"],"picked":"Philosopher\u0027s Stone"}],"items_purged_floors":[],"is_endless":false,"potions_floor_spawned":[2,7,19,24,28,35,37,48],"ascension_level":0}}