{"host":"qcz3z4ma7bhmfwsc","time":1607659472,"event":{"mods":["AchievementEnabler","BaseMod","BetterRewards","Colored Map","Highlight Path","Infinite Spire","Minty Spire (QoL Compilation)","Replay The Spire","StSLib"],"gold_per_floor":[113,131,206,206,206,237,37,37,60,60,74,93,127,141,141,265,265,290,305,30,70,86,86,127,127,205,244,244,263,263,276,276,402,402,426,759,759,7,7,7,7],"floor_reached":40,"playtime":2340,"items_purged":["Injury","Writhe"],"score":663,"play_id":"7c850348-4df8-4820-8c62-6cad7f8a8c06","local_time":"20201210230432","is_ascension_mode":true,"campfire_choices":[{"floor":8,"key":"REST"},{"data":"Eruption","floor":15,"key":"SMITH"},{"data":"infinitespire:SevenWalls","floor":23,"key":"SMITH"},{"data":"ConjureBlade","floor":25,"key":"SMITH"},{"data":"Scrawl","floor":28,"key":"SMITH"},{"floor":32,"key":"REST"}],"circlet_count":0,"master_deck":["Strike_P","Strike_P","Strike_P","Strike_P","Defend_P","Defend_P","Defend_P","Defend_P","Eruption+1","Vigilance","Brilliance+1","ClearTheMind","BowlingBash","Prostrate","Tantrum+1","Replay:LoomingThreat","ForeignInfluence","FollowUp+1","DeusExMachina+1","Sickly","Survivor","Scrawl+1","Finesse","infinitespire:SevenWalls+1","FollowUp+1","ReachHeaven","Consecrate","Replay:AllIn","ConjureBlade+1","FlurryOfBlows","Ragnarok","Halt","Apotheosis+1"],"relics":["PureWater","MealTicket","Vajra","Pen Nib","Toy Ornithopter","ReplayTheSpireMod:SealedPack","Lantern","Red Mask","Replay:Bottled Eggs","Matryoshka","Darkstone Periapt","Philosopher\u0027s Stone","Mummified Hand","Guide Book"],"acts_visited":["Exordium","TheCity","TheBeyond"],"potions_floor_usage":[6,14,18,19,21,21,27,33,33],"damage_taken":[{"damage":3,"enemies":"2 Louse","floor":1,"turns":2},{"damage":3,"enemies":"Jaw Worm","floor":2,"turns":5},{"damage":37,"enemies":"3 Sentries","floor":6,"turns":9},{"damage":0,"enemies":"Small Slimes","floor":11,"turns":2},{"damage":7,"enemies":"Blue Slaver","floor":12,"turns":3},{"damage":0,"enemies":"Gremlin Nob","floor":13,"turns":2},{"damage":25,"enemies":"Lots of Slimes","floor":14,"turns":4},{"damage":0,"enemies":"Slime Boss","floor":16,"turns":5},{"damage":10,"enemies":"2 Thieves","floor":18,"turns":3},{"damage":0,"enemies":"Chosen","floor":19,"turns":3},{"damage":10,"enemies":"Masked Bandits","floor":21,"turns":5},{"damage":17,"enemies":"Centurion and Healer","floor":22,"turns":4},{"damage":0,"enemies":"Gremlin Leader","floor":24,"turns":3},{"damage":22,"enemies":"Slavers","floor":27,"turns":5},{"damage":22,"enemies":"Snake Plant","floor":29,"turns":4},{"damage":0,"enemies":"3 Cultists","floor":31,"turns":2},{"damage":11,"enemies":"Champ","floor":33,"turns":6},{"damage":0,"enemies":"3 Shapes","floor":35,"turns":1},{"damage":78,"enemies":"Giant Head","floor":40,"turns":7}],"seed_played":"-8751465145543125588","potions_obtained":[{"floor":2,"key":"Adrenaline Potion"},{"floor":11,"key":"AttackPotion"},{"floor":14,"key":"Regen Potion"},{"floor":16,"key":"Weak Potion"},{"floor":18,"key":"Adrenaline Potion"},{"floor":19,"key":"LifebloodPotion"},{"floor":29,"key":"Languid Potion"},{"floor":31,"key":"SteroidPotion"},{"floor":35,"key":"Fire Potion"}],"is_trial":false,"path_per_floor":["M","M","?","?","?","E","$","R","T","$","M","M","E","M","R","B",null,"M","M","$","?","M","R","E","R","T","E","R","M","?","M","R","B",null,"M","?","?","$","?","E"],"character_chosen":"WATCHER","items_purchased":["Brilliance","Vajra","Tantrum+1","Lantern","PowerPotion","Apotheosis","LiquidBronze","Mummified Hand","Guide Book"],"campfire_rested":2,"item_purchase_floors":[0,7,7,20,20,38,38,38,38],"current_hp_per_floor":[69,66,55,55,55,18,33,54,54,69,69,62,62,42,42,42,72,62,67,72,62,45,45,45,45,45,42,42,20,20,20,41,40,72,72,72,78,78,78,0,0],"gold":7,"neow_bonus":"","is_daily":false,"chose_seed":false,"campfire_upgraded":4,"win_rate":0.0,"timestamp":1607659472,"path_taken":["M","M","?","?","?","E","$","R","T","$","M","M","E","M","R","BOSS","M","M","$","?","M","R","E","R","T","E","R","M","?","?","R","BOSS","M","?","?","$","?","E"],"items_purchased_type":["Card","Relic","Undefined","Relic","Potion","Card","Potion","Relic","Relic"],"build_version":"2020-11-30","purchased_purges":2,"victory":false,"max_hp_per_floor":[72,72,72,72,72,72,72,72,72,72,72,72,72,72,72,72,72,72,72,72,72,72,72,72,72,72,72,72,72,72,72,72,72,72,72,72,78,78,78,78,78],"card_choices":[{"not_picked":["FlyingSleeves","Conclude"],"picked":"ClearTheMind","floor":1},{"not_picked":["ThirdEye","SashWhip"],"picked":"BowlingBash","floor":2},{"not_picked":["CutThroughFate","WreathOfFlame"],"picked":"Prostrate","floor":6},{"not_picked":["EmptyFist","Evaluate"],"picked":"Replay:LoomingThreat","floor":11},{"not_picked":["Nirvana","Weave","ClearTheMind"],"picked":"SKIP","floor":12},{"not_picked":["Wireheading","ThirdEye"],"picked":"ForeignInfluence","floor":13},{"not_picked":["JustLucky","Weave"],"picked":"FollowUp","floor":14},{"not_picked":["DevaForm","Replay:AllIn"],"picked":"DeusExMachina","floor":16},{"not_picked":["Dualcast","Neutralize"],"picked":"Survivor","floor":17},{"not_picked":["Omniscience","Vault"],"picked":"Scrawl","floor":17},{"not_picked":["PanicButton","Replay:Sssssssssstrike"],"picked":"Finesse","floor":17},{"not_picked":["ReplayTheSpireMod:Echoes of Time","infinitespire:FutureSight"],"picked":"infinitespire:SevenWalls","floor":17},{"not_picked":["Replay:Vibes","Prostrate"],"picked":"FollowUp+1","floor":18},{"not_picked":["Replay:ManipulateFuture","SashWhip"],"picked":"ReachHeaven","floor":19},{"not_picked":["FollowUp","ThirdEye"],"picked":"Consecrate","floor":21},{"not_picked":["EmptyFist","ClearTheMind"],"picked":"Replay:AllIn","floor":22},{"not_picked":["Study","EmptyMind+1"],"picked":"ConjureBlade","floor":24},{"not_picked":["Vengeance","Replay:Battleflow+1"],"picked":"FlurryOfBlows","floor":27},{"not_picked":["WaveOfTheHand+1","FlyingSleeves","PathToVictory"],"picked":"SKIP","floor":29},{"not_picked":["CutThroughFate+1","CrushJoints+1","ThirdEye+1"],"picked":"SKIP","floor":31},{"not_picked":["Blasphemy","Omniscience"],"picked":"Ragnarok","floor":33},{"not_picked":["SashWhip+1","EmptyBody+1"],"picked":"Halt","floor":35}],"player_experience":638886,"relics_obtained":[{"floor":6,"key":"MealTicket"},{"floor":9,"key":"Pen Nib"},{"floor":13,"key":"Toy Ornithopter"},{"floor":21,"key":"Red Mask"},{"floor":24,"key":"Replay:Bottled Eggs"},{"floor":26,"key":"Matryoshka"},{"floor":27,"key":"Darkstone Periapt"}],"event_choices":[{"damage_healed":0,"gold_gain":75,"player_choice":"Gather Gold","damage_taken":11,"max_hp_gain":0,"max_hp_loss":0,"event_name":"World of Goop","floor":3,"gold_loss":0},{"damage_healed":0,"gold_gain":0,"player_choice":"Take Wound","damage_taken":0,"relics_obtained":["Golden Idol"],"max_hp_gain":0,"max_hp_loss":0,"event_name":"Golden Idol","floor":4,"gold_loss":0,"cards_obtained":["Injury"]},{"damage_healed":0,"gold_gain":0,"player_choice":"Fought Bandits","damage_taken":0,"max_hp_gain":0,"max_hp_loss":0,"event_name":"Masked Bandits","floor":21,"gold_loss":0},{"damage_healed":0,"gold_gain":0,"player_choice":"Upgraded","damage_taken":0,"max_hp_gain":0,"max_hp_loss":0,"event_name":"Upgrade Shrine","floor":30,"gold_loss":0,"cards_upgraded":["Brilliance"]},{"damage_healed":0,"gold_gain":333,"player_choice":"Gave Idol","damage_taken":0,"max_hp_gain":0,"max_hp_loss":0,"event_name":"The Moai Head","floor":36,"relics_lost":["Golden Idol"],"gold_loss":0},{"damage_healed":18,"gold_gain":0,"player_choice":"Writhe","damage_taken":0,"max_hp_gain":0,"max_hp_loss":0,"event_name":"Winding Halls","floor":37,"gold_loss":0,"cards_obtained":["Writhe"]}],"is_beta":false,"boss_relics":[{"not_picked":["ReplayTheSpireMod:DimensionalGlitch","Honey Jar"],"picked":"ReplayTheSpireMod:SealedPack"},{"not_picked":["Replay:Drink Me","Fusion Hammer"],"picked":"Philosopher\u0027s Stone"}],"items_purged_floors":[20,38],"is_endless":false,"potions_floor_spawned":[2,11,14,16,18,19,29,31,35],"killed_by":"Giant Head","ascension_level":4}}