{"host":"oumbqh1z6oj8ya5w","time":1607707165,"event":{"mods":["A Magickal Journey","AchievementEnabler","Act Like it!","Aspiration","BaseMod","Better Note","Conjunction","Gensokyo","Googly Eyes","Hallownest","Hyrulean Relics","Jedi Mod","Koishi","Marisa????????","Minty Spire (QoL Compilation)","Pale of the Ancients","Rare Cards Sparkle","Reimu??????","SCP261 Mod","SacredBarkPlus","StSLib","The Bladedancer","The Blue Laboratory","The Bug Knight","The Death Knight","The Forsaken","The Servant 0.9.4","The Spell Scribe","Uncapped"],"gold_per_floor":[118,138,63,86,102,102,135,135,135,147,147,147,181,193,193,293,293,293,293,293,293,293,293,293],"floor_reached":23,"playtime":1008,"items_purged":[],"score":231,"play_id":"6beaa3c2-210c-4a4a-85d7-ae191db57699","local_time":"20201211171925","is_ascension_mode":true,"campfire_choices":[{"data":"HollowMod:ShadowDash","floor":6,"key":"SMITH"},{"data":"HollowMod:SiblingsSouls","floor":8,"key":"SMITH"},{"data":"HollowMod:MantisMark","floor":11,"key":"SMITH"},{"data":"HollowMod:FocusHealStart","floor":15,"key":"SMITH"}],"circlet_count":0,"master_deck":["HollowMod:NailStrikeStart","HollowMod:NailStrikeStart","HollowMod:NailStrikeStart","HollowMod:NailStrikeStart","HollowMod:QuickDashStart","HollowMod:QuickDashStart","HollowMod:QuickDashStart","HollowMod:QuickDashStart","HollowMod:FocusHealStart+1","HollowMod:PogoStrike","HollowMod:DescendingDark","HollowMod:GoodIntentions","HollowMod:ShadowDash+1","HollowMod:SiblingsSouls+1","HollowMod:MantisMark+1","HollowMod:QuirrelsAssistance","HollowMod:FallenFury","HollowMod:theNailsmith","HollowMod:LuriensSpire","Writhe","HollowMod:DescendingDark+1","HollowMod:SiblingsSouls+1"],"relics":["HollowMod:VesselMask","HollowMod:KingsBrand","Meat on the Bone","Shuriken","SsserpentHead","Bottled Flame","Ectoplasm","Toxic Egg 2"],"acts_visited":["Exordium","Exordium"],"potions_floor_usage":[7,13,16,16,23],"damage_taken":[{"damage":4,"enemies":"2 Louse","floor":1,"turns":3},{"damage":9,"enemies":"Jaw Worm","floor":2,"turns":3},{"damage":0,"enemies":"Cultist","floor":5,"turns":3},{"damage":21,"enemies":"3 Sentries","floor":7,"turns":7},{"damage":17,"enemies":"3 Louse","floor":10,"turns":5},{"damage":42,"enemies":"Lagavulin","floor":13,"turns":5},{"damage":0,"enemies":"2 Fungi Beasts","floor":14,"turns":2},{"damage":38,"enemies":"The Guardian","floor":16,"turns":13},{"damage":44,"enemies":"Hallownest:Guard_and_Sentry","floor":18,"turns":7},{"damage":28,"enemies":"Hallownest:3_Youths","floor":20,"turns":9},{"damage":28,"enemies":"Hallownest:2_Husk_Sentries","floor":22,"turns":4},{"damage":53,"enemies":"Hallownest:eliteSoulWarrior","floor":23,"turns":4}],"seed_played":"-1145655540995366130","potions_obtained":[{"floor":0,"key":"SCP261:SweetSwarmPotion"},{"floor":0,"key":"blueLaboratory:ArtificerPotion"},{"floor":0,"key":"jedi:StrikingPotion"},{"floor":2,"key":"Fire Potion"},{"floor":14,"key":"GrandPatriotsElixir:ReiMu"},{"floor":22,"key":"LiquidMemories"}],"is_trial":false,"path_per_floor":["M","M","?","T","M","R","E","R","T","M","R","?","E","M","R","B",null,"M","?","M","?","M","E"],"character_chosen":"THE_BUGKNIGHT","items_purchased":[],"campfire_rested":0,"item_purchase_floors":[],"current_hp_per_floor":[74,71,76,76,76,76,55,55,55,50,50,50,20,32,32,18,80,52,52,48,48,32,0,0],"gold":293,"neow_bonus":"THREE_SMALL_POTIONS","is_daily":false,"chose_seed":false,"campfire_upgraded":4,"win_rate":0.0,"timestamp":1607707165,"path_taken":["M","M","?","?","?","R","E","R","T","M","R","?","E","M","R","BOSS","M","?","M","?","M","E"],"items_purchased_type":[],"build_version":"2020-11-30","purchased_purges":0,"victory":false,"max_hp_per_floor":[75,75,80,80,80,80,80,80,80,80,80,80,80,80,80,80,80,80,80,80,80,80,80,80],"card_choices":[{"not_picked":["HollowMod:DashSlash","HollowMod:VengefulVoid"],"picked":"HollowMod:DescendingDark","floor":1},{"not_picked":["HollowMod:SiblingsSouls","HollowMod:InfectedCysts"],"picked":"HollowMod:GoodIntentions","floor":2},{"not_picked":["HollowMod:CycloneSlash","HollowMod:CloakDash"],"picked":"HollowMod:ShadowDash","floor":5},{"not_picked":["HollowMod:GrimmsGift","HollowMod:VengefulVoid"],"picked":"HollowMod:SiblingsSouls","floor":7},{"not_picked":["HollowMod:QuirrelsAssistance","HollowMod:CycloneSlash"],"picked":"HollowMod:MantisMark","floor":10},{"not_picked":["HollowMod:SoulSplash","HollowMod:NewLittleFool"],"picked":"HollowMod:QuirrelsAssistance","floor":13},{"not_picked":["HollowMod:InfectedCysts","HollowMod:DoubleDash"],"picked":"HollowMod:FallenFury","floor":14},{"not_picked":["HollowMod:HornetsHelp","HollowMod:PaleKingsBlessing"],"picked":"HollowMod:theNailsmith","floor":16},{"not_picked":["HollowMod:ChannelNail","HollowMod:CycloneSlash"],"picked":"HollowMod:LuriensSpire","floor":18},{"not_picked":["HollowMod:SoulStrike","HollowMod:DashSlash"],"picked":"HollowMod:DescendingDark+1","floor":20},{"not_picked":["HollowMod:DashSlash","HollowMod:InfectedCysts"],"picked":"HollowMod:SiblingsSouls+1","floor":22}],"player_experience":541277,"relics_obtained":[{"floor":4,"key":"HollowMod:KingsBrand"},{"floor":7,"key":"Meat on the Bone"},{"floor":9,"key":"Shuriken"},{"floor":13,"key":"Bottled Flame"}],"event_choices":[{"damage_healed":0,"gold_gain":0,"player_choice":"Trade","damage_taken":0,"relics_obtained":["SsserpentHead"],"max_hp_gain":0,"max_hp_loss":0,"event_name":"FaceTrader","floor":12,"gold_loss":0}],"is_beta":false,"boss_relics":[{"not_picked":["aspiration:RitualDagger","Black Star"],"picked":"Ectoplasm"}],"items_purged_floors":[],"is_endless":false,"potions_floor_spawned":[2,14,22],"killed_by":"Hallownest:eliteSoulWarrior","ascension_level":3}}