{"host":"sav7uxregyirlf69","time":1607693191,"event":{"mods":["AchievementEnabler","BaseMod","Colored Map","DeckTracker","Hermit","Keyboard Shortcuts","Minty Spire (QoL Compilation)","READ ME - Guardian Mod","StSLib","SuperFastMode"],"gold_per_floor":[114,126,51,51,51,51,79,91,115,130,130,150,170,202,202,307,307,320,338,253,352,352,352,352],"floor_reached":23,"playtime":394,"items_purged":["Strike_B"],"score":283,"play_id":"02febc99-44f5-4961-8425-2ebb5d43e0ea","local_time":"20201211222631","is_ascension_mode":true,"campfire_choices":[{"data":"Dualcast","floor":6,"key":"SMITH"},{"data":"Zap","floor":11,"key":"SMITH"},{"floor":15,"key":"REST"}],"circlet_count":0,"master_deck":["Strike_B","Strike_B","Strike_B","Defend_B","Defend_B","Defend_B+1","Zap+1","Dualcast+1","Coolheaded+1","Gash","Cold Snap","Gash","Rebound","Core Surge","Compile Driver","All For One","CurseOfTheBell","FTL"],"relics":["Cracked Core","NeowsBlessing","Regal Pillow","Darkstone Periapt","War Paint","Calling Bell","Vajra","Question Card","Pocketwatch","Pen Nib"],"acts_visited":["Exordium","TheCity"],"potions_floor_usage":[16,23,23,23],"damage_taken":[{"damage":0,"enemies":"Cultist","floor":1,"turns":1},{"damage":0,"enemies":"Jaw Worm","floor":2,"turns":1},{"damage":0,"enemies":"3 Sentries","floor":7,"turns":1},{"damage":6,"enemies":"Small Slimes","floor":8,"turns":3},{"damage":1,"enemies":"Exordium Wildlife","floor":10,"turns":3},{"damage":0,"enemies":"Looter","floor":12,"turns":3},{"damage":0,"enemies":"Large Slime","floor":13,"turns":4},{"damage":21,"enemies":"Lagavulin","floor":14,"turns":5},{"damage":28,"enemies":"The Guardian","floor":16,"turns":10},{"damage":10,"enemies":"Chosen","floor":18,"turns":3},{"damage":25,"enemies":"Shell Parasite","floor":19,"turns":4},{"damage":37,"enemies":"Slavers","floor":23,"turns":4}],"seed_played":"-1480803402662218792","potions_obtained":[{"floor":7,"key":"PowerPotion"},{"floor":8,"key":"DuplicationPotion"},{"floor":12,"key":"FearPotion"},{"floor":18,"key":"Dexterity Potion"}],"is_trial":false,"path_per_floor":["M","M","$","?","?","R","E","M","T","M","R","M","M","E","R","B",null,"M","M","?","?","?","E"],"character_chosen":"DEFECT","items_purchased":[],"campfire_rested":1,"item_purchase_floors":[],"current_hp_per_floor":[75,75,75,68,56,56,56,50,50,49,49,49,49,28,65,37,72,62,37,37,37,37,0,0],"gold":352,"neow_bonus":"THREE_ENEMY_KILL","is_daily":false,"chose_seed":false,"campfire_upgraded":2,"win_rate":0.0,"timestamp":1607693191,"path_taken":["M","M","?","?","?","R","E","M","T","M","R","M","M","E","R","BOSS","M","M","?","?","?","E"],"items_purchased_type":[],"build_version":"2020-11-30","purchased_purges":1,"victory":false,"max_hp_per_floor":[75,75,75,75,75,75,75,75,75,75,75,75,75,75,75,75,81,81,81,81,81,81,81,81],"card_choices":[{"not_picked":["Steam","Reinforced Body","Scrape"],"picked":"SKIP","floor":1},{"not_picked":["Stack","Blizzard"],"picked":"Coolheaded","floor":2},{"not_picked":["Coolheaded","Recycle"],"picked":"Gash","floor":7},{"not_picked":["Turbo","Gash"],"picked":"Cold Snap","floor":8},{"not_picked":["Coolheaded","Ball Lightning"],"picked":"Gash","floor":10},{"not_picked":["Fusion","Barrage"],"picked":"Rebound","floor":12},{"not_picked":["Aggregate","Steam"],"picked":"Core Surge","floor":13},{"not_picked":["Redo","Gash"],"picked":"Compile Driver","floor":14},{"not_picked":["Machine Learning","Rainbow"],"picked":"All For One","floor":16},{"not_picked":["Skim","Blizzard","Stack","Darkness"],"picked":"SKIP","floor":18},{"not_picked":["Auto Shields","Sweeping Beam","Leap"],"picked":"FTL","floor":19}],"player_experience":921760,"relics_obtained":[{"floor":7,"key":"Darkstone Periapt"},{"floor":14,"key":"War Paint"},{"floor":17,"key":"Vajra"},{"floor":17,"key":"Question Card"},{"floor":17,"key":"Pocketwatch"}],"event_choices":[{"cards_removed":["Defend_B"],"damage_healed":0,"gold_gain":0,"player_choice":"Card Removal","damage_taken":7,"max_hp_gain":0,"max_hp_loss":0,"event_name":"Golden Wing","floor":4,"gold_loss":0},{"damage_healed":0,"gold_gain":0,"player_choice":"Success","damage_taken":12,"relics_obtained":["Regal Pillow"],"max_hp_gain":0,"max_hp_loss":0,"event_name":"Scrap Ooze","floor":5,"gold_loss":0},{"damage_healed":0,"gold_gain":0,"player_choice":"Obtained Relic","damage_taken":0,"relics_obtained":["Pen Nib"],"max_hp_gain":0,"max_hp_loss":0,"event_name":"Addict","floor":20,"gold_loss":85},{"damage_healed":0,"gold_gain":99,"player_choice":"Stole From Cult","damage_taken":0,"max_hp_gain":0,"max_hp_loss":0,"event_name":"Nest","floor":21,"gold_loss":0},{"damage_healed":0,"gold_gain":0,"player_choice":"Ignored","damage_taken":0,"max_hp_gain":0,"max_hp_loss":0,"event_name":"Ghosts","floor":22,"gold_loss":0}],"is_beta":false,"boss_relics":[{"not_picked":["SacredBark","Philosopher\u0027s Stone"],"picked":"Calling Bell"}],"items_purged_floors":[3],"is_endless":false,"potions_floor_spawned":[7,8,12,13,18],"killed_by":"Slavers","ascension_level":5}}