{"host":"qljq6nt1bltq73k9","time":1607673501,"event":{"mods":["BaseMod","Colored Map","Colored Powertips","Downfall","Lobotomy","Minty Spire (QoL Compilation)","Quick Restart","Replay The Spire","StSLib"],"gold_per_floor":[99999,98839,98849,98849,98216,98254,98254,97734,97784,97855,97855,97855,97870,97890,97890,98021,98021,98039,98089,98105,97789,97803,97841,97841,97891,97891,97907,97920,97385,97425,97498,97498,97626,97626,97647,97697,97204,97223,97296,97296,97409,97440,97440,97490,96962,97037,97037,97053,97053,97053],"floor_reached":51,"playtime":2301,"items_purged":["Defend_P","Defend_P","Defend_P","Regret","Strike_P","Defend_P","Strike_P"],"score":938,"play_id":"b94ad752-1705-4049-b0c0-f6cc41f2f74e","local_time":"20201211155821","is_ascension_mode":false,"campfire_choices":[{"data":"Apotheosis","floor":7,"key":"SMITH"},{"data":"Panache","floor":15,"key":"SMITH"},{"floor":24,"key":"REST"},{"floor":32,"key":"REST"},{"floor":40,"key":"REST"},{"floor":47,"key":"REST"},{"floor":49,"key":"REST"}],"circlet_count":0,"master_deck":["Eruption","OSAHOGD","Adaptation+1","Apotheosis+1","MasterReality","Magnetism","Judgement","WallGazer","Panache+1","BattleHymn","RedShoes","LikeWater","FieryBird","Worship","VoidDream","DevaForm","Fasting2","Poisoned Strike","Crescendo","WindmillStrike","SnowQueen","Pray+1","Consecrate+1","Nirvana+1","Wish","DeusExMachina","MentalFortress","Establishment","LongBird","MentalFortress","Poisoned Strike+1","ClearTheMind","Replay:SS_fish_2","BattleHymn+1","BodiesMountain","Scarecrow","Wallop+1","Alpha+1","Magnetism","GreedKing","Brilliance+1"],"relics":["PureWater","CogitoBucket","RabbitCall","ReplayTheSpireMod:Lightbulb","Shuriken","Medical Kit","Golden Idol","Membership Card","Pear","Mirror","Tiny Chest","Meat on the Bone","Replay:Ringing Soul","ClockworkSouvenir","Damaru","Iron Hammer","Replay:Bottled Eggs","SsserpentHead","AspirationHeart","Fusion Hammer","Letter Opener","Mercury Hourglass","Replay:Rubber Ducky","Incense Burner","TreeSap","Molten Egg 2","Snack Pack","Orrery","Ancient Tea Set","Replay:Bronze Core","AdjustmentMirror","AtMidnight","Vajra","Omamori","Chemical X","Regal Pillow","Unceasing Top","Replay:Towering Pillar of Hats","Blue Candle","Anchor","HornCleat","Toolbox"],"acts_visited":["Exordium","TheCity","TheBeyond"],"potions_floor_usage":[6,10,16,16,22,23,23,31,42,51,51,51],"damage_taken":[{"damage":6,"enemies":"Jaw Worm","floor":1,"turns":6},{"damage":12,"enemies":"Small Slimes","floor":3,"turns":4},{"damage":10,"enemies":"3 Sentries","floor":6,"turns":3},{"damage":12,"enemies":"Gremlin Nob","floor":10,"turns":4},{"damage":8,"enemies":"2 Louse","floor":13,"turns":3},{"damage":10,"enemies":"2 Fungi Beasts","floor":14,"turns":5},{"damage":69,"enemies":"Fading Forest","floor":16,"turns":11},{"damage":2,"enemies":"Spheric Guardian","floor":18,"turns":1},{"damage":9,"enemies":"Shell Parasite","floor":20,"turns":3},{"damage":34,"enemies":"Centurion and Healer","floor":22,"turns":5},{"damage":35,"enemies":"Gremlin Leader","floor":23,"turns":3},{"damage":36,"enemies":"Sentry and Sphere","floor":27,"turns":3},{"damage":7,"enemies":"Shelled Parasite and Fungi","floor":28,"turns":4},{"damage":9,"enemies":"Replay:Snechameleon","floor":30,"turns":4},{"damage":20,"enemies":"Centurion and Healer","floor":31,"turns":4},{"damage":5,"enemies":"Automaton","floor":33,"turns":6},{"damage":12,"enemies":"3 Shapes","floor":35,"turns":8},{"damage":32,"enemies":"Orb Walker","floor":38,"turns":6},{"damage":5,"enemies":"Mind Bloom Boss Battle","floor":41,"turns":5},{"damage":58,"enemies":"Giant Head","floor":42,"turns":5},{"damage":1,"enemies":"3 Darklings","floor":46,"turns":2},{"damage":2,"enemies":"Sphere and 2 Shapes","floor":48,"turns":2},{"damage":81,"enemies":"Donu and Deca","floor":50,"turns":7},{"damage":28,"enemies":"Malkuth","floor":51,"turns":5},{"damage":107,"enemies":"Yesod","floor":51,"turns":5},{"damage":139,"enemies":"Geburah","floor":51,"turns":8},{"damage":11,"enemies":"Binah","floor":51,"turns":9},{"damage":79,"enemies":"Angela","floor":51,"turns":5}],"seed_played":"-8207151332642427372","potions_obtained":[{"floor":1,"key":"Explosive Potion"},{"floor":6,"key":"Block Potion"},{"floor":10,"key":"DistilledChaos"},{"floor":16,"key":"SmokeBomb"},{"floor":20,"key":"Fire Potion"},{"floor":22,"key":"Dexterity Potion"},{"floor":27,"key":"AttackPotion"},{"floor":28,"key":"ColorlessPotion"},{"floor":33,"key":"Fire Potion"},{"floor":42,"key":"GamblersBrew"}],"is_trial":false,"path_per_floor":["M","$","M","?","$","E","R","$","T","?","?","?","M","M","R","B",null,"M","T","M","$","M","E","R","?","T","M","M","$","E","M","R","B",null,"M","?","$","M","T","R","?","E","T","?","$","M","R","M","R","B",null],"character_chosen":"WATCHER","items_purchased":["ReplayTheSpireMod:Lightbulb","Apotheosis","Shuriken","Medical Kit","MasterReality","Guardian:BlockOnCardUsePotion","Guardian:BlockOnCardUsePotion","Membership Card","Pear","Mirror","Magnetism","Judgement","Meat on the Bone","Panache","BattleHymn","Replay:Ringing Soul","ClockworkSouvenir","Mercury Hourglass","Poisoned Strike","Fire Potion","Molten Egg 2","Snack Pack","Orrery","Cursed Concoction","DeusExMachina","Vajra","Omamori","Chemical X","Poisoned Strike+1","ClearTheMind","Replay:SS_fish_2","Anchor","HornCleat","Toolbox","Alpha+1","Magnetism"],"campfire_rested":5,"item_purchase_floors":[2,2,2,2,2,2,2,5,5,5,5,5,8,8,8,8,8,21,21,21,29,29,29,29,29,37,37,37,37,37,37,45,45,45,45,45],"current_hp_per_floor":[66,66,54,36,46,36,36,36,36,39,42,42,46,69,69,40,104,102,102,96,99,65,45,78,123,123,90,86,89,83,77,117,119,138,136,136,139,112,112,147,146,110,110,113,116,147,162,162,162,86],"gold":97053,"neow_bonus":"","is_daily":false,"chose_seed":false,"campfire_upgraded":2,"win_rate":0.0,"timestamp":1607673501,"path_taken":["M","$","M","?","$","E","R","$","T","?","?","?","M","M","R","BOSS","M","?","M","$","M","E","R","?","T","M","M","$","E","?","R","BOSS","M","?","$","M","?","R","?","E","T","?","$","?","R","M","R","BOSS"],"items_purchased_type":["Relic","Card","Relic","Relic","Card","Potion","Potion","Relic","Relic","Relic","Card","Card","Relic","Card","Card","Relic","Relic","Relic","Card","Potion","Relic","Relic","Relic","Potion","Card","Relic","Relic","Relic","Undefined","Card","Card","Relic","Relic","Relic","Undefined","Card"],"build_version":"2020-11-30","purchased_purges":7,"victory":true,"max_hp_per_floor":[72,72,72,72,82,82,82,82,82,85,88,88,88,101,101,104,104,104,104,107,110,110,113,113,123,123,126,129,132,135,135,135,138,138,141,141,144,147,147,147,150,153,153,156,159,162,162,162,162,162],"card_choices":[{"not_picked":["Wellcheers","Scorched","Bloodbath"],"picked":"Singing Bowl","floor":1},{"not_picked":["WallGazer","PunishingBird"],"picked":"OSAHOGD","floor":1},{"not_picked":["Halt","ThirdEye"],"picked":"Adaptation","floor":1},{"not_picked":["MHz","WhiteNight","Wellcheers"],"picked":"Singing Bowl","floor":3},{"not_picked":["Replay:ManipulateFuture","BowlingBash","Wireheading"],"picked":"SKIP","floor":3},{"not_picked":["BeautyBeast","HeroicMonk"],"picked":"WallGazer","floor":6},{"not_picked":["Replay:Cycle","EmptyBody"],"picked":"ConjureBlade","floor":6},{"not_picked":["FairyFestival","DespairKnight"],"picked":"RedShoes","floor":10},{"not_picked":["WreathOfFlame","Replay:Anticipation"],"picked":"LikeWater","floor":10},{"not_picked":["Woodsman","ShyLook","PunishingBird"],"picked":"Singing Bowl","floor":13},{"not_picked":["Protect","Indignation","WaveOfTheHand"],"picked":"SKIP","floor":13},{"not_picked":["LittleHelper","Yin","CrumblingArmor"],"picked":"Singing Bowl","floor":14},{"not_picked":["BigBadWolf","Murderer"],"picked":"FieryBird","floor":14},{"not_picked":["JustLucky","Replay:Hum"],"picked":"Worship","floor":14},{"not_picked":["CherryBlossoms","Wellcheers","Mercenary"],"picked":"Singing Bowl","floor":16},{"not_picked":["CherryBlossoms","Scorched"],"picked":"VoidDream","floor":16},{"not_picked":["MasterReality","Devotion"],"picked":"DevaForm","floor":16},{"not_picked":["MeatLantern","MHz","ShyLook"],"picked":"Singing Bowl","floor":18},{"not_picked":["WreathOfFlame","ThirdEye","Protect"],"picked":"SKIP","floor":18},{"not_picked":["GalaxyChild","ShyLook","LittlePrince"],"picked":"Singing Bowl","floor":20},{"not_picked":["Prostrate","Protect"],"picked":"Fasting2","floor":20},{"not_picked":["CrumblingArmor","BigBadWolf","QueenOfHatred"],"picked":"Singing Bowl","floor":22},{"not_picked":["CarveReality+1","BowlingBash","ThirdEye"],"picked":"SKIP","floor":22},{"not_picked":["LittlePrince","BeautyBeast","GalaxyChild"],"picked":"Singing Bowl","floor":23},{"not_picked":["WreathOfFlame","ClearTheMind"],"picked":"Crescendo","floor":23},{"not_picked":["BeautyBeast","DespairKnight","BigBadWolf"],"picked":"Singing Bowl","floor":27},{"not_picked":["Evaluate","SignatureMove"],"picked":"WindmillStrike","floor":27},{"not_picked":["Alriune","FairyFestival","LaLuna"],"picked":"Singing Bowl","floor":28},{"not_picked":["QueenOfHatred","CrumblingArmor"],"picked":"SnowQueen","floor":28},{"not_picked":["WheelKick","CarveReality"],"picked":"Pray+1","floor":28},{"not_picked":["Evaluate","JustLucky+1"],"picked":"Consecrate+1","floor":29},{"not_picked":["SandsOfTime+1","SashWhip+1"],"picked":"Nirvana+1","floor":29},{"not_picked":["CrushJoints+1","FearNoEvil+1"],"picked":"Wish","floor":29},{"not_picked":["Funeral","CherryBlossoms","BigBadWolf"],"picked":"Singing Bowl","floor":30},{"not_picked":["Replay:BluntJabs+1","Wireheading"],"picked":"MentalFortress","floor":30},{"not_picked":["ShyLook","CENSORED","Yin"],"picked":"Singing Bowl","floor":31},{"not_picked":["Replay:Cycle","ThirdEye","JustLucky+1"],"picked":"SKIP","floor":31},{"not_picked":["DreamingCurrent","QueenOfHatred","FairyFestival"],"picked":"Singing Bowl","floor":33},{"not_picked":["Wish","LessonLearned+1"],"picked":"Establishment","floor":33},{"not_picked":["Murderer","BigBadWolf","DreamingCurrent"],"picked":"Singing Bowl","floor":35},{"not_picked":["WhiteNight","GreedKing"],"picked":"LongBird","floor":35},{"not_picked":["Halt","ThirdEye"],"picked":"MentalFortress","floor":35},{"not_picked":["Freischutz","Bloodbath","QueenBee"],"picked":"Singing Bowl","floor":38},{"not_picked":["CutThroughFate+1","Evaluate"],"picked":"BattleHymn+1","floor":38},{"not_picked":["Yin","WhitesApple"],"picked":"BodiesMountain","floor":41},{"not_picked":["NothingThere","Variant"],"picked":"Scarecrow","floor":42},{"not_picked":["Meditate+1","Prostrate+1","CutThroughFate+1"],"picked":"SKIP","floor":42},{"not_picked":["LittlePrince","SingingMachine","LittleHelper"],"picked":"Singing Bowl","floor":46},{"not_picked":["BlackSwan","Porccubus"],"picked":"GreedKing","floor":46},{"not_picked":["InnerPeace","Replay:BluntJabs+1"],"picked":"Brilliance+1","floor":46},{"not_picked":["SingingMachine","Variant","Freischutz"],"picked":"Singing Bowl","floor":48},{"not_picked":["SandsOfTime+1","Halt+1","Pray+1"],"picked":"SKIP","floor":48}],"player_experience":361722,"relics_obtained":[{"floor":6,"key":"Tiny Chest"},{"floor":9,"key":"Damaru"},{"floor":10,"key":"Iron Hammer"},{"floor":19,"key":"Letter Opener"},{"floor":23,"key":"Replay:Rubber Ducky"},{"floor":26,"key":"Incense Burner"},{"floor":30,"key":"Ancient Tea Set"},{"floor":35,"key":"AtMidnight"},{"floor":39,"key":"Regal Pillow"},{"floor":41,"key":"Unceasing Top"},{"floor":42,"key":"Replay:Towering Pillar of Hats"},{"floor":43,"key":"Blue Candle"}],"event_choices":[{"damage_healed":0,"gold_gain":0,"player_choice":"Take Damage","damage_taken":18,"relics_obtained":["Golden Idol"],"max_hp_gain":0,"max_hp_loss":0,"event_name":"Golden Idol","floor":4,"gold_loss":0},{"damage_healed":0,"gold_gain":0,"player_choice":"Searched \u00271\u0027 times","damage_taken":0,"max_hp_gain":0,"max_hp_loss":0,"event_name":"Dead Adventurer","floor":10,"gold_loss":0},{"damage_healed":0,"gold_gain":0,"player_choice":"Box","damage_taken":0,"relics_obtained":["Replay:Bottled Eggs"],"max_hp_gain":0,"max_hp_loss":0,"event_name":"Big Fish","floor":11,"gold_loss":0,"cards_obtained":["Regret"]},{"damage_healed":0,"gold_gain":0,"player_choice":"Trade","damage_taken":0,"relics_obtained":["SsserpentHead"],"max_hp_gain":0,"max_hp_loss":0,"event_name":"FaceTrader","floor":12,"gold_loss":0},{"cards_removed":["ConjureBlade"],"damage_healed":35,"gold_gain":0,"player_choice":"Offered Rare","damage_taken":0,"max_hp_gain":10,"max_hp_loss":0,"event_name":"Bonfire Elementals","floor":25,"gold_loss":0},{"cards_removed":["Strike_P"],"damage_healed":0,"gold_gain":0,"player_choice":"Purged","damage_taken":0,"max_hp_gain":0,"max_hp_loss":0,"event_name":"Purifier","floor":36,"gold_loss":0},{"damage_healed":0,"gold_gain":0,"player_choice":"Fight","damage_taken":0,"max_hp_gain":0,"max_hp_loss":0,"event_name":"MindBloom","floor":41,"gold_loss":0},{"damage_healed":0,"gold_gain":0,"cards_transformed":["Strike_P"],"player_choice":"Transformed","damage_taken":0,"max_hp_gain":0,"max_hp_loss":0,"event_name":"Transmorgrifier","floor":44,"gold_loss":0,"cards_obtained":["Wallop"]}],"is_beta":false,"boss_relics":[{"not_picked":["Painkiller Herb","Honey Jar"],"picked":"Fusion Hammer"},{"not_picked":["Replay:Ancient Bell","Kintsugi"],"picked":"Replay:Bronze Core"}],"items_purged_floors":[2,5,8,21,29,37,45],"is_endless":false,"potions_floor_spawned":[1,6,10,16,20,22,27,28,33,41,42,46],"ascension_level":0}}