{"host":"1kq2ingo3j45gyyp","time":1607647849,"event":{"mods":["BaseMod","Better Note","Better Third Choice","Minty Spire (QoL Compilation)","StSLib","The Gatherer"],"gold_per_floor":[114,114,129,304,304,304,323,323,323,323,323,58,96,61,61,186,186,205,205,304,35,54,54,54,54,54,54,54,54,92,130,130,255,255,274,13,13,32,51,51,89,89,89,127,127,127,152,190,190,190],"floor_reached":51,"playtime":1144,"items_purged":["Doubt"],"score":911,"play_id":"31e77ad7-9ee3-4e49-bdb3-becd65217100","local_time":"20201210195049","daily_mods":["Heirloom","Flight","DeadlyEvents"],"is_ascension_mode":false,"campfire_choices":[{"floor":6,"key":"DIG"},{"floor":8,"key":"DIG"},{"floor":10,"key":"DIG"},{"floor":11,"key":"DIG"},{"floor":15,"key":"REST"},{"floor":23,"key":"DIG"},{"floor":24,"key":"DIG"},{"floor":25,"key":"DIG"},{"floor":27,"key":"DIG"},{"floor":28,"key":"DIG"},{"floor":29,"key":"DIG"},{"floor":32,"key":"DIG"},{"floor":40,"key":"DIG"},{"floor":42,"key":"DIG"},{"floor":45,"key":"DIG"},{"floor":46,"key":"DIG"},{"floor":49,"key":"DIG"}],"circlet_count":0,"master_deck":["Strike_G","Strike_G+1","Strike_G","Strike_G","Strike_G","Defend_G","Defend_G","Defend_G+1","Defend_G","Survivor","Neutralize+1","Bane","Dodge and Roll","Masterful Stab","Infinite Blades+1","Panache+1","Infinite Blades+1","Footwork+1","Corpse Explosion","Bane+1","Noxious Fumes+1","Bouncing Flask","Backstab","Deadly Poison+1","CurseOfTheBell","Poisoned Stab","Infinite Blades+1","Bouncing Flask","Crippling Poison","Adrenaline+1"],"relics":["Ring of the Snake","Shovel","Matryoshka","Golden Idol","Bag of Marbles","Orichalcum","MealTicket","Mummified Hand","Frozen Egg 2","Unceasing Top","Turnip","Runic Dome","Akabeko","Dream Catcher","Anchor","Whetstone","Singing Bowl","Smiling Mask","Ornamental Fan","Lantern","Pen Nib","Art of War","Paper Crane","Calling Bell","War Paint","Shuriken","Peace Pipe","Snake Skull","Vajra","Bottled Flame","Bottled Lightning","Toxic Egg 2","Ice Cream","Ninja Scroll","HornCleat","Bronze Scales","Omamori","Centennial Puzzle"],"acts_visited":["Exordium","TheCity","TheBeyond"],"potions_floor_usage":[33,50,50,50],"damage_taken":[{"damage":3,"enemies":"2 Louse","floor":1,"turns":2},{"damage":2,"enemies":"Small Slimes","floor":3,"turns":4},{"damage":3,"enemies":"Jaw Worm","floor":7,"turns":5},{"damage":27,"enemies":"Lagavulin","floor":13,"turns":8},{"damage":30,"enemies":"The Guardian","floor":16,"turns":10},{"damage":0,"enemies":"3 Byrds","floor":18,"turns":2},{"damage":0,"enemies":"Chosen","floor":22,"turns":3},{"damage":6,"enemies":"Book of Stabbing","floor":30,"turns":4},{"damage":0,"enemies":"Gremlin Leader","floor":31,"turns":4},{"damage":0,"enemies":"Automaton","floor":33,"turns":6},{"damage":0,"enemies":"Orb Walker","floor":35,"turns":2},{"damage":7,"enemies":"3 Darklings","floor":38,"turns":3},{"damage":0,"enemies":"Sphere and 2 Shapes","floor":39,"turns":2},{"damage":1,"enemies":"Giant Head","floor":41,"turns":5},{"damage":5,"enemies":"Nemesis","floor":44,"turns":5},{"damage":0,"enemies":"Giant Head","floor":48,"turns":3},{"damage":78,"enemies":"Awakened One","floor":50,"turns":10}],"seed_played":"-551933171069321123","potions_obtained":[{"floor":13,"key":"Regen Potion"},{"floor":22,"key":"DistilledChaos"},{"floor":30,"key":"Fire Potion"},{"floor":35,"key":"Ancient Potion"}],"is_trial":false,"path_per_floor":["M","?","M","?","?","R","M","R","T","R","R","$","E","$","R","B",null,"M","?","?","$","M","R","R","R","T","R","R","R","E","E","R","B",null,"M","$","?","M","M","R","E","R","T","E","R","R","T","E","R","B",null],"character_chosen":"THE_SILENT","items_purchased":["Infinite Blades+1","Panache+1","Footwork+1","Noxious Fumes+1","Bouncing Flask","Backstab","Snake Skull","Infinite Blades+1","Bouncing Flask"],"campfire_rested":1,"item_purchase_floors":[12,12,14,21,21,21,36,36,36],"current_hp_per_floor":[67,49,47,47,30,30,27,27,27,27,27,42,15,30,51,21,70,70,70,70,70,70,70,70,70,70,70,70,70,66,66,66,68,74,74,74,74,67,69,69,70,70,70,65,65,65,65,67,67,4],"gold":190,"neow_bonus":"","is_daily":true,"chose_seed":false,"campfire_upgraded":0,"win_rate":0.0,"timestamp":1607647849,"path_taken":["M","?","M","?","?","R","?","R","T","R","R","$","?","?","R","BOSS","M","?","?","$","?","R","R","R","T","R","R","R","E","E","R","BOSS","M","?","?","M","?","R","E","R","T","E","R","R","?","?","R","BOSS"],"items_purchased_type":["Undefined","Undefined","Undefined","Undefined","Card","Card","Relic","Undefined","Card"],"build_version":"2020-11-30","purchased_purges":1,"victory":true,"max_hp_per_floor":[70,70,70,70,70,70,70,70,70,70,70,70,70,70,70,70,70,70,70,70,70,70,70,70,70,70,70,70,70,72,72,72,74,74,74,74,74,74,76,76,78,78,78,78,78,78,78,80,80,80],"card_choices":[{"not_picked":["Prepared","Slice"],"picked":"Bane","floor":1},{"not_picked":["Dagger Throw","Reflex"],"picked":"Dodge and Roll","floor":3},{"not_picked":["Leg Sweep","Terror"],"picked":"Masterful Stab","floor":7},{"not_picked":["Poisoned Stab","Eviscerate"],"picked":"Infinite Blades+1","floor":13},{"not_picked":["Glass Knife","Phantasmal Killer"],"picked":"Corpse Explosion","floor":16},{"not_picked":["Prepared+1","Blade Dance"],"picked":"Bane+1","floor":18},{"not_picked":["Flying Knee","Endless Agony","Quick Slash"],"picked":"SKIP","floor":22},{"not_picked":["Malaise","Cloak And Dagger","Dodge and Roll"],"picked":"Singing Bowl","floor":30},{"not_picked":["Reflex","Blade Dance"],"picked":"Deadly Poison","floor":31},{"not_picked":["Night Terror","Malaise","Grand Finale"],"picked":"Singing Bowl","floor":33},{"not_picked":["Backflip+1","Dagger Spray"],"picked":"Poisoned Stab","floor":35},{"not_picked":["Dagger Throw","Outmaneuver+1"],"picked":"Crippling Poison","floor":38},{"not_picked":["Blade Dance+1","Distraction","Bane"],"picked":"Singing Bowl","floor":39},{"not_picked":["Underhanded Strike","Accuracy+1","All Out Attack+1"],"picked":"Singing Bowl","floor":41},{"not_picked":["Dodge and Roll+1","Dagger Spray+1"],"picked":"Adrenaline+1","floor":44},{"not_picked":["Slice","Dodge and Roll+1","Riddle With Holes+1"],"picked":"Singing Bowl","floor":48}],"player_experience":799836,"relics_obtained":[{"floor":6,"key":"Bag of Marbles"},{"floor":8,"key":"Orichalcum"},{"floor":9,"key":"MealTicket"},{"floor":9,"key":"Mummified Hand"},{"floor":10,"key":"Frozen Egg 2"},{"floor":11,"key":"Unceasing Top"},{"floor":13,"key":"Turnip"},{"floor":23,"key":"Akabeko"},{"floor":24,"key":"Dream Catcher"},{"floor":25,"key":"Anchor"},{"floor":26,"key":"Whetstone"},{"floor":26,"key":"Singing Bowl"},{"floor":27,"key":"Smiling Mask"},{"floor":28,"key":"Ornamental Fan"},{"floor":29,"key":"Lantern"},{"floor":30,"key":"Pen Nib"},{"floor":31,"key":"Art of War"},{"floor":32,"key":"Paper Crane"},{"floor":34,"key":"War Paint"},{"floor":34,"key":"Shuriken"},{"floor":34,"key":"Peace Pipe"},{"floor":40,"key":"Vajra"},{"floor":41,"key":"Bottled Flame"},{"floor":42,"key":"Bottled Lightning"},{"floor":43,"key":"Toxic Egg 2"},{"floor":44,"key":"Ice Cream"},{"floor":45,"key":"Ninja Scroll"},{"floor":46,"key":"HornCleat"},{"floor":47,"key":"Bronze Scales"},{"floor":48,"key":"Omamori"},{"floor":49,"key":"Centennial Puzzle"}],"event_choices":[{"damage_healed":0,"gold_gain":0,"player_choice":"Relic ","damage_taken":18,"max_hp_gain":0,"max_hp_loss":0,"event_name":"betterThird:BetterScrap","floor":2,"gold_loss":0,"cards_obtained":["Amplify"]},{"damage_healed":0,"gold_gain":175,"player_choice":"AGREE","damage_taken":129,"max_hp_gain":0,"max_hp_loss":0,"event_name":"betterThird:BetterSerpent","floor":4,"gold_loss":0},{"damage_healed":0,"gold_gain":0,"player_choice":"Take Damage","damage_taken":17,"relics_obtained":["Golden Idol"],"max_hp_gain":0,"max_hp_loss":0,"event_name":"Golden Idol","floor":5,"gold_loss":0},{"damage_healed":0,"gold_gain":0,"player_choice":"Ignored","damage_taken":0,"max_hp_gain":0,"max_hp_loss":0,"event_name":"Vampires","floor":19,"gold_loss":0},{"damage_healed":0,"gold_gain":99,"player_choice":"Steal","damage_taken":0,"max_hp_gain":0,"max_hp_loss":0,"event_name":"betterThird:BetterNest","floor":20,"gold_loss":0},{"cards_removed":["Defend_G"],"damage_healed":0,"gold_gain":0,"player_choice":"Removed Skill","damage_taken":0,"max_hp_gain":0,"max_hp_loss":0,"event_name":"Falling","floor":37,"gold_loss":0}],"is_beta":false,"boss_relics":[{"not_picked":["Ring of the Serpent","SacredBark"],"picked":"Runic Dome"},{"not_picked":["SlaversCollar","Snecko Eye"],"picked":"Calling Bell"}],"items_purged_floors":[21],"is_endless":false,"potions_floor_spawned":[13,22,30,35,38,39],"ascension_level":0}}