{"host":"kos1s9q8ffr8fqos","time":1607717143,"event":{"mods":["2.2 Compatiblity","AchievementEnabler","AlwaysNeverKeys","Astrologer","BaseMod","Bestiary","Better Altar","Better Match","Better Note","Better Sensory Stone","Better Skull","Better Third Choice","Better Vampires","Colored Map","Colored Powertips","Curses Come First","Hermit","Infinite Spire","Jorbs\u0027s Wanderer Trilogy","Minty Spire (QoL Compilation)","Quick Restart","Random Character Button","Relic Stats","Shop Mod","StSLib","The Blue Laboratory","The Disciple","The Hierophant"],"gold_per_floor":[115,95,112,112,26,53,53,82,128,128,139,156,183,198,198,302,302,314,347,49,49,67,67,99,109,109,109,109,109,109,123,123,222,222,234,23,34,34,34,34,34,34,34,68,68,86,105,118,118,118],"floor_reached":51,"playtime":2916,"items_purged":["astrologer:Strike+1","astrologer:Strike+1"],"score":744,"play_id":"7ddf5fe3-a239-4771-b4fd-30b9ead45b2f","local_time":"20201211140543","is_ascension_mode":true,"campfire_choices":[{"data":"astrologer:Prismatic","floor":7.0,"key":"SMITH"},{"data":"astrologer:Fireball","floor":10,"key":"SMITH"},{"data":"astrologer:StarOfMisfortune","floor":15,"key":"SMITH"},{"floor":23,"key":"REST"},{"floor":27,"key":"REST"},{"data":"astrologer:Judgement","floor":29,"key":"SMITH"},{"data":"astrologer:StarOfMisfortune","floor":32,"key":"SMITH"},{"data":"astrologer:Starfield","floor":40,"key":"SMITH"},{"data":"astrologer:Conjunction","floor":42,"key":"SMITH"},{"data":"astrologer:TheEmpress","floor":45,"key":"SMITH"},{"floor":49,"key":"REST"}],"circlet_count":0,"master_deck":["astrologer:Strike+1","astrologer:Defend+1","astrologer:Defend+1","astrologer:Defend+1","astrologer:Defend+1","astrologer:NorthStar","astrologer:TheFool","astrologer:Radiance","astrologer:Glimpse+1","astrologer:Prismatic+1","astrologer:FrozenStar","astrologer:ShiningStar","astrologer:Fireball+1","astrologer:SpaceDust","astrologer:Conjunction+1","astrologer:StarOfMisfortune+1","astrologer:Judgement+1","astrologer:BlackHole","astrologer:MeteorShower+1","astrologer:FrozenStar","astrologer:TheEmperor","astrologer:Opposition+1","astrologer:StarOfMisfortune+1","astrologer:FrozenStar","astrologer:Death","astrologer:Conjunction","astrologer:Starfield+1","astrologer:TheLovers+1","astrologer:TheEmpress+1","astrologer:Sunrise","astrologer:ReadTheStars+1","astrologer:SpaceDust+1"],"relics":["astrologer:SkyMirror","NeowsBlessing","Vajra","Oddly Smooth Stone","MealTicket","Juzu Bracelet","SlaversCollar","Red Mask","Thread and Needle","Art of War","Pantograph","Peace Pipe","Philosopher\u0027s Stone","Letter Opener"],"acts_visited":["Exordium","TheCity","TheBeyond"],"potions_floor_usage":[8,8,13,22,44,46,50,50],"damage_taken":[{"damage":0.0,"enemies":"Jaw Worm","floor":1.0,"turns":1.0},{"damage":0.0,"enemies":"Cultist","floor":3.0,"turns":1.0},{"damage":0.0,"enemies":"Lagavulin","floor":6.0,"turns":1.0},{"damage":10,"enemies":"Gremlin Nob","floor":8,"turns":3},{"damage":0,"enemies":"2 Louse","floor":11,"turns":2},{"damage":0,"enemies":"Large Slime","floor":12,"turns":4},{"damage":1,"enemies":"3 Sentries","floor":13,"turns":6},{"damage":0,"enemies":"Lots of Slimes","floor":14,"turns":4},{"damage":22,"enemies":"The Guardian","floor":16,"turns":13},{"damage":20,"enemies":"Spheric Guardian","floor":18,"turns":5},{"damage":45,"enemies":"Masked Bandits","floor":19,"turns":6},{"damage":0,"enemies":"Chosen","floor":22,"turns":5},{"damage":9,"enemies":"Slavers","floor":24,"turns":7},{"damage":0,"enemies":"3 Cultists","floor":25,"turns":6},{"damage":0,"enemies":"Snake Plant","floor":31,"turns":8},{"damage":20,"enemies":"Collector","floor":33,"turns":13},{"damage":2,"enemies":"Orb Walker","floor":35,"turns":4},{"damage":24,"enemies":"3 Darklings","floor":37,"turns":5},{"damage":12,"enemies":"Sphere and 2 Shapes","floor":44,"turns":5},{"damage":16,"enemies":"Maw","floor":46,"turns":11},{"damage":0,"enemies":"Transient","floor":47,"turns":4},{"damage":28,"enemies":"Jaw Worm Horde","floor":48,"turns":6},{"damage":27,"enemies":"Awakened One","floor":50,"turns":12}],"seed_played":"750190561649200055","potions_obtained":[{"floor":2.0,"key":"Swift Potion"},{"floor":3.0,"key":"Energy Potion"},{"floor":6.0,"key":"SteroidPotion"},{"floor":11,"key":"Swift Potion"},{"floor":13,"key":"Strength Potion"},{"floor":18,"key":"blueLaboratory:BottleOfVodka"},{"floor":22,"key":"Ancient Potion"},{"floor":37,"key":"ColorlessPotion"},{"floor":44,"key":"Weak Potion"}],"is_trial":false,"path_per_floor":["M","?","M","?","$","E","R","E","T","R","M","M","E","M","R","B",null,"M","?","$","?","M","R","E","M","T","R","?","R","AVR","M","R","B",null,"M","$","M","$","?","R","?","R","T","M","R","M","M","M","R","B",null],"character_chosen":"ASTROLOGER","items_purchased":["astrologer:Prismatic","astrologer:FrozenStar","Thread and Needle","astrologer:Starfield"],"campfire_rested":3,"item_purchase_floors":[5,5,20,36],"current_hp_per_floor":[70,70,70,70,70,70,70,60,60,60,60,60,59,59,59,37,70,50,5,20,20,20,41,32,32,32,53,53,53,53,53,53,50,70,68,70,46,61,70,70,66,66,66,54,54,38,38,10,29,27],"gold":118,"neow_bonus":"THREE_ENEMY_KILL","is_daily":false,"chose_seed":false,"campfire_upgraded":8,"win_rate":0.0,"timestamp":1607717143,"path_taken":["M","?","?","?","$","E","R","E","T","R","M","M","E","M","R","BOSS","M","?","$","?","M","R","E","M","T","R","?","R","AVR","M","R","BOSS","M","$","M","?","?","R","?","R","T","M","R","M","M","M","R","BOSS"],"items_purchased_type":["Card","Card","Relic","Card"],"build_version":"2020-11-30","purchased_purges":2,"victory":true,"max_hp_per_floor":[70,70,70,70,70,70,70,70,70,70,70,70,70,70,70,70,70,70,70,70,70,70,70,70,70,70,70,70,70,70,70,70,70,70,70,70,70,70,70,70,66,66,66,66,66,66,66,66,66,66],"relic_stats":{"Peace Pipe":0,"counters":[23,132],"Pantograph":42,"MealTicket":32,"Juzu Bracelet":2,"Art of War":[24],"Letter Opener":[115],"obtain_stats":[{"NeowsBlessing":0,"Vajra":6,"Oddly Smooth Stone":8,"Thread and Needle":20,"Juzu Bracelet":13,"Letter Opener":43,"Peace Pipe":30,"SlaversCollar":17,"Pantograph":26,"MealTicket":9,"Philosopher\u0027s Stone":34,"astrologer:SkyMirror":0,"Red Mask":19,"Art of War":24},{"NeowsBlessing":0,"Vajra":3,"Oddly Smooth Stone":4,"Thread and Needle":11,"Juzu Bracelet":7,"Letter Opener":18,"Peace Pipe":14,"SlaversCollar":9,"Pantograph":14,"MealTicket":4,"Philosopher\u0027s Stone":16,"astrologer:SkyMirror":0,"Red Mask":11,"Art of War":13},{"NeowsBlessing":0,"Vajra":3,"Oddly Smooth Stone":6,"Thread and Needle":46,"Juzu Bracelet":18,"Letter Opener":94,"Peace Pipe":64,"SlaversCollar":35,"Pantograph":64,"MealTicket":6,"Philosopher\u0027s Stone":85,"astrologer:SkyMirror":0,"Red Mask":46,"Art of War":58}]},"card_choices":[{"not_picked":["astrologer:ShiningStar","astrologer:Opposition"],"picked":"astrologer:Radiance","floor":1.0},{"not_picked":["astrologer:ReadTheStars","astrologer:Shine"],"picked":"astrologer:Glimpse","floor":3.0},{"not_picked":["astrologer:Death","astrologer:Radiance"],"picked":"astrologer:ShiningStar","floor":6.0},{"not_picked":["astrologer:CometStrike","astrologer:SolarFlare"],"picked":"astrologer:Fireball","floor":8},{"not_picked":["astrologer:Still","astrologer:SolarFlare"],"picked":"astrologer:SpaceDust","floor":11},{"not_picked":["astrologer:Still","astrologer:Prismatic"],"picked":"astrologer:Conjunction","floor":12},{"not_picked":["astrologer:CometStrike","astrologer:SpaceDust"],"picked":"astrologer:StarOfMisfortune","floor":13},{"not_picked":["astrologer:FrozenStar","astrologer:Moonlight"],"picked":"astrologer:Judgement","floor":14},{"not_picked":["astrologer:RejectReality","astrologer:Premonition"],"picked":"astrologer:BlackHole","floor":16},{"not_picked":["astrologer:SpaceDust","astrologer:TheHangedMan","astrologer:ReadTheStars+1"],"picked":"SKIP","floor":18},{"not_picked":["astrologer:SolarFlare","astrologer:StarOfMisfortune"],"picked":"astrologer:MeteorShower+1","floor":19},{"not_picked":["astrologer:Stardust","astrologer:Conjunction"],"picked":"astrologer:FrozenStar","floor":22},{"not_picked":["astrologer:Premeditation+1","astrologer:SpaceDust"],"picked":"astrologer:TheEmperor","floor":24},{"not_picked":["astrologer:Radiance","astrologer:SolarFlare"],"picked":"astrologer:Opposition+1","floor":25},{"not_picked":["astrologer:CometStrike+1","astrologer:Still+1"],"picked":"astrologer:FrozenStar","floor":31},{"not_picked":["astrologer:Wish","astrologer:BlackHole"],"picked":"astrologer:Death","floor":33},{"not_picked":["astrologer:Radiance","astrologer:Opposition"],"picked":"astrologer:Conjunction","floor":35},{"not_picked":["astrologer:Still","astrologer:TheHermit"],"picked":"astrologer:TheLovers+1","floor":37},{"not_picked":["astrologer:CometStrike","astrologer:Still+1"],"picked":"astrologer:TheEmpress","floor":44},{"not_picked":["astrologer:Cataclysm","astrologer:Conjunction+1"],"picked":"astrologer:Sunrise","floor":46},{"not_picked":["astrologer:Prismatic","astrologer:Novile+1"],"picked":"astrologer:ReadTheStars+1","floor":47},{"not_picked":["astrologer:ShiningStar+1","astrologer:TheTower"],"picked":"astrologer:SpaceDust+1","floor":48}],"player_experience":1207885,"relics_obtained":[{"floor":6.0,"key":"Vajra"},{"floor":8,"key":"Oddly Smooth Stone"},{"floor":9,"key":"MealTicket"},{"floor":13,"key":"Juzu Bracelet"},{"floor":19,"key":"Red Mask"},{"floor":24,"key":"Art of War"},{"floor":26,"key":"Pantograph"},{"floor":43,"key":"Letter Opener"}],"event_choices":[{"damage_healed":0.0,"max_hp_gain":0.0,"max_hp_loss":0.0,"gold_gain":0.0,"event_name":"The Woman in Blue","player_choice":"Bought 1 Potion","floor":2.0,"gold_loss":0.0,"damage_taken":0.0},{"damage_healed":0.0,"max_hp_gain":0.0,"max_hp_loss":0.0,"gold_gain":0.0,"event_name":"Living Wall","player_choice":"Grow","floor":4.0,"gold_loss":0.0,"damage_taken":0.0,"cards_upgraded":["astrologer:Glimpse"]},{"damage_healed":0,"gold_gain":0,"player_choice":"Fought Bandits","damage_taken":0,"max_hp_gain":0,"max_hp_loss":0,"event_name":"Masked Bandits","floor":19,"gold_loss":0},{"damage_healed":0,"gold_gain":0,"player_choice":"Simplicity","damage_taken":0,"max_hp_gain":0,"max_hp_loss":8,"event_name":"betterThird:BetterWriting","floor":21,"gold_loss":0},{"damage_healed":0,"gold_gain":0,"cards_transformed":["astrologer:Strike"],"player_choice":"Transformed","damage_taken":0,"max_hp_gain":0,"max_hp_loss":0,"event_name":"Transmorgrifier","floor":28,"gold_loss":0,"cards_obtained":["astrologer:StarOfMisfortune"]},{"damage_healed":9,"gold_gain":0,"player_choice":"Full Heal","damage_taken":0,"max_hp_gain":0,"max_hp_loss":0,"event_name":"Wheel of Change","floor":39,"gold_loss":0},{"damage_healed":0,"gold_gain":0,"player_choice":"Max HP","damage_taken":0,"max_hp_gain":0,"max_hp_loss":4,"event_name":"Winding Halls","floor":41,"gold_loss":0}],"is_beta":false,"boss_relics":[{"not_picked":["Velvet Choker","Snecko Eye"],"picked":"SlaversCollar"},{"not_picked":["Calling Bell","SacredBark"],"picked":"Philosopher\u0027s Stone"}],"items_purged_floors":[30,36],"is_endless":false,"potions_floor_spawned":[3,6,11,13,18,19,22,31,37,44],"ascension_level":1}}