{"host":"9ndbo4kgsfoemf7y","time":1607681971,"event":{"mods":["BaseMod","AchievementEnabler","Colored Map","DeckTracker","Minty Spire (QoL Compilation)","Permanent Neow","Quick Restart","StSLib","SuperFastMode","Keyboard Shortcuts","Relic Stats"],"gold_per_floor":[369,34,45,65,31,360,360,285,285,303,378,378,407,418,418,494,494,507,782,266,141,141,141,166,166,166,216,30,50,50,79,79,156,156,167,57,57,70,81,115,115,142,142,142,156,181,191,191,191,191,191],"floor_reached":50,"playtime":1430,"items_purged":["Strike_G","Regret","Defend_G","Shame"],"score":1021,"play_id":"68401bd6-8f2b-443d-b44a-4b968381b5da","local_time":"20201211191931","is_ascension_mode":true,"campfire_choices":[{"data":"Envenom","floor":7.0,"key":"SMITH"},{"floor":12.0,"key":"REST"},{"data":"Panache","floor":15.0,"key":"SMITH"},{"data":"Prepared","floor":23.0,"key":"SMITH"},{"data":"Burst","floor":30.0,"key":"SMITH"},{"data":"Neutralize","floor":32.0,"key":"SMITH"},{"floor":41.0,"key":"REST"},{"data":"Panacea","floor":44.0,"key":"SMITH"},{"data":"Blur","floor":49.0,"key":"SMITH"}],"circlet_count":0,"master_deck":["AscendersBane","Strike_G","Strike_G+1","Defend_G","Defend_G","Defend_G","Survivor","Neutralize+1","Panache+1","Well Laid Plans","Blade Dance","Cloak And Dagger","Escape Plan","Envenom+1","Prepared+1","Burst+1","Panacea+1","Blade Dance","Blur+1","Blur","Escape Plan+1","Infinite Blades","Terror"],"special_seed":0,"relics":["Ring of the Snake","Old Coin","Eternal Feather","StrikeDummy","Busted Crown","Nunchaku","Boot","Juzu Bracelet","Regal Pillow","Bronze Scales","Centennial Puzzle","Cursed Key","Dream Catcher","Mummified Hand","Gambling Chip"],"acts_visited":["Exordium","TheCity","TheBeyond"],"potions_floor_usage":[50],"damage_taken":[{"damage":0.0,"enemies":"Cultist","floor":1.0,"turns":5.0},{"damage":10.0,"enemies":"2 Louse","floor":3.0,"turns":3.0},{"damage":0.0,"enemies":"Jaw Worm","floor":4.0,"turns":3.0},{"damage":6.0,"enemies":"3 Sentries","floor":6.0,"turns":4.0},{"damage":9.0,"enemies":"Exordium Thugs","floor":10.0,"turns":4.0},{"damage":11.0,"enemies":"Lagavulin","floor":13.0,"turns":6.0},{"damage":4.0,"enemies":"Large Slime","floor":14.0,"turns":5.0},{"damage":3.0,"enemies":"The Guardian","floor":16.0,"turns":9.0},{"damage":12.0,"enemies":"Chosen","floor":18.0,"turns":4.0},{"damage":28.0,"enemies":"Book of Stabbing","floor":24.0,"turns":5.0},{"damage":0.0,"enemies":"2 Thieves","floor":29.0,"turns":1.0},{"damage":8.0,"enemies":"Gremlin Leader","floor":31.0,"turns":5.0},{"damage":22.0,"enemies":"Automaton","floor":33.0,"turns":11.0},{"damage":1.0,"enemies":"3 Darklings","floor":35.0,"turns":2.0},{"damage":16.0,"enemies":"Orb Walker","floor":38.0,"turns":2.0},{"damage":17.0,"enemies":"Maw","floor":39.0,"turns":6.0},{"damage":15.0,"enemies":"Nemesis","floor":40.0,"turns":3.0},{"damage":16.0,"enemies":"Reptomancer","floor":42.0,"turns":3.0},{"damage":1.0,"enemies":"Sphere and 2 Shapes","floor":45.0,"turns":3.0},{"damage":0.0,"enemies":"Mind Bloom Boss Battle","floor":46.0,"turns":1.0},{"damage":15.0,"enemies":"3 Darklings","floor":47.0,"turns":3.0},{"damage":65,"enemies":"Awakened One","floor":50,"turns":7}],"seed_played":"-3508015949414275550","potions_obtained":[{"floor":1.0,"key":"EssenceOfSteel"},{"floor":3.0,"key":"GhostInAJar"},{"floor":13.0,"key":"ColorlessPotion"},{"floor":14.0,"key":"FairyPotion"},{"floor":39.0,"key":"Regen Potion"},{"floor":46.0,"key":"Swift Potion"}],"is_trial":false,"path_per_floor":["M","$","M","M","$","E","R","?","T","M","?","R","E","M","R","B",null,"M","?","$","$","?","R","E","?","T","?","$","M","R","E","R","B",null,"M","?","?","M","M","E","R","E","T","R","M","?","M","?","R","B"],"character_chosen":"THE_SILENT","items_purchased":["Panache","Well Laid Plans","Escape Plan","Panacea","Blade Dance","Finisher","Blur","Nunchaku","Blur"],"campfire_rested":2,"item_purchase_floors":[2,2,5,20,20,20,20,20,28],"current_hp_per_floor":[59,59,49,49,49,43,43,43,43,34,23,50,39,35,44,41,55,43,43,43,43,43,55,27,27,27,27,27,27,39,31,43,21,50,49,49,49,33,16,6,51,35,35,47,46,46,31,31,43,0,0],"gold":191,"neow_bonus":"TWO_FIFTY_GOLD","is_daily":false,"chose_seed":false,"campfire_upgraded":7,"win_rate":0,"timestamp":1607681971,"path_taken":["M","$","?","M","?","E","R","?","T","M","?","R","E","M","R","BOSS","M","?","?","$","?","R","E","?","T","?","$","M","R","E","R","BOSS","M","?","?","M","M","E","R","E","T","R","M","?","M","?","R","BOSS"],"build_version":"2020-11-30","purchased_purges":4,"victory":false,"max_hp_per_floor":[60,60,60,60,60,60,60,60,60,60,60,60,60,60,60,60,60,60,60,60,60,60,60,60,60,60,60,60,60,60,60,60,60,60,60,60,60,60,60,60,60,60,60,60,60,60,60,60,60,60,60],"relic_stats":{"Regal Pillow":15,"counters":[22,95],"Eternal Feather":90,"Juzu Bracelet":3,"Boot":[201],"Cursed Key":0,"Nunchaku":[25],"Centennial Puzzle":[27],"Dream Catcher":1,"Busted Crown":28,"Mummified Hand":[13],"Bronze Scales":[104],"Gambling Chip":[6],"obtain_stats":[{"Regal Pillow":25,"Eternal Feather":9,"Juzu Bracelet":24,"Boot":22,"Cursed Key":34,"Old Coin":6,"Nunchaku":20,"Centennial Puzzle":31,"Dream Catcher":40,"Busted Crown":17,"Mummified Hand":42,"Bronze Scales":26,"Gambling Chip":46,"StrikeDummy":13,"Ring of the Snake":0},{"Regal Pillow":10,"Eternal Feather":4,"Juzu Bracelet":10,"Boot":9,"Cursed Key":13,"Old Coin":4,"Nunchaku":9,"Centennial Puzzle":12,"Dream Catcher":17,"Busted Crown":8,"Mummified Hand":18,"Bronze Scales":10,"Gambling Chip":20,"StrikeDummy":6,"Ring of the Snake":0},{"Regal Pillow":48,"Eternal Feather":15,"Juzu Bracelet":48,"Boot":43,"Cursed Key":65,"Old Coin":15,"Nunchaku":43,"Centennial Puzzle":54,"Dream Catcher":78,"Busted Crown":39,"Mummified Hand":81,"Bronze Scales":48,"Gambling Chip":85,"StrikeDummy":25,"Ring of the Snake":0}],"Ring of the Snake":[44]},"card_choices":[{"not_picked":["Sucker Punch","Dagger Throw"],"picked":"Blade Dance","floor":1.0},{"not_picked":["Expertise","Sucker Punch"],"picked":"Blade Dance","floor":3.0},{"not_picked":["Dagger Spray","Eviscerate"],"picked":"Cloak And Dagger","floor":4.0},{"not_picked":["Predator","Prepared"],"picked":"Envenom","floor":6.0},{"not_picked":["PiercingWail","Poisoned Stab","Expertise"],"picked":"SKIP","floor":10.0},{"not_picked":["Finisher","Crippling Poison"],"picked":"Prepared","floor":13.0},{"not_picked":["Dagger Throw","Underhanded Strike","Slice"],"picked":"SKIP","floor":14.0},{"not_picked":["Envenom","Malaise"],"picked":"Burst","floor":16.0},{"not_picked":["Bane"],"picked":"SKIP","floor":18.0},{"not_picked":["Underhanded Strike+1"],"picked":"SKIP","floor":24.0},{"not_picked":["Dodge and Roll"],"picked":"SKIP","floor":29.0},{"not_picked":["Eviscerate"],"picked":"SKIP","floor":31.0},{"not_picked":["Endless Agony+1"],"picked":"SKIP","floor":35.0},{"not_picked":["Heel Hook"],"picked":"SKIP","floor":38.0},{"not_picked":[],"picked":"Escape Plan+1","floor":39.0},{"not_picked":["Finisher"],"picked":"SKIP","floor":40.0},{"not_picked":["Sucker Punch"],"picked":"SKIP","floor":42.0},{"not_picked":[],"picked":"Infinite Blades","floor":45.0},{"not_picked":[],"picked":"Terror","floor":46.0},{"not_picked":["Flying Knee+1"],"picked":"SKIP","floor":47.0}],"player_experience":670582,"relics_obtained":[{"floor":6.0,"key":"Old Coin"},{"floor":9.0,"key":"Eternal Feather"},{"floor":13.0,"key":"StrikeDummy"},{"floor":24.0,"key":"Juzu Bracelet"},{"floor":26.0,"key":"Bronze Scales"},{"floor":31.0,"key":"Centennial Puzzle"},{"floor":40.0,"key":"Dream Catcher"},{"floor":42.0,"key":"Mummified Hand"},{"floor":46.0,"key":"Gambling Chip"}],"event_choices":[{"cards_removed":["Strike_G"],"damage_healed":0.0,"max_hp_gain":0.0,"max_hp_loss":0.0,"gold_gain":0.0,"event_name":"The Cleric","player_choice":"Card Removal","floor":8.0,"gold_loss":75.0,"damage_taken":0.0},{"damage_healed":0.0,"max_hp_gain":0.0,"max_hp_loss":0.0,"gold_gain":75.0,"event_name":"World of Goop","player_choice":"Gather Gold","floor":11.0,"gold_loss":0.0,"damage_taken":11.0},{"damage_healed":0.0,"max_hp_gain":0.0,"max_hp_loss":0.0,"gold_gain":275.0,"event_name":"Golden Shrine","player_choice":"Desecrate","floor":19.0,"gold_loss":0.0,"damage_taken":0.0,"cards_obtained":["Regret"]},{"damage_healed":0.0,"max_hp_gain":0.0,"max_hp_loss":0.0,"gold_gain":0.0,"event_name":"Addict","player_choice":"Stole Relic","floor":22.0,"gold_loss":0.0,"damage_taken":0.0,"relics_obtained":["Boot"],"cards_obtained":["Shame"]},{"cards_removed":["Blade Dance"],"damage_healed":0.0,"max_hp_gain":0.0,"max_hp_loss":0.0,"gold_gain":0.0,"event_name":"WeMeetAgain","player_choice":"Gave Card","floor":25.0,"gold_loss":0.0,"damage_taken":0.0,"relics_obtained":["Regal Pillow"]},{"damage_healed":0.0,"max_hp_gain":0.0,"max_hp_loss":0.0,"gold_gain":50.0,"event_name":"Nest","player_choice":"Stole From Cult","floor":27.0,"gold_loss":0.0,"damage_taken":0.0},{"cards_removed":["Strike_G"],"damage_healed":0.0,"max_hp_gain":0.0,"max_hp_loss":0.0,"gold_gain":0.0,"event_name":"Designer","player_choice":"Upgrade and Remove","floor":36.0,"gold_loss":110.0,"damage_taken":0.0,"cards_upgraded":["Strike_G"]},{"cards_removed":["Defend_G"],"damage_healed":0.0,"max_hp_gain":0.0,"max_hp_loss":0.0,"gold_gain":0.0,"event_name":"Bonfire Elementals","player_choice":"Offered Basic","floor":37.0,"gold_loss":0.0,"damage_taken":0.0},{"damage_healed":0.0,"max_hp_gain":0.0,"max_hp_loss":0.0,"gold_gain":0.0,"event_name":"MindBloom","player_choice":"Fight","floor":46.0,"gold_loss":0.0,"damage_taken":0.0},{"cards_removed":["Finisher"],"damage_healed":0.0,"max_hp_gain":0.0,"max_hp_loss":0.0,"gold_gain":0.0,"event_name":"Falling","player_choice":"Removed Attack","floor":48.0,"gold_loss":0.0,"damage_taken":0.0}],"is_beta":false,"boss_relics":[{"not_picked":["Runic Dome","Tiny House"],"picked":"Busted Crown"},{"not_picked":["Empty Cage","Snecko Eye"],"picked":"Cursed Key"}],"items_purged_floors":[2,20,21,28],"is_endless":false,"potions_floor_spawned":[1,3,13,14,16,39,46,47],"killed_by":"Awakened One","ascension_level":15}}