{"host":"BK","time":1607650811,"event":{"mods":["BaseMod","Highlight Path","Minty Spire (QoL Compilation)","StSLib"],"gold_per_floor":[12,12,33,33,52,52,83,83,83,83,83,118,141,161,161,254,254,269,292,312,74,74,74],"floor_reached":22,"playtime":728,"items_purged":["Strike_G"],"score":392,"play_id":"feec12cc-9d5c-4794-8929-d4ce0803f583","local_time":"20201210184011","is_ascension_mode":true,"campfire_choices":[{"data":"Poisoned Stab","floor":6,"key":"SMITH"},{"floor":8,"key":"REST"},{"data":"Noxious Fumes","floor":10,"key":"SMITH"},{"floor":15,"key":"REST"}],"circlet_count":0,"master_deck":["AscendersBane","Strike_G","Strike_G","Strike_G","Strike_G","Defend_G","Defend_G","Defend_G","Defend_G","Defend_G","Survivor","Neutralize","Glass Knife+1","Flying Knee","Poisoned Stab+1","Noxious Fumes+1","Malaise","Bouncing Flask","Envenom+1","PiercingWail+1","Backflip","Bullet Time"],"relics":["Ring of the Snake","Golden Idol","Frozen Egg 2","Eternal Feather","Oddly Smooth Stone","Philosopher\u0027s Stone"],"acts_visited":["Exordium","TheCity"],"potions_floor_usage":[7,16,20,20,22],"damage_taken":[{"damage":4,"enemies":"Jaw Worm","floor":1,"turns":4},{"damage":6,"enemies":"Small Slimes","floor":3,"turns":2},{"damage":2,"enemies":"2 Louse","floor":5,"turns":2},{"damage":32,"enemies":"Gremlin Nob","floor":7,"turns":4},{"damage":14,"enemies":"3 Sentries","floor":12,"turns":7},{"damage":0,"enemies":"2 Fungi Beasts","floor":13,"turns":2},{"damage":6,"enemies":"Blue Slaver","floor":14,"turns":3},{"damage":5,"enemies":"The Guardian","floor":16,"turns":8},{"damage":20,"enemies":"Spheric Guardian","floor":18,"turns":4},{"damage":0,"enemies":"Chosen","floor":19,"turns":3},{"damage":29,"enemies":"Centurion and Healer","floor":20,"turns":7},{"damage":21,"enemies":"3 Cultists","floor":22,"turns":4}],"seed_played":"1411019318400239288","potions_obtained":[{"floor":5,"key":"DistilledChaos"},{"floor":13,"key":"SkillPotion"},{"floor":14,"key":"BlessingOfTheForge"},{"floor":16,"key":"DistilledChaos"},{"floor":20,"key":"Dexterity Potion"}],"is_trial":false,"path_per_floor":["M","?","M","?","M","R","E","R","T","R","?","E","M","M","R","B",null,"M","M","M","$","M"],"character_chosen":"THE_SILENT","items_purchased":["Bullet Time"],"campfire_rested":2,"item_purchase_floors":[21],"current_hp_per_floor":[55,55,49,49,47,47,15,33,33,42,47,33,33,27,55,50,61,41,41,12,12,0,0],"gold":74,"neow_bonus":"THREE_RARE_CARDS","is_daily":false,"chose_seed":false,"campfire_upgraded":2,"win_rate":0.0,"timestamp":1607650811,"path_taken":["M","?","M","?","M","R","E","R","T","R","?","E","M","M","R","BOSS","M","M","M","$","M"],"items_purchased_type":["Card"],"build_version":"2020-12-07","purchased_purges":1,"victory":false,"max_hp_per_floor":[66,60,60,60,60,60,60,60,60,60,65,65,65,65,65,65,65,65,65,65,65,65,65],"card_choices":[{"not_picked":["Burst","Malaise"],"picked":"Glass Knife","floor":0},{"not_picked":["Prepared","Acrobatics"],"picked":"Flying Knee","floor":1},{"not_picked":["Sucker Punch","Deflect"],"picked":"Poisoned Stab","floor":3},{"not_picked":["Masterful Stab","Concentrate"],"picked":"Noxious Fumes","floor":5},{"not_picked":["Dagger Throw","Distraction"],"picked":"Malaise","floor":7},{"not_picked":["Masterful Stab","Slice","Skewer"],"picked":"SKIP","floor":12},{"not_picked":["Dodge and Roll","Acrobatics"],"picked":"Bouncing Flask","floor":13},{"not_picked":["Quick Slash","Poisoned Stab","Flying Knee"],"picked":"SKIP","floor":14},{"not_picked":["Unload","A Thousand Cuts+1"],"picked":"Envenom+1","floor":16},{"not_picked":["Outmaneuver+1","Prepared"],"picked":"PiercingWail+1","floor":18},{"not_picked":["Poisoned Stab","Dagger Throw","PiercingWail"],"picked":"SKIP","floor":19},{"not_picked":["Blur","Masterful Stab"],"picked":"Backflip","floor":20}],"player_experience":2344094,"relics_obtained":[{"floor":7,"key":"Frozen Egg 2"},{"floor":9,"key":"Eternal Feather"},{"floor":12,"key":"Oddly Smooth Stone"}],"event_choices":[{"damage_healed":0,"gold_gain":0,"player_choice":"Lose Max HP","damage_taken":0,"relics_obtained":["Golden Idol"],"max_hp_gain":0,"max_hp_loss":6,"event_name":"Golden Idol","floor":2,"gold_loss":0},{"damage_healed":0,"gold_gain":0,"player_choice":"Grow","damage_taken":0,"max_hp_gain":0,"max_hp_loss":0,"event_name":"Living Wall","floor":4,"gold_loss":0,"cards_upgraded":["Glass Knife"]},{"damage_healed":0,"gold_gain":0,"player_choice":"Donut","damage_taken":0,"max_hp_gain":5,"max_hp_loss":0,"event_name":"Big Fish","floor":11,"gold_loss":0}],"is_beta":true,"boss_relics":[{"not_picked":["Black Star","Calling Bell"],"picked":"Philosopher\u0027s Stone"}],"items_purged_floors":[21],"is_endless":false,"potions_floor_spawned":[5,13,14,16,18,20],"killed_by":"3 Cultists","ascension_level":20}}