{"host":"t0dvmwh9w61bq0j7","time":1607709347,"event":{"mods":["2.2 Compatiblity","AchievementEnabler","BaseMod","Better Note","Block Reminder","Colored Map","DeckTracker","Highlight Path","Jorbs\u0027s Wanderer Trilogy","Minty Spire (QoL Compilation)","Random Character Button","Rare Cards Sparkle","Relic Stats","StSLib","The Cursed","The Judge","TheVacant","Transform Curses"],"gold_per_floor":[119,119,133,144,144,144,207,219,274,294,304,335,348,360,360,462,462,473,492,492,504,504,24,123,150,173,173,189,189,201,219,219,219,219],"floor_reached":33,"playtime":2133,"items_purged":["Shame"],"score":298,"play_id":"1bbd6ff9-91ad-46b0-9227-347ef7a15c4e","local_time":"20201211185547","is_ascension_mode":false,"campfire_choices":[{"data":"TheCursedMod:CircleOfFlame","floor":6.0,"key":"SMITH"},{"floor":15.0,"key":"REST"},{"floor":27.0,"key":"REST"},{"floor":29.0,"key":"REST"},{"floor":32.0,"key":"REST"}],"circlet_count":0,"master_deck":["TheCursedMod:Strike_TheCursed","TheCursedMod:Strike_TheCursed","TheCursedMod:Strike_TheCursed","TheCursedMod:Strike_TheCursed","TheCursedMod:Defend_TheCursed","TheCursedMod:Defend_TheCursed","TheCursedMod:Defend_TheCursed","TheCursedMod:Defend_TheCursed","TheCursedMod:CursedWand","TheCursedMod:CleanUpWorkshop+1","TheCursedMod:Dregs","TheCursedMod:CircleOfAmplification","TheCursedMod:CircleOfFlame+1","TheCursedMod:Stigma","TheCursedMod:BlessingInDisguise","TheCursedMod:CircleOfCorruption","TheCursedMod:TroublousMinions","TheCursedMod:AntiAging","TheCursedMod:CursedBlade","TheCursedMod:CursedRelics","TheCursedMod:SpitefulStrike","TheCursedMod:TacticalStrike+1","TheCursedMod:HellfireBreathing","TheCursedMod:SpitefulPray","TheCursedMod:HellsGateOpen","TheCursedMod:SpitefulPray+1","TheCursedMod:SpitefulPlan"],"relics":["TheCursedMod:BlackMagicAdvanced","Strawberry","Bag of Marbles","Oddly Smooth Stone","Mercury Hourglass","Question Card","Orichalcum"],"acts_visited":["Exordium","TheCity"],"potions_floor_usage":[33,33],"damage_taken":[{"damage":7.0,"enemies":"Small Slimes","floor":1.0,"turns":4.0},{"damage":0.0,"enemies":"Cultist","floor":3.0,"turns":3.0},{"damage":0.0,"enemies":"2 Louse","floor":4.0,"turns":3.0},{"damage":17.0,"enemies":"3 Sentries","floor":7.0,"turns":7.0},{"damage":2.0,"enemies":"2 Fungi Beasts","floor":8.0,"turns":4.0},{"damage":0.0,"enemies":"Blue Slaver","floor":10.0,"turns":3.0},{"damage":6.0,"enemies":"Large Slime","floor":11.0,"turns":5.0},{"damage":7.0,"enemies":"Lagavulin","floor":12.0,"turns":6.0},{"damage":0.0,"enemies":"3 Louse","floor":13.0,"turns":7.0},{"damage":0.0,"enemies":"Looter","floor":14.0,"turns":4.0},{"damage":66.0,"enemies":"The Guardian","floor":16.0,"turns":15.0},{"damage":13.0,"enemies":"Shell Parasite","floor":18.0,"turns":7.0},{"damage":34.0,"enemies":"Spheric Guardian","floor":19.0,"turns":6.0},{"damage":17.0,"enemies":"Centurion and Healer","floor":21.0,"turns":12.0},{"damage":19.0,"enemies":"Book of Stabbing","floor":25.0,"turns":6.0},{"damage":24.0,"enemies":"Snake Plant","floor":28.0,"turns":4.0},{"damage":10.0,"enemies":"Cultist and Chosen","floor":30.0,"turns":5.0},{"damage":22.0,"enemies":"3 Cultists","floor":31.0,"turns":4.0},{"damage":39,"enemies":"Automaton","floor":33,"turns":8}],"seed_played":"3667339396005652139","potions_obtained":[{"floor":3.0,"key":"Block Potion"},{"floor":4.0,"key":"Dexterity Potion"},{"floor":7.0,"key":"EssenceOfSteel"},{"floor":13.0,"key":"Explosive Potion"},{"floor":18.0,"key":"PowerPotion"},{"floor":21.0,"key":"SkillPotion"},{"floor":30.0,"key":"LiquidBronze"}],"is_trial":false,"path_per_floor":["M","?","M","M","$","R","?","M","T","M","M","E","M","M","R","B",null,"M","M","?","M","?","$","?","E","T","R","M","R","M","M","R","B"],"character_chosen":"THE_CURSED","items_purchased":["TheCursedMod:HellfireBreathing","Mercury Hourglass","TheCursedMod:SpitefulPray"],"campfire_rested":4,"item_purchase_floors":[23,23,23],"current_hp_per_floor":[68,68,68,68,68,68,58,56,56,56,50,43,43,43,67,3,84,73,41,41,26,26,26,26,9,9,36,12,39,31,9,37,0,0],"gold":219,"neow_bonus":"UPGRADE_CARD","is_daily":false,"chose_seed":false,"campfire_upgraded":1,"win_rate":0.0,"timestamp":1607709347,"path_taken":["M","?","?","M","$","R","?","M","T","M","M","E","M","M","R","BOSS","M","M","?","M","?","$","?","E","T","R","M","R","M","M","R","BOSS"],"items_purchased_type":["Card","Relic","Card"],"build_version":"2020-11-30","purchased_purges":1,"victory":false,"max_hp_per_floor":[75,75,75,75,75,75,82,82,82,82,82,82,82,82,82,84,84,86,88,88,90,90,90,90,92,92,92,92,92,94,94,94,96,96],"relic_stats":{"counters":[19,112],"Orichalcum":[18],"Question Card":3,"obtain_stats":[{"TheCursedMod:BlackMagic101":0,"TheCursedMod:BlackMagicAdvanced":17,"Strawberry":7,"Oddly Smooth Stone":22,"Bag of Marbles":12,"Orichalcum":26,"Question Card":25,"Mercury Hourglass":23},{"TheCursedMod:BlackMagic101":0,"TheCursedMod:BlackMagicAdvanced":11,"Strawberry":4,"Oddly Smooth Stone":14,"Bag of Marbles":8,"Orichalcum":15,"Question Card":15,"Mercury Hourglass":14},{"TheCursedMod:BlackMagic101":0,"TheCursedMod:BlackMagicAdvanced":61,"Strawberry":17,"Oddly Smooth Stone":86,"Bag of Marbles":35,"Orichalcum":92,"Question Card":92,"Mercury Hourglass":86}],"Mercury Hourglass":[122]},"card_choices":[{"not_picked":["TheCursedMod:Obscuration","TheCursedMod:CursedBlade"],"picked":"TheCursedMod:CircleOfAmplification","floor":1.0},{"not_picked":["TheCursedMod:Stigma","TheCursedMod:CursedAmulet"],"picked":"TheCursedMod:CircleOfFlame","floor":3.0},{"not_picked":["TheCursedMod:Obscuration","TheCursedMod:Stretching"],"picked":"TheCursedMod:Stigma","floor":4.0},{"not_picked":["TheCursedMod:CircleOfAmplification","TheCursedMod:CursedSpellbook"],"picked":"TheCursedMod:BlessingInDisguise","floor":7.0},{"not_picked":["TheCursedMod:Stigma","TheCursedMod:FleshFromBone"],"picked":"TheCursedMod:CircleOfCorruption","floor":8.0},{"not_picked":["TheCursedMod:Stretching","TheCursedMod:FleshFromBone"],"picked":"TheCursedMod:TroublousMinions","floor":10.0},{"not_picked":["TheCursedMod:CircleOfFlame","TheCursedMod:SpitefulStrike","TheCursedMod:FleshFromBone"],"picked":"SKIP","floor":11.0},{"not_picked":["TheCursedMod:FleshFromBone","TheCursedMod:WearCloak"],"picked":"TheCursedMod:AntiAging","floor":12.0},{"not_picked":["TheCursedMod:CircleOfWindfury","TheCursedMod:CursedAmulet","TheCursedMod:SoulCrush"],"picked":"SKIP","floor":13.0},{"not_picked":["TheCursedMod:CursedAmulet","TheCursedMod:CircleOfCorruption"],"picked":"TheCursedMod:CursedBlade","floor":14.0},{"not_picked":["TheCursedMod:ManaCirculation","TheCursedMod:ShockAndAwe"],"picked":"TheCursedMod:CursedRelics","floor":16.0},{"not_picked":["TheCursedMod:CursedMace","TheCursedMod:SoulCrush"],"picked":"TheCursedMod:SpitefulStrike","floor":18.0},{"not_picked":["TheCursedMod:SurpriseAttack","TheCursedMod:Wield"],"picked":"TheCursedMod:TacticalStrike+1","floor":19.0},{"not_picked":["TheCursedMod:SaltUponWound+1","TheCursedMod:CircleOfCorruption","TheCursedMod:VitalStrike+1"],"picked":"SKIP","floor":21.0},{"not_picked":["TheCursedMod:SurpriseAttack","TheCursedMod:CursedSpellbook+1"],"picked":"TheCursedMod:HellsGateOpen","floor":25.0},{"not_picked":["TheCursedMod:CursedMace","TheCursedMod:TacticalStrike","TheCursedMod:FleshFromBone"],"picked":"TheCursedMod:SpitefulPray+1","floor":28.0},{"not_picked":["TheCursedMod:VitalStrike","TheCursedMod:CursedMace","TheCursedMod:CursedArmor"],"picked":"TheCursedMod:SpitefulPlan","floor":30.0},{"not_picked":["TheCursedMod:SoulReap","TheCursedMod:Mangle","TheCursedMod:SpitefulStrike","TheCursedMod:CursedMace"],"picked":"SKIP","floor":31.0}],"player_experience":287455,"relics_obtained":[{"floor":7.0,"key":"Strawberry"},{"floor":12.0,"key":"Bag of Marbles"},{"floor":25.0,"key":"Question Card"},{"floor":26.0,"key":"Orichalcum"}],"event_choices":[{"cards_removed":["TheCursedMod:CursedWand"],"damage_healed":0.0,"max_hp_gain":0.0,"max_hp_loss":0.0,"gold_gain":0.0,"event_name":"betterNote:BetterNote","player_choice":"Give","floor":2.0,"gold_loss":0.0,"damage_taken":0.0,"cards_obtained":["None"]},{"damage_healed":0.0,"max_hp_gain":0.0,"max_hp_loss":0.0,"gold_gain":30.0,"event_name":"Dead Adventurer","player_choice":"Searched \u00273\u0027 times","floor":7.0,"gold_loss":0.0,"damage_taken":0.0},{"damage_healed":0.0,"max_hp_gain":0.0,"max_hp_loss":0.0,"gold_gain":0.0,"event_name":"Ghosts","player_choice":"Ignored","floor":20.0,"gold_loss":0.0,"damage_taken":0.0},{"damage_healed":0.0,"max_hp_gain":0.0,"max_hp_loss":0.0,"gold_gain":0.0,"event_name":"Addict","player_choice":"Stole Relic","floor":22.0,"gold_loss":0.0,"damage_taken":0.0,"relics_obtained":["Oddly Smooth Stone"],"cards_obtained":["Shame"]},{"damage_healed":0.0,"max_hp_gain":0.0,"max_hp_loss":0.0,"gold_gain":99.0,"event_name":"Nest","player_choice":"Stole From Cult","floor":24.0,"gold_loss":0.0,"damage_taken":0.0}],"is_beta":false,"boss_relics":[{"not_picked":["Velvet Choker","Sozu"],"picked":"TheCursedMod:BlackMagicAdvanced"}],"items_purged_floors":[23],"is_endless":false,"potions_floor_spawned":[3,4,7,8,13,18,21,30],"killed_by":"Automaton","ascension_level":0}}