{"host":"ktoxvvst1mwxww91","time":1607690880,"event":{"mods":["BaseMod","Downfall","Hermit","Minty Spire (QoL Compilation)","StSLib","The Blackbeard","The Hierophant","The Mystic","The Necromancer"],"gold_per_floor":[118,43,43,58,72,72,100,100,177,199,76,76,76,29,29,111,111,111,116,142,142,17,17,17,17,17,17,36,36,45,8,8,102,102,107,107,149,149,149,160,160,160,229,92,92,84,84],"floor_reached":46,"playtime":950,"items_purged":["hierophant:Strike_Hierophant","hierophant:Strike_Hierophant","hierophant:DisplayOfPower"],"score":700,"play_id":"aa99b166-4886-4305-a5a6-da4782fd5eb8","local_time":"20201211134800","is_ascension_mode":true,"campfire_choices":[{"data":"hierophant:Smite","floor":6,"key":"SMITH"},{"floor":13,"key":"REST"},{"floor":15,"key":"REST"},{"data":"hierophant:Smite","floor":23,"key":"SMITH"},{"data":"hierophant:Determination","floor":27,"key":"SMITH"},{"data":"hierophant:Punish","floor":29,"key":"SMITH"},{"data":"hierophant:OrnateBuckler","floor":32,"key":"SMITH"},{"data":"hierophant:Defend_Hierophant","floor":41,"key":"PURGE"},{"data":"hierophant:Defend_Hierophant","floor":45,"key":"PURGE"}],"circlet_count":0,"master_deck":["AscendersBane","hierophant:Punish+1","hierophant:Defend_Hierophant","hierophant:Defend_Hierophant","hierophant:ChurchCoffers","hierophant:Determination+1","hierophant:Smite+1","hierophant:MorningPrayer","hierophant:Smite+1","hierophant:Zeal+1","hierophant:OrnateBuckler+1","hierophant:Smite+1","hierophant:MorningPrayer","hierophant:LocustPlague+1","hierophant:Doubloon","hierophant:Doubloon","hierophant:Remorse+1","hierophant:Charity","hierophant:Smite+1","hierophant:Charity","hierophant:Doubloon","hierophant:Anathema+1"],"relics":["hierophant:PropheticMaskRelic","NeowsBlessing","Omamori","Molten Egg 2","Blue Candle","Runic Pyramid","sneckomod:BabySnecko","Darkstone Periapt","Busted Crown","Peace Pipe","Centennial Puzzle","Frozen Egg 2","Anchor"],"acts_visited":["Exordium","TheCity","TheBeyond"],"potions_floor_usage":[16,18,28,33,37,38],"damage_taken":[{"damage":0,"enemies":"Cultist","floor":1,"turns":1},{"damage":0,"enemies":"2 Louse","floor":4,"turns":1},{"damage":0,"enemies":"Small Slimes","floor":5,"turns":2},{"damage":56,"enemies":"Gremlin Nob","floor":7,"turns":5},{"damage":5,"enemies":"3 Sentries","floor":10,"turns":7},{"damage":18,"enemies":"Slime Boss","floor":16,"turns":7},{"damage":0,"enemies":"2 Thieves","floor":18,"turns":1},{"damage":4,"enemies":"Chosen","floor":19,"turns":5},{"damage":6,"enemies":"Shelled Parasite and Fungi","floor":20,"turns":2},{"damage":1,"enemies":"Snecko","floor":28,"turns":4},{"damage":2,"enemies":"Cultist and Chosen","floor":30,"turns":3},{"damage":40,"enemies":"Collector","floor":33,"turns":9},{"damage":6,"enemies":"Orb Walker","floor":35,"turns":3},{"damage":0,"enemies":"Mind Bloom Boss Battle","floor":37,"turns":4},{"damage":0,"enemies":"3 Darklings","floor":38,"turns":1},{"damage":32,"enemies":"Reptomancer","floor":40,"turns":4},{"damage":69,"enemies":"Spire Growth","floor":46,"turns":4}],"seed_played":"2468602884267735060","potions_obtained":[{"floor":10,"key":"SkillPotion"},{"floor":16,"key":"SmokeBomb"},{"floor":20,"key":"EssenceOfSteel"},{"floor":28,"key":"Dexterity Potion"},{"floor":33,"key":"Regen Potion"},{"floor":37,"key":"SmokeBomb"}],"is_trial":false,"path_per_floor":["M","$","?","M","M","R","E","?","T","E","$","?","R","$","R","B",null,"M","M","M","?","$","R","?","?","T","R","M","R","M","$","R","B",null,"M","$","?","M","$","E","R","?","T","?","R","M"],"character_chosen":"HIEROPHANT","items_purchased":["hierophant:OrnateBuckler","hierophant:Smite+1","hierophant:Charity"],"campfire_rested":2,"item_purchase_floors":[11,14,31],"current_hp_per_floor":[68,68,68,68,68,68,16,9,9,7,7,7,29,29,51,54,70,70,70,64,50,50,50,50,50,50,50,49,49,47,47,47,55,74,68,68,80,80,80,56,56,56,56,56,56,0,0],"gold":84,"neow_bonus":"THREE_ENEMY_KILL","is_daily":false,"chose_seed":false,"campfire_upgraded":5,"win_rate":0.0,"timestamp":1607690880,"path_taken":["M","$","?","M","M","R","E","?","T","E","$","?","R","?","R","BOSS","M","M","?","?","$","R","?","?","T","R","?","R","M","$","R","BOSS","M","$","?","M","$","E","R","?","T","?","R","M"],"items_purchased_type":["Card","Undefined","Card"],"build_version":"2020-11-30","purchased_purges":3,"victory":false,"max_hp_per_floor":[75,75,75,75,75,75,75,75,75,75,75,75,75,75,75,75,75,75,75,75,80,80,80,80,80,80,80,80,80,80,80,80,80,80,80,80,80,80,80,80,80,80,80,80,80,80,80],"card_choices":[{"not_picked":["hierophant:Encroach","hierophant:RecallFunds"],"picked":"hierophant:DisplayOfPower","floor":1},{"not_picked":["hierophant:DisplayOfPower","hierophant:Zeal"],"picked":"hierophant:Smite","floor":4},{"not_picked":["hierophant:Refuge","hierophant:MirrorShield"],"picked":"hierophant:MorningPrayer","floor":5},{"not_picked":["hierophant:ArchangelShield","hierophant:FaithHealing"],"picked":"hierophant:Smite","floor":7},{"not_picked":["hierophant:Rebuild","hierophant:FlamingChariot+1"],"picked":"hierophant:Zeal+1","floor":10},{"not_picked":["hierophant:DeathKnell","hierophant:MintersHammer+1"],"picked":"hierophant:Generosity","floor":16},{"not_picked":["hierophant:Glossolalia+1","hierophant:SealAway+1"],"picked":"hierophant:MorningPrayer","floor":19},{"not_picked":["hierophant:FieryStrike+1","hierophant:RecallFunds+1"],"picked":"hierophant:LocustPlague+1","floor":20},{"not_picked":["hierophant:AuricBeam+1","hierophant:Remorse+1"],"picked":"hierophant:Smite+1","floor":28},{"not_picked":["hierophant:Martyrdom","hierophant:ArchangelShield","hierophant:Remorse+1"],"picked":"SKIP","floor":30},{"not_picked":["hierophant:WrathOfGod+1","hierophant:Kindle"],"picked":"hierophant:Anathema+1","floor":33},{"not_picked":["hierophant:HammerAndAnvil+1"],"picked":"SKIP","floor":35},{"not_picked":["hierophant:Purify+1"],"picked":"SKIP","floor":40}],"player_experience":1011010,"relics_obtained":[{"floor":7,"key":"Omamori"},{"floor":9,"key":"Molten Egg 2"},{"floor":10,"key":"Blue Candle"},{"floor":26,"key":"Darkstone Periapt"},{"floor":37,"key":"Peace Pipe"},{"floor":40,"key":"Centennial Puzzle"},{"floor":43,"key":"Frozen Egg 2"}],"event_choices":[{"damage_healed":0,"gold_gain":0,"cards_transformed":["hierophant:Strike_Hierophant"],"player_choice":"Change","damage_taken":0,"max_hp_gain":0,"max_hp_loss":0,"event_name":"Living Wall","floor":3,"gold_loss":0,"cards_obtained":["hierophant:Determination"]},{"cards_removed":["hierophant:Strike_Hierophant"],"damage_healed":0,"gold_gain":0,"player_choice":"Card Removal","damage_taken":7,"max_hp_gain":0,"max_hp_loss":0,"event_name":"Golden Wing","floor":8,"gold_loss":0},{"damage_healed":0,"gold_gain":0,"player_choice":"Searched \u00270\u0027 times","damage_taken":0,"max_hp_gain":0,"max_hp_loss":0,"event_name":"Dead Adventurer","floor":12,"gold_loss":0},{"damage_healed":0,"gold_gain":0,"player_choice":"Shed Blood","damage_taken":19,"max_hp_gain":5,"max_hp_loss":0,"event_name":"Forgotten Altar","floor":21,"gold_loss":0},{"damage_healed":0,"gold_gain":0,"cards_transformed":["hierophant:Generosity","hierophant:Doubloon"],"player_choice":"Became Test Subject","damage_taken":0,"max_hp_gain":0,"max_hp_loss":0,"event_name":"Drug Dealer","floor":25,"gold_loss":0,"cards_obtained":["hierophant:Remorse","hierophant:Charity"]},{"damage_healed":0,"gold_gain":0,"player_choice":"Fight","damage_taken":0,"max_hp_gain":0,"max_hp_loss":0,"event_name":"MindBloom","floor":37,"gold_loss":0},{"damage_healed":0,"gold_gain":0,"player_choice":"Memory 1","damage_taken":0,"max_hp_gain":0,"max_hp_loss":0,"event_name":"SensoryStone","floor":42,"gold_loss":0},{"damage_healed":0,"gold_gain":0,"player_choice":"Paid Gold","damage_taken":0,"relics_obtained":["Anchor"],"max_hp_gain":0,"max_hp_loss":0,"event_name":"WeMeetAgain","floor":44,"gold_loss":137}],"is_beta":false,"boss_relics":[{"not_picked":["Tiny House","SlaversCollar"],"picked":"Runic Pyramid"},{"not_picked":["Philosopher\u0027s Stone","Astrolabe"],"picked":"Busted Crown"}],"items_purged_floors":[2,11,22],"is_endless":false,"potions_floor_spawned":[10,16,20,28,33,37,38],"killed_by":"Spire Growth","ascension_level":10}}