{"host":"t0dvmwh9w61bq0j7","time":1607711569,"event":{"mods":["2.2 Compatiblity","AchievementEnabler","BaseMod","Better Note","Block Reminder","Colored Map","DeckTracker","Highlight Path","Jorbs\u0027s Wanderer Trilogy","Minty Spire (QoL Compilation)","Random Character Button","Rare Cards Sparkle","Relic Stats","StSLib","The Cursed","The Judge","TheVacant","Transform Curses"],"gold_per_floor":[113,113,113,131,151,186,203,173,173,173,185,195,521,537,537,638,688,698,716,726,742,742,742,742,758,758,758,758,758],"floor_reached":28,"playtime":1221,"items_purged":[],"score":336,"play_id":"21c188cd-cfa4-4dee-bc6f-a10c8c653a8a","local_time":"20201211193249","is_ascension_mode":false,"campfire_choices":[{"floor":10.0,"key":"REST"},{"floor":15.0,"key":"REST"},{"floor":23,"key":"REST"}],"circlet_count":0,"master_deck":["WordoMod:StrikeCard","WordoMod:StrikeCard","WordoMod:StrikeCard","WordoMod:DefendCard","WordoMod:DefendCard","WordoMod:DefendCard","WordoMod:DefendCard","WordoMod:Accursed","WordoMod:IllWill","WordoMod:WillOWisp","WordoMod:ShackleGuard","Clumsy","WordoMod:Resurrection+1","WordoMod:Pestilence","WordoMod:Plague+1","WordoMod:Accursed","WordoMod:Cremate","WordoMod:AfflictedWeapon","Writhe","WordoMod:DarkForm","WordoMod:Penitence","Parasite","WordoMod:Plague+1","WordoMod:BurdenOfSin","WordoMod:Resurrection","WordoMod:Petrified","WordoMod:Contagion","TheCursedMod:CursedWand"],"relics":["WordoMod:Obsidian","WordoMod:Effigy","Nunchaku","Mercury Hourglass","Thread and Needle","Old Coin","Tiny House"],"acts_visited":["Exordium","TheCity"],"potions_floor_usage":[27],"damage_taken":[{"damage":1.0,"enemies":"Cultist","floor":1.0,"turns":4.0},{"damage":0.0,"enemies":"2 Louse","floor":4.0,"turns":1.0},{"damage":11.0,"enemies":"Jaw Worm","floor":5.0,"turns":2.0},{"damage":29.0,"enemies":"3 Sentries","floor":6.0,"turns":7.0},{"damage":6.0,"enemies":"Exordium Wildlife","floor":7.0,"turns":2.0},{"damage":5.0,"enemies":"Looter","floor":8.0,"turns":4.0},{"damage":9.0,"enemies":"Red Slaver","floor":11.0,"turns":3.0},{"damage":3.0,"enemies":"Blue Slaver","floor":12.0,"turns":3.0},{"damage":8.0,"enemies":"Gremlin Nob","floor":13.0,"turns":3.0},{"damage":13.0,"enemies":"Gremlin Gang","floor":14.0,"turns":2.0},{"damage":24,"enemies":"The Guardian","floor":16,"turns":9},{"damage":15,"enemies":"Chosen","floor":18,"turns":5},{"damage":11,"enemies":"3 Byrds","floor":19,"turns":3},{"damage":24,"enemies":"Centurion and Healer","floor":20,"turns":6},{"damage":23,"enemies":"3 Cultists","floor":21,"turns":4},{"damage":18,"enemies":"Snecko","floor":25,"turns":5},{"damage":0,"enemies":"Snake Plant","floor":27,"turns":2},{"damage":15,"enemies":"3 Cultists","floor":28,"turns":3}],"seed_played":"5509005512523346176","potions_obtained":[{"floor":4.0,"key":"Weak Potion"},{"floor":12.0,"key":"ColorlessPotion"},{"floor":13.0,"key":"PowerPotion"},{"floor":14.0,"key":"SmokeBomb"},{"floor":16,"key":"Weak Potion"}],"is_trial":false,"path_per_floor":["M","?","?","M","M","E","M","M","T","R","M","M","E","M","R","B",null,"M","M","M","M","?","R","?","M","T","M","M"],"character_chosen":"JUDGE_CLASS","items_purchased":[],"campfire_rested":3,"item_purchase_floors":[],"current_hp_per_floor":[74,67,67,67,56,27,21,16,16,38,29,26,18,5,27,3,80,65,54,30,7,7,31,31,13,13,13,0,0],"gold":758,"neow_bonus":"RANDOM_COMMON_RELIC","is_daily":false,"chose_seed":false,"campfire_upgraded":0,"win_rate":0.0,"timestamp":1607711569,"path_taken":["M","?","?","M","M","E","M","M","T","R","M","M","E","M","R","BOSS","M","M","?","M","?","R","?","M","T","?","M"],"items_purchased_type":[],"build_version":"2020-11-30","purchased_purges":0,"victory":false,"max_hp_per_floor":[75,75,75,75,75,75,75,75,75,75,75,75,75,75,75,75,80,80,80,80,80,80,80,80,80,80,80,80,80],"relic_stats":{"Nunchaku":[6],"counters":[18,66],"obtain_stats":[{"Nunchaku":0,"WordoMod:Effigy":0,"Tiny House":17,"WordoMod:Obsidian":0,"Thread and Needle":9,"Mercury Hourglass":6,"Old Coin":13},{"Nunchaku":0,"WordoMod:Effigy":0,"Tiny House":11,"WordoMod:Obsidian":0,"Thread and Needle":6,"Mercury Hourglass":4,"Old Coin":9},{"Nunchaku":0,"WordoMod:Effigy":0,"Tiny House":39,"WordoMod:Obsidian":0,"Thread and Needle":20,"Mercury Hourglass":14,"Old Coin":28}],"Mercury Hourglass":[236]},"card_choices":[{"not_picked":["WordoMod:MementoMori","WordoMod:Vulgarity"],"picked":"WordoMod:WillOWisp","floor":1.0},{"not_picked":["WordoMod:ThornedFist","WordoMod:PurgeDisease"],"picked":"WordoMod:ShackleGuard","floor":4.0},{"not_picked":["WordoMod:Infected","WordoMod:Petrified"],"picked":"Clumsy","floor":5.0},{"not_picked":["WordoMod:Vulgarity","WordoMod:BoundlessGreed"],"picked":"WordoMod:Resurrection","floor":5.0},{"not_picked":["WordoMod:Rise","WordoMod:SoulSpear"],"picked":"WordoMod:Pestilence","floor":6.0},{"not_picked":["WordoMod:SoulSpear","WordoMod:Cleanse"],"picked":"WordoMod:Plague","floor":7.0},{"not_picked":["Normality","stsjorbsmod:Amnesia"],"picked":"WordoMod:Accursed","floor":8.0},{"not_picked":["WordoMod:DarkBead","WordoMod:Malice","WordoMod:SoulSpear"],"picked":"SKIP","floor":8.0},{"not_picked":["WordoMod:Behead","WordoMod:Resurrection"],"picked":"WordoMod:Cremate","floor":11.0},{"not_picked":["WordoMod:CurseBuckler","WordoMod:Malice"],"picked":"WordoMod:AfflictedWeapon","floor":12.0},{"not_picked":["WordoMod:Infected","Parasite"],"picked":"Writhe","floor":13.0},{"not_picked":["WordoMod:Repent","WordoMod:ProjectilePurge"],"picked":"WordoMod:DarkForm","floor":13.0},{"not_picked":["WordoMod:ShackleGuard","WordoMod:ProfanedFlame"],"picked":"WordoMod:Penitence","floor":14.0},{"not_picked":["Decay","Pain"],"picked":"Parasite","floor":18},{"not_picked":["WordoMod:MementoMori","WordoMod:Unchained+1"],"picked":"WordoMod:Plague+1","floor":18},{"not_picked":["WordoMod:RiskTaker","WordoMod:Sickness"],"picked":"WordoMod:BurdenOfSin","floor":19},{"not_picked":["WordoMod:ThornedFist","WordoMod:Repent+1"],"picked":"WordoMod:Resurrection","floor":20},{"not_picked":["Regret","Shame"],"picked":"WordoMod:Petrified","floor":21},{"not_picked":["WordoMod:Sickness","WordoMod:MentalFortitude"],"picked":"WordoMod:Contagion","floor":21},{"not_picked":["WordoMod:ScatterAshes","WordoMod:Retaliate","WordoMod:BurdenOfSin+1"],"picked":"SKIP","floor":25}],"player_experience":290176,"relics_obtained":[{"floor":6.0,"key":"Mercury Hourglass"},{"floor":9.0,"key":"Thread and Needle"},{"floor":13.0,"key":"Old Coin"}],"event_choices":[{"cards_removed":["WordoMod:StrikeCard"],"damage_healed":0.0,"max_hp_gain":0.0,"max_hp_loss":0.0,"gold_gain":0.0,"event_name":"Golden Wing","player_choice":"Card Removal","floor":2.0,"gold_loss":0.0,"damage_taken":7.0},{"damage_healed":0.0,"max_hp_gain":0.0,"max_hp_loss":0.0,"gold_gain":0.0,"event_name":"Fountain of Cleansing","player_choice":"Ignored","floor":3.0,"gold_loss":0.0,"damage_taken":0.0},{"damage_healed":0,"gold_gain":0,"player_choice":"Take","damage_taken":0,"max_hp_gain":0,"max_hp_loss":0,"event_name":"betterNote:BetterNote","floor":22,"gold_loss":0,"cards_obtained":["TheCursedMod:CursedWand"]},{"damage_healed":0,"gold_gain":0,"player_choice":"Forge","damage_taken":0,"max_hp_gain":0,"max_hp_loss":0,"event_name":"Accursed Blacksmith","floor":24,"gold_loss":0,"cards_upgraded":["WordoMod:Plague"]}],"is_beta":false,"boss_relics":[{"not_picked":["Pandora\u0027s Box","Sozu"],"picked":"Tiny House"}],"items_purged_floors":[],"is_endless":false,"potions_floor_spawned":[4,12,13,14,16,18,20,27],"killed_by":"3 Cultists","ascension_level":0}}