{"host":"8dhn6p16jorj0i1s","time":1607720509,"event":{"mods":["BaseMod","Colored Map","Minty Spire (QoL Compilation)","Permanent Neow","Quick Restart"],"gold_per_floor":[116,130,150,167,167,195,195,195,195],"floor_reached":8,"playtime":761,"items_purged":[],"score":61,"play_id":"3ccec3bc-d39a-4067-9176-21dc1b812c85","local_time":"20201211220149","is_ascension_mode":true,"campfire_choices":[{"floor":7,"key":"REST"}],"circlet_count":0,"master_deck":["Strike_B","Strike_B","Strike_B","Strike_B","Defend_B","Defend_B","Defend_B","Defend_B","Zap","Dualcast","Streamline","Regret","Reprogram","Glacier"],"relics":["Sozu","Omamori","Dream Catcher"],"acts_visited":["Exordium"],"potions_floor_usage":[],"damage_taken":[{"damage":0,"enemies":"Cultist","floor":1,"turns":4},{"damage":0,"enemies":"Small Slimes","floor":2,"turns":3},{"damage":0,"enemies":"2 Louse","floor":3,"turns":3},{"damage":5,"enemies":"Looter","floor":4,"turns":3},{"damage":38,"enemies":"Lagavulin","floor":6,"turns":7},{"damage":65,"enemies":"Gremlin Nob","floor":8,"turns":5}],"seed_played":"-271541852374691213","potions_obtained":[],"is_trial":false,"path_per_floor":["M","M","M","M","?","E","R","E"],"character_chosen":"DEFECT","items_purchased":[],"campfire_rested":1,"item_purchase_floors":[],"current_hp_per_floor":[75,75,75,70,70,32,54,0,0],"gold":195,"neow_bonus":"BOSS_RELIC","is_daily":false,"chose_seed":false,"campfire_upgraded":0,"win_rate":0.0,"timestamp":1607720509,"path_taken":["M","M","?","M","?","E","R","E"],"items_purchased_type":[],"build_version":"2020-11-30","purchased_purges":0,"victory":false,"max_hp_per_floor":[75,75,75,75,75,75,75,75,75],"card_choices":[{"not_picked":["Double Energy","Go for the Eyes","Hologram"],"picked":"SKIP","floor":1},{"not_picked":["Tempest","Loop","Doom and Gloom"],"picked":"SKIP","floor":2},{"not_picked":["Beam Cell","Ball Lightning"],"picked":"Streamline","floor":3},{"not_picked":["Rip and Tear","Redo","Conserve Battery"],"picked":"SKIP","floor":4},{"not_picked":["Chill","Heatsinks"],"picked":"Reprogram","floor":6},{"not_picked":["Darkness","Melter"],"picked":"Glacier","floor":7}],"player_experience":251133,"relics_obtained":[{"floor":6,"key":"Dream Catcher"}],"event_choices":[{"damage_healed":0,"gold_gain":0,"player_choice":"Box","damage_taken":0,"relics_obtained":["Omamori"],"max_hp_gain":0,"max_hp_loss":0,"event_name":"Big Fish","floor":5,"gold_loss":0,"cards_obtained":["Regret"]}],"is_beta":false,"boss_relics":[],"items_purged_floors":[],"is_endless":false,"potions_floor_spawned":[1,3,4],"killed_by":"Gremlin Nob","ascension_level":1}}