{"host":"i2ku91d5mi282ys8","time":1607697401,"event":{"mods":["AchievementEnabler","Act Like it!","Aspiration","BaseMod","Better Match","Better Note","Better Skull","Better Third Choice","Block Reminder","CatGirl Mod","Colored Map","Colored Powertips","DeckTracker","Defuse TimeMaze Blight","GifTheSpireLib","Googly Eyes","Highlight Path","Minty Spire (QoL Compilation)","Permanent Neow","Quick Restart","RNG Fix","Random Character Button","Rare Cards Sparkle","Relic Sorter","StSLib","The IronCluck","Uncapped","Unceasing Turn Reminder","Waifu the Spire","everything is the same but u backflip on backflip"],"gold_per_floor":[109,109,284,62,62,62,100,100,149,41,66,87,87,132,132,257,257,282,298,298,323,323,366,366,281,281,300,27,61,102,121,121,251,251,272,272,272,272,291,291,334,350,350,350,350,389,412,83,83,83,83,83,9,50,50,50],"floor_reached":55,"playtime":5172,"items_purged":["Regret","Doubt"],"score":897,"play_id":"560944bf-35f6-45f3-90d1-5edccfebb544","local_time":"20201211093641","is_ascension_mode":true,"campfire_choices":[{"floor":6,"key":"RECALL"},{"data":"Hologram","floor":8,"key":"SMITH"},{"floor":15,"key":"REST"},{"floor":32,"key":"REST"},{"data":"Transmutation","floor":40,"key":"SMITH"},{"floor":45,"key":"REST"},{"floor":49,"key":"REST"},{"data":"Transmutation","floor":52,"key":"SMITH"}],"circlet_count":0,"master_deck":["Strike_B","Strike_B","Strike_B","Strike_B","Defend_B","Defend_B","Defend_B","Defend_B","Zap","Dualcast","White Noise","Loop+1","Hologram+1","Hello World","Blizzard","Capacitor","Tempest","Meteor Strike","Coolheaded","Coolheaded+1","Glacier","Demon Form+1","Fusion","Transmutation+1","Skim","Multi-Cast","Transmutation+1","Sunder","Double Energy","Ball Lightning","Chaos+1"],"relics":["Cracked Core","aspiration:DSix","NeowsBlessing","Golden Idol","Tiny Chest","aspiration:ChemicalBlood","PreservedInsect","Dream Catcher","Pen Nib","Snecko Eye","Mango","Orichalcum","Singing Bowl","Bottled Tornado","aspiration:Stellarator","aspiration:StickyExplosives_weak","DataDisk","Cables","Ice Cream","Strawberry","ClockworkSouvenir","Potion Belt","StoneCalendar"],"acts_visited":["Exordium","TheCity","TheBeyond","TheEnding"],"potions_floor_usage":[16,16,16,16,19,19,23,29,30,30,30,33,33,41,42,42,50,50,54,54,55,55,55],"damage_taken":[{"damage":0,"enemies":"Jaw Worm","floor":1,"turns":1},{"damage":0,"enemies":"3 Sentries","floor":7,"turns":1},{"damage":0,"enemies":"Cultist","floor":11,"turns":1},{"damage":0,"enemies":"2 Louse","floor":12,"turns":3},{"damage":61,"enemies":"The Guardian","floor":16,"turns":8},{"damage":5,"enemies":"Chosen","floor":18,"turns":3},{"damage":25,"enemies":"2 Thieves","floor":19,"turns":4},{"damage":5,"enemies":"Snake Plant","floor":21,"turns":4},{"damage":25,"enemies":"Gremlin Leader","floor":23,"turns":3},{"damage":0,"enemies":"Snecko","floor":27,"turns":3},{"damage":15,"enemies":"Book of Stabbing","floor":29,"turns":3},{"damage":29,"enemies":"Centurion and Healer","floor":30,"turns":4},{"damage":8,"enemies":"Sentry and Sphere","floor":31,"turns":4},{"damage":3,"enemies":"Automaton","floor":33,"turns":5},{"damage":10,"enemies":"3 Darklings","floor":35,"turns":3},{"damage":12,"enemies":"Orb Walker","floor":39,"turns":4},{"damage":41,"enemies":"Reptomancer","floor":41,"turns":5},{"damage":0,"enemies":"Writhing Mass","floor":42,"turns":3},{"damage":8,"enemies":"Giant Head","floor":46,"turns":4},{"damage":22,"enemies":"Donu and Deca","floor":50,"turns":8},{"damage":61,"enemies":"Shield and Spear","floor":54,"turns":5},{"damage":56,"enemies":"The Heart","floor":55,"turns":3}],"seed_played":"6989349862651379760","potions_obtained":[{"floor":1,"key":"Weak Potion"},{"floor":11,"key":"LiquidBronze"},{"floor":12,"key":"PotionOfCapacity"},{"floor":16,"key":"BlessingOfTheForge"},{"floor":16,"key":"FairyPotion"},{"floor":18,"key":"FocusPotion"},{"floor":19,"key":"FocusPotion"},{"floor":19,"key":"ColorlessPotion"},{"floor":23,"key":"Weak Potion"},{"floor":23,"key":"EssenceOfSteel"},{"floor":29,"key":"GamblersBrew"},{"floor":30,"key":"FocusPotion"},{"floor":31,"key":"BlessingOfTheForge"},{"floor":39,"key":"Energy Potion"},{"floor":46,"key":"ColorlessPotion"},{"floor":54,"key":"Ancient Potion"}],"is_trial":false,"path_per_floor":["M","?","?","$","?","R","E","R","T","$","M","M","?","T","R","B",null,"M","M","?","M","?","E","T","?","T","M","$","E","M","M","R","B",null,"M","?","T","?","M","R","E","M","T","?","R","E","T","$","R","B",null,"R","$","E","B"],"character_chosen":"DEFECT","items_purchased":["Tiny Chest","Loop","Hello World","Transmutation","Sunder","ClockworkSouvenir","Potion Belt","Fire Potion","Ball Lightning"],"campfire_rested":4,"item_purchase_floors":[4,4,10,28,48,48,48,53,53],"current_hp_per_floor":[75,57,57,57,57,57,57,57,57,57,57,57,50,50,72,11,75,70,45,45,40,40,29,29,29,29,31,31,18,21,15,44,50,97,89,89,89,89,79,79,40,42,42,53,86,80,87,87,116,94,116,116,116,55,0,0],"gold":50,"neow_bonus":"THREE_ENEMY_KILL","is_daily":false,"chose_seed":false,"campfire_upgraded":3,"win_rate":0.0,"timestamp":1607697401,"path_taken":["M","?","?","?","?","R","E","R","T","$","M","?","?","?","R","BOSS","M","M","?","?","?","E","?","?","T","?","$","E","M","M","R","BOSS","M","?","?","?","?","R","E","M","T","?","R","E","?","$","R","BOSS","R","$","E","BOSS"],"items_purchased_type":["Relic","Card","Card","Card","Card","Relic","Relic","Potion","Card"],"build_version":"2020-11-30","purchased_purges":2,"victory":false,"max_hp_per_floor":[75,75,75,75,75,75,75,75,75,75,75,75,75,75,75,75,75,75,75,75,75,75,89,89,89,89,91,91,93,95,97,97,97,97,99,99,99,99,101,101,103,105,105,105,107,109,116,116,116,116,116,116,116,116,116,116],"card_choices":[{"not_picked":["Rebound","Barrage"],"picked":"White Noise","floor":1},{"not_picked":["Stack","Undo"],"picked":"Hologram","floor":7},{"not_picked":["Reprogram","Sunder"],"picked":"Blizzard","floor":11},{"not_picked":["Hologram","Go for the Eyes"],"picked":"Capacitor","floor":12},{"not_picked":["Rebound","Sweeping Beam"],"picked":"Tempest","floor":15},{"not_picked":["Core Surge","Hyperbeam"],"picked":"Meteor Strike","floor":16},{"not_picked":["Go for the Eyes","Undo+1"],"picked":"Coolheaded","floor":18},{"not_picked":["Turbo","Stack"],"picked":"Coolheaded+1","floor":19},{"not_picked":["Coolheaded","Hologram"],"picked":"Glacier","floor":21},{"not_picked":["Loop+1","BootSequence"],"picked":"Fusion","floor":23},{"not_picked":["Recycle","Steam Power","Beam Cell"],"picked":"Singing Bowl","floor":27},{"not_picked":["Go for the Eyes","Streamline","Barrage"],"picked":"Singing Bowl","floor":29},{"not_picked":["FTL","Beam Cell","Streamline"],"picked":"Singing Bowl","floor":30},{"not_picked":["Hologram","Undo","Cold Snap"],"picked":"Singing Bowl","floor":31},{"not_picked":["Barrage","Sweeping Beam"],"picked":"Skim","floor":32},{"not_picked":["Core Surge","All For One"],"picked":"Multi-Cast","floor":33},{"not_picked":["FTL","Rebound+1","Turbo"],"picked":"Singing Bowl","floor":35},{"not_picked":["Thinking Ahead","Forethought"],"picked":"Transmutation","floor":38},{"not_picked":["Compile Driver+1","Hello World+1","Tempest"],"picked":"Singing Bowl","floor":39},{"not_picked":["Gash+1","Consume+1","FTL+1"],"picked":"Singing Bowl","floor":41},{"not_picked":["Undo+1","Fusion+1","Go for the Eyes"],"picked":"Singing Bowl","floor":42},{"not_picked":["Rebound+1","Turbo+1","Sweeping Beam+1"],"picked":"Singing Bowl","floor":45},{"not_picked":["Steam Power+1","Capacitor","Hologram"],"picked":"Singing Bowl","floor":46},{"not_picked":["Rip and Tear","Sweeping Beam+1"],"picked":"Double Energy","floor":49},{"not_picked":["Capacitor+1","Undo+1"],"picked":"Chaos+1","floor":54}],"player_experience":306051,"relics_obtained":[{"floor":7,"key":"PreservedInsect"},{"floor":14,"key":"Pen Nib"},{"floor":23,"key":"Mango"},{"floor":24,"key":"Orichalcum"},{"floor":26,"key":"Singing Bowl"},{"floor":29,"key":"Bottled Tornado"},{"floor":37,"key":"aspiration:StickyExplosives_weak"},{"floor":41,"key":"DataDisk"},{"floor":43,"key":"Cables"},{"floor":46,"key":"Ice Cream"},{"floor":47,"key":"Strawberry"},{"floor":54,"key":"StoneCalendar"}],"event_choices":[{"damage_healed":0,"gold_gain":0,"player_choice":"Take Damage","damage_taken":18,"relics_obtained":["Golden Idol"],"max_hp_gain":0,"max_hp_loss":0,"event_name":"Golden Idol","floor":2,"gold_loss":0},{"damage_healed":0,"gold_gain":175,"player_choice":"AGREE","damage_taken":109,"max_hp_gain":0,"max_hp_loss":0,"event_name":"betterThird:BetterSerpent","floor":3,"gold_loss":0},{"damage_healed":0,"gold_gain":0,"player_choice":"Box","damage_taken":0,"relics_obtained":["aspiration:ChemicalBlood"],"max_hp_gain":0,"max_hp_loss":0,"event_name":"Big Fish","floor":5,"gold_loss":0,"cards_obtained":["Regret"]},{"damage_healed":0,"gold_gain":0,"player_choice":"Relic ","damage_taken":7,"max_hp_gain":0,"max_hp_loss":0,"event_name":"betterThird:BetterScrap","floor":13,"gold_loss":0,"cards_obtained":["Feel No Pain"]},{"damage_healed":0,"gold_gain":0,"player_choice":"Forge","damage_taken":0,"max_hp_gain":0,"max_hp_loss":0,"event_name":"Accursed Blacksmith","floor":20,"gold_loss":0,"cards_upgraded":["Loop"]},{"cards_removed":["White Noise"],"damage_healed":0,"gold_gain":0,"player_choice":"Take \u0026 Give","damage_taken":0,"max_hp_gain":0,"max_hp_loss":0,"event_name":"betterNote:BetterNote","floor":22,"gold_loss":0,"cards_obtained":["Demon Form"]},{"damage_healed":0,"gold_gain":0,"player_choice":"Obtained Relic","damage_taken":0,"relics_obtained":["aspiration:DSix"],"max_hp_gain":0,"max_hp_loss":0,"event_name":"Addict","floor":25,"gold_loss":85},{"damage_healed":0,"gold_gain":0,"player_choice":"Ignored","damage_taken":0,"max_hp_gain":0,"max_hp_loss":0,"event_name":"The Moai Head","floor":36,"gold_loss":0},{"damage_healed":0,"gold_gain":0,"player_choice":"Memory 1","damage_taken":0,"max_hp_gain":0,"max_hp_loss":0,"event_name":"SensoryStone","floor":38,"gold_loss":0}],"is_beta":false,"boss_relics":[{"not_picked":["Empty Cage","Calling Bell"],"picked":"Snecko Eye"},{"not_picked":["Black Star","aspiration:WatcherSkillbook"],"picked":"aspiration:Stellarator"}],"items_purged_floors":[10,28],"is_endless":false,"potions_floor_spawned":[1,11,12,18,23,27,31,39,46,54],"killed_by":"The Heart","ascension_level":1}}