{"host":"fq9q35as5g8xdsoo","time":1607666350,"event":{"mods":["2.2 Compatiblity","AchievementEnabler","Act Like it!","Aspiration","BaseMod","Beaked The Cultist","Better Skull","Card Forge","Colored Map","Colored Powertips","Conspire","Dota2Spire","Energized Spire","Gensokyo","Halation","Hermit","Hubris","Marked Mod","Menagerie","Minty Spire (QoL Compilation)","Pale of the Ancients","Permanent Neow","Quick Restart","Relic Filter","Replay The Spire","Robot Space Explorer","Spicy Shops","Spikes Relics","StSLib","SuperFastMode","The Blue Laboratory","The Construct","The Disciple","The Factory","The Gatherer","The Jungle","The Runesmith","The Servant 0.9.4","Trackpad","WarShipGirlsR/????R mod","vexMod"],"gold_per_floor":[118,118,792,740,770,818,818,864,864,893,137,158,177,203,203,335,335,357,388,409,441,441,473,503,503,530,578,578,717,738,738,738,878,878,906,906,906,924,949,994,994,1021,1021,1069,999,1031,1031,1053,1053,1060,1088,1116,1335,1182,1182,1207,1207,1582,1582,1582],"floor_reached":61,"playtime":3501,"items_purged":[],"score":1744,"play_id":"c7114f74-ed8d-47da-83e6-8314f2558845","local_time":"20201210215910","is_ascension_mode":false,"campfire_choices":[{"data":"hermit:Dive","floor":7.0,"key":"SMITH"},{"data":"hermit:Scavenge","floor":15.0,"key":"SMITH"},{"data":"hermit:Snapshot","floor":32.0,"key":"SMITH"},{"data":"hermit:Ricochet","floor":41.0,"key":"SMITH"},{"floor":49.0,"key":"RECALL"},{"floor":55.0,"key":"REST"},{"floor":57.0,"key":"REST"}],"circlet_count":0,"master_deck":["hermit:Snapshot+1","hermit:Dive+1","hermit:Ricochet+1","hermit:BigShot+1","hermit:Dive+1"],"relics":["Hammer of Thor","Seething Fire","Anvil of the Gods","energizedSpire:OgreHead","Golden Idol","Dota2Spire:MagicBottle","Dota2Spire:Desolator","hubris:EvacipatedBox","Dota2Spire:Satanic","Meat on the Bone","vexMod:InvisibilityCloak","Dota2Spire:MantaStyle","aspiration:MobileForge","trackpad:CultistFigurine","MutagenicStrength","hubris:GlazedTorus","ReplayTheSpireMod:Shallot","Replay:Grab Bag","Dota2Spire:RefresherOrb","hubris:RunicObelisk","Black Star","Dota2Spire:BattleFury","Golden Egg","Dota2Spire:EchoSabre","trackpad:IceCube","Pear","MawBank","Replay:Wax Seal","paleoftheancients:Timepiece","paleoftheancients:KeyRelic","Anchor","Gremlin Horn","Pen Nib","Bag of Preparation","vexMod:BigBerry","paleoftheancients:SoulOfTheDefect","hubris:NiceRug","aspiration:FrozenJewel","Dota2Spire:EtherealBlade","Shuriken","SnailShell"],"acts_visited":["Menagerie:Menagerie","TheCity","theFactory:Factory","paleoftheancients:PaleOfTheAncients"],"potions_floor_usage":[60,60,60,60],"damage_taken":[{"damage":0.0,"enemies":"Menagerie:WhisperingWraith","floor":1.0,"turns":3.0},{"damage":0.0,"enemies":"Menagerie:MonstrousExperiment","floor":5.0,"turns":3.0},{"damage":3.0,"enemies":"Menagerie:VoidReaper","floor":6.0,"turns":6.0},{"damage":0.0,"enemies":"Menagerie:MaskedSummoner","floor":8.0,"turns":11.0},{"damage":0.0,"enemies":"Menagerie:StygianBoar","floor":10.0,"turns":1.0},{"damage":0.0,"enemies":"Menagerie:KEEPER_AND_YOUNG_SUNEATER","floor":12.0,"turns":2.0},{"damage":2.0,"enemies":"Menagerie:DREAD_MOTH_AND_GRAFTED_WORMS","floor":13.0,"turns":2.0},{"damage":2.0,"enemies":"Menagerie:MENAGERIE_WILDLIFE","floor":14.0,"turns":2.0},{"damage":0.0,"enemies":"Menagerie:Chimera","floor":16.0,"turns":4.0},{"damage":0.0,"enemies":"Shell Parasite","floor":18.0,"turns":2.0},{"damage":0.0,"enemies":"3 Byrds","floor":19.0,"turns":3.0},{"damage":0.0,"enemies":"3 Cultists","floor":20.0,"turns":3.0},{"damage":0.0,"enemies":"Snake Plant","floor":21.0,"turns":2.0},{"damage":0.0,"enemies":"Centurion and Healer","floor":23.0,"turns":2.0},{"damage":0.0,"enemies":"3 Cultists","floor":24.0,"turns":3.0},{"damage":1.0,"enemies":"Slavers","floor":27.0,"turns":2.0},{"damage":0.0,"enemies":"Colosseum Slavers","floor":29.0,"turns":2.0},{"damage":0.0,"enemies":"Colosseum Nobs","floor":29.0,"turns":2.0},{"damage":0.0,"enemies":"Cultist and Chosen","floor":30.0,"turns":2.0},{"damage":6.0,"enemies":"conspire:MysteriousRune","floor":33.0,"turns":4.0},{"damage":0.0,"enemies":"theFactory:2_Experiment_Personnel","floor":35.0,"turns":2.0},{"damage":0.0,"enemies":"theFactory:BigBot","floor":38.0,"turns":1.0},{"damage":0.0,"enemies":"theFactory:DecayingSentinel","floor":39.0,"turns":3.0},{"damage":17.0,"enemies":"theFactory:Manservantes","floor":40.0,"turns":4.0},{"damage":0.0,"enemies":"theFactory:ShrapnelTosser","floor":42.0,"turns":1.0},{"damage":1.0,"enemies":"theFactory:SmogElemental","floor":44.0,"turns":2.0},{"damage":0.0,"enemies":"theFactory:DefectiveSentry","floor":46.0,"turns":1.0},{"damage":0.0,"enemies":"theFactory:Big_Bot_Bundle","floor":48.0,"turns":2.0},{"damage":0.0,"enemies":"theFactory:Experiment01","floor":50.0,"turns":5.0},{"damage":39.0,"enemies":"theFactory:Experiment01","floor":51.0,"turns":8.0},{"damage":31.0,"enemies":"theFactory:Experiment01","floor":52.0,"turns":4.0},{"damage":32.0,"enemies":"theFactory:Experiment01","floor":56.0,"turns":7.0},{"damage":0.0,"enemies":"hubris:Merchant","floor":58.0,"turns":2.0},{"damage":0,"enemies":"paleoftheancients:N","floor":60,"turns":4}],"seed_played":"-1384317611442163338","potions_obtained":[{"floor":1.0,"key":"blueLaboratory:SavagePotion"},{"floor":6.0,"key":"Ancient Potion"},{"floor":23.0,"key":"SteroidPotion"},{"floor":35.0,"key":"hermit:BlackBile"},{"floor":58.0,"key":"PowerPotion"}],"is_trial":false,"path_per_floor":["M","?","?","$","M","E","R","E","T","M","$","M","M","M","R","B",null,"M","M","M","M","?","M","M","?","T","E","?","?","M","?","R","B",null,"M","?","?","M","M","E","R","M","T","E","$","M","?","M","R","B","M","M","?","$","R","M","R","$","?","B",null],"character_chosen":"HERMIT","items_purchased":["hermit:Dive","Meat on the Bone","vexMod:InvisibilityCloak","Dota2Spire:MantaStyle","Replay:Wax Seal","vexMod:BigBerry"],"campfire_rested":2,"item_purchase_floors":[4,11,11,11,45,54],"current_hp_per_floor":[75,75,7,7,7,4,4,4,4,4,4,16,26,36,36,48,75,75,75,75,75,75,75,75,75,75,74,74,74,74,74,74,68,75,75,75,75,75,75,58,58,58,58,67,67,67,67,67,67,85,66,67,9,39,73,85,115,115,115,115],"gold":1582,"neow_bonus":"BOSS_RELIC","is_daily":false,"chose_seed":false,"campfire_upgraded":4,"win_rate":0.0,"timestamp":1607666350,"path_taken":["M","?","?","$","M","E","R","E","T","M","$","M","M","M","R","BOSS","M","M","M","?","?","?","M","?","T","E","?","?","M","?","R","BOSS","M","?","?","?","M","E","R","M","T","E","$","M","?","M","R","BOSS","M","M","?","$","R","M","R","$","?","BOSS"],"items_purchased_type":["Card","Relic","Relic","Relic","Relic","Relic"],"build_version":"2020-11-30","purchased_purges":0,"victory":true,"max_hp_per_floor":[75,75,75,75,75,75,75,75,75,75,75,75,75,75,75,75,75,75,75,75,75,75,75,75,75,75,75,75,75,75,75,75,75,75,75,75,75,75,75,75,75,75,75,85,85,85,85,85,85,85,85,85,85,115,115,115,115,115,115,115],"card_choices":[{"not_picked":["hermit:Malice","hermit:Desperado"],"picked":"hermit:Scavenge","floor":1.0},{"not_picked":["hermit:Ricochet","hermit:Roulette","hermit:Coalescence"],"picked":"SKIP","floor":5.0},{"not_picked":["hermit:NoHoldsBarred","hermit:Gestalt","hermit:Feint"],"picked":"SKIP","floor":6.0},{"not_picked":["hermit:NoHoldsBarred","hermit:Gestalt","hermit:Feint"],"picked":"SKIP","floor":6.0},{"not_picked":["hermit:Glare","hermit:Coalescence"],"picked":"hermit:Ricochet","floor":8.0},{"not_picked":["hermit:ItchyTrigger","hermit:RoundhouseKick","hermit:Headshot"],"picked":"SKIP","floor":10.0},{"not_picked":["hermit:EyeOfTheStorm","hermit:SprayPray","hermit:GhostlyPresence"],"picked":"SKIP","floor":12.0},{"not_picked":["hermit:HighCaliber","hermit:Ricochet","hermit:BodyArmor"],"picked":"SKIP","floor":13.0},{"not_picked":["hermit:SprayPray","hermit:EyeOfTheStorm"],"picked":"hermit:PistolWhip","floor":14.0},{"not_picked":["hermit:Misfire","hermit:Coalescence","hermit:TakeCover+1"],"picked":"SKIP","floor":18.0},{"not_picked":["hermit:Spite","hermit:Virtue"],"picked":"hermit:Glare+1","floor":19.0},{"not_picked":["hermit:Quickdraw","hermit:Spite"],"picked":"hermit:BigShot+1","floor":20.0},{"not_picked":["hermit:BodyArmor+1","hermit:Horror","hermit:TrackingShot"],"picked":"SKIP","floor":21.0},{"not_picked":["hermit:Enervate","hermit:Misfire","hermit:Feint+1"],"picked":"SKIP","floor":23.0},{"not_picked":["hermit:HoleUp","hermit:WideOpen","hermit:Manifest"],"picked":"SKIP","floor":24.0},{"not_picked":["hermit:BodyArmor","hermit:HoleUp","hermit:Grudge"],"picked":"SKIP","floor":27.0},{"not_picked":["hermit:BodyArmor","hermit:Magnum","hermit:Roulette"],"picked":"SKIP","floor":30.0},{"not_picked":["hermit:ItchyTrigger+1","hermit:Horror","hermit:Headshot+1"],"picked":"SKIP","floor":35.0},{"not_picked":["hermit:Feint","hermit:Enervate+1","hermit:Scavenge"],"picked":"SKIP","floor":38.0},{"not_picked":["hermit:BigShot","hermit:Ricochet+1","hermit:HeroicBravado"],"picked":"SKIP","floor":39.0},{"not_picked":["hermit:CursedWeapon","hermit:Horror+1","hermit:Quickdraw+1"],"picked":"SKIP","floor":40.0},{"not_picked":["hermit:LuckOfTheDraw+1","hermit:TakeCover","hermit:Misfire+1"],"picked":"SKIP","floor":42.0},{"not_picked":["hermit:EyeOfTheStorm+1","hermit:Gestalt","hermit:Scavenge+1"],"picked":"SKIP","floor":44.0},{"not_picked":["hermit:Misfire+1","hermit:TakeCover","hermit:CursedWeapon"],"picked":"SKIP","floor":46.0},{"not_picked":["hermit:Enervate","hermit:Headshot","hermit:Ricochet+1"],"picked":"SKIP","floor":48.0},{"not_picked":["hermit:LowProfile","hermit:PistolWhip+1","hermit:TakeAim"],"picked":"SKIP","floor":51.0},{"not_picked":["hermit:FlashPowder+1","hermit:Glare+1"],"picked":"hermit:Dive","floor":52.0},{"not_picked":["hermit:Desperado","hermit:Cheat","hermit:Glare"],"picked":"SKIP","floor":56.0},{"not_picked":["hermit:NoHoldsBarred+1"],"picked":"SKIP","floor":58.0},{"not_picked":["hermit:Spite"],"picked":"SKIP","floor":58.0},{"not_picked":["hermit:FullyLoaded"],"picked":"SKIP","floor":58.0},{"not_picked":["hermit:Manifest"],"picked":"SKIP","floor":58.0},{"not_picked":["hermit:Brawl"],"picked":"SKIP","floor":58.0},{"not_picked":["vexMod:EmailVexCard"],"picked":"SKIP","floor":58.0},{"not_picked":["Panache"],"picked":"SKIP","floor":58.0}],"player_experience":928478,"relics_obtained":[{"floor":6.0,"key":"Dota2Spire:Desolator"},{"floor":8.0,"key":"hubris:EvacipatedBox"},{"floor":9.0,"key":"Dota2Spire:Satanic"},{"floor":27.0,"key":"trackpad:CultistFigurine"},{"floor":29.0,"key":"hubris:GlazedTorus"},{"floor":29.0,"key":"ReplayTheSpireMod:Shallot"},{"floor":40.0,"key":"Golden Egg"},{"floor":40.0,"key":"Dota2Spire:EchoSabre"},{"floor":43.0,"key":"trackpad:IceCube"},{"floor":44.0,"key":"Pear"},{"floor":44.0,"key":"MawBank"},{"floor":56.0,"key":"paleoftheancients:SoulOfTheDefect"},{"floor":58.0,"key":"aspiration:FrozenJewel"},{"floor":58.0,"key":"Dota2Spire:EtherealBlade"},{"floor":58.0,"key":"Shuriken"},{"floor":58.0,"key":"SnailShell"}],"event_choices":[{"damage_healed":0.0,"max_hp_gain":0.0,"max_hp_loss":0.0,"gold_gain":0.0,"event_name":"Golden Idol","player_choice":"Take Wound","floor":2.0,"gold_loss":0.0,"damage_taken":0.0,"relics_obtained":["Golden Idol"],"cards_obtained":["Injury"]},{"damage_healed":0.0,"max_hp_gain":0.0,"max_hp_loss":0.0,"gold_gain":674.0,"event_name":"betterSkull:BetterSkull","player_choice":"RE GO GO GO GO GO GO ","floor":3.0,"gold_loss":0.0,"damage_taken":76.0,"cards_upgraded":[],"relics_obtained":["Dota2Spire:MagicBottle"]},{"damage_healed":0.0,"max_hp_gain":0.0,"max_hp_loss":0.0,"gold_gain":0.0,"event_name":"The Library","player_choice":"Read","floor":22.0,"gold_loss":0.0,"damage_taken":0.0,"cards_obtained":["construct:ScopeCore"]},{"damage_healed":0.0,"max_hp_gain":0.0,"max_hp_loss":0.0,"gold_gain":0.0,"event_name":"Back to Basics","player_choice":"Simplicity","floor":25.0,"gold_loss":0.0,"damage_taken":0.0,"cards_upgraded":[]},{"damage_healed":0.0,"max_hp_gain":0.0,"max_hp_loss":0.0,"gold_gain":0.0,"event_name":"Drug Dealer","player_choice":"Inject Mutagens","floor":28.0,"gold_loss":0.0,"damage_taken":0.0,"relics_obtained":["MutagenicStrength"]},{"damage_healed":0.0,"max_hp_gain":0.0,"max_hp_loss":0.0,"gold_gain":0.0,"event_name":"Colosseum","player_choice":"Fight","floor":29.0,"gold_loss":0.0,"damage_taken":0.0},{"damage_healed":0.0,"max_hp_gain":0.0,"max_hp_loss":0.0,"gold_gain":0.0,"event_name":"Colosseum","player_choice":"Fought Nobs","floor":29.0,"gold_loss":0.0,"damage_taken":0.0},{"damage_healed":0.0,"max_hp_gain":0.0,"max_hp_loss":0.0,"gold_gain":0.0,"event_name":"Match and Keep!","player_choice":"0 cards matched","floor":31.0,"gold_loss":0.0,"damage_taken":0.0,"cards_obtained":[]},{"damage_healed":0.0,"max_hp_gain":0.0,"max_hp_loss":0.0,"gold_gain":0.0,"event_name":"Purifier","player_choice":"Ignored","floor":37.0,"gold_loss":0.0,"damage_taken":0.0},{"damage_healed":0.0,"max_hp_gain":0.0,"max_hp_loss":0.0,"gold_gain":219.0,"event_name":"betterSkull:BetterSkull","player_choice":"RE RE GO GO ","floor":53.0,"gold_loss":0.0,"damage_taken":64.0,"cards_upgraded":[],"relics_obtained":["Pen Nib","Bag of Preparation"]}],"is_beta":false,"boss_relics":[{"not_picked":["Runesmith:UraniumAnvil","CosmicIsotope","SlaversCollar"],"picked":"aspiration:MobileForge"},{"not_picked":["halation:Yufonium","halation:HeavySnake","trackpad:StolenKidneys"],"picked":"Replay:Grab Bag"},{"not_picked":["Dota2Spire:Bloodstone","energizedSpire:EnergizedDie","conspire:RunicOctahedron"],"picked":"Dota2Spire:RefresherOrb"},{"not_picked":["hubris:TerracottaHorce","Fusion Hammer","hubris:Backtick"],"picked":"hubris:RunicObelisk"},{"not_picked":["vexMod:MysteryBossChallenge","vexMod:ImprovementManual","Replay:Ancient Bell"],"picked":"Black Star"},{"not_picked":["aspiration:RunicSpoon","Calling Bell","Replay:Wanted Poster"],"picked":"Dota2Spire:BattleFury"}],"items_purged_floors":[],"is_endless":false,"potions_floor_spawned":[1,6,16,23,27,29,30,35,38,42,44,48,51,52,60],"ascension_level":0}}