{"host":"qljq6nt1bltq73k9","time":1607693612,"event":{"mods":["BaseMod","Colored Map","Colored Powertips","Downfall","Lobotomy","Minty Spire (QoL Compilation)","Quick Restart","Replay The Spire","StSLib"],"gold_per_floor":[99999,98867,98827,98837,98857,98857,98887,97856,97883,97915,97943,97976,97449,97481,97490,97633,97633,97653,97653,96403,96403,95478,95512,95524,95537,95562,94771,94784,94784,94794,93721,93721,93825,93825,93843,92973,92990,92858,92871,92871,92885,92900,92926,92938,92955,93003,93003,93003,93003,93003,93003],"floor_reached":50,"playtime":2510,"items_purged":["Defend_B","Defend_B","Defend_B","Strike_B","Strike_B","Strike_B","Strike_B","Zap"],"score":643,"play_id":"0af020bd-e78d-4e25-9205-56ee0ea07ddd","local_time":"20201211213332","is_ascension_mode":false,"campfire_choices":[{"data":"BasicCrystalCard","floor":6.0,"key":"SMITH"},{"floor":29.0,"key":"DIG"},{"floor":32.0,"key":"DIG"},{"floor":40,"key":"DIG"},{"floor":47,"key":"DIG"}],"circlet_count":0,"master_deck":["SnowQueen","FIFO Queue","expansioncontent:DashGenerateEvil","Rip and Tear","OSAHOGD","BasicCrystalCard+1","Echo Form","Defragment","Secret Technique","Crystallizer","Barrage+1","Scarecrow","Rainbow","Crystallizer","Electrodynamics","BigBadWolf","Hello World","ReplayGash+1","Creative AI","Electrodynamics","ReplayTheSpireMod:Brewmster","Fission","Apotheosis","LongBird","Chaos","Creative AI","Biased Cognition","Rainbow","VoidDream","BasicCrystalCard+1","Capacitor","Secret Weapon","Sadistic Nature","Secret Weapon","Replay:SS_forest_5","Machine Learning","RedShoes","Heatsinks","FieryBird","Caltrops+1","Replay:LoomingThreat","WallGazer","Guardian:SpikerProtocol+1","Defragment+1","BodiesMountain","Static Discharge+1","Offering","Ecstasy","Madness","Madness","Slimebound:Darklings"],"relics":["Cracked Core","CogitoBucket","RabbitCall","StrikeDummy","Geode","Chemical X","Replay:Antivirus Software","Gremlin Food","Pondfish Scales","Sling","SkinProphecy","Replay:Wax Seal","Strange Spoon","Replay:Bronze Core","MawBank","Shovel","ReplayTheSpireMod:Ninjato","TheAbacus","Nloth\u0027s Gift","Bag of Preparation","Eternal Feather","Prayer Wheel","Art of War","AspirationHeart","Replay:Baseball","Girya","Replay:Rubber Ducky","HandDrill","White Beast Statue","Boot","Mango","ReplayTheSpireMod:ShopPack","Vajra","Runic Dome","LuminousBracelet","Regal Pillow","sneckomod:BlankCard","PrismaticShard","Lantern","Anchor","Whetstone","Ice Cream","Bronze Scales"],"acts_visited":["Exordium","TheCity","TheBeyond"],"potions_floor_usage":[35,35],"damage_taken":[{"damage":1.0,"enemies":"Cultist","floor":1.0,"turns":4.0},{"damage":0.0,"enemies":"Small Slimes","floor":4.0,"turns":2.0},{"damage":1.0,"enemies":"Jaw Worm","floor":5.0,"turns":2.0},{"damage":16.0,"enemies":"Lagavulin","floor":7.0,"turns":5.0},{"damage":0.0,"enemies":"Gremlin Gang","floor":10.0,"turns":4.0},{"damage":27.0,"enemies":"Lots of Slimes","floor":11.0,"turns":6.0},{"damage":3.0,"enemies":"Looter","floor":12.0,"turns":2.0},{"damage":7.0,"enemies":"Large Slime","floor":14.0,"turns":3.0},{"damage":17.0,"enemies":"Fading Forest","floor":16.0,"turns":11.0},{"damage":15.0,"enemies":"Chosen","floor":18.0,"turns":5.0},{"damage":39.0,"enemies":"Replay:Snechameleon","floor":23.0,"turns":6.0},{"damage":20.0,"enemies":"3 Byrds","floor":24.0,"turns":6.0},{"damage":6.0,"enemies":"Shelled Parasite and Fungi","floor":25.0,"turns":4.0},{"damage":0.0,"enemies":"Centurion and Healer","floor":28.0,"turns":2.0},{"damage":5.0,"enemies":"Cultist and Chosen","floor":30.0,"turns":4.0},{"damage":10.0,"enemies":"Automaton","floor":33.0,"turns":7.0},{"damage":27,"enemies":"3 Shapes","floor":35,"turns":4},{"damage":3,"enemies":"Orb Walker","floor":37,"turns":4},{"damage":6,"enemies":"Sphere and 2 Shapes","floor":39,"turns":3},{"damage":0,"enemies":"3 Darklings","floor":41,"turns":2},{"damage":19,"enemies":"Maw","floor":42,"turns":5},{"damage":3,"enemies":"4 Shapes","floor":44,"turns":3},{"damage":2,"enemies":"Sphere and 2 Shapes","floor":45,"turns":3},{"damage":25,"enemies":"2 Orb Walkers","floor":46,"turns":3},{"damage":12,"enemies":"FixerMidnight","floor":50,"turns":1}],"seed_played":"7409985853509114599","potions_obtained":[{"floor":12.0,"key":"Explosive Potion"},{"floor":16.0,"key":"Regen Potion"},{"floor":25.0,"key":"Guardian:BlockOnCardUsePotion"},{"floor":30.0,"key":"Swift Potion"},{"floor":33.0,"key":"Languid Potion"},{"floor":35,"key":"FairyPotion"}],"is_trial":false,"path_per_floor":["M","$","?","M","M","R","E","$","T","M","M","M","$","M","R_BF","B",null,"M","?","$","?","$","E","M","M","T","$","M","R","M","$","R","B",null,"M","$","M","?","M","R","M","M","T","M","M","?","R","?","R_BF","B"],"character_chosen":"DEFECT","items_purchased":["StrikeDummy","Geode","Chemical X","FIFO Queue","expansioncontent:DashGenerateEvil","DistilledChaos","Block Potion","Energy Potion","Rip and Tear","Secret Technique","Crystallizer","Gremlin Food","Pondfish Scales","Sling","Barrage","Replay:Wax Seal","Strange Spoon","Electrodynamics","Fire Potion","Shovel","ReplayTheSpireMod:Ninjato","TheAbacus","Electrodynamics","ReplayTheSpireMod:Brewmster","Fission","FearPotion","Bag of Preparation","Eternal Feather","Apotheosis","ReplayTheSpireMod:Fabricate Wheel","Girya","Replay:Rubber Ducky","HandDrill","Boot","Mango","Capacitor","ReplayTheSpireMod:ShopPack","Secret Weapon","Regal Pillow","sneckomod:BlankCard","Static Discharge","Flashbang","PrismaticShard"],"campfire_rested":0,"item_purchase_floors":[2,2,2,2,2,2,2,2,2,8,8,8,8,8,8,13,13,13,13,20,20,20,20,20,20,20,22,22,22,22,27,27,27,31,31,31,31,31,36,36,36,36,36],"current_hp_per_floor":[74,74,74,74,73,73,57,57,57,57,30,27,27,27,27,53,78,77,77,77,77,77,72,86,92,92,92,94,94,94,108,110,110,112,116,116,133,133,135,135,137,133,133,141,143,140,145,127,145,139,139],"gold":93003,"neow_bonus":"","is_daily":false,"chose_seed":false,"campfire_upgraded":1,"win_rate":0.0,"timestamp":1607693612,"path_taken":["M","$","?","M","?","R","E","$","T","M","M","M","$","M","R_BF","BOSS","M","?","?","?","$","E","M","?","T","$","M","R","M","$","R","BOSS","M","$","M","?","M","R","?","M","T","?","?","?","R","?","R_BF","BOSS"],"items_purchased_type":["Relic","Relic","Relic","Card","Card","Potion","Potion","Potion","Card","Card","Card","Relic","Relic","Relic","Card","Relic","Relic","Card","Potion","Relic","Relic","Relic","Card","Card","Card","Potion","Relic","Relic","Card","Card","Relic","Relic","Relic","Relic","Relic","Card","Relic","Card","Relic","Relic","Card","Potion","Relic"],"build_version":"2020-11-30","purchased_purges":8,"victory":false,"max_hp_per_floor":[75,75,75,75,75,75,75,75,75,75,75,77,77,79,79,78,78,80,80,80,80,80,79,90,92,92,92,94,94,96,110,110,112,112,131,131,133,133,135,135,137,139,139,141,143,145,145,145,145,147,147],"card_choices":[{"not_picked":["MeatLantern","LittlePrince"],"picked":"SnowQueen","floor":1.0},{"not_picked":["Conserve Battery","Undo"],"picked":"Cold Snap","floor":1.0},{"not_picked":["PunishingBird","CrumblingArmor"],"picked":"OSAHOGD","floor":4.0},{"not_picked":["Leap","Gash"],"picked":"BasicCrystalCard","floor":4.0},{"not_picked":["QueenBee","UniverseFragment","SingingMachine"],"picked":"Singing Bowl","floor":5.0},{"not_picked":["Beam Cell","Cold Snap"],"picked":"Echo Form","floor":5.0},{"not_picked":["Porccubus","MHz","SpiderBud"],"picked":"Singing Bowl","floor":7.0},{"not_picked":["Turbo","Crystallizer"],"picked":"Defragment","floor":7.0},{"not_picked":["FairyFestival","MeatLantern"],"picked":"WallGazer","floor":10.0},{"not_picked":["Stack","Conserve Battery"],"picked":"Hyperbeam","floor":10.0},{"not_picked":["FairyFestival","Yin","Scorched"],"picked":"Singing Bowl","floor":11.0},{"not_picked":["UniverseFragment","Woodsman"],"picked":"Scarecrow","floor":11.0},{"not_picked":["Panic Button","Capacitor"],"picked":"Rainbow","floor":11.0},{"not_picked":["SingingMachine","MHz","UniverseFragment"],"picked":"Singing Bowl","floor":12.0},{"not_picked":["Wellcheers","QueenOfHatred"],"picked":"Mercenary","floor":12.0},{"not_picked":["Redo","Fusion"],"picked":"Crystallizer","floor":12.0},{"not_picked":["CherryBlossoms","BeautyBeast"],"picked":"BigBadWolf","floor":14.0},{"not_picked":["ReplaySort","Hologram"],"picked":"Hello World","floor":14.0},{"not_picked":["Scorched","PunishingBird","Funeral"],"picked":"Singing Bowl","floor":16.0},{"not_picked":["ShyLook","CrumblingArmor"],"picked":"VoidDream","floor":16.0},{"not_picked":["ReplayTheSpireMod:Omega Cannon","Amplify"],"picked":"Creative AI","floor":16.0},{"not_picked":["ShyLook","Porccubus","Scorched"],"picked":"Singing Bowl","floor":18.0},{"not_picked":["Leap","Cold Snap","Streamline"],"picked":"SKIP","floor":18.0},{"not_picked":["BeautyBeast","Scorched","LittlePrince"],"picked":"Singing Bowl","floor":23.0},{"not_picked":["Scorched","NakedNest"],"picked":"LongBird","floor":23.0},{"not_picked":["FTL","Chill"],"picked":"Chaos","floor":23.0},{"not_picked":["FairyFestival","LaLuna","QueenOfHatred"],"picked":"Singing Bowl","floor":24.0},{"not_picked":["Melter","BasicCrystalCard+1"],"picked":"Creative AI","floor":24.0},{"not_picked":["Force Field","Turbo"],"picked":"Biased Cognition","floor":24.0},{"not_picked":["Rudolta","MeatLantern","LittleHelper"],"picked":"Singing Bowl","floor":25.0},{"not_picked":["Sweeping Beam","Rebound"],"picked":"Beam Cell+1","floor":25.0},{"not_picked":["Stack","ReplayTheSpireMod:System Scan"],"picked":"Rainbow","floor":25.0},{"not_picked":["PunishingBird","GalaxyChild"],"picked":"VoidDream","floor":28.0},{"not_picked":["Darkness","BasicCrystalCard","Lockon"],"picked":"SKIP","floor":28.0},{"not_picked":["Chill","ReplayTheSpireMod:GoodbyeWorld","Ball Lightning"],"picked":"SKIP","floor":28.0},{"not_picked":["SilentOrchestra","Rudolta","UniverseFragment"],"picked":"Singing Bowl","floor":30.0},{"not_picked":["Panic Button","Core Surge"],"picked":"BasicCrystalCard+1","floor":30.0},{"not_picked":["Scrape","Redo","Gash"],"picked":"SKIP","floor":30.0},{"not_picked":["ReplayTheSpireMod:Necrogeddon","Secret Weapon"],"picked":"Sadistic Nature","floor":31.0},{"not_picked":["expansioncontent:HyperBeam","expansioncontent:DefensiveStance"],"picked":"Secret Weapon","floor":31.0},{"not_picked":["Replay:SS_forest_6","expansioncontent:ChargeUp"],"picked":"Replay:SS_forest_5","floor":31.0},{"not_picked":["Murderer","BigBird","WhitesApple"],"picked":"Singing Bowl","floor":33.0},{"not_picked":["Thunder Strike","Core Surge"],"picked":"Machine Learning","floor":33.0},{"not_picked":["BigBird","Yin"],"picked":"RedShoes","floor":35},{"not_picked":["All For One","Sunder"],"picked":"Heatsinks","floor":35},{"not_picked":["Chill","BasicCrystalCard","Stack+1"],"picked":"SKIP","floor":35},{"not_picked":["PunishingBird","GalaxyChild"],"picked":"FieryBird","floor":37},{"not_picked":["Armaments","Time Bomb"],"picked":"Caltrops+1","floor":37},{"not_picked":["All Out Attack+1","Evaluate+1","Guardian:Gem_Red"],"picked":"SKIP","floor":37},{"not_picked":["BlackArmy","CENSORED","CherryBlossoms"],"picked":"Singing Bowl","floor":39},{"not_picked":["sneckomod:SoulRoll+1","Skim+1"],"picked":"Replay:LoomingThreat","floor":39},{"not_picked":["Clash","sneckomod:UnknownBlock+1","Gash"],"picked":"SKIP","floor":39},{"not_picked":["DreamingCurrent","NakedNest"],"picked":"WallGazer","floor":41},{"not_picked":["Lantern","Slimebound:LevelUp"],"picked":"Guardian:SpikerProtocol+1","floor":41},{"not_picked":["Tactician+1","Slimebound:SelfFormingGoo"],"picked":"Defragment+1","floor":41},{"not_picked":["BlueStar","LittleHelper"],"picked":"BodiesMountain","floor":42},{"not_picked":["Steam","hexamod:FastForward+1","TodaysExpression+1"],"picked":"SKIP","floor":42},{"not_picked":["Guardian:PrimingBeam+1","Endless Agony+1","ReplayTheSpireMod:Strike From Hell+1"],"picked":"SKIP","floor":42},{"not_picked":["Variant","Porccubus","HeroicMonk"],"picked":"Singing Bowl","floor":44},{"not_picked":["Adrenaline","Flechettes+1"],"picked":"Static Discharge+1","floor":44},{"not_picked":["RedEyes+1","Slimebound:SplitAcid+1","Rainbow"],"picked":"SKIP","floor":44},{"not_picked":["Woodsman","GalaxyChild","MeltingLove"],"picked":"Singing Bowl","floor":45},{"not_picked":["NakedNest","BlueStar"],"picked":"BlackSwan","floor":45},{"not_picked":["CarveReality+1","Replay:ManipulateFuture+1"],"picked":"Offering","floor":45},{"not_picked":["sneckomod:SoulRoll+1","Bane+1"],"picked":"Ecstasy","floor":45},{"not_picked":["SingingMachine","MeatLantern","LaLuna"],"picked":"Singing Bowl","floor":46}],"player_experience":364311,"relics_obtained":[{"floor":7.0,"key":"Replay:Antivirus Software"},{"floor":9.0,"key":"CeramicFish"},{"floor":23.0,"key":"Art of War"},{"floor":26.0,"key":"Replay:Baseball"},{"floor":29.0,"key":"White Beast Statue"},{"floor":32.0,"key":"Vajra"},{"floor":40,"key":"Anchor"},{"floor":43,"key":"Whetstone"},{"floor":46,"key":"Ice Cream"},{"floor":47,"key":"Bronze Scales"}],"event_choices":[{"damage_healed":0.0,"max_hp_gain":0.0,"max_hp_loss":0.0,"gold_gain":0.0,"event_name":"The Woman in Blue","player_choice":"Bought 3 Potions","floor":3.0,"gold_loss":0.0,"damage_taken":0.0},{"damage_healed":0.0,"max_hp_gain":0.0,"max_hp_loss":0.0,"gold_gain":0.0,"event_name":"N\u0027loth","player_choice":"Traded Relic","floor":21.0,"relics_lost":["CeramicFish"],"gold_loss":0.0,"damage_taken":0.0,"relics_obtained":["Nloth\u0027s Gift"]},{"damage_healed":0,"gold_gain":0,"player_choice":"Paid Gold","damage_taken":0,"relics_obtained":["Lantern"],"max_hp_gain":0,"max_hp_loss":0,"event_name":"WeMeetAgain","floor":38,"gold_loss":132},{"damage_healed":0,"gold_gain":0,"player_choice":"Fight","damage_taken":0,"max_hp_gain":0,"max_hp_loss":0,"event_name":"Mysterious Sphere","floor":46,"gold_loss":0},{"damage_healed":0,"gold_gain":0,"player_choice":"Embrace Madness","damage_taken":18,"max_hp_gain":0,"max_hp_loss":0,"event_name":"Winding Halls","floor":48,"gold_loss":0,"cards_obtained":["Madness","Madness"]}],"is_beta":false,"boss_relics":[{"not_picked":["Astrolabe","SlaversCollar"],"picked":"Replay:Bronze Core"},{"not_picked":["Black Star","Painkiller Herb"],"picked":"Runic Dome"}],"items_purged_floors":[2,8,13,20,22,27,31,36],"is_endless":false,"potions_floor_spawned":[4,12,16,23,25,30,33,35,37,39,41,42,44,45,46],"killed_by":"FixerMidnight","ascension_level":0}}