{"host":"fqid566djxhwi0rl","time":1607725209,"event":{"mods":["2.2 Compatiblity","AchievementEnabler","Aspiration","BaseMod","Downfall","Energized Spire","Faster Ascension Climbing","GifTheSpireLib","Minty Spire (QoL Compilation)","Replay The Spire","Robot Space Explorer","StSLib","The Blackbeard","The Gatherer","Trackpad","Yuri Mod"],"gold_per_floor":[114,84,95,19,39,72,72,82,82,115,135,135,135,150,150,229,229,249,249,262,114,129,161,161,193,193,208,208,208,241,241,241,319,319,319,319,319],"floor_reached":35,"playtime":1899,"items_purged":["Gatherer:Strike_Gatherer"],"score":824,"play_id":"a714006d-fc91-425f-a290-fbc345dfb6af","local_time":"20201212002009","is_ascension_mode":true,"metric_token":1041,"campfire_choices":[{"data":"Gatherer:Centralize","floor":7.0,"key":"SMITH"},{"data":"Gatherer:Overflowing","floor":13.0,"key":"SMITH"},{"data":"Gatherer:Snatch","floor":15.0,"key":"SMITH"},{"data":"Gatherer:BomberForm","floor":24.0,"key":"SMITH"},{"floor":28.0,"key":"REST"},{"floor":32.0,"key":"REST"}],"circlet_count":0,"master_deck":["AscendersBane","Gatherer:Strike_Gatherer","Gatherer:Strike_Gatherer","Gatherer:Strike_Gatherer","Gatherer:Strike_Gatherer+1","Gatherer:Defend_Gatherer","Gatherer:Defend_Gatherer","Gatherer:Defend_Gatherer","Gatherer:Defend_Gatherer","Gatherer:Defend_Gatherer","Gatherer:Centralize+1","Gatherer:FlowerWhip","Gatherer:Overflowing+1","Gatherer:TreeGrowth","Gatherer:Snatch","Gatherer:RottenStipe+1","Gatherer:Snatch+1","Gatherer:AcidicSpray","Gatherer:MiningStrike","Gatherer:WoolGloves","Gatherer:BomberForm+1","Gatherer:FlowerPower","Gatherer:QuickSynthesis","sneckomod:Bewildered","Gatherer:MindSearch"],"relics":["Gatherer:MiracleBag","Akabeko","aspiration:FetidBarrel","Kunai","Ring of Peace","Ring of Misfortune","energizedSpire:CursedPentagram","Spirit Poop","Gremlin Food","aspiration:SneckoTail","trackpad:SappingStone","sneckomod:BabySnecko","ReplayTheSpireMod:Lightbulb"],"acts_visited":["Exordium","TheCity","TheBeyond"],"potions_floor_usage":[],"damage_taken":[{"damage":0.0,"enemies":"2 Louse","floor":1.0,"turns":2.0},{"damage":0.0,"enemies":"Cultist","floor":3.0,"turns":3.0},{"damage":4.0,"enemies":"Jaw Worm","floor":5.0,"turns":2.0},{"damage":2.0,"enemies":"Lagavulin","floor":6.0,"turns":7.0},{"damage":0.0,"enemies":"2 Fungi Beasts","floor":8.0,"turns":3.0},{"damage":25.0,"enemies":"Gremlin Nob","floor":10.0,"turns":4.0},{"damage":0.0,"enemies":"3 Louse","floor":11.0,"turns":2.0},{"damage":0.0,"enemies":"Red Slaver","floor":14.0,"turns":3.0},{"damage":0.0,"enemies":"Fading Forest","floor":16.0,"turns":11.0},{"damage":0.0,"enemies":"Spheric Guardian","floor":18.0,"turns":2.0},{"damage":0.0,"enemies":"3 Byrds","floor":20.0,"turns":5.0},{"damage":4.0,"enemies":"Cultist and Chosen","floor":22.0,"turns":4.0},{"damage":13.0,"enemies":"Replay:Snechameleon","floor":23.0,"turns":4.0},{"damage":19.0,"enemies":"Book of Stabbing","floor":25.0,"turns":6.0},{"damage":0.0,"enemies":"3 Cultists","floor":27.0,"turns":4.0},{"damage":0.0,"enemies":"Gremlin Leader","floor":30.0,"turns":6.0},{"damage":20.0,"enemies":"Automaton","floor":33.0,"turns":8.0},{"damage":0,"enemies":"Orb Walker","floor":35,"turns":3}],"seed_played":"-939732439627104015","potions_obtained":[{"floor":2.0,"key":"EntropicBrew"},{"floor":2.0,"key":"Weak Potion"},{"floor":6.0,"key":"Dexterity Potion"},{"floor":10.0,"key":"SteroidPotion"},{"floor":14.0,"key":"Flashbang"},{"floor":22.0,"key":"BottledMiracle"},{"floor":23.0,"key":"Explosive Potion"},{"floor":30.0,"key":"Adrenaline Potion"},{"floor":33.0,"key":"Slimebound:ThreeZeroPotion"}],"is_trial":false,"path_per_floor":["M","?","M","$","M","E","R","M","T","E","M","?","R","M","R","B",null,"M","?","M","$","M","E","R","E","T","M","R","?","E","?","R","B",null,"M"],"character_chosen":"THE_GATHERER","items_purchased":["Gatherer:RottenStipe","Gatherer:FlowerPower"],"campfire_rested":2,"item_purchase_floors":[4,21],"current_hp_per_floor":[65,65,65,65,61,59,59,59,59,34,34,34,34,34,34,42,65,65,65,65,65,61,48,48,29,29,29,50,50,50,50,71,51,67,67,67,67],"gold":319,"neow_bonus":"ONE_RANDOM_RARE_CARD","is_daily":false,"chose_seed":false,"campfire_upgraded":4,"win_rate":0.0,"timestamp":1607725209,"path_taken":["M","?","M","?","M","E","R","M","T","E","?","?","R","M","R","BOSS","M","?","M","$","?","E","R","E","T","M","R","?","E","?","R","BOSS","M"],"items_purchased_type":["Card","Card"],"build_version":"2020-11-30","purchased_purges":1,"victory":false,"max_hp_per_floor":[72,72,72,72,72,72,72,72,72,72,72,72,72,72,72,72,72,72,72,72,72,72,72,72,72,72,72,72,72,72,72,72,72,72,72,72,72],"card_choices":[{"not_picked":["Gatherer:EchoOfNature","Gatherer:PotentialSlash"],"picked":"Gatherer:TreeGrowth","floor":1.0},{"not_picked":["Gatherer:BambuSword","Gatherer:RottenStipe"],"picked":"Gatherer:Snatch","floor":3.0},{"not_picked":["Gatherer:EnergyBasket","Gatherer:Transmute"],"picked":"Gatherer:Snatch","floor":5.0},{"not_picked":["Gatherer:ScrollOfWall","Gatherer:PotentialSlash"],"picked":"Gatherer:AcidicSpray","floor":6.0},{"not_picked":["Gatherer:WoolGloves","Gatherer:Enchant"],"picked":"Gatherer:MiningStrike","floor":8.0},{"not_picked":["Gatherer:Convert","Gatherer:Herbalism"],"picked":"Gatherer:WoolGloves","floor":10.0},{"not_picked":["Gatherer:ScrollOfWall","Gatherer:CarefulStrike","Gatherer:TreeGrowth"],"picked":"SKIP","floor":11.0},{"not_picked":["Gatherer:SmartManeuver","Gatherer:RecipeChange","Gatherer:Snatch"],"picked":"SKIP","floor":14.0},{"not_picked":["Gatherer:BlackTea","Gatherer:LuckyClover"],"picked":"Gatherer:BomberForm","floor":16.0},{"not_picked":["Gatherer:VenomBarrier","Gatherer:ScherryThrow","Gatherer:ScentOfRosmari"],"picked":"SKIP","floor":18.0},{"not_picked":["Gatherer:CollectorsShot","Gatherer:RecoveryHerb","Gatherer:AcidicSpray"],"picked":"SKIP","floor":20.0},{"not_picked":["Gatherer:GatherMaterial","Gatherer:Duality"],"picked":"Gatherer:QuickSynthesis","floor":22.0},{"not_picked":["Gatherer:Duality","Gatherer:SealedBomb","Gatherer:RottenStipe"],"picked":"SKIP","floor":23.0},{"not_picked":["Gatherer:BambuSword","Gatherer:RecipeChange","Gatherer:CarefulStrike"],"picked":"SKIP","floor":25.0},{"not_picked":["Gatherer:Frenzy","Gatherer:Nutrients","Gatherer:Snatch"],"picked":"SKIP","floor":27.0},{"not_picked":["Gatherer:EnergyBasket","Gatherer:BalancedGrowth","Gatherer:FeelingFine"],"picked":"SKIP","floor":30.0},{"not_picked":["Gatherer:Examine","Gatherer:PoisonMastery"],"picked":"Gatherer:MindSearch","floor":33.0}],"player_experience":650053,"relics_obtained":[{"floor":6.0,"key":"Akabeko"},{"floor":9.0,"key":"aspiration:FetidBarrel"},{"floor":10.0,"key":"Kunai"},{"floor":12.0,"key":"Ring of Peace"},{"floor":12.0,"key":"Ring of Misfortune"},{"floor":23.0,"key":"Gremlin Food"},{"floor":25.0,"key":"aspiration:SneckoTail"},{"floor":26.0,"key":"trackpad:SappingStone"},{"floor":30.0,"key":"ReplayTheSpireMod:Lightbulb"}],"event_choices":[{"damage_healed":0.0,"max_hp_gain":0.0,"max_hp_loss":0.0,"gold_gain":0.0,"event_name":"The Woman in Blue","player_choice":"Bought 2 Potions","floor":2.0,"gold_loss":0.0,"damage_taken":0.0},{"cards_removed":["Hallucinations"],"damage_healed":0.0,"max_hp_gain":0.0,"max_hp_loss":0.0,"gold_gain":0.0,"event_name":"Bonfire Elementals","player_choice":"Offered Curse","floor":19.0,"gold_loss":0.0,"damage_taken":0.0,"relics_obtained":["Spirit Poop"]},{"damage_healed":0.0,"max_hp_gain":0.0,"max_hp_loss":0.0,"gold_gain":0.0,"event_name":"Ghosts","player_choice":"Ignored","floor":31.0,"gold_loss":0.0,"damage_taken":0.0}],"is_beta":false,"boss_relics":[{"not_picked":["Runic Pyramid","trackpad:StolenKidneys"],"picked":"energizedSpire:CursedPentagram"},{"not_picked":["energizedSpire:RedRose","Fusion Hammer"],"picked":"Gatherer:MiracleBag"}],"items_purged_floors":[21],"is_endless":false,"potions_floor_spawned":[6,10,14,22,23,30,33],"killed_by":"Orb Walker","ascension_level":13}}