{"host":"db9qq6yd9ck6prkg","time":1607690458,"event":{"mods":["BaseMod","Custom Start","Minty Spire (QoL Compilation)","StSLib","Uncapped"],"gold_per_floor":[112,123,98958,98971,98971,98999,98999,99033,99079,98081,98096,98121,98192,98129,98141,98230,98242,98265,97576,97609,97659,97659,97985,97995,98025,98025,98057,98057,98092,98105,98105,98105,98182,98182,98193,98206,98226,97429,97389,96618,95730,95730,95782,95811,94919,94945,94945,94945,94945,94945,94945,94945,94945,94201,94236,94236],"floor_reached":57,"playtime":1775,"items_purged":["Strike_R","Strike_R","Strike_R","Defend_R","Defend_R","Defend_R","Defend_R","Bash+1"],"score":3625,"play_id":"fafcf062-3a52-460e-9435-4ef66d6b561f","local_time":"20201211204058","is_ascension_mode":true,"campfire_choices":[{"data":"Immolate","floor":7.0,"key":"SMITH"},{"data":"Dark Embrace","floor":15.0,"key":"SMITH"},{"data":"Feel No Pain","floor":28.0,"key":"SMITH"},{"floor":32.0,"key":"RECALL"},{"data":"Feel No Pain","floor":42.0,"key":"SMITH"},{"data":"Evolve","floor":47.0,"key":"SMITH"},{"floor":49.0,"key":"REST"},{"data":"DevaForm","floor":53.0,"key":"SMITH"}],"circlet_count":0,"master_deck":["AscendersBane","Dark Embrace+1","Shrug It Off+1","True Grit+1","Immolate+1","Limit Break+1","Apotheosis+1","Crescendo+1","Turbo+1","DevaForm+1","Feel No Pain+1","Reprogram+1","Burning Pact+1","Offering+1","Evolve+1","Feel No Pain+1"],"relics":["Sozu","Toxic Egg 2","Cauldron","Letter Opener","Eternal Feather","Blood Vial","Vajra","Paper Frog","PrismaticShard","HornCleat","MawBank","Darkstone Periapt","Black Star","Bird Faced Urn","Anchor","Red Mask","Old Coin","Shuriken","Centennial Puzzle","Pantograph","Mummified Hand","Question Card","FossilizedHelix","InkBottle","Dream Catcher","Philosopher\u0027s Stone","Boot","HandDrill","Whetstone","Nunchaku","Du-Vu Doll","Chemical X","Toy Ornithopter","White Beast Statue","Pen Nib","Turnip","PreservedInsect","Thread and Needle","Sling","StrikeDummy","War Paint","Medical Kit","Art of War","Bronze Scales","Gremlin Horn","Ornamental Fan"],"acts_visited":[],"potions_floor_usage":[],"damage_taken":[{"damage":1.0,"enemies":"Cultist","floor":1.0,"turns":3.0},{"damage":2.0,"enemies":"Jaw Worm","floor":2.0,"turns":3.0},{"damage":4.0,"enemies":"Small Slimes","floor":4.0,"turns":3.0},{"damage":16.0,"enemies":"3 Sentries","floor":6.0,"turns":7.0},{"damage":31.0,"enemies":"Gremlin Nob","floor":8.0,"turns":4.0},{"damage":0.0,"enemies":"Looter","floor":11.0,"turns":3.0},{"damage":0.0,"enemies":"3 Sentries","floor":12.0,"turns":3.0},{"damage":7.0,"enemies":"Lagavulin Event","floor":13.0,"turns":5.0},{"damage":0.0,"enemies":"The Guardian","floor":16.0,"turns":4.0},{"damage":13.0,"enemies":"3 Byrds","floor":18.0,"turns":3.0},{"damage":20.0,"enemies":"Masked Bandits","floor":20.0,"turns":3.0},{"damage":0.0,"enemies":"Gremlin Leader","floor":23.0,"turns":4.0},{"damage":0.0,"enemies":"Chosen","floor":24.0,"turns":4.0},{"damage":14.0,"enemies":"Slavers","floor":25.0,"turns":4.0},{"damage":0.0,"enemies":"Book of Stabbing","floor":27.0,"turns":4.0},{"damage":16.0,"enemies":"Slavers","floor":29.0,"turns":4.0},{"damage":0.0,"enemies":"Snecko","floor":30.0,"turns":3.0},{"damage":8.0,"enemies":"Collector","floor":33.0,"turns":5.0},{"damage":0.0,"enemies":"3 Darklings","floor":35.0,"turns":3.0},{"damage":0.0,"enemies":"Orb Walker","floor":36.0,"turns":4.0},{"damage":12.0,"enemies":"Sphere and 2 Shapes","floor":37.0,"turns":4.0},{"damage":0.0,"enemies":"Reptomancer","floor":44.0,"turns":2.0},{"damage":0.0,"enemies":"Giant Head","floor":46.0,"turns":2.0},{"damage":6.0,"enemies":"Time Eater","floor":50.0,"turns":3.0},{"damage":0.0,"enemies":"Donu and Deca","floor":51.0,"turns":2.0},{"damage":13.0,"enemies":"Shield and Spear","floor":55.0,"turns":2.0},{"damage":0,"enemies":"The Heart","floor":56,"turns":5}],"seed_played":"1483195437440971638","potions_obtained":[],"is_trial":false,"path_per_floor":["M","M","$","M","?","E","R","E","T","$","M","E","?","?","R","B",null,"M","$","?","?","?","E","M","E","T","E","R","E","M","?","R","B",null,"M","M","M","$","?","$","$","R","T","E","$","E","R","?","R","B","B",null,"R","$","E","B",null],"character_chosen":"IRONCLAD","items_purchased":["Toxic Egg 2","Cauldron","Letter Opener","Dark Embrace","Shrug It Off+1","True Grit+1","Immolate","Apotheosis+1","Paper Frog","PrismaticShard","HornCleat","Bird Faced Urn","Anchor","Feel No Pain","Offering+1","Boot","HandDrill","Whetstone","Nunchaku","Du-Vu Doll","Evolve","Chemical X","Toy Ornithopter","White Beast Statue","Feel No Pain","PreservedInsect","Thread and Needle","Sling","Medical Kit","Art of War","Bronze Scales"],"campfire_rested":1,"item_purchase_floors":[3,3,3,3,3,3,3,10,10,10,10,19,19,19,38,38,38,38,40,40,40,41,41,41,41,45,45,45,54,54,54],"current_hp_per_floor":[67,65,65,61,61,45,51,20,20,20,22,24,19,19,28,30,64,53,53,41,41,41,49,55,49,49,57,66,58,66,66,75,67,73,75,75,63,63,63,63,63,72,72,75,75,75,75,65,75,69,75,75,75,75,71,75],"gold":94236,"neow_bonus":"BOSS_RELIC","is_daily":false,"chose_seed":false,"campfire_upgraded":6,"win_rate":0.0,"timestamp":1607690458,"path_taken":["M","M","?","M","?","E","R","E","T","$","M","E","?","?","R","BOSS","M","$","?","?","?","E","?","E","T","E","R","E","M","?","R","BOSS","M","M","M","$","?","?","$","R","T","E","$","E","R","?","R","BOSS","BOSS","R","$","E","BOSS"],"items_purchased_type":["Relic","Relic","Relic","Card","Undefined","Undefined","Card","Undefined","Relic","Relic","Relic","Relic","Relic","Card","Undefined","Relic","Relic","Relic","Relic","Relic","Card","Relic","Relic","Relic","Card","Relic","Relic","Relic","Relic","Relic","Relic"],"build_version":"2020-11-30","purchased_purges":8,"victory":true,"max_hp_per_floor":[75,75,75,75,75,75,75,75,75,75,75,75,75,75,75,75,75,75,75,75,75,75,75,75,75,75,75,75,75,75,75,75,75,75,75,75,75,75,75,75,75,75,75,75,75,75,75,75,75,75,75,75,75,75,75,75],"card_choices":[{"not_picked":["Sever Soul","Cleave"],"picked":"Limit Break+1","floor":8.0},{"not_picked":["Ball Lightning","Fire Breathing"],"picked":"Crescendo+1","floor":12.0},{"not_picked":["Undo+1","Bandage Up+1"],"picked":"Turbo+1","floor":13.0},{"not_picked":["Fission+1","Reaper"],"picked":"DevaForm","floor":16.0},{"not_picked":["Underhanded Strike","Streamline"],"picked":"Reprogram+1","floor":24.0},{"not_picked":["Infernal Blade+1","Brutality"],"picked":"Burning Pact+1","floor":27.0},{"not_picked":["Double Energy+1","Deflect+1","Hemokinesis","Choke"],"picked":"SKIP","floor":29.0},{"not_picked":["Ball Lightning","Turbo+1","Biased Cognition","EmptyFist+1"],"picked":"SKIP","floor":44.0},{"not_picked":["Flechettes+1","Intimidate+1","Melter","Glacier+1"],"picked":"SKIP","floor":55.0}],"player_experience":162334,"relics_obtained":[{"floor":6.0,"key":"Eternal Feather"},{"floor":8.0,"key":"Blood Vial"},{"floor":9.0,"key":"Vajra"},{"floor":12.0,"key":"MawBank"},{"floor":20.0,"key":"Red Mask"},{"floor":23.0,"key":"Old Coin"},{"floor":23.0,"key":"Shuriken"},{"floor":25.0,"key":"Centennial Puzzle"},{"floor":25.0,"key":"Pantograph"},{"floor":26.0,"key":"Mummified Hand"},{"floor":27.0,"key":"Question Card"},{"floor":27.0,"key":"FossilizedHelix"},{"floor":29.0,"key":"InkBottle"},{"floor":29.0,"key":"Dream Catcher"},{"floor":44.0,"key":"Pen Nib"},{"floor":44.0,"key":"Turnip"},{"floor":46.0,"key":"StrikeDummy"},{"floor":46.0,"key":"War Paint"},{"floor":55.0,"key":"Gremlin Horn"},{"floor":55.0,"key":"Ornamental Fan"}],"event_choices":[{"damage_healed":0.0,"max_hp_gain":0.0,"max_hp_loss":0.0,"gold_gain":0.0,"event_name":"Liars Game","player_choice":"Ignored","floor":5.0,"gold_loss":0.0,"damage_taken":0.0},{"damage_healed":0.0,"max_hp_gain":0.0,"max_hp_loss":0.0,"gold_gain":0.0,"event_name":"Dead Adventurer","player_choice":"Searched \u00273\u0027 times","floor":13.0,"gold_loss":0.0,"damage_taken":0.0,"relics_obtained":["Darkstone Periapt"]},{"cards_removed":["Strike_R"],"damage_healed":0.0,"max_hp_gain":0.0,"max_hp_loss":0.0,"gold_gain":0.0,"event_name":"The Cleric","player_choice":"Card Removal","floor":14.0,"gold_loss":75.0,"damage_taken":0.0},{"damage_healed":0.0,"max_hp_gain":0.0,"max_hp_loss":0.0,"gold_gain":0.0,"event_name":"Masked Bandits","player_choice":"Fought Bandits","floor":20.0,"gold_loss":0.0,"damage_taken":0.0},{"damage_healed":0.0,"max_hp_gain":0.0,"max_hp_loss":0.0,"gold_gain":50.0,"event_name":"Nest","player_choice":"Stole From Cult","floor":21.0,"gold_loss":0.0,"damage_taken":0.0},{"damage_healed":0.0,"max_hp_gain":0.0,"max_hp_loss":0.0,"gold_gain":0.0,"event_name":"FaceTrader","player_choice":"Leave","floor":22.0,"gold_loss":0.0,"damage_taken":0.0},{"cards_removed":["Strike_R"],"damage_healed":0.0,"max_hp_gain":0.0,"max_hp_loss":0.0,"gold_gain":0.0,"event_name":"Back to Basics","player_choice":"Elegance","floor":31.0,"gold_loss":0.0,"damage_taken":0.0},{"damage_healed":0.0,"max_hp_gain":0.0,"max_hp_loss":0.0,"gold_gain":0.0,"event_name":"The Woman in Blue","player_choice":"Bought 3 Potions","floor":39.0,"gold_loss":0.0,"damage_taken":0.0},{"damage_healed":0.0,"max_hp_gain":0.0,"max_hp_loss":0.0,"gold_gain":0.0,"event_name":"SensoryStone","player_choice":"Memory 3","floor":48.0,"gold_loss":0.0,"damage_taken":10.0}],"is_beta":false,"boss_relics":[{"not_picked":["Tiny House","SlaversCollar"],"picked":"Black Star"},{"not_picked":["Velvet Choker","Cursed Key"],"picked":"Philosopher\u0027s Stone"}],"items_purged_floors":[3,10,19,38,40,41,45,54],"is_endless":false,"potions_floor_spawned":[1,2,8,11,16,18,23,24,33,37,44,46,55],"ascension_level":20}}