{"host":"c2f2v4g0x0pdj4uy","time":1607667211,"event":{"mods":["Aspiration","BaseMod","Better Note","BetterRewards","Challenge The Spire","Colored Map","HololiveMod","Luminous","Minty Spire (QoL Compilation)","Relic Stats","RumiaBox-露米娅的神秘盒子","Shop Mod","Spicy Shops","StSLib","Td1madao Mod","The Cursed","The Gatherer","The Servant 0.9.4"],"gold_per_floor":[113,128,108,125,145,177,177,191,214,289,289,305,334,334,334,431,431,445,445,4,17,116,151,151,151,151,151,151,178,191,191,191,289,289,303,316,316,316,316,316,346,366,389,389,409,2,18,51,51,51,51,51,2,36,36],"floor_reached":56,"playtime":3727,"items_purged":["Strike_S","Defend_S"],"score":1778,"play_id":"ea5d2f26-903a-4d13-970c-6b2acbf08219","local_time":"20201211141331","is_ascension_mode":false,"campfire_choices":[{"data":"SilverMatrix","floor":7,"key":"SMITH"},{"data":"Apotheosis","floor":28,"key":"SMITH"},{"floor":32,"key":"RECALL"},{"data":"BottledTime","floor":40,"key":"SMITH"},{"data":"InstantArmor","floor":44,"key":"SMITH"},{"data":"Rearm","floor":49,"key":"SMITH"},{"data":"MoonPhase","floor":52,"key":"SMITH"}],"circlet_count":0,"master_deck":["Strike_S","Defend_S","Defend_S","KidneyShot","Exchange","Rearm","FastForward","Revamp","Contraction","InstantArmor+1","Hightail","SilverMatrix+1","Orbit","MoonPhase+1","SilverMatrix","Spin+1","Apotheosis+1","Trip","Rewind","BottledTime+1","StarChef","Solidify","SurpressingFire","LightFlow","DualDimension+1","Unruled","Solidify","BottledTime+1","Rearm+1","Solidify","BottledTime+1"],"relics":["Uniform","Lee\u0027s Waffle","Singing Bowl","PreservedInsect","Du-Vu Doll","SSSystem","aspiration:ArtOfWarUpgrade","Juzu Bracelet","Coffee Dripper","ZombieArmy","SecretRecord","Ring of the Snake","Gremlin Horn","Question Card","SoulBox","Smiling Mask","Vajra","GodSword1","DollysMirror","Pear","Blue Candle"],"acts_visited":["Exordium","TheCity","TheBeyond","TheEnding"],"potions_floor_usage":[4,16,16],"damage_taken":[{"damage":5,"enemies":"2 Louse","floor":1,"turns":5},{"damage":6,"enemies":"Cultist","floor":2,"turns":4},{"damage":10,"enemies":"Small Slimes","floor":4,"turns":5},{"damage":0,"enemies":"3 Louse","floor":5,"turns":3},{"damage":7,"enemies":"Lagavulin","floor":6,"turns":12},{"damage":0,"enemies":"Looter","floor":8,"turns":3},{"damage":0,"enemies":"Gremlin Gang","floor":12,"turns":5},{"damage":16,"enemies":"Gremlin Nob","floor":13,"turns":5},{"damage":0,"enemies":"The Guardian","floor":16,"turns":7},{"damage":0,"enemies":"Spheric Guardian","floor":18,"turns":4},{"damage":0,"enemies":"Chosen","floor":21,"turns":4},{"damage":0,"enemies":"Gremlin Leader","floor":23,"turns":4},{"damage":1,"enemies":"Slavers","floor":29,"turns":3},{"damage":0,"enemies":"Snecko","floor":30,"turns":2},{"damage":0,"enemies":"Collector","floor":33,"turns":7},{"damage":0,"enemies":"Orb Walker","floor":35,"turns":2},{"damage":0,"enemies":"3 Shapes","floor":36,"turns":5},{"damage":0,"enemies":"Nemesis","floor":41,"turns":3},{"damage":0,"enemies":"Jaw Worm Horde","floor":42,"turns":2},{"damage":0,"enemies":"Transient","floor":45,"turns":5},{"damage":0,"enemies":"Maw","floor":47,"turns":4},{"damage":0,"enemies":"Reptomancer","floor":48,"turns":1},{"damage":0,"enemies":"Awakened One","floor":50,"turns":7},{"damage":0,"enemies":"Shield and Spear","floor":54,"turns":2},{"damage":0,"enemies":"The Heart","floor":55,"turns":10}],"seed_played":"186982562005239170","potions_obtained":[{"floor":1,"key":"Swift Potion"},{"floor":3,"key":"CultistPotion"},{"floor":5,"key":"SkillPotion"},{"floor":12,"key":"Energy Potion"},{"floor":18,"key":"ColorlessPotion"},{"floor":23,"key":"SmokeBomb"},{"floor":33,"key":"LiquidMemories"},{"floor":36,"key":"Fire Potion"}],"is_trial":false,"path_per_floor":["M","M","?","M","M","E","R","M","T","?","R","M","E","?","R","B",null,"M","?","$","M","?","E","?","?","T","?","R","E","M","T","R","B",null,"M","M","?","?","?","R","E","M","T","R","M","$","M","E","R","B",null,"R","$","E","B",null],"character_chosen":"THE_SERVANT","items_purchased":["Lee\u0027s Waffle","Rearm","Singing Bowl","PreservedInsect","FastForward","Apotheosis","Trip","Rewind","GodSword1","DollysMirror","PowerPotion"],"campfire_rested":0,"item_purchase_floors":[0,0,0,0,0,20,20,20,46,46,53],"current_hp_per_floor":[69,63,63,53,53,46,46,46,46,35,35,35,19,12,12,12,74,74,74,74,74,74,76,76,76,76,76,76,75,75,75,75,75,76,78,78,74,74,74,74,74,74,74,74,76,76,76,88,88,88,88,88,88,88,88],"gold":36,"neow_bonus":"","is_daily":false,"chose_seed":false,"campfire_upgraded":6,"win_rate":0.0,"timestamp":1607667211,"path_taken":["M","M","?","M","?","E","R","M","T","?","R","M","E","?","R","BOSS","M","?","$","M","?","E","?","?","T","?","R","E","M","?","R","BOSS","M","M","?","?","?","R","E","M","T","R","M","$","M","E","R","BOSS","R","$","E","BOSS"],"items_purchased_type":["Relic","Card","Relic","Relic","Card","Card","Card","Card","Relic","Relic","Potion"],"build_version":"2020-11-30","purchased_purges":2,"victory":true,"max_hp_per_floor":[74,74,74,74,74,74,74,74,74,74,74,74,74,74,74,74,74,74,74,74,74,74,76,76,76,76,76,76,76,76,76,76,76,76,78,78,74,74,74,74,74,74,74,74,76,76,76,88,88,88,88,88,88,88,88],"relic_stats":{"Lee\u0027s Waffle":38,"Singing Bowl":10,"Gremlin Horn":[13,13],"counters":[25,114],"Blue Candle":[0],"PreservedInsect":312,"Juzu Bracelet":2,"Question Card":9,"Smiling Mask":0,"obtain_stats":[{"DaveBox":0,"Singing Bowl":0,"Gremlin Horn":29,"SSSystem":6,"Vajra":43,"SecretRecord":24,"SoulBox":34,"Juzu Bracelet":13,"Smiling Mask":41,"DollysMirror":46,"aspiration:ArtOfWarUpgrade":15,"ZombieArmy":23,"Ring of the Snake":25,"TheCursedMod:BlackMagic101":0,"Lee\u0027s Waffle":0,"Pear":48,"aspiration:Nostalgia":0,"Blue Candle":54,"PreservedInsect":0,"Question Card":31,"Du-Vu Doll":0,"Art of War":9,"Coffee Dripper":17,"Apod":0,"GodSword1":46},{"DaveBox":0,"Singing Bowl":0,"Gremlin Horn":13,"SSSystem":5,"Vajra":19,"SecretRecord":12,"SoulBox":15,"Juzu Bracelet":8,"Smiling Mask":18,"DollysMirror":20,"aspiration:ArtOfWarUpgrade":8,"ZombieArmy":12,"Ring of the Snake":12,"TheCursedMod:BlackMagic101":0,"Lee\u0027s Waffle":0,"Pear":22,"aspiration:Nostalgia":0,"Blue Candle":24,"PreservedInsect":0,"Question Card":14,"Du-Vu Doll":0,"Art of War":6,"Coffee Dripper":9,"Apod":0,"GodSword1":20},{"DaveBox":0,"Singing Bowl":0,"Gremlin Horn":64,"SSSystem":29,"Vajra":85,"SecretRecord":61,"SoulBox":73,"Juzu Bracelet":42,"Smiling Mask":83,"DollysMirror":90,"aspiration:ArtOfWarUpgrade":42,"ZombieArmy":61,"Ring of the Snake":61,"TheCursedMod:BlackMagic101":0,"Lee\u0027s Waffle":0,"Pear":95,"aspiration:Nostalgia":0,"Blue Candle":104,"PreservedInsect":0,"Question Card":66,"Du-Vu Doll":0,"Art of War":32,"Coffee Dripper":49,"Apod":0,"GodSword1":90}],"Ring of the Snake":[26]},"card_choices":[{"not_picked":["ReturningBlade","Replace","Revamp"],"picked":"Singing Bowl","floor":1},{"not_picked":["DoubleEdge","Rewind"],"picked":"Contraction","floor":2},{"not_picked":["Revamp","FastForward"],"picked":"InstantArmor","floor":4},{"not_picked":["Unruled","FastForward"],"picked":"Hightail","floor":5},{"not_picked":["Replace","Potential"],"picked":"SilverMatrix","floor":6},{"not_picked":["FastForward","Alleviate"],"picked":"InstantArmor","floor":8},{"not_picked":["FastForward","Misdirection"],"picked":"Orbit","floor":12},{"not_picked":["Gouge","StarChef"],"picked":"MoonPhase","floor":13},{"not_picked":["MurderousAura","Duplication"],"picked":"SilverMatrix","floor":16},{"not_picked":["Starlight","Ricochet+1"],"picked":"Spin+1","floor":18},{"not_picked":["Rewind+1","Revamp"],"picked":"BottledTime","floor":21},{"not_picked":["SpecialFormula","Desolation+1","DoubleEdge"],"picked":"Singing Bowl","floor":23},{"not_picked":["Sabotage","Potential"],"picked":"Solidify","floor":29},{"not_picked":["Unruled+1","Ricochet"],"picked":"SurpressingFire","floor":30},{"not_picked":["Deny","TheWorld","KillingDoll"],"picked":"LightFlow","floor":33},{"not_picked":["InstantArmor+1","Unruled","Rewind+1","TimeWarp+1"],"picked":"Singing Bowl","floor":35},{"not_picked":["Defy","Rewind","FastForward"],"picked":"DualDimension+1","floor":36},{"not_picked":["Moonlight","ShatteredReality+1","Replace"],"picked":"Solidify","floor":41},{"not_picked":["ShatteredReality","FastForward+1","Contraction"],"picked":"BottledTime+1","floor":42},{"not_picked":["DoubleEdge","Alleviate","Defy","Replace"],"picked":"Singing Bowl","floor":45},{"not_picked":["Unruled+1","RealityMarble","Replace"],"picked":"Solidify","floor":47},{"not_picked":["FloweringNight","Ricochet+1","Starlight","Read"],"picked":"Singing Bowl","floor":48},{"not_picked":["ShiftingGears+1","Barrier+1","Ricochet"],"picked":"BottledTime+1","floor":54}],"player_experience":260842,"relics_obtained":[{"floor":6,"key":"SSSystem"},{"floor":9,"key":"Art of War"},{"floor":13,"key":"Juzu Bracelet"},{"floor":23,"key":"ZombieArmy"},{"floor":29,"key":"Gremlin Horn"},{"floor":31,"key":"Question Card"},{"floor":41,"key":"Smiling Mask"},{"floor":43,"key":"Vajra"},{"floor":48,"key":"Pear"},{"floor":54,"key":"Blue Candle"}],"event_choices":[{"damage_healed":0,"gold_gain":0,"player_choice":"Bought 1 Potion","damage_taken":0,"max_hp_gain":0,"max_hp_loss":0,"event_name":"The Woman in Blue","floor":3,"gold_loss":0},{"damage_healed":0,"gold_gain":75,"player_choice":"Gather Gold","damage_taken":11,"max_hp_gain":0,"max_hp_loss":0,"event_name":"World of Goop","floor":10,"gold_loss":0},{"cards_removed":["Strike_S"],"damage_healed":0,"gold_gain":0,"player_choice":"Card Removal","damage_taken":7,"max_hp_gain":0,"max_hp_loss":0,"event_name":"Golden Wing","floor":14,"gold_loss":0},{"damage_healed":0,"gold_gain":0,"player_choice":"Ignored","damage_taken":0,"max_hp_gain":0,"max_hp_loss":0,"event_name":"betterNote:BetterNote","floor":19,"gold_loss":0,"cards_obtained":["Eruption"]},{"damage_healed":0,"gold_gain":99,"player_choice":"Stole From Cult","damage_taken":0,"max_hp_gain":0,"max_hp_loss":0,"event_name":"Nest","floor":22,"gold_loss":0},{"damage_healed":0,"gold_gain":0,"player_choice":"Gave Potion","damage_taken":0,"relics_obtained":["SecretRecord"],"max_hp_gain":0,"max_hp_loss":0,"event_name":"WeMeetAgain","floor":24,"gold_loss":0},{"damage_healed":0,"gold_gain":0,"cards_transformed":["InstantArmor","Defend_S"],"player_choice":"Became Test Subject","damage_taken":0,"max_hp_gain":0,"max_hp_loss":0,"event_name":"Drug Dealer","floor":27,"gold_loss":0,"cards_obtained":["FanOfKnives","StarChef"]},{"damage_healed":0,"gold_gain":0,"player_choice":"Max HP","damage_taken":0,"max_hp_gain":0,"max_hp_loss":4,"event_name":"Winding Halls","floor":37,"gold_loss":0},{"damage_healed":0,"gold_gain":0,"cards_transformed":["FanOfKnives"],"player_choice":"Transformed","damage_taken":0,"max_hp_gain":0,"max_hp_loss":0,"event_name":"Transmorgrifier","floor":38,"gold_loss":0,"cards_obtained":["Unruled"]},{"cards_removed":["Strike_S"],"damage_healed":0,"gold_gain":0,"player_choice":"Offered Basic","damage_taken":0,"max_hp_gain":0,"max_hp_loss":0,"event_name":"Bonfire Elementals","floor":39,"gold_loss":0}],"is_beta":false,"boss_relics":[{"not_picked":["EasyGame_NEW","Hololive_ChaosS"],"picked":"Coffee Dripper"},{"not_picked":["aspiration:RunicSpoon","StoneMask"],"picked":"SoulBox"}],"items_purged_floors":[0,20],"is_endless":false,"potions_floor_spawned":[1,5,12,18,23,33,36,45,47,48],"ascension_level":0}}