{"host":"fr59kc135u003izd","time":1607724290,"event":{"mods":["AchievementEnabler","BaseMod","Better Note","Better Third Choice","BetterRewards","Colored Map","Colored Powertips","Custom Start","Hermit","Lobotomy","Marisa????????","Minty Spire (QoL Compilation)","Permanent Neow","Rare Cards Sparkle","Relic Stats","StSLib","The Bug Knight","The Poker Player","Uncapped"],"gold_per_floor":[109,129,129,143,159,159,182,245,298,131,175,189,210,233,233,296,296,311,120,134,134,134,134],"floor_reached":21,"playtime":2636,"items_purged":[],"score":210,"play_id":"18192345-99b2-4e7b-9731-c06305f84d60","local_time":"20201211160450","is_ascension_mode":false,"metric_token":1234,"campfire_choices":[{"data":"PokerPlayerMod:CloakAndDiamond","floor":6,"key":"SMITH"},{"data":"PokerPlayerMod:Spade1","floor":15,"key":"SMITH"}],"circlet_count":0,"master_deck":["PokerPlayerMod:Diamond1","PokerPlayerMod:Diamond2","PokerPlayerMod:Diamond3","HereticApostle","PokerPlayerMod:Diamond5","PokerPlayerMod:Spade2","PokerPlayerMod:Spade2","PokerPlayerMod:Spade3","PokerPlayerMod:Spade4","PokerPlayerMod:Club1","PokerPlayerMod:Club2","PokerPlayerMod:Heart2","PokerPlayerMod:TrumpStrike","PokerPlayerMod:BadJoker","PokerPlayerMod:Mulligan","Bloodbath","PokerPlayerMod:SecondChance","VoidDream","PokerPlayerMod:CloakAndDiamond+1","PokerPlayerMod:SpadeStrike","SpiderBud","PokerPlayerMod:Spade2","MHz","BeautyBeast","PokerPlayerMod:MagicTrick","PokerPlayerMod:MagicTrick","Freischutz","PokerPlayerMod:Diamond3","PokerPlayerMod:CardBurn","QueenOfHatred","ShyLook","PokerPlayerMod:MagicTrick","PokerPlayerMod:Spade4","UniverseFragment","PokerPlayerMod:ItsShowtime","HappyTeddy","PokerPlayerMod:Club4","Apotheosis","PokerPlayerMod:HiddenCard","CherryBlossoms"],"relics":["PokerPlayerMod:DeckCase","CogitoBucket","Golden Idol","Juzu Bracelet","HandDrill","Bottled Lightning","BackwardClock","Runic Pyramid","ChangeAnything"],"acts_visited":["Exordium","TheCity"],"potions_floor_usage":[16,20,20],"damage_taken":[{"damage":7,"enemies":"Jaw Worm","floor":1,"turns":2},{"damage":0,"enemies":"2 Louse","floor":2,"turns":2},{"damage":1,"enemies":"Cultist","floor":4,"turns":3},{"damage":6,"enemies":"Looter","floor":5,"turns":3},{"damage":2,"enemies":"Gremlin Gang","floor":7,"turns":4},{"damage":4,"enemies":"HollowMod:MossKnight","floor":11,"turns":8},{"damage":0,"enemies":"Blue Slaver","floor":12,"turns":3},{"damage":1,"enemies":"3 Louse","floor":13,"turns":2},{"damage":5,"enemies":"Exordium Thugs","floor":14,"turns":4},{"damage":33,"enemies":"Hexaghost","floor":16,"turns":9},{"damage":0,"enemies":"Spheric Guardian","floor":18,"turns":5},{"damage":10,"enemies":"Shell Parasite","floor":20,"turns":5},{"damage":77,"enemies":"Centurion and Healer","floor":21,"turns":7}],"seed_played":"-756104141146408935","potions_obtained":[{"floor":1,"key":"ColorlessPotion"},{"floor":7,"key":"Energy Potion"},{"floor":11,"key":"PowerPotion"},{"floor":16,"key":"Swift Potion"}],"is_trial":false,"path_per_floor":["M","M","?","M","M","R","M","?","T","$","E","M","M","M","R","B",null,"M","$","M","M"],"character_chosen":"THE_POKER_PLAYER","items_purchased":["HandDrill","PokerPlayerMod:MagicTrick","Apotheosis"],"campfire_rested":0,"item_purchase_floors":[10,10,19],"current_hp_per_floor":[47,50,37,37,32,32,37,37,37,37,39,46,51,52,52,24,52,52,52,51,0,0,0],"gold":134,"neow_bonus":"","is_daily":false,"chose_seed":false,"campfire_upgraded":2,"win_rate":0.0,"timestamp":1607724290,"path_taken":["M","M","?","M","M","R","M","?","T","$","E","M","M","M","R","BOSS","M","$","M","M"],"items_purchased_type":["Relic","Card","Card"],"build_version":"2020-11-30","purchased_purges":0,"victory":false,"max_hp_per_floor":[52,52,52,52,52,52,52,52,52,52,52,52,52,52,52,52,52,52,52,52,52,52,52],"relic_stats":{"counters":[16,60],"Golden Idol":63,"Juzu Bracelet":0,"HandDrill":[12],"obtain_stats":[{"BackwardClock":12,"PokerPlayerMod:DeckCase":0,"CogitoBucket":0,"Golden Idol":3,"Juzu Bracelet":9,"HandDrill":10,"Bottled Lightning":11,"ChangeAnything":20,"Runic Pyramid":17},{"BackwardClock":8,"PokerPlayerMod:DeckCase":0,"CogitoBucket":0,"Golden Idol":2,"Juzu Bracelet":5,"HandDrill":5,"Bottled Lightning":6,"ChangeAnything":14,"Runic Pyramid":11},{"BackwardClock":26,"PokerPlayerMod:DeckCase":0,"CogitoBucket":0,"Golden Idol":4,"Juzu Bracelet":14,"HandDrill":14,"Bottled Lightning":22,"ChangeAnything":52,"Runic Pyramid":41}]},"card_choices":[{"not_picked":["Murderer","MeatLantern"],"picked":"Bloodbath","floor":1},{"not_picked":["PokerPlayerMod:Spade5","PokerPlayerMod:Diamond1"],"picked":"PokerPlayerMod:SecondChance","floor":1},{"not_picked":["OldLady","ShyLook"],"picked":"VoidDream","floor":2},{"not_picked":["PokerPlayerMod:Spade1","PokerPlayerMod:Diamond3"],"picked":"PokerPlayerMod:CloakAndDiamond","floor":2},{"not_picked":["PokerPlayerMod:Spade2","PokerPlayerMod:ClubStrike"],"picked":"PokerPlayerMod:SpadeStrike","floor":4},{"not_picked":["MeatLantern","Porccubus","OSAHOGD"],"picked":"Singing Bowl","floor":4},{"not_picked":["UniverseFragment","OldLady"],"picked":"SpiderBud","floor":4},{"not_picked":["PokerPlayerMod:Diamond2","PokerPlayerMod:FlyingCard"],"picked":"PokerPlayerMod:Spade2","floor":5},{"not_picked":["WhitesApple","SingingMachine"],"picked":"MHz","floor":5},{"not_picked":["GreedKing","FairyFestival"],"picked":"BeautyBeast","floor":7},{"not_picked":["PokerPlayerMod:RoyalStrike","PokerPlayerMod:Diamond3"],"picked":"PokerPlayerMod:MagicTrick","floor":7},{"not_picked":["FieryBird","Mercenary"],"picked":"Freischutz","floor":11},{"not_picked":["PokerPlayerMod:Spade3","PokerPlayerMod:Diamond1"],"picked":"PokerPlayerMod:Diamond3","floor":11},{"not_picked":["PokerPlayerMod:HotShotCut","PokerPlayerMod:Configure"],"picked":"PokerPlayerMod:CardBurn","floor":12},{"not_picked":["PunishingBird","WallGazer"],"picked":"QueenOfHatred","floor":12},{"not_picked":["MeatLantern","WallGazer"],"picked":"ShyLook","floor":13},{"not_picked":["PokerPlayerMod:SpadeStrike","PokerPlayerMod:Diamond2"],"picked":"PokerPlayerMod:MagicTrick","floor":13},{"not_picked":["PokerPlayerMod:Diamond3","PokerPlayerMod:Heart1"],"picked":"PokerPlayerMod:Spade4","floor":14},{"not_picked":["WallGazer","Murderer"],"picked":"UniverseFragment","floor":14},{"not_picked":["PokerPlayerMod:RoyalStrike","PokerPlayerMod:Duplicate"],"picked":"PokerPlayerMod:ItsShowtime","floor":16},{"not_picked":["OSAHOGD","Woodsman"],"picked":"HappyTeddy","floor":16},{"not_picked":["FairyFestival","CherryBlossoms"],"picked":"PlagueDoctor","floor":18},{"not_picked":["PokerPlayerMod:Spade1","PokerPlayerMod:MagicTrick"],"picked":"PokerPlayerMod:Club4","floor":18},{"not_picked":["PokerPlayerMod:Diamond1","PokerPlayerMod:Diamond4"],"picked":"PokerPlayerMod:HiddenCard","floor":20},{"not_picked":["PunishingBird","OldLady"],"picked":"CherryBlossoms","floor":20}],"player_experience":173204,"relics_obtained":[{"floor":9,"key":"Juzu Bracelet"},{"floor":11,"key":"Bottled Lightning"}],"event_choices":[{"damage_healed":0,"gold_gain":0,"player_choice":"Take Damage","damage_taken":13,"relics_obtained":["Golden Idol"],"max_hp_gain":0,"max_hp_loss":0,"event_name":"Golden Idol","floor":3,"gold_loss":0},{"damage_healed":0,"gold_gain":63,"player_choice":"Gained Gold","damage_taken":0,"max_hp_gain":0,"max_hp_loss":0,"event_name":"Golden Wing","floor":8,"gold_loss":0}],"is_beta":false,"boss_relics":[{"not_picked":["Busted Crown","Fusion Hammer"],"picked":"Runic Pyramid"}],"items_purged_floors":[],"is_endless":false,"potions_floor_spawned":[1,7,11,12,14,16],"killed_by":"Centurion and Healer","ascension_level":0}}