{"host":"9mnb7pbo3pfmmmyl","time":1607721271,"event":{"mods":["Aspiration","BaseMod","Highlight Path","Lobotomy","Minty Spire (QoL Compilation)","MostiFishMod","Shop Mod","StSLib","TestMod","¡¾ÒÅÎï¿¨ÅÆ¡¿REMEMod","óô»ðÖ¸ÄÏ"],"gold_per_floor":[-1281,-1261,-1241,-1224,16,42,54,66,78,124,154,52,86,101,101,203,203,220,220,237,251,135,166,166,196,223,253,112,112,26,60,60,158,158,158,158],"floor_reached":35,"playtime":1212,"items_purged":["Pain","Regret","Decay","Defend_P"],"score":634,"play_id":"c6d45932-063b-4f52-aa19-38fb8f2ec6a7","local_time":"20201212051431","is_ascension_mode":true,"campfire_choices":[{"data":"Eruption","floor":8.0,"key":"SMITH"},{"floor":15.0,"key":"REST"},{"floor":29,"key":"REST"},{"data":"MostiFishMod:Disappear","floor":32,"key":"SMITH"}],"circlet_count":0,"master_deck":["Strike_P","Strike_P","Strike_P","Strike_P","Defend_P","Defend_P","Defend_P","Eruption+1","Vigilance","testmod-WeaknessCounterattack","MostiFishMod:Speedup+1","FlurryOfBlows","Adaptation","MostiFishMod:StarWish","MostiFishMod:Disappear+1","MostiFishMod:LegendTransform","MostiFishMod:Moonprays","MostiFishMod:PathToVictory"],"relics":["PureWater","testmod-TestBox","DaveBox","REME_ComplimentaryCards","SynthV:MejaisSoulstealer","testmod-RealStoneCalender","CogitoBucket","RabbitCall","Question Card","testmod-Laevatain","AspirationHeart","CaptainsWheel","ImportantClient","Damaru","Gremlin Horn","testmod-ObsoleteBoomerang","BehaviorAdjustment","MerchantsRug","ImprovedEquipment","Omamori","testmod-IndustrialRevolution","Pocketwatch","Mummified Hand","testmod-BatchProcessingSystem"],"acts_visited":["Exordium","TheCity","TheBeyond"],"potions_floor_usage":[27,27,31,33,35],"damage_taken":[{"damage":0.0,"enemies":"Cultist","floor":1.0,"turns":2.0},{"damage":0.0,"enemies":"2 Louse","floor":2.0,"turns":2.0},{"damage":0.0,"enemies":"Jaw Worm","floor":3.0,"turns":2.0},{"damage":5.0,"enemies":"Blue Slaver","floor":4.0,"turns":2.0},{"damage":0.0,"enemies":"Looter","floor":5.0,"turns":2.0},{"damage":0.0,"enemies":"3 Sentries","floor":6.0,"turns":3.0},{"damage":3.0,"enemies":"Gremlin Nob","floor":10.0,"turns":3.0},{"damage":49.0,"enemies":"Exordium Wildlife","floor":11.0,"turns":5.0},{"damage":27.0,"enemies":"Lagavulin","floor":13.0,"turns":4.0},{"damage":0.0,"enemies":"Large Slime","floor":14.0,"turns":2.0},{"damage":5.0,"enemies":"Hexaghost","floor":16.0,"turns":4.0},{"damage":0.0,"enemies":"Shell Parasite","floor":18.0,"turns":2.0},{"damage":57.0,"enemies":"Chosen","floor":20.0,"turns":5.0},{"damage":0.0,"enemies":"Centurion and Healer","floor":21.0,"turns":1.0},{"damage":24.0,"enemies":"Book of Stabbing","floor":23.0,"turns":2.0},{"damage":12.0,"enemies":"REME_1_Revenger","floor":25.0,"turns":3.0},{"damage":1,"enemies":"Book of Stabbing","floor":27,"turns":2},{"damage":8,"enemies":"Slavers","floor":31,"turns":2},{"damage":0,"enemies":"Champ","floor":33,"turns":4},{"damage":63,"enemies":"3 Shapes","floor":35,"turns":3}],"seed_played":"3479722162069417652","potions_obtained":[{"floor":2.0,"key":"GamblersBrew"},{"floor":6.0,"key":"testmod-EscapePotion"},{"floor":10.0,"key":"Energy Potion"},{"floor":14.0,"key":"Strength Potion"},{"floor":20.0,"key":"testmod-TestPotion"},{"floor":25.0,"key":"Swift Potion"},{"floor":31,"key":"SneckoOil"},{"floor":33,"key":"Weak Potion"}],"is_trial":false,"path_per_floor":["M","M","M","M","M","E","$","R","T","E","M","$","E","M","R","B",null,"M","?","M","M","$","E","?","E","T","E","$","R","$","E","R","B",null,"M"],"character_chosen":"WATCHER","items_purchased":["Adaptation","MerchantsRug","Block Potion"],"campfire_rested":2,"item_purchase_floors":[12,22,28],"current_hp_per_floor":[72,72,72,67,67,67,67,67,67,78,39,39,12,12,40,35,96,96,96,39,39,39,15,15,3,3,2,2,30,30,22,22,22,96,33,33],"gold":158,"neow_bonus":"","is_daily":false,"chose_seed":false,"campfire_upgraded":2,"win_rate":0.0,"timestamp":1607721271,"path_taken":["M","?","M","M","M","E","$","R","T","E","M","?","E","M","R","BOSS","M","?","?","?","$","E","?","E","T","E","$","R","$","E","R","BOSS","M"],"items_purchased_type":["Card","Relic","Potion"],"build_version":"2020-11-30","purchased_purges":4,"victory":false,"max_hp_per_floor":[72,72,72,72,72,72,72,72,72,86,96,96,96,96,96,96,96,96,96,96,96,96,96,96,96,96,96,96,96,96,96,96,96,96,96,96],"card_choices":[{"not_picked":["SashWhip","FlyingSleeves"],"picked":"MostiFishMod:Speedup","floor":1.0},{"not_picked":["SashWhip","BowlingBash","Prostrate","EmptyFist"],"picked":"SKIP","floor":2.0},{"not_picked":["MostiFishMod:Zero-Sum","ClearTheMind","Protect","FlurryOfBlows"],"picked":"SKIP","floor":3.0},{"not_picked":["Halt","MostiFishMod:Speedup","FlurryOfBlows","Study"],"picked":"SKIP","floor":4.0},{"not_picked":["SashWhip","Wallop","MostiFishMod:UniPurple"],"picked":"FlurryOfBlows","floor":5.0},{"not_picked":["MostiFishMod:Clarity","Evaluate","SandsOfTime","Halt"],"picked":"SKIP","floor":6.0},{"not_picked":["EmptyBody","WreathOfFlame","ClearTheMind","Conclude"],"picked":"SKIP","floor":10.0},{"not_picked":["Fasting2","EmptyBody","MostiFishMod:Dust","FollowUp"],"picked":"SKIP","floor":11.0},{"not_picked":["REME_Repentance","SashWhip","JustLucky","MostiFishMod:Adaptation"],"picked":"SKIP","floor":13.0},{"not_picked":["ForeignInfluence","Adaptation","BowlingBash","Prostrate"],"picked":"SKIP","floor":14.0},{"not_picked":["MostiFishMod:DisColor","MostiFishMod:Adaptation","Establishment"],"picked":"MostiFishMod:StarWish","floor":16.0},{"not_picked":["Wireheading+1","REME_Repentance","Evaluate","PathToVictory"],"picked":"SKIP","floor":18.0},{"not_picked":["Fasting2","Vengeance+1","Crescendo","Swivel+1"],"picked":"SKIP","floor":20.0},{"not_picked":["Evaluate","CrushJoints","Halt"],"picked":"MostiFishMod:Disappear","floor":21.0},{"not_picked":["CutThroughFate","SandsOfTime+1","Tantrum"],"picked":"MostiFishMod:LegendTransform","floor":23.0},{"not_picked":["Wish","Conclude","MostiFishMod:StarOceanP","Weave"],"picked":"SKIP","floor":25.0},{"not_picked":["JustLucky+1","FlyingSleeves","Evaluate"],"picked":"MostiFishMod:Moonprays","floor":27},{"not_picked":["CutThroughFate","FlyingSleeves","Prostrate","EmptyBody"],"picked":"SKIP","floor":31},{"not_picked":["MostiFishMod:StarOceanP","MostiFishMod:DustFall","MostiFishMod:StarWish"],"picked":"MostiFishMod:PathToVictory","floor":33}],"player_experience":471144,"relics_obtained":[{"floor":1.0,"key":"Question Card"},{"floor":6.0,"key":"MawBank"},{"floor":9.0,"key":"testmod-Laevatain"},{"floor":10.0,"key":"Mango"},{"floor":13.0,"key":"CaptainsWheel"},{"floor":16.0,"key":"ImportantClient"},{"floor":17.0,"key":"Damaru"},{"floor":17.0,"key":"Gremlin Horn"},{"floor":17.0,"key":"testmod-ObsoleteBoomerang"},{"floor":23.0,"key":"ImprovedEquipment"},{"floor":25.0,"key":"Omamori"},{"floor":26.0,"key":"testmod-IndustrialRevolution"},{"floor":27,"key":"Pocketwatch"},{"floor":31,"key":"Mummified Hand"}],"event_choices":[{"damage_healed":0.0,"max_hp_gain":0.0,"max_hp_loss":0.0,"gold_gain":0.0,"event_name":"Upgrade Shrine","player_choice":"Upgraded","floor":19.0,"gold_loss":0.0,"damage_taken":0.0,"cards_upgraded":["MostiFishMod:Speedup"]}],"is_beta":false,"boss_relics":[{"not_picked":["BirthdayGift-Tetrahedron","Snecko Eye"],"picked":"Calling Bell"},{"not_picked":["xbg","SlaversCollar"],"picked":"testmod-BatchProcessingSystem"}],"items_purged_floors":[12,22,28,30],"is_endless":false,"potions_floor_spawned":[2,6,10,14,20,25,31,33],"killed_by":"3 Shapes","ascension_level":1}}