{"host":"sst22apzgpn07t8v","time":1607683836,"event":{"mods":["Act Like it!","BaseMod","Hallownest","HololiveMod","Lobotomy","LobotomyExtend","Minty Spire (QoL Compilation)","Replay The Spire","Shop Mod","StSLib"],"gold_per_floor":[113,113,3,3,3,3,31,31,31,43,43,10,10,28,28,28,28],"floor_reached":16,"playtime":1019,"items_purged":[],"score":96,"play_id":"4d56be34-1a46-4e90-9d23-38f8345876a6","local_time":"20201211185036","is_ascension_mode":false,"campfire_choices":[{"floor":6,"key":"REST"},{"floor":8,"key":"REST"},{"floor":15,"key":"REST"}],"circlet_count":0,"master_deck":["Strike_G","Strike_G","Strike_G","Defend_G","Defend_G","Defend_G","Defend_G","Defend_G","Survivor","Neutralize","Bullet Time","Endless Agony","Sickly","Toxin Wave","Toxin Wave","Acrobatics","Dagger Spray","Prepared","ReplayTheSpireMod:Scrap Shanks","Acrobatics","Acrobatics"],"relics":["Ring of the Snake","Ring of Hypnosis","Ring of Misfortune","Ginger","Dream Catcher"],"acts_visited":["Hallownest:Greenpath"],"potions_floor_usage":[16,16],"damage_taken":[{"damage":3,"enemies":"Hallownest:monsterHuskWarrior","floor":1,"turns":4},{"damage":56,"enemies":"Hallownest:monsterMarmu","floor":4,"turns":10},{"damage":19,"enemies":"Hallownest:eliteCrystalGuardian","floor":7,"turns":8},{"damage":0,"enemies":"Hallownest:2_MossCreeps","floor":10,"turns":3},{"damage":0,"enemies":"Hallownest:monsterHuskGuard","floor":14,"turns":4},{"damage":61,"enemies":"Hallownest:BossHornet","floor":16,"turns":13}],"seed_played":"1154558883800854908","potions_obtained":[{"floor":7,"key":"Dexterity Potion"},{"floor":10,"key":"ColorlessPotion"},{"floor":14,"key":"Regen Potion"}],"is_trial":false,"path_per_floor":["M","?","$","?","?","R","E","R","T","M","?","$","$","M","R","B"],"character_chosen":"THE_SILENT","items_purchased":["Toxin Wave","Acrobatics","ReplayTheSpireMod:Scrap Shanks"],"campfire_rested":3,"item_purchase_floors":[3,3,12],"current_hp_per_floor":[67,67,67,11,11,32,13,34,34,34,34,34,34,34,55,0,0],"gold":28,"neow_bonus":"ONE_RANDOM_RARE_CARD","is_daily":false,"chose_seed":false,"campfire_upgraded":0,"win_rate":0.0,"timestamp":1607683836,"path_taken":["M","?","$","?","?","R","E","R","T","M","?","?","$","M","R","BOSS"],"items_purchased_type":["Card","Card","Card"],"build_version":"2020-11-30","purchased_purges":0,"victory":false,"max_hp_per_floor":[70,70,70,70,70,70,70,70,70,70,70,70,70,70,70,70,70],"card_choices":[{"not_picked":["PiercingWail","Sneak Up"],"picked":"Endless Agony","floor":1},{"not_picked":["ReplayTheSpireMod:Tripwire","Flying Knee"],"picked":"Dagger Spray","floor":7},{"not_picked":["Escape Plan","Predator"],"picked":"Prepared","floor":10},{"not_picked":["Heel Hook","Crippling Poison"],"picked":"Acrobatics","floor":14},{"not_picked":["Fluid Movement","Quick Slash"],"picked":"Acrobatics","floor":15}],"player_experience":117049,"relics_obtained":[{"floor":2,"key":"Ring of Hypnosis"},{"floor":2,"key":"Ring of Misfortune"},{"floor":7,"key":"Ginger"},{"floor":9,"key":"Dream Catcher"}],"event_choices":[],"is_beta":false,"boss_relics":[],"items_purged_floors":[],"is_endless":false,"potions_floor_spawned":[4,7,10,14],"killed_by":"Hallownest:BossHornet","ascension_level":0}}