{"host":"og6lam4kt3nibbw0","time":1607708255,"event":{"mods":["AchievementEnabler","BaseMod","Colored Map","DeckTracker","Highlight Path","Keyboard Shortcuts","Minty Spire (QoL Compilation)","Permanent Neow","Quick Restart","StSLib","SuperFastMode"],"gold_per_floor":[110,35,50,69,81,81,93,93,93,93,112,137,147,159,159,234,234,244,277,288,188,198,231,251,269,296,296,296,315,331,125,125,198,198,217,217,269,269,284,315,334,368,422,110,110,124,124,152,152,152,152,152,152,152,179,179],"floor_reached":57,"playtime":5152,"items_purged":["Injury","Defend_P","Strike_P","Protect"],"score":2936,"play_id":"442fae0a-3b12-4b03-a63f-d92a0d0dce03","local_time":"20201212023735","is_ascension_mode":true,"campfire_choices":[{"data":"Eruption","floor":6.0,"key":"SMITH"},{"data":"Sanctity","floor":8.0,"key":"SMITH"},{"data":"Meditate","floor":10.0,"key":"SMITH"},{"floor":15.0,"key":"REST"},{"floor":32.0,"key":"RECALL"},{"floor":45.0,"key":"REST"},{"floor":49,"key":"REST"},{"data":"TalkToTheHand","floor":53,"key":"SMITH"}],"circlet_count":0,"master_deck":["AscendersBane","Strike_P+1","Defend_P+1","Eruption+1","Vigilance+1","EmptyMind+1","Sanctity+1","Meditate+1","MentalFortress+1","Consecrate+1","SandsOfTime+1","LessonLearned+1","EmptyBody+1","Scrawl+1","Scrawl+1","Sanctity+1","MentalFortress+1","TalkToTheHand+1","Master of Strategy+1"],"relics":["PureWater","CloakClasp","Art of War","Whetstone","Astrolabe","Red Mask","Pantograph","Calipers","SlaversCollar","Ginger","Blood Vial","Regal Pillow","Oddly Smooth Stone","Happy Flower","Centennial Puzzle","HornCleat"],"acts_visited":["Exordium","TheCity","TheBeyond","TheEnding"],"potions_floor_usage":[55,56],"damage_taken":[{"damage":0.0,"enemies":"Cultist","floor":1.0,"turns":4.0},{"damage":1.0,"enemies":"Small Slimes","floor":3.0,"turns":5.0},{"damage":2.0,"enemies":"Jaw Worm","floor":4.0,"turns":4.0},{"damage":11.0,"enemies":"Blue Slaver","floor":5.0,"turns":5.0},{"damage":7.0,"enemies":"Lots of Slimes","floor":7.0,"turns":3.0},{"damage":0.0,"enemies":"2 Fungi Beasts","floor":11.0,"turns":3.0},{"damage":12.0,"enemies":"Gremlin Nob","floor":12.0,"turns":3.0},{"damage":9.0,"enemies":"Blue Slaver","floor":13.0,"turns":5.0},{"damage":10.0,"enemies":"3 Louse","floor":14.0,"turns":4.0},{"damage":10.0,"enemies":"Hexaghost","floor":16.0,"turns":11.0},{"damage":0.0,"enemies":"3 Byrds","floor":18.0,"turns":5.0},{"damage":5.0,"enemies":"Masked Bandits","floor":19.0,"turns":3.0},{"damage":0.0,"enemies":"Chosen","floor":20.0,"turns":3.0},{"damage":0.0,"enemies":"Centurion and Healer","floor":22.0,"turns":5.0},{"damage":0.0,"enemies":"Gremlin Leader","floor":23.0,"turns":4.0},{"damage":0.0,"enemies":"Snake Plant","floor":24.0,"turns":3.0},{"damage":0.0,"enemies":"Snecko","floor":25.0,"turns":2.0},{"damage":0.0,"enemies":"3 Cultists","floor":29.0,"turns":5.0},{"damage":0.0,"enemies":"Centurion and Healer","floor":30.0,"turns":4.0},{"damage":7.0,"enemies":"Automaton","floor":33.0,"turns":9.0},{"damage":15.0,"enemies":"3 Darklings","floor":35.0,"turns":5.0},{"damage":27.0,"enemies":"2 Orb Walkers","floor":37.0,"turns":5.0},{"damage":0.0,"enemies":"3 Shapes","floor":39.0,"turns":4.0},{"damage":41.0,"enemies":"Nemesis","floor":40.0,"turns":17.0},{"damage":3.0,"enemies":"Sphere and 2 Shapes","floor":41.0,"turns":6.0},{"damage":0.0,"enemies":"Giant Head","floor":42.0,"turns":7.0},{"damage":0.0,"enemies":"Maw","floor":46.0,"turns":6.0},{"damage":22,"enemies":"Nemesis","floor":48,"turns":11},{"damage":0,"enemies":"Awakened One","floor":50,"turns":11},{"damage":0,"enemies":"Time Eater","floor":51,"turns":13},{"damage":1,"enemies":"Shield and Spear","floor":55,"turns":6},{"damage":17,"enemies":"The Heart","floor":56,"turns":12}],"seed_played":"-1062571141991468421","potions_obtained":[{"floor":3.0,"key":"AttackPotion"},{"floor":4.0,"key":"Dexterity Potion"},{"floor":7.0,"key":"SteroidPotion"},{"floor":12.0,"key":"EssenceOfSteel"},{"floor":13.0,"key":"DistilledChaos"},{"floor":16.0,"key":"AttackPotion"},{"floor":22.0,"key":"Fire Potion"},{"floor":23.0,"key":"SpeedPotion"},{"floor":24.0,"key":"StancePotion"},{"floor":29.0,"key":"Explosive Potion"},{"floor":39.0,"key":"PowerPotion"},{"floor":42.0,"key":"BottledMiracle"},{"floor":46.0,"key":"DistilledChaos"},{"floor":48,"key":"GamblersBrew"}],"is_trial":false,"path_per_floor":["M","$","M","M","M","R","M","R","T","R","M","E","M","M","R","B",null,"M","?","M","$","M","E","M","M","T","T","?","M","M","$","R","B",null,"M","?","?","?","M","E","M","E","T","$","R","M","?","E","R","B","B",null,"R","$","E","B",null],"character_chosen":"WATCHER","items_purchased":["TalkToTheHand","Happy Flower"],"campfire_rested":3,"item_purchase_floors":[31,44],"current_hp_per_floor":[61,61,60,58,47,47,40,40,40,40,40,28,19,9,29,19,56,56,51,51,51,51,51,51,51,51,51,51,51,51,51,51,61,66,51,51,24,56,56,15,14,16,16,16,47,49,49,29,56,56,56,56,56,56,55,39],"gold":179,"neow_bonus":"ONE_RARE_RELIC","is_daily":false,"chose_seed":false,"campfire_upgraded":4,"win_rate":0.0,"timestamp":1607708255,"path_taken":["M","$","M","?","M","R","M","R","T","R","M","E","M","M","R","BOSS","M","?","M","$","?","M","E","M","M","T","?","?","?","M","$","R","BOSS","M","?","?","?","M","E","M","E","T","?","R","M","?","E","R","BOSS","BOSS","R","$","E","BOSS"],"items_purchased_type":["Card","Relic"],"build_version":"2020-11-30","purchased_purges":4,"victory":true,"max_hp_per_floor":[68,68,68,68,68,68,68,68,68,68,68,68,68,68,68,68,68,68,68,68,68,68,68,68,68,68,68,68,68,68,68,68,68,68,68,68,68,56,56,56,56,56,56,56,56,56,56,56,56,56,56,56,56,56,56,56],"card_choices":[{"not_picked":["Nirvana","Adaptation"],"picked":"EmptyMind","floor":1.0},{"not_picked":["CrushJoints","JustLucky"],"picked":"Sanctity","floor":3.0},{"not_picked":["FlyingSleeves","Prostrate"],"picked":"Meditate","floor":4.0},{"not_picked":["ForeignInfluence","Prostrate","Evaluate"],"picked":"SKIP","floor":5.0},{"not_picked":["Consecrate","Vengeance"],"picked":"MentalFortress","floor":7.0},{"not_picked":["CarveReality","FlurryOfBlows"],"picked":"Consecrate","floor":11.0},{"not_picked":["FollowUp","DevaForm"],"picked":"SandsOfTime","floor":12.0},{"not_picked":["BowlingBash","LikeWater"],"picked":"Protect","floor":13.0},{"not_picked":["JustLucky","WindmillStrike","Conclude"],"picked":"SKIP","floor":14.0},{"not_picked":["Ragnarok","MasterReality"],"picked":"LessonLearned","floor":16.0},{"not_picked":["EmptyBody","Pray","Prostrate"],"picked":"SKIP","floor":18.0},{"not_picked":["PathToVictory","ClearTheMind","ThirdEye"],"picked":"SKIP","floor":20.0},{"not_picked":["SashWhip","LikeWater","DeceiveReality"],"picked":"SKIP","floor":22.0},{"not_picked":["ReachHeaven","Weave"],"picked":"Sanctity","floor":23.0},{"not_picked":["EmptyFist","WreathOfFlame","CutThroughFate"],"picked":"SKIP","floor":24.0},{"not_picked":["Protect","EmptyFist","Perseverance"],"picked":"SKIP","floor":25.0},{"not_picked":["Perseverance","Evaluate","Prostrate"],"picked":"SKIP","floor":29.0},{"not_picked":["Perseverance","Evaluate","Prostrate"],"picked":"SKIP","floor":29.0},{"not_picked":["ForeignInfluence","CutThroughFate"],"picked":"MentalFortress","floor":30.0},{"not_picked":["PathToVictory+1","JustLucky","LikeWater+1"],"picked":"SKIP","floor":35.0},{"not_picked":["Impatience","Transmutation"],"picked":"Master of Strategy","floor":36.0},{"not_picked":["LikeWater","FlyingSleeves","Meditate"],"picked":"SKIP","floor":39.0},{"not_picked":["PathToVictory","FlurryOfBlows","Study+1"],"picked":"SKIP","floor":40.0},{"not_picked":["Pray+1","LikeWater","Wireheading"],"picked":"SKIP","floor":41.0},{"not_picked":["WreathOfFlame","BattleHymn","ClearTheMind+1"],"picked":"SKIP","floor":42.0},{"not_picked":["Collect","FollowUp","Protect"],"picked":"SKIP","floor":46.0},{"not_picked":["ThirdEye+1","Sanctity","JustLucky"],"picked":"SKIP","floor":48},{"not_picked":["ReachHeaven+1","Halt+1","FollowUp"],"picked":"SKIP","floor":55}],"player_experience":764439,"relics_obtained":[{"floor":9.0,"key":"Art of War"},{"floor":12.0,"key":"Whetstone"},{"floor":19.0,"key":"Red Mask"},{"floor":23.0,"key":"Pantograph"},{"floor":27.0,"key":"Calipers"},{"floor":37.0,"key":"Ginger"},{"floor":40.0,"key":"Blood Vial"},{"floor":42.0,"key":"Regal Pillow"},{"floor":43.0,"key":"Oddly Smooth Stone"},{"floor":48,"key":"Centennial Puzzle"},{"floor":55,"key":"HornCleat"}],"event_choices":[{"damage_healed":0.0,"max_hp_gain":0.0,"max_hp_loss":0.0,"gold_gain":0.0,"event_name":"Masked Bandits","player_choice":"Fought Bandits","floor":19.0,"gold_loss":0.0,"damage_taken":0.0},{"damage_healed":0.0,"max_hp_gain":0.0,"max_hp_loss":0.0,"gold_gain":0.0,"event_name":"Upgrade Shrine","player_choice":"Upgraded","floor":28.0,"gold_loss":0.0,"damage_taken":0.0,"cards_upgraded":["Sanctity"]},{"damage_healed":0.0,"max_hp_gain":0.0,"max_hp_loss":0.0,"gold_gain":0.0,"event_name":"SensoryStone","player_choice":"Memory 1","floor":36.0,"gold_loss":0.0,"damage_taken":0.0},{"damage_healed":0.0,"max_hp_gain":0.0,"max_hp_loss":0.0,"gold_gain":0.0,"event_name":"Mysterious Sphere","player_choice":"Fight","floor":37.0,"gold_loss":0.0,"damage_taken":0.0},{"damage_healed":56.0,"max_hp_gain":0.0,"max_hp_loss":12.0,"gold_gain":0.0,"event_name":"The Moai Head","player_choice":"Heal","floor":38.0,"gold_loss":0.0,"damage_taken":0.0},{"cards_removed":["Strike_P"],"damage_healed":0.0,"max_hp_gain":0.0,"max_hp_loss":0.0,"gold_gain":0.0,"event_name":"Falling","player_choice":"Removed Attack","floor":47.0,"gold_loss":0.0,"damage_taken":0.0}],"is_beta":false,"boss_relics":[{"not_picked":["Pandora\u0027s Box","SacredBark"],"picked":"Astrolabe"},{"not_picked":["Philosopher\u0027s Stone","Snecko Eye"],"picked":"SlaversCollar"}],"items_purged_floors":[2,21,31,44],"is_endless":false,"potions_floor_spawned":[3,4,7,12,13,16,22,23,24,29,33,35,39,42,46,48],"ascension_level":20}}