{"host":"zb6qm0v0lkutw3nk","time":1607726360,"event":{"mods":["Act Like it!","BaseMod","Dota2Spire","Lobotomy","Luminous","Minty Spire (QoL Compilation)","MostiFishMod","SIMod","Spicy Shops","StSLib","TestMod","The Bug Knight","UnlockEverythingMod","[JumpMod]Îè¶¯¼âËþ","vexMod","¡¾ÒÅÎï¿¨ÅÆ¡¿REMEMod","óô»ðÖ¸ÄÏ"],"gold_per_floor":[118,130,144,161,174,206,220,220,220,220,220,250,22,0,0,104,104,114,29,46,46,63,96,106,141,141,158,188,28,56,74,74,169,169,181,181,27,47,65,65,99,119,195,206,239,239,271,289,62,62,62,62,4,33,33],"floor_reached":56,"playtime":1803,"items_purged":["HollowMod:NailStrikeStart","HollowMod:NailStrikeStart","HollowMod:NailStrikeStart","HollowMod:NailStrikeStart"],"score":1801,"play_id":"526a82a7-4617-4f25-9348-6d90e48b9939","local_time":"20201212063920","is_ascension_mode":false,"campfire_choices":[{"data":"HollowMod:HerrahsAnger","floor":8,"key":"SMITH"},{"data":"Core Surge","floor":15,"key":"SMITH"},{"data":"HollowMod:ChannelNail","floor":32,"key":"SMITH"},{"data":"HollowMod:CloakDash","floor":40,"key":"SMITH"},{"floor":46,"key":"RECALL"},{"data":"HollowMod:SoulSplash","floor":52,"key":"SMITH"}],"circlet_count":0,"master_deck":["HollowMod:QuickDashStart","HollowMod:QuickDashStart","HollowMod:QuickDashStart","HollowMod:QuickDashStart","HollowMod:PogoStrike","Core Surge+1","HollowMod:ChannelNail+1","HollowMod:CloakDash","HollowMod:CloakDash","HollowMod:HerrahsAnger+1","HollowMod:CloakDash","HollowMod:SoulSplash+1","HollowMod:CycloneSlash+1","HollowMod:HerrahsAnger+1","HollowMod:HerrahsAnger+1","HollowMod:CloakDash+1","HollowMod:CloakDash+1"],"relics":["HollowMod:VesselMask","testmod-TestBox","HowToJump","DaveBox","REME_ComplimentaryCards","PatriotShield","testmod-ArcanaOfDestiny","Question Card","Dota2Spire:Desolator","Juzu Bracelet","Molten Egg 2","Odd Mushroom","TheAbacus","BrkXgEgg","Potion Belt","ImportantClient","Empty Cage","Dota2Spire:EtherealBlade","Art of War","Red Mask","REME_LimitBreaker","Bag of Preparation","Dota2Spire:EchoSabre","HereWithMe","Bottled Flame","Shuriken","HollowMod:DelicateFlower","Frozen Eye","Gremlin Horn"],"acts_visited":["Exordium","TheCity","TheBeyond","TheEnding"],"potions_floor_usage":[12,13,33,33,33,53,55,55,55],"damage_taken":[{"damage":0,"enemies":"Small Slimes","floor":1,"turns":1},{"damage":0,"enemies":"2 Louse","floor":2,"turns":1},{"damage":0,"enemies":"Cultist","floor":3,"turns":1},{"damage":0,"enemies":"Exordium Thugs","floor":4,"turns":2},{"damage":0,"enemies":"Large Slime","floor":5,"turns":2},{"damage":0,"enemies":"HollowMod:MossKnight","floor":6,"turns":2},{"damage":0,"enemies":"Blue Slaver","floor":7,"turns":1},{"damage":0,"enemies":"The Mushroom Lair","floor":12,"turns":2},{"damage":0,"enemies":"The Guardian","floor":16,"turns":2},{"damage":0,"enemies":"2 Thieves","floor":18,"turns":2},{"damage":0,"enemies":"Chosen","floor":20,"turns":1},{"damage":0,"enemies":"Centurion and Healer","floor":22,"turns":2},{"damage":0,"enemies":"Slavers","floor":23,"turns":2},{"damage":0,"enemies":"Cultist and Chosen","floor":24,"turns":2},{"damage":0,"enemies":"Masked Bandits","floor":25,"turns":1},{"damage":0,"enemies":"Sentry and Sphere","floor":27,"turns":2},{"damage":0,"enemies":"HollowMod:Nosk","floor":28,"turns":2},{"damage":0,"enemies":"Gremlin Leader","floor":30,"turns":2},{"damage":0,"enemies":"Centurion and Healer","floor":31,"turns":2},{"damage":0,"enemies":"Automaton","floor":33,"turns":3},{"damage":4,"enemies":"3 Shapes","floor":35,"turns":1},{"damage":0,"enemies":"Orb Walker","floor":38,"turns":1},{"damage":0,"enemies":"Spire Growth","floor":39,"turns":2},{"damage":0,"enemies":"Nemesis","floor":41,"turns":3},{"damage":0,"enemies":"Maw","floor":42,"turns":2},{"damage":0,"enemies":"Writhing Mass","floor":44,"turns":2},{"damage":0,"enemies":"Giant Head","floor":45,"turns":2},{"damage":0,"enemies":"Reptomancer","floor":47,"turns":2},{"damage":0,"enemies":"HollowMod:SlobberingHusk","floor":48,"turns":2},{"damage":0,"enemies":"Awakened One","floor":50,"turns":3},{"damage":0,"enemies":"Shield and Spear","floor":54,"turns":2},{"damage":0,"enemies":"The Heart","floor":55,"turns":2}],"seed_played":"-1809640179241754502","potions_obtained":[{"floor":1,"key":"GamblersBrew"},{"floor":3,"key":"Dota2Spire:Clarity"},{"floor":6,"key":"Weak Potion"},{"floor":11,"key":"Fruit Juice"},{"floor":11,"key":"testmod-SpacePotion"},{"floor":16,"key":"Energy Potion"},{"floor":18,"key":"Weak Potion"},{"floor":20,"key":"SteroidPotion"},{"floor":23,"key":"Energy Potion"},{"floor":28,"key":"Fire Potion"},{"floor":31,"key":"ColorlessPotion"},{"floor":39,"key":"FearPotion"},{"floor":45,"key":"Ancient Potion"},{"floor":47,"key":"Fruit Juice"}],"is_trial":false,"path_per_floor":["M","M","M","M","M","E","M","R","T","?","?","?","$","?","R","B",null,"M","?","M","?","M","E","M","?","T","M","E","$","E","M","R","B",null,"M","?","$","M","M","R","E","M","T","M","E","R","E","M","R","B",null,"R","$","E","B",null],"character_chosen":"THE_BUGKNIGHT","items_purchased":["TheAbacus","BrkXgEgg","HollowMod:CloakDash","Frozen Eye","Ancient Potion"],"campfire_rested":0,"item_purchase_floors":[13,13,37,49,53],"current_hp_per_floor":[68,68,68,68,68,68,68,68,68,65,65,65,70,70,70,70,94,94,94,94,94,94,94,94,94,94,94,94,94,94,94,94,94,94,90,90,90,90,90,90,90,90,90,90,90,90,90,90,90,90,94,94,99,99,99],"gold":33,"neow_bonus":"TWENTY_PERCENT_HP_BONUS","is_daily":false,"chose_seed":false,"campfire_upgraded":5,"win_rate":0.0,"timestamp":1607726360,"path_taken":["M","M","M","M","M","E","M","R","T","?","?","?","$","?","R","BOSS","M","?","M","?","M","E","M","?","T","M","E","$","E","M","R","BOSS","M","?","$","M","M","R","E","M","T","M","E","R","E","M","R","BOSS","R","$","E","BOSS"],"items_purchased_type":["Relic","Relic","Card","Relic","Potion"],"build_version":"2020-11-30","purchased_purges":4,"victory":true,"max_hp_per_floor":[89,89,89,89,89,89,89,89,89,89,89,89,94,94,94,94,94,94,94,94,94,94,94,94,94,94,94,94,94,94,94,94,94,94,94,94,94,94,94,94,94,94,94,94,94,94,94,94,94,94,94,94,99,99,99],"card_choices":[{"not_picked":["HollowMod:MothsMistake","HollowMod:DoubleDash","HollowMod:ChannelNail"],"picked":"SKIP","floor":1},{"not_picked":["HollowMod:MothsMistake","HollowMod:DoubleDash"],"picked":"HollowMod:ChannelNail","floor":1},{"not_picked":["HollowMod:VengefulVoid","HollowMod:SoulShaman","HollowMod:HeavyBlow"],"picked":"HollowMod:CloakDash","floor":2},{"not_picked":["HollowMod:SharpenedShadows","HollowMod:GoodIntentions","HollowMod:ShapeofUnn"],"picked":"HollowMod:VengefulSpirit","floor":3},{"not_picked":["HollowMod:BaldurShell","HollowMod:WraithStrike","HollowMod:PureNailStrike","HollowMod:BlackTendrils"],"picked":"SKIP","floor":4},{"not_picked":["HollowMod:DreamGate","HollowMod:InfectedAttack","HollowMod:VengefulVoid"],"picked":"HollowMod:CloakDash","floor":5},{"not_picked":["HollowMod:VengefulVoid","HollowMod:Hiveblood","HollowMod:DoubleDash"],"picked":"HollowMod:HerrahsAnger","floor":6},{"not_picked":["HollowMod:VengefulVoid","HollowMod:GrimmsGift","HollowMod:NewGlowingWomb"],"picked":"HollowMod:CloakDash","floor":7},{"not_picked":["HollowMod:AwokenDreamNail+1","HollowMod:ElderbugsWisdom+1","HollowMod:PaleKingsBlessing+1"],"picked":"HollowMod:SlysStrikes+1","floor":16},{"not_picked":["HollowMod:DungDefenderAura","HollowMod:NewJinnsSoul+1","HollowMod:CornifersMapStart","HollowMod:SiblingsSouls"],"picked":"SKIP","floor":18},{"not_picked":["HollowMod:ChannelNail","HollowMod:SoulShaman+1","HollowMod:DungDefenderAura+1"],"picked":"HollowMod:SoulSplash","floor":20},{"not_picked":["HollowMod:BrokenVessel","HollowMod:CornifersMapStart","HollowMod:NewLittleFool+1","HollowMod:VengefulSpirit+1"],"picked":"SKIP","floor":22},{"not_picked":["HollowMod:HowlingWraiths+1","HollowMod:ZotesMagnificence+1","HollowMod:VengefulVoid+1"],"picked":"HollowMod:CycloneSlash+1","floor":23},{"not_picked":["HollowMod:SoulStrike+1","HollowMod:SiblingsSouls","HollowMod:HowlingWraiths+1","HollowMod:NewLittleFool+1"],"picked":"SKIP","floor":24},{"not_picked":["HollowMod:GoodIntentions","HollowMod:CloakDash","HollowMod:MawleksShell"],"picked":"HollowMod:HerrahsAnger+1","floor":27},{"not_picked":["HollowMod:CycloneSlash+1","HollowMod:ShapeofUnn","HollowMod:FallenFury+1","HollowMod:ShadowDash"],"picked":"SKIP","floor":28},{"not_picked":["HollowMod:DashSlash+1","HollowMod:GreatSlash+1","HollowMod:NewLittleFool+1","HollowMod:DescendingDark+1"],"picked":"SKIP","floor":30},{"not_picked":["HollowMod:SharpenedNail+1","HollowMod:ChannelNail","HollowMod:CornifersMapStart","HollowMod:VengefulSpirit+1"],"picked":"SKIP","floor":31},{"not_picked":["HollowMod:VoidDash+1","HollowMod:SlysStrikes+1","HollowMod:LifebloodCore+1"],"picked":"HollowMod:HerrahsAnger+1","floor":33},{"not_picked":["HollowMod:DashSlash+1","HollowMod:SiblingsSouls+1","HollowMod:LifebloodCocoon+1","HollowMod:ChannelNail"],"picked":"SKIP","floor":35},{"not_picked":["HollowMod:SoulStrike+1","HollowMod:InfectedCysts+1","HollowMod:SoulVessel+1","HollowMod:MantisMark+1"],"picked":"SKIP","floor":38},{"not_picked":["HollowMod:SoulVessel","HollowMod:NewJinnsSoul","HollowMod:HeavyBlow+1","HollowMod:ChannelNail+1"],"picked":"SKIP","floor":39},{"not_picked":["HollowMod:BlackTendrils+1","HollowMod:TaintedHusks","HollowMod:HowlingWraiths+1","HollowMod:MonomonsArchive+1"],"picked":"SKIP","floor":41},{"not_picked":["HollowMod:HeavyBlow+1","HollowMod:ChannelNail","HollowMod:SoulStrike+1","HollowMod:RecoilStrike+1"],"picked":"SKIP","floor":42},{"not_picked":["HollowMod:DescendingDark+1","HollowMod:theNailsmith+1","HollowMod:LuriensSpire+1","HollowMod:ChannelNail+1"],"picked":"SKIP","floor":44},{"not_picked":["HollowMod:LuriensSpire","HollowMod:GoodIntentions","HollowMod:MantisMark+1","HollowMod:DreamGate+1"],"picked":"SKIP","floor":45},{"not_picked":["HollowMod:DoubleDash+1","HollowMod:MothsMistake+1","HollowMod:NewLittleFool+1"],"picked":"HollowMod:CloakDash+1","floor":47},{"not_picked":["HollowMod:DesolateDive+1","HollowMod:DescendingDark+1","HollowMod:NewGlowingWomb","HollowMod:HowlingWraiths+1"],"picked":"SKIP","floor":48},{"not_picked":["HollowMod:PerfectDash+1","HollowMod:ElderbugsWisdom+1","HollowMod:FallenFury+1","HollowMod:VengefulSpirit+1"],"picked":"SKIP","floor":54}],"player_experience":51908,"relics_obtained":[{"floor":1,"key":"Question Card"},{"floor":6,"key":"Dota2Spire:Desolator"},{"floor":9,"key":"Juzu Bracelet"},{"floor":12,"key":"Odd Mushroom"},{"floor":16,"key":"ImportantClient"},{"floor":23,"key":"Art of War"},{"floor":25,"key":"Red Mask"},{"floor":26,"key":"REME_LimitBreaker"},{"floor":28,"key":"Bag of Preparation"},{"floor":30,"key":"Dota2Spire:EchoSabre"},{"floor":41,"key":"Bottled Flame"},{"floor":45,"key":"Shuriken"},{"floor":47,"key":"HollowMod:DelicateFlower"},{"floor":54,"key":"Gremlin Horn"}],"event_choices":[{"damage_healed":0,"gold_gain":0,"player_choice":"Success","damage_taken":3,"relics_obtained":["Molten Egg 2"],"max_hp_gain":0,"max_hp_loss":0,"event_name":"Scrap Ooze","floor":10,"gold_loss":0},{"damage_healed":0,"gold_gain":0,"player_choice":"Got Potions","damage_taken":0,"max_hp_gain":0,"max_hp_loss":0,"event_name":"Lab","floor":11,"gold_loss":0},{"damage_healed":0,"gold_gain":0,"player_choice":"Fought Mushrooms","damage_taken":0,"max_hp_gain":0,"max_hp_loss":0,"event_name":"Mushrooms","floor":12,"gold_loss":0},{"damage_healed":0,"gold_gain":0,"player_choice":"Obtained Relic","damage_taken":0,"relics_obtained":["Dota2Spire:EtherealBlade"],"max_hp_gain":0,"max_hp_loss":0,"event_name":"Addict","floor":19,"gold_loss":85},{"damage_healed":0,"gold_gain":0,"player_choice":"Ignored","damage_taken":0,"max_hp_gain":0,"max_hp_loss":0,"event_name":"Vampires","floor":21,"gold_loss":0},{"damage_healed":0,"gold_gain":0,"player_choice":"Fought Bandits","damage_taken":0,"max_hp_gain":0,"max_hp_loss":0,"event_name":"Masked Bandits","floor":25,"gold_loss":0},{"cards_removed":["HollowMod:SlysStrikes"],"damage_healed":0,"gold_gain":0,"player_choice":"Removed Power","damage_taken":0,"max_hp_gain":0,"max_hp_loss":0,"event_name":"Falling","floor":36,"gold_loss":0}],"is_beta":false,"boss_relics":[{"not_picked":["Sozu","testmod-StringDisintegrator"],"picked":"Empty Cage"},{"not_picked":["xbg","EE1DDrone"],"picked":"HereWithMe"}],"items_purged_floors":[29,29,37,49],"is_endless":false,"potions_floor_spawned":[1,3,6,16,18,20,23,28,30,31,39,45,47],"ascension_level":0}}