{"host":"e0kes70z4atl8xdk","time":1607697247,"event":{"mods":["BaseMod","Colored Map","Colored Powertips","Minty Spire (QoL Compilation)","Rare Cards Sparkle","Relic Stats"],"gold_per_floor":[117,136,155,155,155,155,180,195,195,195,211,44,44,57,57,156,156,176,176,187,197,215,246,246,263,263,276,276,326,26,60,60,156,156,173,183,183,197,122,122,122],"floor_reached":40,"playtime":2726,"items_purged":["Writhe"],"score":430,"play_id":"0e75eca3-ac36-41f8-a009-9caae2bc01e1","local_time":"20201211153407","is_ascension_mode":false,"campfire_choices":[{"data":"Carnage","floor":6.0,"key":"SMITH"},{"floor":13.0,"key":"REST"},{"data":"Armaments","floor":15.0,"key":"SMITH"},{"data":"Battle Trance","floor":24.0,"key":"SMITH"},{"data":"Double Tap","floor":28.0,"key":"SMITH"},{"floor":32.0,"key":"RECALL"}],"circlet_count":0,"master_deck":["Strike_R","Strike_R","Strike_R","Strike_R","Defend_R","Defend_R","Defend_R","Defend_R","Bash","Wild Strike","Carnage+1","Ghostly Armor+1","Immolate","Armaments+1","Battle Trance+1","Reaper","True Grit+1","Ghostly Armor","Corruption","Hemokinesis+1","Carnage","Double Tap+1","Juggernaut","Battle Trance+1","Evolve+1"],"relics":["Burning Blood","Bottled Lightning","Calipers","Snecko Eye","Turnip","Boot","PreservedInsect","Sling","Art of War","Busted Crown"],"acts_visited":["Exordium","TheCity","TheBeyond"],"potions_floor_usage":[],"damage_taken":[{"damage":11.0,"enemies":"Jaw Worm","floor":1.0,"turns":5.0},{"damage":5.0,"enemies":"Small Slimes","floor":2.0,"turns":3.0},{"damage":0.0,"enemies":"Cultist","floor":3.0,"turns":2.0},{"damage":39.0,"enemies":"Lagavulin","floor":7.0,"turns":6.0},{"damage":23.0,"enemies":"Exordium Thugs","floor":8.0,"turns":5.0},{"damage":3.0,"enemies":"Lots of Slimes","floor":11.0,"turns":5.0},{"damage":0.0,"enemies":"2 Fungi Beasts","floor":14.0,"turns":1.0},{"damage":50.0,"enemies":"Hexaghost","floor":16.0,"turns":10.0},{"damage":5.0,"enemies":"2 Thieves","floor":18.0,"turns":3.0},{"damage":14.0,"enemies":"Spheric Guardian","floor":20.0,"turns":4.0},{"damage":7.0,"enemies":"Shelled Parasite and Fungi","floor":21.0,"turns":5.0},{"damage":10.0,"enemies":"Snake Plant","floor":22.0,"turns":6.0},{"damage":10.0,"enemies":"Book of Stabbing","floor":23.0,"turns":5.0},{"damage":7.0,"enemies":"Chosen and Byrds","floor":25.0,"turns":5.0},{"damage":11.0,"enemies":"Shelled Parasite and Fungi","floor":27.0,"turns":4.0},{"damage":14.0,"enemies":"Gremlin Leader","floor":31.0,"turns":4.0},{"damage":59.0,"enemies":"Champ","floor":33.0,"turns":8.0},{"damage":0.0,"enemies":"Orb Walker","floor":35.0,"turns":2.0},{"damage":10.0,"enemies":"3 Shapes","floor":36.0,"turns":3.0},{"damage":15.0,"enemies":"Jaw Worm Horde","floor":38.0,"turns":2.0},{"damage":77,"enemies":"Nemesis","floor":40,"turns":5}],"seed_played":"-4093549734481617112","potions_obtained":[{"floor":1.0,"key":"Swift Potion"},{"floor":11.0,"key":"AttackPotion"},{"floor":20.0,"key":"Explosive Potion"},{"floor":21.0,"key":"SteroidPotion"},{"floor":25.0,"key":"SteroidPotion"},{"floor":33.0,"key":"AttackPotion"},{"floor":35.0,"key":"Swift Potion"}],"is_trial":false,"path_per_floor":["M","M","M","?","?","R","E","M","T","?","M","$","R","M","R","B",null,"M","?","M","M","M","E","R","M","T","M","R","?","$","E","R","B",null,"M","M","$","M","$","E"],"character_chosen":"IRONCLAD","items_purchased":["Immolate","Armaments","BlessingOfTheForge","PreservedInsect","Sling"],"campfire_rested":1,"item_purchase_floors":[12,12,12,30,30],"current_hp_per_floor":[83,84,88,81,81,81,48,31,31,31,34,34,60,66,66,22,88,88,88,85,87,86,86,86,85,85,85,85,85,85,77,77,30,88,88,88,88,88,88,16,16],"gold":122,"neow_bonus":"TEN_PERCENT_HP_BONUS","is_daily":false,"chose_seed":false,"campfire_upgraded":4,"win_rate":0.0,"timestamp":1607697247,"path_taken":["M","M","M","?","?","R","E","M","T","?","?","?","R","?","R","BOSS","M","?","M","M","M","E","R","M","T","M","R","?","$","E","R","BOSS","M","M","$","M","$","E"],"items_purchased_type":["Card","Card","Potion","Relic","Relic"],"build_version":"2020-11-30","purchased_purges":1,"victory":false,"max_hp_per_floor":[88,88,88,88,88,88,88,88,88,88,88,88,88,88,88,88,88,88,88,88,88,88,88,88,88,88,88,88,88,88,88,88,88,88,88,88,88,88,88,88,88],"relic_stats":{"Busted Crown":6,"counters":[21,93],"Snecko Eye":[96,95,117,86],"Turnip":[13],"PreservedInsect":92,"Art of War":[2],"Boot":[19],"obtain_stats":[{"Calipers":9,"Busted Crown":34,"Snecko Eye":17,"Turnip":19,"PreservedInsect":30,"Art of War":31,"Bottled Lightning":7,"Boot":23,"Sling":30,"Burning Blood":0},{"Calipers":5,"Busted Crown":17,"Snecko Eye":8,"Turnip":9,"PreservedInsect":15,"Art of War":16,"Bottled Lightning":4,"Boot":13,"Sling":15,"Burning Blood":0},{"Calipers":21,"Busted Crown":81,"Snecko Eye":37,"Turnip":40,"PreservedInsect":69,"Art of War":73,"Bottled Lightning":16,"Boot":60,"Sling":69,"Burning Blood":0}],"Burning Blood":105},"card_choices":[{"not_picked":["Evolve","Heavy Blade"],"picked":"Wild Strike","floor":1.0},{"not_picked":["Sever Soul","Wild Strike"],"picked":"Carnage","floor":2.0},{"not_picked":["Heavy Blade","Twin Strike"],"picked":"Ghostly Armor","floor":3.0},{"not_picked":["Ghostly Armor","Evolve","Perfected Strike"],"picked":"SKIP","floor":7.0},{"not_picked":["Headbutt","Metallicize","Sword Boomerang"],"picked":"SKIP","floor":8.0},{"not_picked":["Dark Embrace","Flex","Blood for Blood"],"picked":"SKIP","floor":11.0},{"not_picked":["Twin Strike","Cleave"],"picked":"Battle Trance","floor":14.0},{"not_picked":["Bludgeon","Brutality"],"picked":"Reaper","floor":16.0},{"not_picked":["Body Slam","Havoc+1","Heavy Blade"],"picked":"SKIP","floor":18.0},{"not_picked":["Burning Pact","Wild Strike"],"picked":"True Grit+1","floor":20.0},{"not_picked":["Clash+1","Wild Strike"],"picked":"Ghostly Armor","floor":21.0},{"not_picked":["Twin Strike+1","Wild Strike"],"picked":"Corruption","floor":22.0},{"not_picked":["Headbutt","Clash"],"picked":"Hemokinesis+1","floor":23.0},{"not_picked":["Warcry","Dark Embrace"],"picked":"Carnage","floor":25.0},{"not_picked":["Armaments+1","Headbutt+1"],"picked":"Double Tap","floor":27.0},{"not_picked":["Hemokinesis","True Grit+1","Flex"],"picked":"SKIP","floor":31.0},{"not_picked":["Exhume","Impervious"],"picked":"Juggernaut","floor":33.0},{"not_picked":[],"picked":"Battle Trance+1","floor":35.0},{"not_picked":[],"picked":"Evolve+1","floor":36.0},{"not_picked":["Headbutt"],"picked":"SKIP","floor":38.0}],"player_experience":177524,"relics_obtained":[{"floor":7.0,"key":"Bottled Lightning"},{"floor":9.0,"key":"Calipers"},{"floor":23.0,"key":"Boot"},{"floor":31.0,"key":"Art of War"}],"event_choices":[{"cards_removed":["Strike_R"],"damage_healed":0.0,"max_hp_gain":0.0,"max_hp_loss":0.0,"gold_gain":0.0,"event_name":"Golden Wing","player_choice":"Card Removal","floor":4.0,"gold_loss":0.0,"damage_taken":7.0},{"damage_healed":0.0,"max_hp_gain":0.0,"max_hp_loss":0.0,"gold_gain":0.0,"event_name":"Liars Game","player_choice":"Ignored","floor":5.0,"gold_loss":0.0,"damage_taken":0.0},{"damage_healed":0.0,"max_hp_gain":0.0,"max_hp_loss":0.0,"gold_gain":0.0,"event_name":"Upgrade Shrine","player_choice":"Upgraded","floor":10.0,"gold_loss":0.0,"damage_taken":0.0,"cards_upgraded":["Ghostly Armor"]},{"damage_healed":0.0,"max_hp_gain":0.0,"max_hp_loss":0.0,"gold_gain":0.0,"event_name":"The Mausoleum","player_choice":"Opened","floor":19.0,"gold_loss":0.0,"damage_taken":0.0,"relics_obtained":["Turnip"],"cards_obtained":["Writhe"]},{"damage_healed":0.0,"max_hp_gain":0.0,"max_hp_loss":0.0,"gold_gain":100.0,"event_name":"The Joust","player_choice":"Bet on Murderer","floor":29.0,"gold_loss":50.0,"damage_taken":0.0}],"is_beta":false,"boss_relics":[{"not_picked":["Tiny House","Mark of Pain"],"picked":"Snecko Eye"},{"not_picked":["Pandora\u0027s Box","Calling Bell"],"picked":"Busted Crown"}],"items_purged_floors":[39],"is_endless":false,"potions_floor_spawned":[1,11,14,20,21,25,33,35],"killed_by":"Nemesis","ascension_level":0}}