{"host":"hqvh779b89tfrjxy","time":1607686817,"event":{"mods":["Act Like it!","BaseMod","Better Third Choice","Downfall","Elementarium","Filter the Spire","GifTheSpireLib","Marked Mod","Minty Spire (QoL Compilation)","Replay The Spire","Spicy Shops","StSLib"],"gold_per_floor":[116,216,233,233,247,247,274,274,274,274,286,286,313,313,313,417,417,437,437,450,461,477,477,477,477],"floor_reached":24,"playtime":870,"items_purged":[],"score":300,"play_id":"743fbfb0-0de3-4a55-b79a-db069dfae245","local_time":"20201211124017","is_ascension_mode":true,"campfire_choices":[{"data":"MarkedMod:PinPointDefense","floor":6,"key":"SMITH"},{"data":"Eruption","floor":8,"key":"SMITH"},{"data":"Vigilance","floor":10,"key":"SMITH"},{"data":"MarkedMod:GentlePulse","floor":12,"key":"SMITH"},{"data":"MarkedMod:OneThousandNeedles","floor":23,"key":"SMITH"}],"circlet_count":0,"master_deck":["Strike_P","Strike_P","Defend_P","Defend_P","Defend_P","Defend_P","Eruption+1","Vigilance+1","MarkedMod:PinPointDefense+1","MarkedMod:GentlePulse+1","MarkedMod:GentlePulse","CutThroughFate","ReachHeaven","Consecrate","Vault","Replay:Vibes","Elementarium:StickyTar","Perseverance","MarkedMod:OneThousandNeedles+1"],"relics":["PureWater","NeowsBlessing","Eternal Feather","Replay:Rubber Ducky","Bird Faced Urn","Runic Dome","Quantum Egg"],"acts_visited":["Exordium","Elementarium:Elementarium"],"potions_floor_usage":[22],"damage_taken":[{"damage":0,"enemies":"2 Louse","floor":1,"turns":1},{"damage":0,"enemies":"Cultist","floor":3,"turns":1},{"damage":0,"enemies":"Jaw Worm","floor":5,"turns":1},{"damage":20,"enemies":"3 Sentries","floor":7,"turns":4},{"damage":3,"enemies":"Looter","floor":11,"turns":3},{"damage":0,"enemies":"Gremlin Nob","floor":13,"turns":2},{"damage":29,"enemies":"The Guardian","floor":16,"turns":10},{"damage":13,"enemies":"Elementarium:VoidCorruption","floor":18,"turns":7},{"damage":18,"enemies":"Elementarium:Cyclone","floor":20,"turns":5},{"damage":6,"enemies":"Elementarium:3_ELEMENTALS","floor":21,"turns":5},{"damage":16,"enemies":"Elementarium:Hydrostalker","floor":22,"turns":5},{"damage":25,"enemies":"Elementarium:FIRE_NOBILITY","floor":24,"turns":5}],"seed_played":"8153355970296948218","potions_obtained":[{"floor":3,"key":"Fire Potion"},{"floor":13,"key":"Weak Potion"},{"floor":18,"key":"Doom Potion"},{"floor":22,"key":"Ancient Potion"}],"is_trial":false,"path_per_floor":["M","?","M","?","M","R","E","R","T","R","M","R","E","?","R","B",null,"M","?","M","M","M","R","E"],"character_chosen":"WATCHER","items_purchased":[],"campfire_rested":0,"item_purchase_floors":[],"current_hp_per_floor":[65,47,47,47,47,47,27,36,36,45,42,51,51,51,60,33,62,51,51,35,31,17,26,3,3],"gold":477,"neow_bonus":"THREE_ENEMY_KILL","is_daily":false,"chose_seed":false,"campfire_upgraded":5,"win_rate":0.0,"timestamp":1607686817,"path_taken":["M","?","?","?","M","R","E","R","T","R","M","R","E","?","R","BOSS","M","?","M","?","M","R","E"],"items_purchased_type":[],"build_version":"2020-11-30","purchased_purges":0,"victory":false,"max_hp_per_floor":[72,72,72,72,72,72,72,72,72,72,72,72,72,72,72,72,72,72,72,72,72,72,72,72,72],"card_choices":[{"not_picked":["Evaluate","BowlingBash"],"picked":"MarkedMod:PinPointDefense","floor":1},{"not_picked":["CarveReality","ThirdEye"],"picked":"MarkedMod:GentlePulse","floor":2},{"not_picked":["EmptyBody","Crescendo"],"picked":"MarkedMod:GentlePulse","floor":2},{"not_picked":["WreathOfFlame","CrushJoints"],"picked":"CutThroughFate","floor":2},{"not_picked":["BattleHymn","Ragnarok","Evaluate"],"picked":"SKIP","floor":3},{"not_picked":["Meditate","EmptyFist"],"picked":"ReachHeaven","floor":5},{"not_picked":["BowlingBash","EmptyFist"],"picked":"Consecrate","floor":7},{"not_picked":["Collect","Replay:BluntJabs","ClearTheMind"],"picked":"SKIP","floor":11},{"not_picked":["SashWhip","EmptyFist"],"picked":"Vault","floor":13},{"not_picked":["FlurryOfBlows+1","ForeignInfluence","SignatureMove+1"],"picked":"SKIP","floor":18},{"not_picked":["Consecrate+1","MarkedMod:GentlePulse+1"],"picked":"Perseverance","floor":20},{"not_picked":["Replay:Hum","EmptyFist","FlyingSleeves"],"picked":"SKIP","floor":21},{"not_picked":["Replay:BluntJabs+1","FollowUp"],"picked":"MarkedMod:OneThousandNeedles","floor":22}],"player_experience":121997,"relics_obtained":[{"floor":7,"key":"Eternal Feather"},{"floor":9,"key":"Replay:Rubber Ducky"},{"floor":13,"key":"Bird Faced Urn"}],"event_choices":[{"damage_healed":0,"gold_gain":0,"player_choice":"Open","damage_taken":0,"relics_obtained":["Quantum Egg"],"max_hp_gain":0,"max_hp_loss":0,"event_name":"Elementarium:TarCoveredCasket","floor":19,"gold_loss":0,"cards_obtained":["Elementarium:StickyTar"]}],"is_beta":false,"boss_relics":[{"not_picked":["Snecko Eye","VioletLotus"],"picked":"Runic Dome"}],"items_purged_floors":[],"is_endless":false,"potions_floor_spawned":[3,13,18,22],"killed_by":"Elementarium:FIRE_NOBILITY","ascension_level":6}}