{"host":"udzsrhbqdxqtlypj","time":1607645340,"event":{"mods":["BaseMod","Minty Spire (QoL Compilation)","Relic Stats"],"gold_per_floor":[116,116,128,145,155,188,188,200,200,232,250,250,250,265,265,362,362,372,372,297,308,155,187,204,204,204,204,55,84,84,94,94,190,190,201,6,6,19,39,39,39],"floor_reached":40,"playtime":3553,"items_purged":["Strike_G","Strike_G","Strike_G"],"score":732,"play_id":"3dfe5720-7a91-44fe-af1c-f42e19624060","local_time":"20201210180900","is_ascension_mode":true,"campfire_choices":[{"data":"Bane","floor":7,"key":"SMITH"},{"floor":12,"key":"REST"},{"data":"Envenom","floor":15,"key":"SMITH"},{"data":"Leg Sweep","floor":27,"key":"SMITH"},{"data":"Leg Sweep","floor":30,"key":"SMITH"},{"floor":32,"key":"REST"}],"circlet_count":0,"master_deck":["AscendersBane","Defend_G","Defend_G","Defend_G","Defend_G","Defend_G","Survivor","Neutralize","Poisoned Stab","Underhanded Strike","Bane+1","Unload","Acrobatics","Leg Sweep+1","Blur","Envenom+1","Infinite Blades","Glass Knife+1","Underhanded Strike+1","Leg Sweep+1","Blade Dance","Predator+1","Dash+1","Flying Knee+1","Corpse Explosion","Choke+1","Dash+1","Eviscerate+1","PiercingWail+1"],"relics":["Ring of the Snake","Dream Catcher","Pantograph","Meat on the Bone","Molten Egg 2","Snecko Eye","Bag of Preparation","Gremlin Horn","Letter Opener","Regal Pillow","HoveringKite"],"acts_visited":["Exordium","TheCity","TheBeyond"],"potions_floor_usage":[6,14,16,23,23,33,33,33],"damage_taken":[{"damage":7,"enemies":"Cultist","floor":1,"turns":4},{"damage":1,"enemies":"Small Slimes","floor":3,"turns":4},{"damage":0,"enemies":"2 Louse","floor":4,"turns":2},{"damage":0,"enemies":"2 Fungi Beasts","floor":5,"turns":3},{"damage":20,"enemies":"3 Sentries","floor":6,"turns":7},{"damage":8,"enemies":"Large Slime","floor":8,"turns":7},{"damage":25,"enemies":"Lagavulin","floor":10,"turns":5},{"damage":0,"enemies":"Looter","floor":11,"turns":3},{"damage":8,"enemies":"Gremlin Gang","floor":14,"turns":8},{"damage":13,"enemies":"Slime Boss","floor":16,"turns":8},{"damage":4,"enemies":"Chosen","floor":18,"turns":4},{"damage":11,"enemies":"Spheric Guardian","floor":21,"turns":3},{"damage":0,"enemies":"Slavers","floor":23,"turns":6},{"damage":11,"enemies":"Shelled Parasite and Fungi","floor":24,"turns":7},{"damage":0,"enemies":"Gremlin Leader","floor":29,"turns":4},{"damage":8,"enemies":"Centurion and Healer","floor":31,"turns":5},{"damage":51,"enemies":"Automaton","floor":33,"turns":10},{"damage":1,"enemies":"Orb Walker","floor":35,"turns":3},{"damage":0,"enemies":"3 Shapes","floor":38,"turns":4},{"damage":32,"enemies":"Spire Growth","floor":39,"turns":4},{"damage":79,"enemies":"Nemesis","floor":40,"turns":6}],"seed_played":"3760201915617933288","potions_obtained":[{"floor":1,"key":"SneckoOil"},{"floor":4,"key":"Fire Potion"},{"floor":10,"key":"DistilledChaos"},{"floor":11,"key":"Strength Potion"},{"floor":18,"key":"Energy Potion"},{"floor":23,"key":"SteroidPotion"},{"floor":29,"key":"Dexterity Potion"},{"floor":35,"key":"Explosive Potion"}],"is_trial":false,"path_per_floor":["M","?","M","M","M","E","R","M","T","E","M","R","?","M","R","B",null,"M","?","?","M","$","E","M","?","T","R","$","E","R","M","R","B",null,"M","$","?","M","M","E"],"character_chosen":"THE_SILENT","items_purchased":["Leg Sweep","Strength Potion","Dash+1"],"campfire_rested":2,"item_purchase_floors":[22,28,36],"current_hp_per_floor":[63,56,55,55,55,35,35,27,27,2,14,37,25,29,29,41,68,64,50,50,51,51,51,52,52,52,52,52,52,52,44,82,43,72,71,71,71,71,51,0,0],"gold":39,"neow_bonus":"TEN_PERCENT_HP_BONUS","is_daily":false,"chose_seed":false,"campfire_upgraded":4,"win_rate":0.0,"timestamp":1607645340,"path_taken":["M","?","M","M","M","E","R","M","T","E","M","R","?","M","R","BOSS","M","?","?","M","$","E","M","?","T","R","$","E","R","M","R","BOSS","M","$","?","?","M","E"],"items_purchased_type":["Card","Potion","Undefined"],"build_version":"2020-11-30","purchased_purges":3,"victory":false,"max_hp_per_floor":[77,77,77,77,77,77,77,77,77,77,77,77,77,77,77,77,77,77,82,82,82,82,82,82,82,82,82,82,82,82,82,82,82,82,82,82,82,82,82,82,82],"relic_stats":{"Dream Catcher":2,"Regal Pillow":14,"Gremlin Horn":[8,8],"counters":[21,107],"Pantograph":25,"Snecko Eye":[124,107,113,111],"HoveringKite":[6],"Bag of Preparation":[8],"Letter Opener":[71],"obtain_stats":[{"Dream Catcher":6,"Regal Pillow":29,"Gremlin Horn":25,"Pantograph":9,"Snecko Eye":17,"HoveringKite":34,"Molten Egg 2":13,"Bag of Preparation":23,"Letter Opener":26,"Ring of the Snake":0,"Meat on the Bone":10},{"Dream Catcher":5,"Regal Pillow":15,"Gremlin Horn":14,"Pantograph":6,"Snecko Eye":10,"HoveringKite":17,"Molten Egg 2":8,"Bag of Preparation":13,"Letter Opener":14,"Ring of the Snake":0,"Meat on the Bone":7},{"Dream Catcher":20,"Regal Pillow":75,"Gremlin Horn":71,"Pantograph":27,"Snecko Eye":51,"HoveringKite":90,"Molten Egg 2":35,"Bag of Preparation":64,"Letter Opener":71,"Ring of the Snake":0,"Meat on the Bone":32}],"Ring of the Snake":[42],"Meat on the Bone":72},"card_choices":[{"not_picked":["Bouncing Flask","Escape Plan"],"picked":"Poisoned Stab","floor":1},{"not_picked":["Backflip","Dodge and Roll"],"picked":"Underhanded Strike","floor":3},{"not_picked":["PiercingWail","Dagger Spray"],"picked":"Bane","floor":4},{"not_picked":["Dagger Throw","Cloak And Dagger"],"picked":"Unload","floor":5},{"not_picked":["Flying Knee","Quick Slash","Dodge and Roll"],"picked":"SKIP","floor":6},{"not_picked":["Predator","Deflect"],"picked":"Acrobatics","floor":8},{"not_picked":["Deflect","Slice"],"picked":"Leg Sweep","floor":10},{"not_picked":["Masterful Stab","Deflect"],"picked":"Blur","floor":11},{"not_picked":["Flying Knee","Infinite Blades"],"picked":"Envenom","floor":12},{"not_picked":["Deadly Poison","Predator+1"],"picked":"Infinite Blades","floor":14},{"not_picked":["Adrenaline","Tools of the Trade"],"picked":"Glass Knife+1","floor":16},{"not_picked":["Well Laid Plans","Bane+1"],"picked":"Underhanded Strike+1","floor":18},{"not_picked":["Slice+1","Acrobatics","Dodge and Roll+1"],"picked":"SKIP","floor":21},{"not_picked":["Finisher+1","Blur"],"picked":"Blade Dance","floor":23},{"not_picked":["Well Laid Plans","Flying Knee+1"],"picked":"Predator+1","floor":24},{"not_picked":["Masterful Stab+1","Infinite Blades","Backflip"],"picked":"SKIP","floor":29},{"not_picked":["Masterful Stab+1","Predator+1"],"picked":"Dash+1","floor":31},{"not_picked":["Deflect+1","Escape Plan+1"],"picked":"Flying Knee+1","floor":32},{"not_picked":["Tools of the Trade","Envenom"],"picked":"Corpse Explosion","floor":33},{"not_picked":["Bane+1","Well Laid Plans+1"],"picked":"Choke+1","floor":35},{"not_picked":["Flying Knee+1","Poisoned Stab+1"],"picked":"Eviscerate+1","floor":38},{"not_picked":["Poisoned Stab+1","Acrobatics"],"picked":"PiercingWail+1","floor":39}],"player_experience":2578440,"relics_obtained":[{"floor":6,"key":"Dream Catcher"},{"floor":9,"key":"Pantograph"},{"floor":10,"key":"Meat on the Bone"},{"floor":23,"key":"Bag of Preparation"},{"floor":26,"key":"Letter Opener"},{"floor":29,"key":"Regal Pillow"}],"event_choices":[{"cards_removed":["Strike_G"],"damage_healed":0,"gold_gain":0,"player_choice":"Card Removal","damage_taken":7,"max_hp_gain":0,"max_hp_loss":0,"event_name":"Golden Wing","floor":2,"gold_loss":0},{"damage_healed":0,"gold_gain":0,"player_choice":"Success","damage_taken":12,"relics_obtained":["Molten Egg 2"],"max_hp_gain":0,"max_hp_loss":0,"event_name":"Scrap Ooze","floor":13,"gold_loss":0},{"damage_healed":0,"gold_gain":0,"player_choice":"Shed Blood","damage_taken":19,"max_hp_gain":5,"max_hp_loss":0,"event_name":"Forgotten Altar","floor":19,"gold_loss":0},{"cards_removed":["Strike_G"],"damage_healed":0,"gold_gain":0,"player_choice":"Gave Gold","damage_taken":0,"max_hp_gain":0,"max_hp_loss":0,"event_name":"Beggar","floor":20,"gold_loss":75},{"damage_healed":0,"gold_gain":0,"player_choice":"Opened","damage_taken":0,"relics_obtained":["Gremlin Horn"],"max_hp_gain":0,"max_hp_loss":0,"event_name":"The Mausoleum","floor":25,"gold_loss":0,"cards_obtained":["Writhe"]},{"cards_removed":["Writhe"],"damage_healed":0,"gold_gain":0,"player_choice":"Purged","damage_taken":0,"max_hp_gain":0,"max_hp_loss":0,"event_name":"Purifier","floor":37,"gold_loss":0}],"is_beta":false,"boss_relics":[{"not_picked":["Fusion Hammer","Ectoplasm"],"picked":"Snecko Eye"},{"not_picked":["Philosopher\u0027s Stone","SlaversCollar"],"picked":"HoveringKite"}],"items_purged_floors":[22,28,36],"is_endless":false,"potions_floor_spawned":[1,4,10,11,18,23,29,31,35],"killed_by":"Nemesis","ascension_level":10}}