{"host":"ogu62mnru5djd3ck","time":1607709453,"event":{"mods":["AchievementEnabler","Act Like it!","BaseMod","Better Skull","Colored Map","Colored Powertips","Custom Start","GifTheSpireLib","Gold Saver","Highlight Path","Minty Spire (QoL Compilation)","Rare Cards Sparkle","SOS???????","StSLib","The Exalted","The Forsaken"],"gold_per_floor":[147,147,161,236,411,411,411],"floor_reached":6,"playtime":404,"items_purged":[],"score":34,"play_id":"ec6a06c4-b99d-42f6-b534-a31480deedd3","local_time":"20201211185733","is_ascension_mode":false,"campfire_choices":[],"circlet_count":0,"master_deck":["Attack_a","Attack_a","Attack_b","Shoot","Shoot","Provocation","Defend_Dante","Defend_Dante","Defend_Dante","Defend_Dante","Redorb","Doubleshoot","Injury","Honeycombofire","Doubt"],"relics":["SSS","Combocheck","Golden Idol"],"acts_visited":["Exordium"],"potions_floor_usage":[6],"damage_taken":[{"damage":1,"enemies":"Small Slimes","floor":1,"turns":5},{"damage":2,"enemies":"2 Louse","floor":3,"turns":3},{"damage":82,"enemies":"Gremlin Nob","floor":6,"turns":5}],"seed_played":"-1429098390115184994","potions_obtained":[{"floor":3,"key":"Block Potion"}],"is_trial":false,"path_per_floor":["M","?","M","?","?","E"],"character_chosen":"DANTE","items_purchased":[],"campfire_rested":0,"item_purchase_floors":[],"current_hp_per_floor":[87,87,85,74,74,0,0],"gold":411,"neow_bonus":"TEN_PERCENT_HP_BONUS","is_daily":false,"chose_seed":false,"campfire_upgraded":0,"win_rate":0.0,"timestamp":1607709453,"path_taken":["M","?","M","?","?","E"],"items_purchased_type":[],"build_version":"2020-11-30","purchased_purges":0,"victory":false,"max_hp_per_floor":[88,88,88,88,88,88,88],"card_choices":[{"not_picked":["Millionstab","Gunslinger"],"picked":"Doubleshoot","floor":1},{"not_picked":["DevilstarS","Whiteorb"],"picked":"Honeycombofire","floor":3}],"player_experience":134591,"relics_obtained":[],"event_choices":[{"damage_healed":0,"gold_gain":0,"player_choice":"Take Wound","damage_taken":0,"relics_obtained":["Golden Idol"],"max_hp_gain":0,"max_hp_loss":0,"event_name":"Golden Idol","floor":2,"gold_loss":0,"cards_obtained":["Injury"]},{"damage_healed":0,"gold_gain":75,"player_choice":"Gather Gold","damage_taken":11,"max_hp_gain":0,"max_hp_loss":0,"event_name":"World of Goop","floor":4,"gold_loss":0},{"damage_healed":0,"gold_gain":175,"player_choice":"AGREE","damage_taken":0,"max_hp_gain":0,"max_hp_loss":0,"event_name":"Liars Game","floor":5,"gold_loss":0,"cards_obtained":["Doubt"]}],"is_beta":false,"boss_relics":[],"items_purged_floors":[],"is_endless":false,"potions_floor_spawned":[3],"killed_by":"Gremlin Nob","ascension_level":0}}