{"host":"sq65xgedotq5nei3","time":1607654127,"event":{"mods":["AchievementEnabler","BaseMod","Colored Powertips","Minty Spire (QoL Compilation)","Permanent Neow","Rare Cards Sparkle","StSLib","SuperFastMode"],"gold_per_floor":[109,109,124,134,134,134,165,165,188,198,226,226,253,253,253,330,330,346,360,360,370,370,370,370,370,425,425,425,450,466,484,484,561,561,571,92,92,109,126,126,140,140,163,163,209,234,243,50,50,50],"floor_reached":51,"playtime":1859,"items_purged":["Strike_R","Defend_R"],"score":1182,"play_id":"f3691d04-5690-41f3-8bfb-a4b18363e2b6","local_time":"20201211133527","is_ascension_mode":true,"campfire_choices":[{"data":"Body Slam","floor":6.0,"key":"SMITH"},{"data":"Shrug It Off","floor":8.0,"key":"SMITH"},{"floor":15.0,"key":"REST"},{"data":"Entrench","floor":23,"key":"SMITH"},{"floor":25,"key":"REST"},{"data":"Defend_R","floor":28,"key":"SMITH"},{"data":"Defend_R","floor":32,"key":"SMITH"},{"data":"Seeing Red","floor":40,"key":"SMITH"},{"data":"Juggernaut","floor":42,"key":"SMITH"},{"data":"Dropkick","floor":49,"key":"SMITH"}],"circlet_count":0,"master_deck":["AscendersBane","Strike_R+1","Strike_R","Defend_R+1","Defend_R+1","Bash+1","Barricade+1","Body Slam+1","Shrug It Off+1","Entrench+1","Dropkick+1","Seeing Red+1","Necronomicurse","Fire Breathing+1","Body Slam+1","Juggernaut+1","Shrug It Off+1"],"relics":["Black Blood","Self Forming Clay","Blood Vial","Art of War","Juzu Bracelet","Bronze Scales","Darkstone Periapt","Necronomicon","Red Skull","HornCleat","Tiny Chest","Blue Candle","Busted Crown","Whetstone","InkBottle","Ancient Tea Set","CeramicFish","Toxic Egg 2","Membership Card"],"acts_visited":["Exordium","TheCity","TheBeyond"],"potions_floor_usage":[21,33,33,41,50],"damage_taken":[{"damage":1.0,"enemies":"Cultist","floor":1.0,"turns":4.0},{"damage":2.0,"enemies":"Jaw Worm","floor":3.0,"turns":5.0},{"damage":7.0,"enemies":"Small Slimes","floor":4.0,"turns":5.0},{"damage":42.0,"enemies":"Gremlin Nob","floor":7.0,"turns":6.0},{"damage":25.0,"enemies":"Exordium Wildlife","floor":10.0,"turns":9.0},{"damage":16.0,"enemies":"3 Sentries","floor":11.0,"turns":15.0},{"damage":32.0,"enemies":"Gremlin Nob","floor":13.0,"turns":5.0},{"damage":25.0,"enemies":"The Guardian","floor":16.0,"turns":14.0},{"damage":26.0,"enemies":"Shell Parasite","floor":18.0,"turns":7.0},{"damage":7.0,"enemies":"Chosen","floor":19.0,"turns":6.0},{"damage":45,"enemies":"Sentry and Sphere","floor":21,"turns":11},{"damage":19,"enemies":"Gremlin Leader","floor":29,"turns":8},{"damage":18,"enemies":"Shelled Parasite and Fungi","floor":30,"turns":6},{"damage":23,"enemies":"Centurion and Healer","floor":31,"turns":7},{"damage":13,"enemies":"Champ","floor":33,"turns":9},{"damage":2,"enemies":"3 Shapes","floor":35,"turns":3},{"damage":24,"enemies":"Orb Walker","floor":38,"turns":3},{"damage":0,"enemies":"Spire Growth","floor":39,"turns":5},{"damage":18,"enemies":"3 Darklings","floor":41,"turns":5},{"damage":23,"enemies":"Nemesis","floor":46,"turns":5},{"damage":36,"enemies":"Awakened One","floor":50,"turns":9}],"seed_played":"7122267049143632132","potions_obtained":[{"floor":3.0,"key":"GamblersBrew"},{"floor":4.0,"key":"ColorlessPotion"},{"floor":7.0,"key":"BloodPotion"},{"floor":19.0,"key":"EssenceOfSteel"},{"floor":30,"key":"SpeedPotion"},{"floor":31,"key":"AttackPotion"},{"floor":35,"key":"HeartOfIron"},{"floor":39,"key":"Energy Potion"}],"is_trial":false,"path_per_floor":["M","T","M","M","?","R","E","R","T","M","E","?","E","T","R","B",null,"M","M","?","M","T","R","T","R","T","?","R","E","M","M","R","B",null,"M","$","?","M","M","R","M","R","T","?","T","E","?","$","R","B",null],"character_chosen":"IRONCLAD","items_purchased":["Whetstone","InkBottle","Membership Card"],"campfire_rested":2,"item_purchase_floors":[36,36,48],"current_hp_per_floor":[77,77,80,79,79,79,43,43,43,42,34,34,10,10,34,17,64,52,59,49,18,18,18,18,43,43,71,71,66,62,53,53,54,78,86,86,86,74,86,86,80,80,80,80,80,71,71,71,71,49],"gold":50,"neow_bonus":"TRANSFORM_CARD","is_daily":false,"chose_seed":false,"campfire_upgraded":8,"win_rate":0.0,"timestamp":1607654127,"path_taken":["M","?","M","M","?","R","E","R","T","?","E","?","E","?","R","BOSS","M","M","?","M","?","R","?","R","T","?","R","E","M","M","R","BOSS","M","$","?","M","M","R","M","R","T","?","?","E","?","$","R","BOSS"],"items_purchased_type":["Relic","Relic","Relic"],"build_version":"2020-11-30","purchased_purges":2,"victory":true,"max_hp_per_floor":[80,80,80,80,80,80,80,80,80,80,80,80,80,80,80,80,80,80,80,86,86,86,86,86,86,86,86,86,86,86,86,86,86,86,86,86,86,86,86,86,86,86,86,86,86,86,86,86,86,86],"card_choices":[{"not_picked":["Thunderclap","Wild Strike","True Grit"],"picked":"SKIP","floor":1.0},{"not_picked":["Cleave","Warcry"],"picked":"Body Slam","floor":3.0},{"not_picked":["Armaments","Heavy Blade","Corruption"],"picked":"SKIP","floor":4.0},{"not_picked":["Warcry","Armaments"],"picked":"Shrug It Off","floor":7.0},{"not_picked":["Armaments","Clothesline"],"picked":"Entrench","floor":10.0},{"not_picked":["Uppercut","Shockwave"],"picked":"Dropkick","floor":11.0},{"not_picked":["Disarm","Searing Blow","Hemokinesis"],"picked":"SKIP","floor":13.0},{"not_picked":["Hemokinesis","Sword Boomerang","Entrench"],"picked":"SKIP","floor":18.0},{"not_picked":["Shockwave","Reckless Charge"],"picked":"Seeing Red","floor":19.0},{"not_picked":["Rampage","Perfected Strike","Twin Strike"],"picked":"SKIP","floor":21},{"not_picked":["Armaments","Reckless Charge","Clash"],"picked":"SKIP","floor":29},{"not_picked":["Dropkick+1","Havoc"],"picked":"Fire Breathing+1","floor":30},{"not_picked":["Dropkick","Armaments"],"picked":"Body Slam+1","floor":31},{"not_picked":["Demon Form","Limit Break"],"picked":"Juggernaut","floor":33},{"not_picked":["Second Wind"],"picked":"SKIP","floor":35},{"not_picked":["Perfected Strike"],"picked":"SKIP","floor":38},{"not_picked":["Anger"],"picked":"SKIP","floor":39},{"not_picked":["Bloodletting"],"picked":"SKIP","floor":41},{"not_picked":["Sword Boomerang+1"],"picked":"SKIP","floor":46}],"player_experience":741675,"relics_obtained":[{"floor":2.0,"key":"Self Forming Clay"},{"floor":7.0,"key":"Blood Vial"},{"floor":9.0,"key":"Art of War"},{"floor":11.0,"key":"Juzu Bracelet"},{"floor":13.0,"key":"Bronze Scales"},{"floor":14.0,"key":"Darkstone Periapt"},{"floor":20.0,"key":"Necronomicon"},{"floor":22,"key":"Red Skull"},{"floor":24,"key":"HornCleat"},{"floor":26,"key":"Tiny Chest"},{"floor":29,"key":"Blue Candle"},{"floor":43,"key":"Ancient Tea Set"},{"floor":45,"key":"CeramicFish"},{"floor":46,"key":"Toxic Egg 2"}],"event_choices":[{"damage_healed":0.0,"max_hp_gain":0.0,"max_hp_loss":0.0,"gold_gain":0.0,"event_name":"Upgrade Shrine","player_choice":"Upgraded","floor":5.0,"gold_loss":0.0,"damage_taken":0.0,"cards_upgraded":["Barricade"]},{"damage_healed":0.0,"max_hp_gain":0.0,"max_hp_loss":0.0,"gold_gain":0.0,"event_name":"Liars Game","player_choice":"Ignored","floor":12.0,"gold_loss":0.0,"damage_taken":0.0},{"damage_healed":0.0,"max_hp_gain":0.0,"max_hp_loss":0.0,"gold_gain":0.0,"event_name":"Cursed Tome","player_choice":"Obtained Book","floor":20.0,"gold_loss":0.0,"damage_taken":16.0},{"damage_healed":28,"gold_gain":0,"player_choice":"Heal","damage_taken":0,"max_hp_gain":0,"max_hp_loss":0,"event_name":"The Library","floor":27,"gold_loss":0},{"cards_removed":["Defend_R"],"damage_healed":0,"gold_gain":0,"player_choice":"Removed Skill","damage_taken":0,"max_hp_gain":0,"max_hp_loss":0,"event_name":"Falling","floor":37,"gold_loss":0},{"cards_removed":["Strike_R"],"damage_healed":0,"gold_gain":0,"player_choice":"Offered Basic","damage_taken":0,"max_hp_gain":0,"max_hp_loss":0,"event_name":"Bonfire Elementals","floor":44,"gold_loss":0},{"damage_healed":0,"gold_gain":0,"player_choice":"Copied","damage_taken":0,"max_hp_gain":0,"max_hp_loss":0,"event_name":"Duplicator","floor":47,"gold_loss":0,"cards_obtained":["Shrug It Off"]}],"is_beta":false,"boss_relics":[{"not_picked":["Tiny House","Empty Cage"],"picked":"Black Blood"},{"not_picked":["Pandora\u0027s Box","Velvet Choker"],"picked":"Busted Crown"}],"items_purged_floors":[36,48],"is_endless":false,"potions_floor_spawned":[3,4,7,19,30,31,35,39],"ascension_level":13}}