{"host":"d8hh7rr4yzitjeuj","time":1607707071,"event":{"mods":["2.2 Compatiblity","AchievementEnabler","BaseMod","CapriCore","Colored Map","Colored Powertips","Highlight Path","Keyboard Shortcuts","Minty Spire (QoL Compilation)","Permanent Neow","Quick Restart","StSLib","SuperFastMode"],"gold_per_floor":[118,128,128,145,145,145,168,188,211,211,229,229,248,261,261,261,261],"floor_reached":16,"playtime":367,"items_purged":[],"score":192,"play_id":"7c4d950f-418a-4090-b333-ef5171bc700a","local_time":"20201212021751","is_ascension_mode":true,"campfire_choices":[{"data":"Chaos","floor":6,"key":"SMITH"},{"data":"Zap","floor":10,"key":"SMITH"},{"data":"Dualcast","floor":15,"key":"SMITH"}],"circlet_count":0,"master_deck":["AscendersBane","Strike_B","Strike_B","Strike_B","Strike_B","Defend_B","Defend_B","Defend_B","Defend_B","Zap+1","Dualcast+1","Genetic Algorithm","Chaos+1","Biased Cognition","Cold Snap","Turbo","Tempest","Compile Driver+1","Barrage+1"],"relics":["Coffee Dripper","Golden Idol","Centennial Puzzle","Molten Egg 2"],"acts_visited":["Exordium"],"potions_floor_usage":[7,11],"damage_taken":[{"damage":9,"enemies":"2 Louse","floor":1,"turns":2},{"damage":7,"enemies":"Small Slimes","floor":2,"turns":4},{"damage":7,"enemies":"Jaw Worm","floor":4,"turns":3},{"damage":25,"enemies":"Gremlin Gang","floor":7,"turns":4},{"damage":13,"enemies":"Exordium Wildlife","floor":8,"turns":7},{"damage":21,"enemies":"Lots of Slimes","floor":11,"turns":6},{"damage":8,"enemies":"3 Louse","floor":13,"turns":2},{"damage":6,"enemies":"2 Fungi Beasts","floor":14,"turns":2},{"damage":8,"enemies":"Slime Boss","floor":16,"turns":3}],"seed_played":"589402528881573199","potions_obtained":[{"floor":1,"key":"Regen Potion"},{"floor":4,"key":"AttackPotion"},{"floor":7,"key":"Dexterity Potion"},{"floor":14,"key":"Swift Potion"}],"is_trial":false,"path_per_floor":["M","M","?","M","?","R","M","M","T","R","M","T","M","M","R","B"],"character_chosen":"DEFECT","items_purchased":[],"campfire_rested":0,"item_purchase_floors":[],"current_hp_per_floor":[55,48,71,64,64,64,39,26,26,26,20,20,12,6,6,0,0],"gold":261,"neow_bonus":"BOSS_RELIC","is_daily":false,"chose_seed":false,"campfire_upgraded":3,"win_rate":0.0,"timestamp":1607707071,"path_taken":["M","M","?","M","?","R","M","M","T","R","M","?","M","M","R","BOSS"],"items_purchased_type":[],"build_version":"2020-11-30","purchased_purges":0,"victory":false,"max_hp_per_floor":[71,71,71,71,64,64,64,64,64,64,64,64,64,64,64,64,64],"card_choices":[{"not_picked":["Hologram","Gash"],"picked":"Genetic Algorithm","floor":1},{"not_picked":["Redo","Hologram"],"picked":"Chaos","floor":2},{"not_picked":["Sweeping Beam","Gash"],"picked":"Biased Cognition","floor":4},{"not_picked":["Conserve Battery","Heatsinks"],"picked":"Cold Snap","floor":7},{"not_picked":["Gash","Darkness"],"picked":"Turbo","floor":8},{"not_picked":["Streamline","Heatsinks"],"picked":"Tempest","floor":11},{"not_picked":["Doom and Gloom+1","Hello World"],"picked":"Compile Driver+1","floor":13},{"not_picked":["Hologram","Gash+1"],"picked":"Barrage+1","floor":14}],"player_experience":1321552,"relics_obtained":[{"floor":9,"key":"Centennial Puzzle"},{"floor":12,"key":"Molten Egg 2"}],"event_choices":[{"damage_healed":23,"gold_gain":0,"player_choice":"Banana","damage_taken":0,"max_hp_gain":0,"max_hp_loss":0,"event_name":"Big Fish","floor":3,"gold_loss":0},{"damage_healed":0,"gold_gain":0,"player_choice":"Lose Max HP","damage_taken":0,"relics_obtained":["Golden Idol"],"max_hp_gain":0,"max_hp_loss":7,"event_name":"Golden Idol","floor":5,"gold_loss":0}],"is_beta":false,"boss_relics":[],"items_purged_floors":[],"is_endless":false,"potions_floor_spawned":[1,4,7,14],"killed_by":"Slime Boss","ascension_level":20}}