{"host":"0cnf9zf1gia27zti","time":1607652937,"event":{"mods":["BaseMod","Colored Map","Colored Powertips","StSLib","Downfall","Replay The Spire","BetterRewards","Minty Spire (QoL Compilation)","Quick Restart","Conspire","Shade Mod","Spicy Shops","Card Forge"],"gold_per_floor":[111,111,76,45,65,94,94,129,153,182,193,209,228,103,103,205,205,225,237,254,63,63,63,81,3,3,20,20,20,40,40,40,145,145,163,163,163],"floor_reached":36,"playtime":2738,"items_purged":["Strike_G","Hallucinations","Strike_G"],"score":637,"play_id":"0a640db7-e522-4a40-87b3-dbeebbd22385","local_time":"20201211021537","is_ascension_mode":true,"campfire_choices":[{"floor":7,"key":"REST"},{"floor":15,"key":"REST"},{"floor":23,"key":"REST"}],"circlet_count":0,"master_deck":["AscendersBane","Strike_G+1","Defend_G","Defend_G","Defend_G","Defend_G","Defend_G","Survivor","Neutralize","Accuracy","Blade Dance","Venomology","Choke+1","Deflect","Well Laid Plans","PiercingWail","Caltrops","Cloak And Dagger","After Image","Blade Dance","Noxious Fumes","Accuracy","Poison Darts","Accuracy+1","Night Terror"],"relics":["Ring of the Snake","Hammer of Thor","Seething Fire","Anvil of the Gods","Iron Hammer","conspire:GiftBox","Boot","ReplayTheSpireMod:CursedCoin","Replay:Wax Seal","Lantern","Eternal Feather","Potion Belt","Oddly Smooth Stone","Membership Card","Orichalcum","Whetstone"],"acts_visited":["Exordium","TheCity","TheBeyond"],"potions_floor_usage":[6,8,10,10,12,16,16,18,19,20,20,27,29,30,33,33,33,33,36,36,36],"damage_taken":[{"damage":0,"enemies":"Jaw Worm","floor":1,"turns":3},{"damage":0,"enemies":"Cultist","floor":5,"turns":1},{"damage":3,"enemies":"3 Sentries","floor":6,"turns":9},{"damage":0,"enemies":"Lagavulin","floor":8,"turns":5},{"damage":21,"enemies":"Gremlin Nob","floor":10,"turns":4},{"damage":0,"enemies":"2 Louse","floor":11,"turns":3},{"damage":5,"enemies":"Exordium Thugs","floor":12,"turns":5},{"damage":0,"enemies":"Gremlin Gang","floor":13,"turns":5},{"damage":16,"enemies":"Hexaghost","floor":16,"turns":8},{"damage":0,"enemies":"3 Byrds","floor":18,"turns":3},{"damage":7,"enemies":"Spheric Guardian","floor":19,"turns":4},{"damage":15,"enemies":"Snecko","floor":20,"turns":5},{"damage":22,"enemies":"Cultist and Chosen","floor":24,"turns":8},{"damage":9,"enemies":"Centurion and Healer","floor":27,"turns":6},{"damage":0,"enemies":"Snake Plant","floor":29,"turns":1},{"damage":4,"enemies":"Shelled Parasite and Fungi","floor":30,"turns":7},{"damage":18,"enemies":"Champ","floor":33,"turns":12},{"damage":0,"enemies":"3 Shapes","floor":35,"turns":7},{"damage":66,"enemies":"3 Darklings","floor":36,"turns":4}],"seed_played":"-3128130552740251521","potions_obtained":[{"floor":1,"key":"Guardian:BlockOnCardUsePotion"},{"floor":8,"key":"SteroidPotion"},{"floor":11,"key":"SkillPotion"},{"floor":12,"key":"sneckomod:MuddlingPotion"},{"floor":18,"key":"Fire Potion"},{"floor":19,"key":"Toxic Potion"},{"floor":30,"key":"Block Potion"},{"floor":32,"key":"Languid Potion"},{"floor":33,"key":"SpeedPotion"},{"floor":35,"key":"SpeedPotion"}],"is_trial":false,"path_per_floor":["M","?","?","$","M","E","R","E","T","E","M","M","M","$","R","B",null,"M","M","M","$","?","R","M","$","T","M","?","M","M","$","R_BF","B",null,"M","M"],"character_chosen":"THE_SILENT","items_purchased":["Accuracy","Iron Hammer","Blade Dance","conspire:GiftBox","Boot","ReplayTheSpireMod:CursedCoin","Replay:Wax Seal","Membership Card","Accuracy","Orichalcum"],"campfire_rested":3,"item_purchase_floors":[0,0,0,0,0,4,4,21,21,25],"current_hp_per_floor":[31,31,48,48,48,45,66,66,66,45,45,40,40,40,70,54,66,66,59,44,44,44,70,48,48,48,39,39,39,35,35,47,47,64,64,0,0],"gold":163,"neow_bonus":"","is_daily":false,"chose_seed":false,"campfire_upgraded":0,"win_rate":0,"timestamp":1607652937,"path_taken":["M","?","?","$","M","E","R","E","T","E","M","M","M","$","R","BOSS","M","M","M","$","?","R","M","$","T","M","?","?","M","$","R_BF","BOSS","M","M"],"build_version":"2020-11-30","purchased_purges":3,"victory":false,"max_hp_per_floor":[70,70,70,70,70,70,70,70,70,70,70,70,70,70,70,70,70,70,70,70,70,70,70,70,70,70,70,70,70,70,70,70,70,70,70,70,70],"card_choices":[{"not_picked":["Glass Knife","Atom Bomb"],"picked":"Venomology","floor":0},{"not_picked":["Poisoned Stab","PiercingWail"],"picked":"Choke","floor":1},{"not_picked":["Dodge and Roll","Expertise"],"picked":"Deflect","floor":5},{"not_picked":["ReplayTheSpireMod:Tripwire","Dagger Throw"],"picked":"Well Laid Plans","floor":6},{"not_picked":["Acrobatics","Crippling Poison"],"picked":"PiercingWail","floor":8},{"not_picked":["Draining Mist","Outmaneuver"],"picked":"Caltrops","floor":10},{"not_picked":["Dodge and Roll","Setup"],"picked":"Cloak And Dagger","floor":11},{"not_picked":["Dodge and Roll","Bouncing Flask","Setup"],"picked":"SKIP","floor":12},{"not_picked":["Deflect","Endless Agony","Flying Knee"],"picked":"SKIP","floor":13},{"not_picked":["Night Terror","Die Die Die"],"picked":"After Image","floor":16},{"not_picked":["Deflect","Bane"],"picked":"Blade Dance","floor":18},{"not_picked":["Slice+1","Quick Slash"],"picked":"Noxious Fumes","floor":19},{"not_picked":["Outmaneuver","Acrobatics","Tactician"],"picked":"SKIP","floor":20},{"not_picked":["Sneak Up","conspire:PoisonWeapons","Sucker Punch"],"picked":"SKIP","floor":24},{"not_picked":["Underhanded Strike+1","Bane"],"picked":"Poison Darts","floor":27},{"not_picked":["Heel Hook+1","Underhanded Strike"],"picked":"Accuracy+1","floor":30},{"not_picked":["Atom Bomb","ReplayTheSpireMod:Necrosis"],"picked":"Night Terror","floor":33},{"not_picked":["Quick Slash+1","Outmaneuver","ReplayTheSpireMod:The Works+1"],"picked":"SKIP","floor":35}],"player_experience":1870868,"relics_obtained":[{"floor":6,"key":"Lantern"},{"floor":8,"key":"Eternal Feather"},{"floor":9,"key":"Potion Belt"},{"floor":10,"key":"Oddly Smooth Stone"},{"floor":26,"key":"Whetstone"}],"event_choices":[{"cards_removed":["Strike_G"],"damage_healed":0,"gold_gain":0,"player_choice":"Forget","damage_taken":0,"max_hp_gain":0,"max_hp_loss":0,"event_name":"Living Wall","floor":2,"gold_loss":0},{"damage_healed":17,"gold_gain":0,"player_choice":"Healed","damage_taken":0,"max_hp_gain":0,"max_hp_loss":0,"event_name":"The Cleric","floor":3,"gold_loss":35},{"cards_removed":["Strike_G"],"damage_healed":0,"gold_gain":0,"player_choice":"Offered Basic","damage_taken":0,"max_hp_gain":0,"max_hp_loss":0,"event_name":"Bonfire Elementals","floor":28,"gold_loss":0}],"is_beta":false,"boss_relics":[{"not_picked":["ChewingGum","Abe\u0027s Treasure","Pandora\u0027s Box"]},{"not_picked":["Snecko Scales","Fusion Hammer","Replay:Drink Me"]}],"items_purged_floors":[0,4,14],"is_endless":false,"potions_floor_spawned":[1,8,11,12,18,19,30,33,35],"killed_by":"3 Darklings","ascension_level":11}}