{"host":"k6qwgpygxbgz06bg","time":1607721971,"event":{"mods":["BaseMod","Beaked The Cultist","Better Third Choice","BetterRewards","Colored Map","Friendly Minions","Marisa????????","Minty Spire (QoL Compilation)","Replay The Spire","StSLib","The Administrix","The Bug Knight","The Cursed","The Gatherer","The Mystic","The Witch"],"gold_per_floor":[118,118,118,133,133,133,172,172,172,197,122,145,165,95,95,199,199,226,226,226,244,273,273,294,338,364,364,423,423,14,55,55,174,233,256,117,38,62,82,82,0,0,0,15,34,88,118,194,194,194,194,194,44,84,84],"floor_reached":56,"playtime":2706,"items_purged":["Pain","Delirium","Looming Evil","ReplayTheSpireMod:Restless Dread"],"score":1360,"play_id":"26bbad75-6775-45d8-b3d6-cbb45530f89b","local_time":"20201211222611","is_ascension_mode":false,"campfire_choices":[{"data":"Bash","floor":6,"key":"SMITH"},{"data":"ReplayTheSpireMod:Corrosion Curse","floor":8,"key":"SMITH"},{"data":"Inflame","floor":15,"key":"SMITH"},{"data":"Limit Break","floor":23,"key":"SMITH"},{"data":"Dual Wield","floor":27,"key":"SMITH"},{"data":"Double Tap","floor":29,"key":"SMITH"},{"data":"True Grit","floor":32,"key":"SMITH"},{"data":"Barricade","floor":40,"key":"SMITH"},{"floor":42,"key":"RECALL"},{"data":"Inflame","floor":52,"key":"SMITH"}],"circlet_count":0,"master_deck":["Strike_R+1","Strike_R","Strike_R","Strike_R","Defend_R","Defend_R","Defend_R","Defend_R","Bash+1","Metallicize+1","Double Tap+1","Intimidate","ReplayTheSpireMod:Corrosion Curse+1","Rampage+1","ReplayTheSpireMod:Muscle Training","Warcry","Inflame+1","Limit Break+1","Whirlwind+1","True Grit+1","Armaments+1","Dual Wield+1","Feel No Pain","Shrug It Off+1","Barricade+1","Evolve","Entrench+1","Inflame","Inflame+1","ReplayTheSpireMod:Splinters","Heavy Blade+1","Metallicize+1","Exhume+1","Body Slam+1","Replay:Undeath\u0027s Touch+1","Berserk+1"],"relics":["Burning Blood","Durian","WarpedTongs","CeramicFish","Divine Protection","Ooze Armor","Enchiridion","HornCleat","ReplayTheSpireMod:Ring of Collecting","Ring of Greed","Blue Doll","Replay:Wax Seal","Replay:Bottled Flurry","Gambling Chip","Tiny House","Calipers","Red Mask","Ring of Peace","Golden Egg","Replay:Multitool","Omamori","Sundial"],"acts_visited":["Exordium","TheCity","TheBeyond","TheEnding"],"potions_floor_usage":[1,46,55,55],"damage_taken":[{"damage":4,"enemies":"Small Slimes","floor":1,"turns":3},{"damage":0,"enemies":"Cultist","floor":4,"turns":3},{"damage":45,"enemies":"Gremlin Nob","floor":7,"turns":6},{"damage":1,"enemies":"Jaw Worm","floor":10,"turns":2},{"damage":7,"enemies":"Exordium Thugs","floor":12,"turns":7},{"damage":0,"enemies":"2 Fungi Beasts","floor":13,"turns":4},{"damage":0,"enemies":"Hexaghost","floor":16,"turns":7},{"damage":0,"enemies":"Shell Parasite","floor":18,"turns":4},{"damage":0,"enemies":"Chosen","floor":21,"turns":4},{"damage":0,"enemies":"Snecko","floor":22,"turns":5},{"damage":0,"enemies":"Chosen and Byrds","floor":24,"turns":6},{"damage":0,"enemies":"Book of Stabbing","floor":25,"turns":5},{"damage":1,"enemies":"Gremlin Leader","floor":31,"turns":8},{"damage":9,"enemies":"Automaton","floor":33,"turns":10},{"damage":0,"enemies":"3 Darklings","floor":35,"turns":6},{"damage":0,"enemies":"Orb Walker","floor":38,"turns":4},{"damage":0,"enemies":"Transient","floor":39,"turns":5},{"damage":0,"enemies":"Maw","floor":44,"turns":8},{"damage":6,"enemies":"Spire Growth","floor":45,"turns":7},{"damage":0,"enemies":"2 Orb Walkers","floor":46,"turns":7},{"damage":0,"enemies":"Transient","floor":47,"turns":5},{"damage":0,"enemies":"Time Eater","floor":50,"turns":10},{"damage":6,"enemies":"Shield and Spear","floor":54,"turns":4},{"damage":70,"enemies":"The Heart","floor":55,"turns":11}],"seed_played":"3380000272161991627","potions_obtained":[{"floor":1,"key":"Fruit Juice"},{"floor":7,"key":"Dexterity Potion"},{"floor":12,"key":"SmokeBomb"},{"floor":22,"key":"EssenceOfSteel"},{"floor":25,"key":"BloodPotion"},{"floor":35,"key":"ColorlessPotion"},{"floor":47,"key":"Strength Potion"},{"floor":48,"key":"FairyPotion"}],"is_trial":false,"path_per_floor":["M","?","?","M","?","R","E","R","T","M","$","M","M","$","R","B",null,"M","?","?","M","M","R","M","E","T","R","?","R","$","E","R","B",null,"M","$","?","M","M","R","?","R","T","M","M","?","M","?","R","B",null,"R","$","E","B",null],"character_chosen":"IRONCLAD","items_purchased":["Inflame","Feel No Pain","Replay:Bottled Flurry","Inflame"],"campfire_rested":0,"item_purchase_floors":[14,30,30,36],"current_hp_per_floor":[68,68,68,74,74,74,35,35,35,40,40,39,45,45,45,51,90,90,90,74,80,86,86,90,90,90,90,90,90,90,90,90,87,95,95,95,95,95,95,95,95,95,95,95,95,95,95,72,95,95,95,95,95,95,50],"gold":84,"neow_bonus":"ONE_RARE_RELIC","is_daily":false,"chose_seed":false,"campfire_upgraded":9,"win_rate":0.0,"timestamp":1607721971,"path_taken":["M","?","?","?","?","R","E","R","T","M","$","M","M","$","R","BOSS","M","?","?","M","M","R","M","E","T","R","?","R","$","E","R","BOSS","M","$","?","M","?","R","?","R","T","M","M","?","M","?","R","BOSS","R","$","E","BOSS"],"items_purchased_type":["Card","Card","Relic","Card"],"build_version":"2020-11-30","purchased_purges":4,"victory":true,"max_hp_per_floor":[90,90,90,90,90,90,90,90,90,90,90,90,90,90,90,90,90,90,90,90,90,90,90,90,90,90,90,90,90,90,90,90,90,95,95,95,95,95,95,95,95,95,95,95,95,95,95,95,95,95,95,95,95,95,95],"card_choices":[{"not_picked":["True Grit","Twin Strike"],"picked":"Metallicize","floor":1},{"not_picked":["Havoc","Thunderclap"],"picked":"Intimidate","floor":4},{"not_picked":["Fiend Fire","Defy Death"],"picked":"ReplayTheSpireMod:Corrosion Curse","floor":7},{"not_picked":["Pommel Strike","ReplayTheSpireMod:Stacked"],"picked":"Rampage","floor":10},{"not_picked":["Defy Death","Sword Boomerang"],"picked":"ReplayTheSpireMod:Muscle Training","floor":12},{"not_picked":["Sword Boomerang","ReplayTheSpireMod:Strike From Hell"],"picked":"Warcry","floor":13},{"not_picked":["Reaper","Fiend Fire"],"picked":"Limit Break","floor":16},{"not_picked":["Anger","Run Through"],"picked":"Whirlwind+1","floor":18},{"not_picked":["Havoc+1","Sever Soul","Wild Strike"],"picked":"SKIP","floor":21},{"not_picked":["Run Through","Dual Wield"],"picked":"True Grit","floor":22},{"not_picked":["Cleave","Pommel Strike"],"picked":"Armaments+1","floor":24},{"not_picked":["Clothesline+1","ReplayTheSpireMod:LeadingStrike"],"picked":"Dual Wield","floor":25},{"not_picked":["Searing Blow","Twin Strike"],"picked":"Shrug It Off+1","floor":31},{"not_picked":["Feed","Corruption"],"picked":"Barricade","floor":33},{"not_picked":["ReplayTheSpireMod:Strike From Hell+1","Clash"],"picked":"Evolve","floor":34},{"not_picked":["Warcry","Thunderclap+1"],"picked":"Entrench+1","floor":35},{"not_picked":["Warcry","Clothesline"],"picked":"Heavy Blade+1","floor":38},{"not_picked":["Headbutt","Clothesline","Replay:Undeath\u0027s Touch"],"picked":"SKIP","floor":39},{"not_picked":["ReplayReversal+1","Dropkick","Anger"],"picked":"SKIP","floor":44},{"not_picked":["Iron Wave+1","Disarm+1"],"picked":"Metallicize+1","floor":45},{"not_picked":["Body Slam","Evolve+1"],"picked":"Exhume","floor":46},{"not_picked":["Heavy Blade","Sentinel+1"],"picked":"Body Slam+1","floor":47},{"not_picked":["Second Wind","Havoc+1"],"picked":"Replay:Undeath\u0027s Touch+1","floor":48},{"not_picked":["Carnage+1","ReplayTheSpireMod:Stacked+1"],"picked":"Berserk","floor":54}],"player_experience":154684,"relics_obtained":[{"floor":7,"key":"CeramicFish"},{"floor":9,"key":"Divine Protection"},{"floor":20,"key":"Enchiridion"},{"floor":25,"key":"HornCleat"},{"floor":28,"key":"ReplayTheSpireMod:Ring of Collecting"},{"floor":28,"key":"Ring of Greed"},{"floor":28,"key":"Blue Doll"},{"floor":28,"key":"Replay:Wax Seal"},{"floor":31,"key":"Gambling Chip"},{"floor":43,"key":"Ring of Peace"},{"floor":43,"key":"Golden Egg"},{"floor":46,"key":"Replay:Multitool"},{"floor":48,"key":"Omamori"},{"floor":54,"key":"Sundial"}],"event_choices":[{"damage_healed":0,"gold_gain":0,"cards_transformed":["Strike_R"],"player_choice":"Change","damage_taken":0,"max_hp_gain":0,"max_hp_loss":0,"event_name":"Living Wall","floor":2,"gold_loss":0,"cards_obtained":["Double Tap"]},{"damage_healed":0,"gold_gain":0,"player_choice":"Upgraded","damage_taken":0,"max_hp_gain":0,"max_hp_loss":0,"event_name":"Upgrade Shrine","floor":3,"gold_loss":0,"cards_upgraded":["Metallicize"]},{"damage_healed":0,"gold_gain":0,"player_choice":"Rummage","damage_taken":0,"relics_obtained":["WarpedTongs"],"max_hp_gain":0,"max_hp_loss":0,"event_name":"Accursed Blacksmith","floor":5,"gold_loss":0,"cards_obtained":["Pain"]},{"damage_healed":0,"gold_gain":0,"player_choice":"Obtained Book","damage_taken":16,"max_hp_gain":0,"max_hp_loss":0,"event_name":"Cursed Tome","floor":20,"gold_loss":0},{"damage_healed":0,"gold_gain":0,"player_choice":"Paid Gold","damage_taken":0,"relics_obtained":["Calipers"],"max_hp_gain":0,"max_hp_loss":0,"event_name":"WeMeetAgain","floor":37,"gold_loss":79},{"damage_healed":0,"gold_gain":0,"player_choice":"Paid","damage_taken":0,"relics_obtained":["Red Mask"],"max_hp_gain":0,"max_hp_loss":0,"event_name":"Tomb of Lord Red Mask","floor":41,"gold_loss":82},{"damage_healed":0,"gold_gain":0,"player_choice":"Fight","damage_taken":0,"max_hp_gain":0,"max_hp_loss":0,"event_name":"Mysterious Sphere","floor":46,"gold_loss":0}],"is_beta":false,"boss_relics":[{"not_picked":["Pandora\u0027s Box","Empty Cage"],"picked":"Ooze Armor"},{"not_picked":["Astrolabe","Replay:Ancient Bell"],"picked":"Tiny House"}],"items_purged_floors":[11,30,36,53],"is_endless":false,"potions_floor_spawned":[1,7,12,22,25,33,35,44,47],"ascension_level":0}}