{"host":"87w2793jpavfbt1o","time":1607717589,"event":{"mods":["AchievementEnabler","Aspiration","BaseMod","Better Altar","Better Match","Better Note","Better Sensory Stone","Better Skull","Better Third Choice","Better Vampires","BetterRewards","Conspire","Displayed Cursed Tome","Downfall","Energized Spire","Filter the Spire","Halation","Highlight Path","Hubris","Infinite Spire","Marked Mod","Minty Spire (QoL Compilation)","Practice Mode","Prisma Mod","Relic Filter","Relic Sorter","Replay The Spire","SIMod","Shop Mod","StSLib","TestMod","??????REMEMod"],"gold_per_floor":[117,130,86,86,100,100,114,114,114,148,148,158,172,172,172],"floor_reached":14,"playtime":2320,"items_purged":[],"score":152,"play_id":"e1ac05b1-9b42-4e4c-ab58-75d0c57096d5","local_time":"20201211121309","is_ascension_mode":true,"campfire_choices":[{"floor":6,"key":"REST"},{"floor":8,"key":"REST"}],"circlet_count":0,"master_deck":["Strike_G","Strike_G","Strike_G","Strike_G","Strike_G","Defend_G","Defend_G","Defend_G","Defend_G","Defend_G","Survivor","Neutralize","sneckomod:UnknownRarePower","ReplayTheSpireMod:Necrosis","Crippling Poison","CowboySkills","ReplayTheSpireMod:Scrap Shanks","Blade Dance","conspire:PoisonWeapons","Skewer","conspire:DoublingDagger","Slimebound:RainOfGoop","conspire:DoublingDagger","hubris:SlightOfHand","Evolve"],"relics":["Ring of the Snake","halation:PurpleSoulGem","testmod-TestBox","REME_ComplimentaryCards","testmod-ChristmasGift","Shovel","testmod-Muramasa","MerchantsRug","REME_PuzzleBoxRelic","WingedGreaves","halation:LostSnail","testmod-HeartOfDaVinci","Bloomberg","m_BurningSludge"],"acts_visited":["Exordium","TheCity","TheBeyond","Exordium"],"potions_floor_usage":[1,2,5,10,10,10,10,10,12,12,13,13,14,14],"damage_taken":[{"damage":5,"enemies":"Small Slimes","floor":1,"turns":4},{"damage":5,"enemies":"Jaw Worm","floor":2,"turns":3},{"damage":4,"enemies":"2 Louse","floor":5,"turns":2},{"damage":0,"enemies":"Large Slime","floor":7,"turns":1},{"damage":12,"enemies":"Lagavulin","floor":10,"turns":5},{"damage":13,"enemies":"Red Slaver","floor":12,"turns":3},{"damage":9,"enemies":"Gremlin Gang","floor":13,"turns":3},{"damage":72,"enemies":"Nightmare","floor":14,"turns":6}],"seed_played":"-3847746551961703674","potions_obtained":[{"floor":1,"key":"Swift Potion"},{"floor":7,"key":"AttackPotion"},{"floor":10,"key":"Strength Potion"},{"floor":12,"key":"GamblersBrew"}],"is_trial":false,"path_per_floor":["M","M","?","?","M","R","M","R","T","E","R","M","M","NM"],"character_chosen":"THE_SILENT","items_purchased":["Shovel","MerchantsRug","REME_PuzzleBoxRelic","ReplayTheSpireMod:Necrosis","Crippling Poison","halation:LostSnail","testmod-HeartOfDaVinci","ReplayTheSpireMod:Scrap Shanks"],"campfire_rested":2,"item_purchase_floors":[0,0,0,0,0,0,0,0],"current_hp_per_floor":[18,17,17,17,19,40,46,67,67,63,63,51,49,0,0],"gold":172,"neow_bonus":"","is_daily":false,"chose_seed":false,"campfire_upgraded":0,"win_rate":0.0,"timestamp":1607717589,"path_taken":["M","M","?","?","M","R","M","R","T","E","R","M","M","NM"],"items_purchased_type":["Relic","Relic","Relic","Card","Card","Relic","Relic","Card"],"build_version":"2020-11-30","purchased_purges":0,"victory":false,"max_hp_per_floor":[70,70,70,70,70,70,70,70,70,70,70,70,70,70,70],"card_choices":[{"not_picked":["Footwork","Choke"],"picked":"Blade Dance","floor":1},{"not_picked":["Dagger Throw","Expertise"],"picked":"conspire:PoisonWeapons","floor":2},{"not_picked":["ReplayTheSpireMod:Speed Training","Poisoned Stab"],"picked":"Skewer","floor":5},{"not_picked":["Backstab","hubris:SlightOfHand"],"picked":"conspire:DoublingDagger","floor":7},{"not_picked":["ReplayTheSpireMod:Scrap Shanks","Flechettes"],"picked":"conspire:DoublingDagger","floor":10},{"not_picked":["Deflect","Concentrate"],"picked":"hubris:SlightOfHand","floor":12},{"not_picked":["Deadly Poison","Slice"],"picked":"Evolve","floor":13}],"player_experience":610886,"relics_obtained":[{"floor":10,"key":"m_BurningSludge"}],"event_choices":[{"damage_healed":0,"gold_gain":0,"player_choice":"Left","damage_taken":0,"max_hp_gain":0,"max_hp_loss":0,"event_name":"betterThird:BetterGoop","floor":3,"gold_loss":44}],"is_beta":false,"boss_relics":[],"items_purged_floors":[],"is_endless":true,"potions_floor_spawned":[1,7,10,12],"killed_by":"Nightmare","ascension_level":6}}