{"host":"43pogpu2c981a0zh","time":1607664570,"event":{"mods":["AchievementEnabler","Act Like it!","Ascension Reborn","Aspiration","Astrologer","BaseMod","Better Altar","Better Match","Better Sensory Stone","CapriCore","Chen","Colored Powertips","Conspire","Custom Start","Downfall","Friendly Minions","Gensokyo","GungeonMod","Hallownest","Highlight Path","HololiveMod","Hubris","KinomotoSakuraMod(木之本樱)","Kiyohime（清姬）","Koishi","KomeijiMod","Lobotomy","LobotomyExtend","Luminous","Marisa（F雨　魔理沙）","Marked Mod","Minty Spire (QoL Compilation)","Pale of the Ancients","Permanent Neow","Prisma Mod","Quarter Circle Forward PUNCH!","Quick Restart","Reimu（博丽灵梦）","Replay The Spire","RumiaBox-露米娅的神秘盒子","Ryuuou龙王","Shop Mod","Spicy Shops","StSLib","TestMod","The Administrix","The Alterego","The Animator","The Cursed","The Gatherer","UnlockEverythingMod","Waifu the Spire","WarShipGirlsR/战舰少女R mod","Youmu（魂魄妖梦）","Yuri Mod","Yuyuko","vexMod","【东方二次创作】八云紫mod","【遗物卡牌】REMEMod","篝火指南"],"gold_per_floor":[118,118,118,118,11,11,11],"floor_reached":6,"playtime":882,"items_purged":["Parasite"],"score":32,"play_id":"e6931ba7-1f18-49f1-8ed7-1a50292fc1a8","local_time":"20201211132930","is_ascension_mode":true,"campfire_choices":[],"circlet_count":0,"master_deck":["alterego_mod:Strike","alterego_mod:Strike","alterego_mod:Strike","alterego_mod:Strike","alterego_mod:Defend","alterego_mod:Defend","alterego_mod:Defend","alterego_mod:Defend","alterego_mod:Impale","alterego_mod:BigMeatyClaws","alterego_mod:BrynhildrsRune","sneckomod:UnknownRarePower","alterego_mod:Undulate","alterego_mod:DiscoLights","alterego_mod:Valkyrie"],"relics":["alterego_mod:MasochisticConstitution","testmod-TestBox","testmod-CasingShield","Juzu Bracelet","CrazyTorch:ReiMu","Replay:Wax Seal"],"acts_visited":["Hallownest:Greenpath"],"potions_floor_usage":[],"damage_taken":[{"damage":10,"enemies":"Hallownest:2_Baldur","floor":1,"turns":8},{"damage":0,"enemies":"Hallownest:eliteCrystalGuardian","floor":6,"turns":3}],"seed_played":"4102129830318381757","potions_obtained":[],"is_trial":false,"path_per_floor":["M","?","T","?","$","E"],"character_chosen":"The_Alterego","items_purchased":["Replay:Wax Seal"],"campfire_rested":0,"item_purchase_floors":[5],"current_hp_per_floor":[66,66,66,66,66,66,66],"gold":11,"neow_bonus":"THREE_CARDS","is_daily":false,"chose_seed":false,"campfire_upgraded":0,"win_rate":0.0,"timestamp":1607664570,"path_taken":["M","?","?","?","$","E"],"items_purchased_type":["Relic"],"build_version":"2020-11-30","purchased_purges":1,"victory":false,"max_hp_per_floor":[71,71,71,71,68,68,68],"card_choices":[{"not_picked":["alterego_mod:BiFurious","alterego_mod:Rip"],"picked":"alterego_mod:Undulate","floor":0},{"not_picked":["alterego_mod:Jiggle","alterego_mod:BusterCard"],"picked":"alterego_mod:DiscoLights","floor":1},{"not_picked":[],"picked":"alterego_mod:Valkyrie","floor":4}],"player_experience":318610,"relics_obtained":[{"floor":3,"key":"CrazyTorch:ReiMu"}],"event_choices":[{"damage_healed":0,"gold_gain":0,"player_choice":"Swap Relic","damage_taken":0,"relics_obtained":["Juzu Bracelet"],"max_hp_gain":0,"max_hp_loss":0,"event_name":"给自己的盒子","floor":2,"relics_lost":["REME_ComplimentaryCards"],"gold_loss":0}],"is_beta":false,"boss_relics":[],"items_purged_floors":[5],"is_endless":false,"potions_floor_spawned":[],"killed_by":"Hallownest:eliteCrystalGuardian","ascension_level":0}}