{"host":"t7mx8yfj1no5p62f","time":1607729852,"event":{"mods":["BaseMod","Colored Map","Colored Powertips","Minty Spire (QoL Compilation)","Relic Stats","StSLib"],"gold_per_floor":[114,128,98,114,114,114,144,159,159,193,209,209,35,68,68,144,144,159,190,209,220,220,220,239,272,297,310,310,310],"floor_reached":28,"playtime":1066,"items_purged":["Strike_R"],"score":520,"play_id":"012f7ace-d431-47ce-9b2e-075ac15ee0e9","local_time":"20201211183732","is_ascension_mode":true,"campfire_choices":[{"data":"Cleave","floor":6.0,"key":"SMITH"},{"data":"Fire Breathing","floor":12.0,"key":"SMITH"},{"data":"Anger","floor":15.0,"key":"SMITH"},{"data":"Power Through","floor":23,"key":"SMITH"}],"circlet_count":0,"master_deck":["AscendersBane","Strike_R","Strike_R","Strike_R","Strike_R+1","Defend_R","Defend_R","Defend_R+1","Defend_R","Bash","Power Through","Anger+1","Cleave+1","Fire Breathing+1","Disarm","Power Through+1","Fiend Fire","Reaper","Second Wind","Evolve"],"relics":["Burning Blood","NeowsBlessing","Tiny Chest","InkBottle","Charon\u0027s Ashes","Pear","Runic Dome","Red Mask","Self Forming Clay"],"acts_visited":["Exordium","TheCity"],"potions_floor_usage":[],"damage_taken":[{"damage":0.0,"enemies":"2 Louse","floor":1.0,"turns":1.0},{"damage":0.0,"enemies":"Cultist","floor":2.0,"turns":1.0},{"damage":0.0,"enemies":"Jaw Worm","floor":4.0,"turns":1.0},{"damage":21.0,"enemies":"Lagavulin","floor":7.0,"turns":7.0},{"damage":12.0,"enemies":"Large Slime","floor":8.0,"turns":5.0},{"damage":10.0,"enemies":"3 Sentries","floor":10.0,"turns":5.0},{"damage":14.0,"enemies":"3 Louse","floor":11.0,"turns":3.0},{"damage":5.0,"enemies":"Lagavulin","floor":14.0,"turns":8.0},{"damage":26.0,"enemies":"Slime Boss","floor":16.0,"turns":8.0},{"damage":1.0,"enemies":"Chosen","floor":18.0,"turns":4.0},{"damage":7.0,"enemies":"Masked Bandits","floor":19.0,"turns":4.0},{"damage":24,"enemies":"2 Thieves","floor":20,"turns":4},{"damage":40,"enemies":"Sentry and Sphere","floor":21,"turns":4},{"damage":12,"enemies":"Snake Plant","floor":24,"turns":3},{"damage":42,"enemies":"Book of Stabbing","floor":25,"turns":6},{"damage":22,"enemies":"Centurion and Healer","floor":27,"turns":6},{"damage":64,"enemies":"Gremlin Leader","floor":28,"turns":6}],"seed_played":"-4383626780667071573","potions_obtained":[{"floor":1.0,"key":"SpeedPotion"},{"floor":3.0,"key":"Energy Potion"},{"floor":3.0,"key":"Fire Potion"},{"floor":14.0,"key":"Fire Potion"},{"floor":19.0,"key":"Ancient Potion"},{"floor":20,"key":"Dexterity Potion"},{"floor":25,"key":"Strength Potion"}],"is_trial":false,"path_per_floor":["M","M","?","M","?","R","E","M","T","E","M","R","$","E","R","B",null,"M","?","M","M","?","R","M","E","T","M","E"],"character_chosen":"IRONCLAD","items_purchased":["Power Through","Block Potion"],"campfire_rested":0,"item_purchase_floors":[13,13],"current_hp_per_floor":[74,75,75,75,52,52,37,31,31,27,19,19,19,30,30,10,66,71,78,64,36,85,85,79,47,47,41,0,0],"gold":310,"neow_bonus":"THREE_ENEMY_KILL","is_daily":false,"chose_seed":false,"campfire_upgraded":4,"win_rate":0.0,"timestamp":1607729852,"path_taken":["M","M","?","?","?","R","E","M","T","E","M","R","$","E","R","BOSS","M","?","M","M","?","R","?","E","T","M","E"],"items_purchased_type":["Card","Potion"],"build_version":"2020-11-30","purchased_purges":1,"victory":false,"max_hp_per_floor":[75,75,75,75,75,75,75,75,75,75,75,75,75,85,85,85,85,85,85,85,85,85,85,85,85,85,85,85,85],"relic_stats":{"counters":[17,76],"Self Forming Clay":[18],"Tiny Chest":0,"Charon\u0027s Ashes":[243],"obtain_stats":[{"Runic Dome":17,"Pear":14,"NeowsBlessing":0,"Self Forming Clay":25,"Tiny Chest":7,"Charon\u0027s Ashes":10,"Red Mask":19,"Burning Blood":0,"InkBottle":9},{"Runic Dome":9,"Pear":8,"NeowsBlessing":0,"Self Forming Clay":15,"Tiny Chest":4,"Charon\u0027s Ashes":6,"Red Mask":11,"Burning Blood":0,"InkBottle":5},{"Runic Dome":39,"Pear":31,"NeowsBlessing":0,"Self Forming Clay":64,"Tiny Chest":10,"Charon\u0027s Ashes":20,"Red Mask":47,"Burning Blood":0,"InkBottle":15}],"Burning Blood":85,"InkBottle":[17]},"card_choices":[{"not_picked":["Burning Pact","Seeing Red"],"picked":"Power Through","floor":1.0},{"not_picked":["Wild Strike","Shrug It Off"],"picked":"Anger","floor":2.0},{"not_picked":["Body Slam","Seeing Red"],"picked":"Cleave","floor":4.0},{"not_picked":["Corruption","Sentinel"],"picked":"Fire Breathing","floor":7.0},{"not_picked":["Iron Wave","Clash","Rampage"],"picked":"SKIP","floor":8.0},{"not_picked":["Shrug It Off","Thunderclap"],"picked":"Disarm","floor":10.0},{"not_picked":["Sword Boomerang","Dual Wield","Clash"],"picked":"SKIP","floor":11.0},{"not_picked":["Infernal Blade","Cleave"],"picked":"Fiend Fire","floor":14.0},{"not_picked":["Exhume","Brutality"],"picked":"Reaper","floor":16.0},{"not_picked":["Clash","Pummel","Thunderclap"],"picked":"SKIP","floor":18.0},{"not_picked":["Flame Barrier","Shrug It Off"],"picked":"Second Wind","floor":20},{"not_picked":["Rage","Havoc"],"picked":"Burning Pact","floor":21},{"not_picked":["Carnage","Heavy Blade","Warcry"],"picked":"SKIP","floor":24},{"not_picked":["Power Through","Rupture"],"picked":"Evolve","floor":25},{"not_picked":["Hemokinesis","Bludgeon","Sword Boomerang"],"picked":"SKIP","floor":27}],"player_experience":1530302,"relics_obtained":[{"floor":7.0,"key":"Tiny Chest"},{"floor":9.0,"key":"InkBottle"},{"floor":10.0,"key":"Charon\u0027s Ashes"},{"floor":14.0,"key":"Pear"},{"floor":19.0,"key":"Red Mask"},{"floor":25,"key":"Self Forming Clay"}],"event_choices":[{"damage_healed":0.0,"max_hp_gain":0.0,"max_hp_loss":0.0,"gold_gain":0.0,"event_name":"The Woman in Blue","player_choice":"Bought 2 Potions","floor":3.0,"gold_loss":0.0,"damage_taken":0.0},{"damage_healed":0.0,"max_hp_gain":0.0,"max_hp_loss":0.0,"gold_gain":0.0,"event_name":"Shining Light","player_choice":"Entered Light","floor":5.0,"gold_loss":0.0,"damage_taken":23.0,"cards_upgraded":["Defend_R","Strike_R"]},{"damage_healed":0.0,"max_hp_gain":0.0,"max_hp_loss":0.0,"gold_gain":0.0,"event_name":"Masked Bandits","player_choice":"Fought Bandits","floor":19.0,"gold_loss":0.0,"damage_taken":0.0},{"cards_removed":["Burning Pact"],"damage_healed":49,"gold_gain":0,"player_choice":"Offered Uncommon","damage_taken":0,"max_hp_gain":0,"max_hp_loss":0,"event_name":"Bonfire Elementals","floor":22,"gold_loss":0}],"is_beta":false,"boss_relics":[{"not_picked":["Black Star","Runic Cube"],"picked":"Runic Dome"}],"items_purged_floors":[13],"is_endless":false,"potions_floor_spawned":[1,14,19,20,25],"killed_by":"Gremlin Leader","ascension_level":20}}