{"host":"vucub2jtaeo9vgh1","time":1607679360,"event":{"mods":["BaseMod","Minty Spire (QoL Compilation)","Quick Restart","Slay-I","StSLib"],"gold_per_floor":[110,110,129,140,65,65,95,114,114,132,132,142,153,178,178,279,279,299,10,21,35,35,66,66,95,169,42,54,108,108,126,126,222,222,236,236,249,265,279,308,308,64,64,14,34,34,65,83,83,83],"floor_reached":51,"playtime":1722,"items_purged":["Strike_G"],"score":911,"play_id":"6710134f-da81-4acb-bc69-8beb59ba4571","local_time":"20201211103600","is_ascension_mode":false,"campfire_choices":[{"data":"Masterful Stab","floor":6.0,"key":"SMITH"},{"data":"Blade Dance","floor":11.0,"key":"SMITH"},{"data":"Infinite Blades","floor":15,"key":"SMITH"},{"data":"Blade Dance","floor":24,"key":"SMITH"},{"data":"Cloak And Dagger","floor":30,"key":"SMITH"},{"floor":32,"key":"REST"},{"data":"Neutralize","floor":41,"key":"SMITH"},{"data":"Blade Dance","floor":46,"key":"SMITH"},{"floor":49,"key":"REST"}],"circlet_count":0,"master_deck":["Strike_G","Strike_G","Strike_G","Strike_G","Defend_G","Defend_G","Defend_G","Defend_G","Defend_G","Survivor","Neutralize+1","After Image","Backflip","Dagger Throw","Masterful Stab+1","Backstab","Leg Sweep","Blade Dance+1","Glass Knife","Infinite Blades+1","After Image","Blade Dance+1","PiercingWail+1","Footwork+1","Terror+1","Accuracy+1","Cloak And Dagger+1","Accuracy+1","Adrenaline","Blade Dance+1","Clumsy","Envenom+1"],"relics":["Ring of the Snake","Boot","Shuriken","Mercury Hourglass","SlaversCollar","Frozen Egg 2","Potion Belt","Darkstone Periapt","Orichalcum","Cursed Key","Bronze Scales","Bottled Tornado","Du-Vu Doll","Letter Opener"],"acts_visited":["TheCity","TheBeyond"],"potions_floor_usage":[16,16,16,25,31,33,33,39,39,39,39,47,48,48,50],"damage_taken":[{"damage":4.0,"enemies":"Small Slimes","floor":1.0,"turns":6.0},{"damage":2.0,"enemies":"Jaw Worm","floor":3.0,"turns":7.0},{"damage":6.0,"enemies":"2 Louse","floor":4.0,"turns":2.0},{"damage":1.0,"enemies":"3 Sentries","floor":7.0,"turns":8.0},{"damage":0.0,"enemies":"Exordium Thugs","floor":8.0,"turns":5.0},{"damage":0.0,"enemies":"Lots of Slimes","floor":10.0,"turns":3.0},{"damage":3.0,"enemies":"Red Slaver","floor":12.0,"turns":2.0},{"damage":0.0,"enemies":"Large Slime","floor":13.0,"turns":2.0},{"damage":0,"enemies":"Gremlin Nob","floor":14,"turns":2},{"damage":0,"enemies":"Hexaghost","floor":16,"turns":6},{"damage":6,"enemies":"Shell Parasite","floor":18,"turns":5},{"damage":14,"enemies":"2 Thieves","floor":20,"turns":4},{"damage":1,"enemies":"Snake Plant","floor":21,"turns":3},{"damage":0,"enemies":"Gremlin Leader","floor":23,"turns":5},{"damage":0,"enemies":"Book of Stabbing","floor":25,"turns":3},{"damage":0,"enemies":"Snecko","floor":28,"turns":3},{"damage":2,"enemies":"Cultist and Chosen","floor":31,"turns":4},{"damage":8,"enemies":"Champ","floor":33,"turns":6},{"damage":0,"enemies":"3 Shapes","floor":35,"turns":2},{"damage":0,"enemies":"3 Darklings","floor":37,"turns":4},{"damage":6,"enemies":"Spire Growth","floor":38,"turns":3},{"damage":22,"enemies":"Writhing Mass","floor":39,"turns":4},{"damage":0,"enemies":"Reptomancer","floor":40,"turns":3},{"damage":0,"enemies":"3 Darklings","floor":45,"turns":3},{"damage":33,"enemies":"Nemesis","floor":47,"turns":3},{"damage":0,"enemies":"Transient","floor":48,"turns":5},{"damage":5,"enemies":"Awakened One","floor":50,"turns":7}],"seed_played":"-2825942215693118243","potions_obtained":[{"floor":7.0,"key":"ColorlessPotion"},{"floor":10.0,"key":"GhostInAJar"},{"floor":13.0,"key":"BlessingOfTheForge"},{"floor":16,"key":"Dexterity Potion"},{"floor":21,"key":"ColorlessPotion"},{"floor":23,"key":"SteroidPotion"},{"floor":28,"key":"Strength Potion"},{"floor":33,"key":"Regen Potion"},{"floor":36,"key":"SteroidPotion"},{"floor":36,"key":"Energy Potion"},{"floor":36,"key":"SpeedPotion"},{"floor":38,"key":"PowerPotion"},{"floor":39,"key":"Fire Potion"},{"floor":48,"key":"DistilledChaos"}],"is_trial":false,"path_per_floor":["M","?","M","M","$","R","E","M","T","M","R","M","M","E","R","B",null,"M","$","M","M","?","E","R","E","T","$","M","T","R","M","R","B",null,"M","?","M","M","M","E","R","$","T","$","M","R","E","M","R","B",null],"character_chosen":"THE_SILENT","items_purchased":["Frozen Egg 2","Blade Dance","Accuracy+1","Cloak And Dagger","Bottled Tornado","Block Potion"],"campfire_rested":2,"item_purchase_floors":[19,19,27,27,42,44],"current_hp_per_floor":[66,59,57,51,51,51,50,50,50,50,50,47,47,47,47,47,70,64,64,50,49,49,49,49,49,49,49,49,49,49,47,68,60,70,70,70,70,64,47,47,47,47,53,53,53,53,20,20,42,37],"gold":83,"neow_bonus":"THREE_RARE_CARDS","is_daily":false,"chose_seed":false,"campfire_upgraded":7,"win_rate":0.0,"timestamp":1607679360,"path_taken":["M","?","M","M","$","R","E","M","T","M","R","M","M","E","R","BOSS","M","$","M","M","?","E","R","E","T","$","M","?","R","?","R","BOSS","M","?","M","?","?","E","R","$","T","$","M","R","E","M","R","BOSS"],"items_purchased_type":["Relic","Card","Undefined","Card","Relic","Potion"],"build_version":"2020-11-30","purchased_purges":1,"victory":true,"max_hp_per_floor":[70,70,70,70,70,70,70,70,70,70,70,70,70,70,70,70,70,70,70,70,70,70,70,70,70,70,70,70,70,70,70,70,70,70,70,70,70,70,70,70,70,70,76,76,76,76,76,76,76,76],"card_choices":[{"not_picked":["Bullet Time","Doppelganger"],"picked":"After Image","floor":0.0},{"not_picked":["Acrobatics","Expertise"],"picked":"Backflip","floor":1.0},{"not_picked":["Deadly Poison","Well Laid Plans"],"picked":"Dagger Throw","floor":3.0},{"not_picked":["Terror","Flechettes"],"picked":"Masterful Stab","floor":4.0},{"not_picked":["Acrobatics","Eviscerate"],"picked":"Backstab","floor":7.0},{"not_picked":["Backflip","Slice"],"picked":"Leg Sweep","floor":8.0},{"not_picked":["Dagger Spray","Setup"],"picked":"Blade Dance","floor":10.0},{"not_picked":["Deflect","Skewer","Choke"],"picked":"SKIP","floor":12.0},{"not_picked":["Masterful Stab","Bouncing Flask"],"picked":"Glass Knife","floor":13.0},{"not_picked":["Blade Dance","Sucker Punch"],"picked":"Infinite Blades","floor":14},{"not_picked":["Storm of Steel","Adrenaline"],"picked":"After Image","floor":16},{"not_picked":["Slice","Quick Slash+1","Calculated Gamble"],"picked":"SKIP","floor":18},{"not_picked":["Catalyst","Flying Knee"],"picked":"PiercingWail+1","floor":20},{"not_picked":["Dagger Throw","Bane+1"],"picked":"Footwork+1","floor":21},{"not_picked":["Backflip+1","Outmaneuver"],"picked":"Terror+1","floor":23},{"not_picked":["Poisoned Stab+1","Catalyst","Noxious Fumes+1"],"picked":"SKIP","floor":25},{"not_picked":["PiercingWail","Underhanded Strike","Deadly Poison+1"],"picked":"SKIP","floor":28},{"not_picked":["Acrobatics+1","Masterful Stab"],"picked":"Accuracy+1","floor":31},{"not_picked":["Tools of the Trade+1","A Thousand Cuts+1"],"picked":"Adrenaline","floor":33},{"not_picked":["Quick Slash+1","Outmaneuver+1","Skewer+1"],"picked":"SKIP","floor":35},{"not_picked":["Concentrate","Blur"],"picked":"Blade Dance","floor":37},{"not_picked":["Sucker Punch+1","Slice+1","Outmaneuver"],"picked":"SKIP","floor":38},{"not_picked":["Grand Finale","Flying Knee","Deadly Poison"],"picked":"SKIP","floor":39},{"not_picked":["Slice","All Out Attack","Underhanded Strike"],"picked":"SKIP","floor":40},{"not_picked":["Skewer","Choke+1","Deflect"],"picked":"SKIP","floor":45},{"not_picked":["Backflip","Dagger Spray"],"picked":"Envenom+1","floor":47},{"not_picked":["Catalyst","Distraction","Prepared"],"picked":"SKIP","floor":48}],"player_experience":257484,"relics_obtained":[{"floor":7.0,"key":"Boot"},{"floor":9.0,"key":"Shuriken"},{"floor":14,"key":"Mercury Hourglass"},{"floor":25,"key":"Potion Belt"},{"floor":26,"key":"Darkstone Periapt"},{"floor":29,"key":"Orichalcum"},{"floor":40,"key":"Bronze Scales"},{"floor":43,"key":"Du-Vu Doll"},{"floor":47,"key":"Letter Opener"}],"event_choices":[{"cards_removed":["Pain"],"damage_healed":0.0,"max_hp_gain":0.0,"max_hp_loss":0.0,"gold_gain":0.0,"event_name":"Golden Wing","player_choice":"Card Removal","floor":2.0,"gold_loss":0.0,"damage_taken":7.0},{"damage_healed":0,"gold_gain":0,"player_choice":"Ignored","damage_taken":0,"max_hp_gain":0,"max_hp_loss":0,"event_name":"Ghosts","floor":22,"gold_loss":0},{"damage_healed":0,"gold_gain":0,"player_choice":"Got Potions","damage_taken":0,"max_hp_gain":0,"max_hp_loss":0,"event_name":"Lab","floor":36,"gold_loss":0}],"is_beta":false,"boss_relics":[{"not_picked":["Velvet Choker","Runic Pyramid"],"picked":"SlaversCollar"},{"not_picked":["Busted Crown","Empty Cage"],"picked":"Cursed Key"}],"items_purged_floors":[5],"is_endless":false,"potions_floor_spawned":[7,10,13,16,21,23,28,33,38,39,48],"ascension_level":0}}