{"host":"hn9kwncajibu2nw8","time":1607674489,"event":{"mods":["AchievementEnabler","BaseMod","Block Reminder","Colored Powertips","DeckTracker","Highlight Path","KOR Keyword Fix","Minty Spire (QoL Compilation)","Quick Restart","Rare Cards Sparkle"],"gold_per_floor":[110,123,136,146,15,49,49,88,88,112,112,112,126,151,151,246,246,264,264,314,96,115,115,115,159,186,186,86,124,192,235,235,235,235],"floor_reached":33,"playtime":1450,"items_purged":["Strike_P","Strike_P"],"score":580,"play_id":"b1244b68-28fc-4583-bff9-54e8779bc514","local_time":"20201211171449","is_ascension_mode":true,"campfire_choices":[{"data":"Eruption","floor":11,"key":"SMITH"},{"data":"Adaptation","floor":15,"key":"SMITH"},{"data":"MentalFortress","floor":23,"key":"SMITH"},{"floor":27,"key":"REST"},{"floor":32,"key":"REST"}],"circlet_count":0,"master_deck":["AscendersBane","Strike_P","Defend_P","Defend_P","Defend_P","Defend_P","Eruption+1","Vigilance","EmptyFist","WheelKick","Adaptation+1","Consecrate","MentalFortress+1","FlurryOfBlows","BowlingBash","Vengeance","Wish","EmptyMind","Halt","MentalFortress+1","EmptyBody","FlurryOfBlows","Crescendo","FlurryOfBlows"],"relics":["HolyWater","Frozen Egg 2","Golden Idol","Peace Pipe","CloakClasp","FaceOfCleric","Akabeko","CaptainsWheel","Red Mask","HornCleat"],"acts_visited":["Exordium","TheCity"],"potions_floor_usage":[8,10,13,18,22,29,31,33],"damage_taken":[{"damage":4,"enemies":"2 Louse","floor":1,"turns":4},{"damage":0,"enemies":"Small Slimes","floor":2,"turns":3},{"damage":0,"enemies":"Cultist","floor":3,"turns":2},{"damage":4,"enemies":"2 Fungi Beasts","floor":4,"turns":3},{"damage":5,"enemies":"3 Sentries","floor":6,"turns":4},{"damage":22,"enemies":"Lagavulin","floor":8,"turns":5},{"damage":9,"enemies":"Lots of Slimes","floor":10,"turns":5},{"damage":0,"enemies":"3 Louse","floor":13,"turns":2},{"damage":6,"enemies":"Blue Slaver","floor":14,"turns":2},{"damage":21,"enemies":"Hexaghost","floor":16,"turns":8},{"damage":0,"enemies":"Shell Parasite","floor":18,"turns":1},{"damage":25,"enemies":"2 Thieves","floor":20,"turns":4},{"damage":0,"enemies":"Cultist and Chosen","floor":22,"turns":10},{"damage":7,"enemies":"Chosen and Byrds","floor":25,"turns":8},{"damage":0,"enemies":"Gremlin Leader","floor":29,"turns":5},{"damage":15,"enemies":"Masked Bandits","floor":30,"turns":6},{"damage":17,"enemies":"Slavers","floor":31,"turns":7},{"damage":45,"enemies":"Collector","floor":33,"turns":7}],"seed_played":"-5614035503850113729","potions_obtained":[{"floor":2,"key":"LiquidMemories"},{"floor":8,"key":"Block Potion"},{"floor":10,"key":"BlessingOfTheForge"},{"floor":16,"key":"LiquidMemories"},{"floor":18,"key":"SneckoOil"},{"floor":22,"key":"SkillPotion"},{"floor":29,"key":"Dexterity Potion"}],"is_trial":false,"path_per_floor":["M","M","M","M","$","E","?","E","T","M","R","?","M","M","R","B",null,"M","?","M","$","M","R","?","M","T","R","$","E","?","E","R","B"],"character_chosen":"WATCHER","items_purchased":["MentalFortress","FearPotion","MentalFortress+1","EmptyBody"],"campfire_rested":2,"item_purchase_floors":[5,5,21,21],"current_hp_per_floor":[63,63,63,59,59,54,54,32,32,23,23,45,45,39,39,18,55,55,55,30,30,30,30,30,24,24,44,44,45,31,15,36,0,0],"gold":235,"neow_bonus":"TEN_PERCENT_HP_BONUS","is_daily":false,"chose_seed":false,"campfire_upgraded":3,"win_rate":0.0,"timestamp":1607674489,"path_taken":["M","M","M","M","$","E","?","E","T","M","R","?","M","M","R","BOSS","M","?","M","$","M","R","?","?","T","R","$","E","?","E","R","BOSS"],"items_purchased_type":["Card","Potion","Undefined","Card"],"build_version":"2020-11-30","purchased_purges":2,"victory":false,"max_hp_per_floor":[74,74,74,74,74,74,67,67,67,67,67,67,67,67,67,67,67,67,67,67,67,67,67,67,68,68,68,68,69,70,71,71,71,71],"card_choices":[{"not_picked":["SashWhip","PathToVictory"],"picked":"EmptyFist","floor":1},{"not_picked":["ClearTheMind","JustLucky"],"picked":"WheelKick","floor":2},{"not_picked":["FollowUp","PathToVictory"],"picked":"Adaptation","floor":3},{"not_picked":["ReachHeaven","Collect"],"picked":"Consecrate","floor":4},{"not_picked":["CrushJoints","CutThroughFate","Indignation"],"picked":"SKIP","floor":6},{"not_picked":["Swivel","CutThroughFate","FollowUp"],"picked":"SKIP","floor":8},{"not_picked":["Collect","Fasting2+1"],"picked":"FlurryOfBlows","floor":10},{"not_picked":["Sanctity","SpiritShield"],"picked":"BowlingBash","floor":13},{"not_picked":["WreathOfFlame","Protect"],"picked":"Vengeance","floor":14},{"not_picked":["Blasphemy","Alpha"],"picked":"Wish","floor":16},{"not_picked":["SignatureMove","Evaluate"],"picked":"EmptyMind","floor":18},{"not_picked":["JustLucky","EmptyFist"],"picked":"Halt","floor":20},{"not_picked":["Worship","Sanctity","Protect"],"picked":"SKIP","floor":22},{"not_picked":["EmptyFist","ClearTheMind"],"picked":"FlurryOfBlows","floor":25},{"not_picked":["ForeignInfluence","PathToVictory","LikeWater+1"],"picked":"SKIP","floor":29},{"not_picked":["Wish","Swivel"],"picked":"Crescendo","floor":30},{"not_picked":["Halt","Crescendo"],"picked":"FlurryOfBlows","floor":31}],"player_experience":454847,"relics_obtained":[{"floor":6,"key":"Frozen Egg 2"},{"floor":8,"key":"Peace Pipe"},{"floor":9,"key":"CloakClasp"},{"floor":26,"key":"Akabeko"},{"floor":29,"key":"CaptainsWheel"},{"floor":30,"key":"Red Mask"},{"floor":31,"key":"HornCleat"}],"event_choices":[{"damage_healed":0,"gold_gain":0,"player_choice":"Lose Max HP","damage_taken":0,"relics_obtained":["Golden Idol"],"max_hp_gain":0,"max_hp_loss":7,"event_name":"Golden Idol","floor":7,"gold_loss":0},{"damage_healed":22,"gold_gain":0,"player_choice":"Banana","damage_taken":0,"max_hp_gain":0,"max_hp_loss":0,"event_name":"Big Fish","floor":12,"gold_loss":0},{"cards_removed":["Strike_P"],"damage_healed":0,"gold_gain":0,"player_choice":"Elegance","damage_taken":0,"max_hp_gain":0,"max_hp_loss":0,"event_name":"Back to Basics","floor":19,"gold_loss":0},{"damage_healed":0,"gold_gain":0,"player_choice":"Trade","damage_taken":0,"relics_obtained":["FaceOfCleric"],"max_hp_gain":0,"max_hp_loss":0,"event_name":"FaceTrader","floor":24,"gold_loss":0},{"damage_healed":0,"gold_gain":0,"player_choice":"Fought Bandits","damage_taken":0,"max_hp_gain":0,"max_hp_loss":0,"event_name":"Masked Bandits","floor":30,"gold_loss":0}],"is_beta":false,"boss_relics":[{"not_picked":["Cursed Key","Fusion Hammer"],"picked":"HolyWater"}],"items_purged_floors":[21,28],"is_endless":false,"potions_floor_spawned":[2,6,8,10,16,18,22,29],"killed_by":"Collector","ascension_level":16}}