{"host":"m3n3m50k29zraad4","time":1607706282,"event":{"mods":["2.2 Compatiblity","Act Like it!","Aspiration","Bard","BaseMod","Better Note","Better Third Choice","Block Reminder","ChefMod","Clawfect","Conspire","Downfall","Duelist Mod","GifTheSpireLib","Glutton Mod","GungeonMod","Halation","Hermit","HololiveMod","Hubris","Infinite Spire","Jedi Mod","JesterMod","Jorbs\u0027s Wanderer Trilogy","Luminous","Mad Scientist","Minty Spire (QoL Compilation)","Potionbrewer","Quick Restart","Random Character Button","Relic Sorter","Relic Stats","Replay The Spire","Robot Space Explorer","Shop Mod","Spicy Shops","Spikes Relics","StSLib","Strawberry Spire","Stuff the Spire","SuperFastMode","The Blackbeard","The Bladedancer","The Bug Knight","The Clintock","The Construct","The Cursed","The Disciple","The Dragon Tamer","The Elementalist","The Forsaken","The Gatherer","The Hayseed","The Hierophant","The Kombatant","The Mystic","The Necromancer","The Poker Player","The Problem Sleuth","The Runesmith","The Senshi","The Servant 0.9.4","The Spell Scribe","The Wild Card","The Witch"],"gold_per_floor":[99,126,126,142,176,188,215,250,268,268,368,387,407,422,434,434,434],"floor_reached":16,"playtime":1357,"items_purged":[],"score":124,"play_id":"16ff6a42-04d5-4303-ac18-3e4d2965e578","local_time":"20201211120442","is_ascension_mode":false,"campfire_choices":[{"data":"hexamod:Sear","floor":1.0,"key":"SMITH"},{"data":"hexamod:HeatCrush","floor":3.0,"key":"SMITH"},{"floor":10.0,"key":"REST"}],"circlet_count":0,"master_deck":["hexamod:Strike","hexamod:Strike","hexamod:Strike","hexamod:Strike","hexamod:Defend","hexamod:Defend","hexamod:Defend","hexamod:Defend","hexamod:Sear+1","hexamod:Float","hexamod:HeatCrush+1","hexamod:SoulSteal","hexamod:Incineration","hexamod:SoulSteal","hexamod:ChargedBarrage","hexamod:CrushingStance","hexamod:RetreatToShadows","hexamod:GhostflameBarrier"],"relics":["hexamod:SpiritBrand","Runesmith:AutoHammer","hubris:64BitClover","aspiration:ChemicalBlood","DemoMod:MonsterBlood","downfall:GremlinWheel"],"acts_visited":[],"potions_floor_usage":[13,15,15,16],"damage_taken":[{"damage":13.0,"enemies":"Replay:BlueRogue","floor":2.0,"turns":6.0},{"damage":7.0,"enemies":"2 Louse","floor":4.0,"turns":4.0},{"damage":15.0,"enemies":"Lagavulin","floor":5.0,"turns":6.0},{"damage":0.0,"enemies":"Cultist","floor":6.0,"turns":3.0},{"damage":22.0,"enemies":"Replay:BlueRogue","floor":8.0,"turns":4.0},{"damage":0.0,"enemies":"Jaw Worm","floor":9.0,"turns":3.0},{"damage":8.0,"enemies":"Jaw Worm","floor":11.0,"turns":3.0},{"damage":6,"enemies":"Exordium Wildlife","floor":12,"turns":3},{"damage":4,"enemies":"Red Slaver","floor":13,"turns":3},{"damage":7,"enemies":"conspire:2 RoseBushes","floor":14,"turns":3},{"damage":0,"enemies":"Gremlin Gang","floor":15,"turns":4},{"damage":29,"enemies":"downfall:CharBossIronclad","floor":16,"turns":6}],"seed_played":"9007639143141802100","potions_obtained":[{"floor":2.0,"key":"potionbrewer:CleansingPotion"},{"floor":4.0,"key":"potionbrewer:FireTonic"},{"floor":6.0,"key":"Weak Potion"},{"floor":8.0,"key":"Block Potion"},{"floor":11.0,"key":"FearPotion"},{"floor":14,"key":"Block Potion"}],"is_trial":false,"path_per_floor":["R","E","R","M","E","M","T","E","M","R","?","M","M","M","M","B"],"character_chosen":"THE_SPIRIT","items_purchased":[],"campfire_rested":1,"item_purchase_floors":[],"current_hp_per_floor":[77,64,64,57,42,42,42,27,27,52,44,38,34,27,27,0,0],"gold":434,"neow_bonus":"TEN_PERCENT_HP_BONUS","is_daily":false,"chose_seed":false,"campfire_upgraded":2,"win_rate":0.0,"timestamp":1607706282,"path_taken":["R","E","R","M","E","M","T","E","M","R","?","M","?","M","M","BOSS"],"items_purchased_type":[],"build_version":"2020-11-30","purchased_purges":0,"victory":false,"max_hp_per_floor":[77,77,77,77,77,77,77,84,84,84,84,84,84,84,84,84,84],"relic_stats":{"counters":[12,48],"obtain_stats":[{"downfall:GremlinWheel":11,"hubris:64BitClover":5,"DemoMod:MonsterBlood":8,"DemoMod:GlassGuonStoneRelic":2,"Runesmith:AutoHammer":2,"hexamod:SpiritBrand":0,"aspiration:ChemicalBlood":7},{"downfall:GremlinWheel":7,"hubris:64BitClover":3,"DemoMod:MonsterBlood":5,"DemoMod:GlassGuonStoneRelic":1,"Runesmith:AutoHammer":1,"hexamod:SpiritBrand":0,"aspiration:ChemicalBlood":4},{"downfall:GremlinWheel":29,"hubris:64BitClover":16,"DemoMod:MonsterBlood":23,"DemoMod:GlassGuonStoneRelic":6,"Runesmith:AutoHammer":6,"hexamod:SpiritBrand":0,"aspiration:ChemicalBlood":19}]},"card_choices":[{"not_picked":["hexamod:NightmareGuise","hexamod:BurningTouch"],"picked":"hexamod:HeatCrush","floor":2.0},{"not_picked":["hexamod:RainOfEmbers","hexamod:RetreatToShadows"],"picked":"hexamod:SoulSteal","floor":4.0},{"not_picked":["hexamod:CatchUp","hexamod:FirstSeal"],"picked":"hexamod:Incineration","floor":5.0},{"not_picked":["hexamod:NightmareGuise","hexamod:HeatShield"],"picked":"hexamod:SoulSteal","floor":6.0},{"not_picked":["hexamod:InspiringFlames","hexamod:AdvancingGuard"],"picked":"hexamod:ChargedBarrage","floor":8.0},{"not_picked":["hexamod:HeatCrush","hexamod:SpectersWail","hexamod:AdvancingGuard"],"picked":"SKIP","floor":9.0},{"not_picked":["hexamod:RainOfEmbers","hexamod:HauntingEcho"],"picked":"hexamod:CrushingStance","floor":12},{"not_picked":["hexamod:GhostLash","hexamod:SwordOfDarkness"],"picked":"hexamod:RetreatToShadows","floor":13},{"not_picked":["hexamod:RainOfEmbers","hexamod:GhostLash"],"picked":"hexamod:GhostflameBarrier","floor":14},{"not_picked":["hexamod:RainOfEmbers","hexamod:Firestarter","hexamod:HauntingEcho"],"picked":"SKIP","floor":15}],"player_experience":413560,"relics_obtained":[{"floor":2.0,"key":"Runesmith:AutoHammer"},{"floor":5.0,"key":"hubris:64BitClover"},{"floor":7.0,"key":"aspiration:ChemicalBlood"},{"floor":8.0,"key":"DemoMod:MonsterBlood"},{"floor":11.0,"key":"downfall:GremlinWheel"}],"event_choices":[],"is_beta":false,"boss_relics":[],"items_purged_floors":[],"is_endless":false,"potions_floor_spawned":[2,4,6,11,14],"killed_by":"downfall:CharBossIronclad","ascension_level":0}}