{"host":"cyei475933pvpemq","time":1607720978,"event":{"mods":["Act Like it!","Aspiration","BaseMod","Better Third Choice","BetterRewards","Colored Map","Colored Powertips","Downfall","Energized Spire","Highlight Path","Hubris","Hyrulean Relics","Lobotomy","Mimic Mod","Minty Spire (QoL Compilation)","Replay The Spire","Spicy Shops","Spikes Relics","StSLib","Uncapped"],"gold_per_floor":[111,111,126,76,76,104,123,141,194,18,33,33,33,44,44,148,148,167,167,56,76,39,39,71,90,90,100,100,118,130,163,163,267,267,279,295,315,315,362,362,374,389,421,421,455,455,491,503,503,503],"floor_reached":51,"playtime":2307,"items_purged":["Voices"],"score":926,"play_id":"8fefaff9-7f3b-497b-86df-c096bf8f1075","local_time":"20201211220938","is_ascension_mode":false,"campfire_choices":[{"floor":13,"key":"REST"},{"floor":15,"key":"DIG"},{"floor":23,"key":"RECALL"},{"floor":28,"key":"REST"},{"floor":32,"key":"REST"},{"floor":44,"key":"REST"},{"floor":46,"key":"REST"}],"circlet_count":0,"master_deck":["Strike_B","Strike_B","Strike_B","Defend_B","Defend_B","Defend_B","Defend_B","Zap","White Noise","Capacitor","Ball Lightning","Glacier","Turbo","Ball Lightning","Ball Lightning","Defragment","BasicCrystalCard+1","Conserve Battery","Sweeping Beam+1","ReplaySolidLightProjector","Rainbow","Conserve Battery+1","Ball Lightning","ReplayTheSpireMod:Omega Cannon","Coolheaded","Cold Snap","Creative AI","aspiration:Polymerization","Coolheaded+1","Cold Snap","Conserve Battery+1","Cold Snap","aspiration:Polymerization+1","Conserve Battery","BasicCrystalCard+1","Turbo"],"relics":["Cracked Core","Replay:Mystery Machine","aspiration:BabyByrd","SpikesRelics:DaevaFist","MawBank","ReplayTheSpireMod:CursedCoin","Membership Card","RollingBoulder","BicycleWheel","Ring of Shattering","Ring of Fury","ZombieTooth","CosmicIsotope","Runic Capacitor","Replay:Towering Pillar of Hats","Prayer Wheel","Tiny Chest","Replay:Antivirus Software","Red Mask","Inserter","aspiration:ArtOfWarUpgrade","Pocketwatch","Prayer Wheel","ReplayFunnel","Lizard Tail"],"acts_visited":["Exordium","TheCity","TheBeyond"],"potions_floor_usage":[11,31],"damage_taken":[{"damage":14,"enemies":"Small Slimes","floor":1,"turns":4},{"damage":0,"enemies":"2 Louse","floor":3,"turns":3},{"damage":68,"enemies":"Gremlin Nob","floor":6,"turns":6},{"damage":0,"enemies":"Jaw Worm","floor":7,"turns":3},{"damage":0,"enemies":"Lots of Slimes","floor":8,"turns":2},{"damage":0,"enemies":"Looter","floor":11,"turns":3},{"damage":0,"enemies":"Red Slaver","floor":14,"turns":3},{"damage":0,"enemies":"Slime Boss","floor":16,"turns":6},{"damage":10,"enemies":"Chosen","floor":18,"turns":2},{"damage":0,"enemies":"3 Byrds","floor":21,"turns":3},{"damage":29,"enemies":"Replay:Snechameleon","floor":24,"turns":4},{"damage":4,"enemies":"Sentry and Sphere","floor":25,"turns":3},{"damage":14,"enemies":"Centurion and Healer","floor":27,"turns":5},{"damage":12,"enemies":"Snake Plant","floor":29,"turns":3},{"damage":19,"enemies":"Shelled Parasite and Fungi","floor":30,"turns":4},{"damage":9,"enemies":"Masked Bandits","floor":31,"turns":3},{"damage":3,"enemies":"Pondfish","floor":33,"turns":8},{"damage":0,"enemies":"Orb Walker","floor":35,"turns":2},{"damage":0,"enemies":"3 Darklings","floor":36,"turns":1},{"damage":16,"enemies":"Writhing Mass","floor":37,"turns":5},{"damage":0,"enemies":"Maw","floor":41,"turns":8},{"damage":31,"enemies":"Spire Growth","floor":42,"turns":4},{"damage":2,"enemies":"Jaw Worm Horde","floor":43,"turns":8},{"damage":19,"enemies":"R_Hoarder","floor":45,"turns":7},{"damage":0,"enemies":"Jaw Worm Horde","floor":47,"turns":6},{"damage":0,"enemies":"Jaw Worm Horde","floor":48,"turns":1},{"damage":6,"enemies":"Time Eater","floor":50,"turns":9}],"seed_played":"-7948971277339899584","potions_obtained":[{"floor":1,"key":"SteroidPotion"},{"floor":8,"key":"Block Potion"},{"floor":11,"key":"SteroidPotion"},{"floor":14,"key":"Milkshake"},{"floor":30,"key":"LiquidBronze"},{"floor":31,"key":"Flashbang"},{"floor":36,"key":"Block Potion"},{"floor":42,"key":"Adrenaline Potion"}],"is_trial":false,"path_per_floor":["M","?","M","?","?","E","M","M","T","$","M","?","R","M","R_BF","B",null,"M","?","$","M","$","R","E","M","T","M","R","M","M","?","R","B",null,"M","M","M","?","T","R","M","M","MIM","R","E","R","MIM","M","R_BF","B",null],"character_chosen":"DEFECT","items_purchased":["ReplayTheSpireMod:CursedCoin","Membership Card","RollingBoulder","BicycleWheel","Runic Capacitor","Replay:Towering Pillar of Hats","Defragment","Tiny Chest"],"campfire_rested":5,"item_purchase_floors":[10,10,10,10,20,20,20,22],"current_hp_per_floor":[61,69,69,69,69,1,1,1,1,1,1,1,23,23,23,23,75,65,75,75,75,75,75,46,42,42,28,50,38,19,10,32,29,75,75,75,59,59,59,59,59,28,26,48,29,51,51,51,51,45],"gold":503,"neow_bonus":"RANDOM_COMMON_RELIC","is_daily":false,"chose_seed":false,"campfire_upgraded":0,"win_rate":0.0,"timestamp":1607720978,"path_taken":["M","?","M","?","?","E","?","M","T","?","?","?","R","M","R_BF","BOSS","M","?","?","M","?","R","E","M","T","M","R","M","?","?","R","BOSS","M","M","M","?","?","R","M","M","MIM","R","E","R","?","?","R_BF","BOSS"],"items_purchased_type":["Relic","Relic","Relic","Relic","Relic","Relic","Card","Relic"],"build_version":"2020-11-30","purchased_purges":1,"victory":true,"max_hp_per_floor":[75,75,75,75,75,75,75,75,75,75,75,75,75,75,75,75,75,75,75,75,75,75,75,75,75,75,75,75,75,75,75,75,75,75,75,75,75,75,75,75,75,75,75,75,75,75,75,75,75,75],"card_choices":[{"not_picked":["Leap","Stack"],"picked":"White Noise","floor":1},{"not_picked":["Go for the Eyes","BasicCrystalCard"],"picked":"Capacitor","floor":3},{"not_picked":["Go for the Eyes","Seek"],"picked":"Ball Lightning","floor":6},{"not_picked":["ReplayTheSpireMod:GoodbyeWorld","ReplayTheSpireMod:System Scan","Stack"],"picked":"SKIP","floor":7},{"not_picked":["Go for the Eyes","Beam Cell"],"picked":"Glacier","floor":8},{"not_picked":["BasicCrystalCard","Go for the Eyes"],"picked":"Turbo","floor":11},{"not_picked":["Compile Driver","Sweeping Beam"],"picked":"Ball Lightning","floor":14},{"not_picked":["Rainbow","Thunder Strike"],"picked":"ReplayTheSpireMod:Fabricate Wheel","floor":16},{"not_picked":["Barrage+1","Skim"],"picked":"Ball Lightning","floor":18},{"not_picked":["Melter","Gash"],"picked":"BasicCrystalCard+1","floor":21},{"not_picked":["Compile Driver","Hologram","Streamline"],"picked":"SKIP","floor":21},{"not_picked":["ReplayTheSpireMod:Reroute Power","Aggregate"],"picked":"Conserve Battery","floor":24},{"not_picked":["Go for the Eyes","ReplayTheSpireMod:Reroute Power"],"picked":"Sweeping Beam+1","floor":25},{"not_picked":["Lockon+1","Heatsinks"],"picked":"ReplaySolidLightProjector","floor":25},{"not_picked":["Redo","Leap","Heatsinks+1"],"picked":"SKIP","floor":27},{"not_picked":["Hologram","Scrape","Steam"],"picked":"SKIP","floor":27},{"not_picked":["Beam Cell","DiskWipe"],"picked":"Rainbow","floor":29},{"not_picked":["Beam Cell","Hologram","Reinforced Body"],"picked":"SKIP","floor":29},{"not_picked":["Streamline","Reprogram"],"picked":"Conserve Battery+1","floor":30},{"not_picked":["Panic Button+1","Hologram","Turbo"],"picked":"SKIP","floor":30},{"not_picked":["All For One","ReplayTheSpireMod:GoodbyeWorld"],"picked":"Ball Lightning","floor":31},{"not_picked":["hubris:DoWhile","Multi-Cast"],"picked":"ReplayTheSpireMod:Omega Cannon","floor":33},{"not_picked":["Hologram+1","Turbo"],"picked":"Coolheaded","floor":35},{"not_picked":["Gash","Beam Cell+1","ReplayTheSpireMod:System Scan+1"],"picked":"SKIP","floor":35},{"not_picked":["Sweeping Beam","Turbo"],"picked":"Cold Snap","floor":36},{"not_picked":["Cold Snap","Compile Driver"],"picked":"Creative AI","floor":36},{"not_picked":["BootSequence","Glacier+1"],"picked":"aspiration:Polymerization","floor":37},{"not_picked":["FIFO Queue+1","Auto Shields"],"picked":"Coolheaded+1","floor":37},{"not_picked":["ReplayTheSpireMod:GoodbyeWorld","Compile Driver+1"],"picked":"Cold Snap","floor":41},{"not_picked":["Stack+1","Gash+1"],"picked":"Conserve Battery+1","floor":41},{"not_picked":["BootSequence+1","Steam"],"picked":"Cold Snap","floor":42},{"not_picked":["Heatsinks","Redo+1","Rebound+1"],"picked":"SKIP","floor":42},{"not_picked":["Barrage+1","Fusion+1"],"picked":"aspiration:Polymerization+1","floor":43},{"not_picked":["Meteor Strike","Doom and Gloom+1"],"picked":"Conserve Battery","floor":45},{"not_picked":["Sweeping Beam","Beam Cell"],"picked":"BasicCrystalCard+1","floor":47},{"not_picked":["Streamline+1","ReplayTheSpireMod:Repulse"],"picked":"Turbo","floor":48},{"not_picked":["Redo+1","Biased Cognition","Beam Cell"],"picked":"SKIP","floor":48},{"not_picked":["Reinforced Body+1","Steam","Streamline+1"],"picked":"SKIP","floor":48}],"player_experience":299696,"relics_obtained":[{"floor":6,"key":"SpikesRelics:DaevaFist"},{"floor":9,"key":"MawBank"},{"floor":12,"key":"Ring of Shattering"},{"floor":12,"key":"Ring of Fury"},{"floor":15,"key":"ZombieTooth"},{"floor":24,"key":"Replay:Antivirus Software"},{"floor":31,"key":"Red Mask"},{"floor":39,"key":"Art of War"},{"floor":43,"key":"Pocketwatch"},{"floor":45,"key":"ReplayFunnel"},{"floor":47,"key":"Lizard Tail"}],"event_choices":[{"cards_removed":["Strike_B"],"damage_healed":0,"gold_gain":0,"player_choice":"Card Removal","damage_taken":0,"max_hp_gain":0,"max_hp_loss":0,"event_name":"The Cleric","floor":4,"gold_loss":50},{"damage_healed":25,"gold_gain":0,"player_choice":"Heal","damage_taken":0,"max_hp_gain":0,"max_hp_loss":0,"event_name":"The Library","floor":19,"gold_loss":0},{"damage_healed":0,"gold_gain":0,"player_choice":"Fought Bandits","damage_taken":0,"max_hp_gain":0,"max_hp_loss":0,"event_name":"Masked Bandits","floor":31,"gold_loss":0},{"cards_removed":["Dualcast"],"damage_healed":0,"gold_gain":0,"player_choice":"Removed Skill","damage_taken":0,"max_hp_gain":0,"max_hp_loss":0,"event_name":"Falling","floor":38,"gold_loss":0}],"is_beta":false,"boss_relics":[{"not_picked":["hubris:VirtuousBlindfold","hubris:ScarierMask"],"picked":"CosmicIsotope"},{"not_picked":["aspiration:RunicSpoon","Coffee Dripper"],"picked":"Inserter"}],"items_purged_floors":[10],"is_endless":false,"potions_floor_spawned":[1,8,11,14,18,30,31,36,42,45],"ascension_level":0}}