{"host":"ygqjzatmv950topu","time":1607668328,"event":{"mods":["Aspiration","BaseMod","Colored Map","Colored Powertips","Downfall","Jorbs\u0027s Wanderer Trilogy","Minty Spire (QoL Compilation)","StSLib","The Hierophant"],"gold_per_floor":[109,120,135,149,160,188,188,188,188,216,216,230,242,86,86,191,191,210,227,238,238,238,238,238,238,307,326,326,353,57,71,71,71,71],"floor_reached":33,"playtime":1469,"items_purged":[],"score":377,"play_id":"e39b7fed-ecf4-40ae-bcde-acfc05de5d4e","local_time":"20201210223208","is_ascension_mode":true,"campfire_choices":[{"data":"Combust","floor":8,"key":"SMITH"},{"data":"Thunderclap","floor":11,"key":"SMITH"},{"data":"Seeing Red","floor":15,"key":"SMITH"},{"data":"Metallicize","floor":28,"key":"SMITH"},{"data":"Intimidate","floor":32,"key":"SMITH"}],"circlet_count":0,"master_deck":["Strike_R","Strike_R","Defend_R","Defend_R","Defend_R","Defend_R","Bash+1","Combust+1","Anger","Blood for Blood+1","Ghostly Armor","Thunderclap+1","Seeing Red+1","Intimidate+1","Brutality","Combust","Armaments","Metallicize+1","Cleave","Warcry+1"],"relics":["Burning Blood","Bronze Scales","Champion Belt","MealTicket","Centennial Puzzle","Empty Cage","aspiration:ArtOfWarUpgrade","Kunai","Whetstone","Prayer Wheel"],"acts_visited":["Exordium","TheCity"],"potions_floor_usage":[6,10,20,20,29,29],"damage_taken":[{"damage":1,"enemies":"Cultist","floor":1,"turns":3},{"damage":4,"enemies":"2 Louse","floor":2,"turns":3},{"damage":6,"enemies":"Small Slimes","floor":3,"turns":2},{"damage":16,"enemies":"Blue Slaver","floor":4,"turns":3},{"damage":18,"enemies":"Lots of Slimes","floor":5,"turns":2},{"damage":17,"enemies":"3 Sentries","floor":6,"turns":4},{"damage":23,"enemies":"Gremlin Nob","floor":10,"turns":3},{"damage":12,"enemies":"Looter","floor":12,"turns":2},{"damage":3,"enemies":"Blue Slaver","floor":13,"turns":3},{"damage":29,"enemies":"Hexaghost","floor":16,"turns":8},{"damage":8,"enemies":"Chosen","floor":18,"turns":4},{"damage":3,"enemies":"3 Byrds","floor":19,"turns":3},{"damage":12,"enemies":"Snake Plant","floor":20,"turns":4},{"damage":17,"enemies":"Shelled Parasite and Fungi","floor":27,"turns":3},{"damage":19,"enemies":"Gremlin Leader","floor":29,"turns":5},{"damage":15,"enemies":"Snecko","floor":31,"turns":5},{"damage":69,"enemies":"Collector","floor":33,"turns":9}],"seed_played":"-7193803115009479820","potions_obtained":[{"floor":2,"key":"PowerPotion"},{"floor":6,"key":"Fire Potion"},{"floor":12,"key":"EssenceOfSteel"},{"floor":13,"key":"DuplicationPotion"},{"floor":19,"key":"SkillPotion"},{"floor":27,"key":"Regen Potion"}],"is_trial":false,"path_per_floor":["M","M","M","M","M","E","?","R","T","E","R","M","M","$","R","B",null,"M","M","M","?","?","R","$","R","T","M","R","E","$","M","R","B"],"character_chosen":"IRONCLAD","items_purchased":["Centennial Puzzle","Prayer Wheel"],"campfire_rested":0,"item_purchase_floors":[14,30],"current_hp_per_floor":[77,79,79,69,57,46,46,46,46,29,29,23,26,41,41,18,65,63,66,60,60,60,60,75,75,75,64,64,63,78,69,69,0,0],"gold":71,"neow_bonus":"RANDOM_COMMON_RELIC","is_daily":false,"chose_seed":false,"campfire_upgraded":5,"win_rate":0.0,"timestamp":1607668328,"path_taken":["M","M","M","?","M","E","?","R","T","E","R","M","M","$","R","BOSS","M","M","?","?","?","R","$","R","T","M","R","E","?","?","R","BOSS"],"items_purchased_type":["Relic","Relic"],"build_version":"2020-11-30","purchased_purges":0,"victory":false,"max_hp_per_floor":[80,80,80,80,80,80,80,80,80,80,80,80,80,80,80,80,80,80,80,80,80,80,80,80,80,80,80,80,80,80,80,80,80,80],"card_choices":[{"not_picked":["Body Slam","Thunderclap"],"picked":"Combust","floor":1},{"not_picked":["Clash","Perfected Strike"],"picked":"Anger","floor":2},{"not_picked":["Shrug It Off","Wild Strike"],"picked":"Blood for Blood","floor":3},{"not_picked":["Rampage","Headbutt","Inflame"],"picked":"SKIP","floor":4},{"not_picked":["Havoc","Heavy Blade","Wild Strike"],"picked":"SKIP","floor":5},{"not_picked":["Heavy Blade","Reaper"],"picked":"Ghostly Armor","floor":6},{"not_picked":["Heavy Blade","Hemokinesis"],"picked":"Thunderclap","floor":10},{"not_picked":["Thunderclap","Wild Strike"],"picked":"Seeing Red","floor":12},{"not_picked":["Anger","Wild Strike"],"picked":"Intimidate","floor":13},{"not_picked":["Immolate","Corruption"],"picked":"Brutality","floor":16},{"not_picked":["Iron Wave","Anger"],"picked":"Combust","floor":18},{"not_picked":["Bloodletting+1","Havoc"],"picked":"Armaments","floor":19},{"not_picked":["Wild Strike+1","Clash"],"picked":"Metallicize","floor":20},{"not_picked":["Clothesline","Warcry","Seeing Red+1"],"picked":"SKIP","floor":27},{"not_picked":["Heavy Blade","Armaments+1"],"picked":"Cleave","floor":29},{"not_picked":["Wild Strike","True Grit"],"picked":"Warcry+1","floor":31},{"not_picked":["Reckless Charge","Warcry","Twin Strike+1"],"picked":"SKIP","floor":31}],"player_experience":724692,"relics_obtained":[{"floor":6,"key":"Champion Belt"},{"floor":10,"key":"MealTicket"},{"floor":26,"key":"Kunai"},{"floor":29,"key":"Whetstone"}],"event_choices":[{"cards_removed":["Strike_R"],"damage_healed":0,"gold_gain":0,"player_choice":"Purged","damage_taken":0,"max_hp_gain":0,"max_hp_loss":0,"event_name":"Purifier","floor":7,"gold_loss":0},{"damage_healed":0,"gold_gain":0,"player_choice":"Ignored","damage_taken":0,"max_hp_gain":0,"max_hp_loss":0,"event_name":"Ghosts","floor":21,"gold_loss":0},{"damage_healed":0,"gold_gain":0,"player_choice":"Opened","damage_taken":0,"relics_obtained":["Art of War"],"max_hp_gain":0,"max_hp_loss":0,"event_name":"The Mausoleum","floor":22,"gold_loss":0}],"is_beta":false,"boss_relics":[{"not_picked":["aspiration:RitualDagger","aspiration:PoetsPen_weak"],"picked":"Empty Cage"}],"items_purged_floors":[],"is_endless":false,"potions_floor_spawned":[2,6,12,13,19,27],"killed_by":"Collector","ascension_level":7}}