{"host":"7zb9v22qptw5vuf6","time":1607690125,"event":{"mods":["BaseMod","Luminous","Marisa（F雨　魔理沙）","Minty Spire (QoL Compilation)","Reimu（博丽灵梦）","Replay The Spire","Say the Spire","StSLib","The Jungle","Yuyuko","【东方二次创作】八云紫mod"],"gold_per_floor":[111,123,141,64,84,114,114,34,85,85,100,135,148,163,163,262,312,327,276,276,375,393,393,407,407,434,447,463,488,488,522,522,625,625,635,712,730,783,589,614,624,162,162,191,204,204,222,222,222,222],"floor_reached":51,"playtime":6674,"items_purged":["ReplayTheSpireMod:Splinters","End of Faramita+1"],"score":834,"play_id":"c085f9e1-ad77-45aa-996a-3526b1303ff1","local_time":"20201211203525","is_ascension_mode":false,"campfire_choices":[{"floor":7.0,"key":"REST"},{"data":"Postpone Bloom","floor":15.0,"key":"SMITH"},{"data":"Fondling of Papilio","floor":25.0,"key":"SMITH"},{"data":"Butterflies in Dream","floor":30.0,"key":"SMITH"},{"floor":32.0,"key":"REST"},{"data":"Full Inky Sakura","floor":46.0,"key":"SMITH"},{"floor":49,"key":"DIG"}],"circlet_count":0,"master_deck":["Fantasy Butterflies+1","Fantasy Butterflies+1","Fantasy Butterflies+1","Fantasy Butterflies+1","Fantasy Butterflies+1","Dreamy Sakura+1","Dreamy Sakura+1","Dreamy Sakura+1","Dreamy Sakura+1","Dreamy Sakura+1","Deathly Ground+1","Faramita\u0027s Temptation+1","Butterflies Rainbow+1","Gauzy Sakura+1","Nihility+1","Chase The Sukhavati+1","Spear of Papilio+1","Serene Spring+1","Postpone Bloom+1","Butterflies in Dream+2","Infinite Sin+1","Supernatural Nether+1","Fondling of Papilio+1","Sweet of Phantom+1","Dancing Butterflies+1","Wandering Soul+1","Unstable Ward+1","Snow+1","Gather the Spring+1","Wandering Soul+1","Unfulfilling Attachment+1","Bloom+1","Become Phantom+1","Full Inky Sakura+1","Snowing Sakura+1","The Forgotten Winter+1","Trap Lamp+1","City of Death+1","Open The Fan+1","Necronomicurse","Bloom","Pot Of Greed","Pot Of Greed","Pot Of Greed","Pot Of Greed"],"relics":["Coronal","Yuyuko\u0027s fan","Iron Hammer","Bag of Preparation","Happy Flower","Tiny House","Necronomicon","Strawberry","Chameleon Ring","Ancient Tea Set","SacredBark","Boot","Replay:PocketPolymizer","Art of War","BargainBundle","Shuriken","ReplayFunnel","Grinning Jar"],"acts_visited":["Exordium","TheCity","TheBeyond"],"potions_floor_usage":[],"damage_taken":[{"damage":11.0,"enemies":"Small Slimes","floor":1.0,"turns":3.0},{"damage":13.0,"enemies":"2 Louse","floor":2.0,"turns":3.0},{"damage":19.0,"enemies":"Jaw Worm","floor":3.0,"turns":3.0},{"damage":24.0,"enemies":"Looter","floor":5.0,"turns":3.0},{"damage":44.0,"enemies":"Gremlin Nob","floor":6.0,"turns":5.0},{"damage":1.0,"enemies":"2 Fungi Beasts","floor":11.0,"turns":1.0},{"damage":28.0,"enemies":"3 Sentries","floor":12.0,"turns":5.0},{"damage":24.0,"enemies":"Red Slaver","floor":13.0,"turns":4.0},{"damage":16.0,"enemies":"Looter","floor":14.0,"turns":3.0},{"damage":51.0,"enemies":"Fading Forest","floor":16.0,"turns":11.0},{"damage":26.0,"enemies":"2 Thieves","floor":18.0,"turns":4.0},{"damage":10.0,"enemies":"3 Byrds","floor":22.0,"turns":5.0},{"damage":98.0,"enemies":"Shelled Parasite and Fungi","floor":24.0,"turns":12.0},{"damage":29.0,"enemies":"Centurion and Healer","floor":27.0,"turns":6.0},{"damage":12.0,"enemies":"Chosen and Byrds","floor":28.0,"turns":4.0},{"damage":34.0,"enemies":"Replay:Snechameleon","floor":29.0,"turns":8.0},{"damage":22.0,"enemies":"Gremlin Leader","floor":31.0,"turns":4.0},{"damage":46.0,"enemies":"Collector","floor":33.0,"turns":8.0},{"damage":57.0,"enemies":"3 Shapes","floor":35.0,"turns":7.0},{"damage":19.0,"enemies":"3 Darklings","floor":37.0,"turns":11.0},{"damage":73.0,"enemies":"2 Orb Walkers","floor":38.0,"turns":6.0},{"damage":61.0,"enemies":"Giant Head","floor":40.0,"turns":9.0},{"damage":26.0,"enemies":"4 Shapes","floor":41.0,"turns":2.0},{"damage":5.0,"enemies":"Reptomancer","floor":44.0,"turns":5.0},{"damage":50.0,"enemies":"Jaw Worm Horde","floor":45.0,"turns":5.0},{"damage":5.0,"enemies":"Transient","floor":47.0,"turns":5.0},{"damage":88.0,"enemies":"Transient","floor":48.0,"turns":14.0},{"damage":32,"enemies":"Donu and Deca","floor":50,"turns":6}],"seed_played":"7915554958344006783","potions_obtained":[{"floor":0.0,"key":"FairyPotion"},{"floor":0.0,"key":"Death Potion"},{"floor":0.0,"key":"GrandPatriotsElixir:ReiMu"},{"floor":5.0,"key":"SkillPotion"},{"floor":12.0,"key":"LiquidBronze"},{"floor":13.0,"key":"Block Potion"},{"floor":17.0,"key":"Flashbang"},{"floor":18.0,"key":"Gelsemium Tea"},{"floor":22.0,"key":"AttackPotion"},{"floor":31.0,"key":"PowerPotion"},{"floor":35.0,"key":"FearPotion"},{"floor":36.0,"key":"Block Potion"},{"floor":36.0,"key":"Weak Potion"},{"floor":38.0,"key":"Block Potion"},{"floor":41.0,"key":"Turbid Wine"},{"floor":44.0,"key":"Turbid Wine"},{"floor":45.0,"key":"Fire Potion"}],"is_trial":false,"path_per_floor":["M","M","M","$","M","E","R","$","T","?","M","E","M","M","R","B",null,"M","$","?","?","M","?","M","R","T","M","M","E","R","E","R","B",null,"M","?","M","?","$","E","M","$","T","E","M","R","M","?","R","B",null],"character_chosen":"YUYOKO","items_purchased":["Nihility","Full Moon","Dancing Butterflies","SkillPotion","Full Inky Sakura","BargainBundle","Shuriken","Trap Lamp","Reflective Coating","City of Death"],"campfire_rested":2,"item_purchase_floors":[4,8,19,39,39,42,42,42,42,42],"current_hp_per_floor":[31,30,29,29,16,1,13,13,13,13,18,11,28,32,32,13,45,34,34,18,18,27,27,27,27,34,25,17,24,24,10,25,34,52,12,12,41,32,32,28,7,7,7,47,30,30,43,52,52,46],"gold":222,"neow_bonus":"THREE_SMALL_POTIONS","is_daily":false,"chose_seed":false,"campfire_upgraded":4,"win_rate":0.0,"timestamp":1607690125,"path_taken":["M","M","M","$","M","E","R","$","T","?","M","E","M","M","R","BOSS","M","$","?","?","M","?","M","R","T","M","M","E","R","E","R","BOSS","M","?","M","?","$","E","M","$","T","E","M","R","M","?","R","BOSS"],"items_purchased_type":["Card","Card","Card","Potion","Card","Relic","Relic","Card","Potion","Card"],"build_version":"2020-11-30","purchased_purges":2,"victory":true,"max_hp_per_floor":[40,40,40,40,40,40,40,40,40,40,40,40,40,40,40,40,45,45,45,45,45,45,45,45,45,52,52,52,52,52,52,52,52,52,52,52,52,52,52,52,52,52,52,52,52,52,52,52,52,52],"card_choices":[{"not_picked":["Mini Ghostdom","Triple Snow"],"picked":"Butterflies Rainbow","floor":1.0},{"not_picked":["End of Faramita","All Wander"],"picked":"Gauzy Sakura","floor":2.0},{"not_picked":["Sweet of Phantom","City of Death"],"picked":"Elegance","floor":3.0},{"not_picked":["City of Death","Unborn Light"],"picked":"Chase The Sukhavati","floor":5.0},{"not_picked":["Sakura Ward","Death Dancing"],"picked":"Spear of Papilio","floor":6.0},{"not_picked":["Song of Papilio","Unreal"],"picked":"Serene Spring","floor":11.0},{"not_picked":["Remain Here","Spear of Papilio"],"picked":"Postpone Bloom","floor":12.0},{"not_picked":["End of Faramita","Trap Lamp"],"picked":"Butterflies in Dream","floor":13.0},{"not_picked":["Unknown Petal","All Wander"],"picked":"Infinite Sin","floor":14.0},{"not_picked":["Ghost Spot","Snowing Sakura"],"picked":"Supernatural Nether","floor":16.0},{"not_picked":["Steamed Phantom","Butterflies in Dream"],"picked":"Fondling of Papilio","floor":17.0},{"not_picked":["Dark Wind","Cerasus Subhirtella"],"picked":"Sweet of Phantom+1","floor":18.0},{"not_picked":["Song of Papilio","Butterflies in Dream+1"],"picked":"Wandering Soul","floor":22.0},{"not_picked":["Song of Papilio","Steamed Phantom+1"],"picked":"Unstable Ward","floor":24.0},{"not_picked":["Butterflies Rainbow","Redemption of Death","Dancing Soul+1"],"picked":"SKIP","floor":27.0},{"not_picked":["Childlike+1","Steamed Phantom+1"],"picked":"Snow+1","floor":28.0},{"not_picked":["Snow","Full Moon"],"picked":"Gather the Spring","floor":29.0},{"not_picked":["Dancing Butterflies","Ghost Lead"],"picked":"Wandering Soul","floor":31.0},{"not_picked":["Bury in The Template","Snowing Sakura"],"picked":"Unfulfilling Attachment","floor":33.0},{"not_picked":["Reverse The Screen+1","Phantom Village+1"],"picked":"Bloom","floor":35.0},{"not_picked":["Infinite Sin","Dark Wind"],"picked":"Become Phantom+1","floor":37.0},{"not_picked":["Song of Papilio+1","The Forgotten Winter"],"picked":"Snowing Sakura","floor":40.0},{"not_picked":["Bomb+1","End of Faramita"],"picked":"The Forgotten Winter+1","floor":41.0},{"not_picked":["Immigrant Phantom+1","Sakura Ward","Spear of Papilio"],"picked":"SKIP","floor":44.0},{"not_picked":["Showy Withering","Unborn Light+1","Dark Wind"],"picked":"SKIP","floor":45.0},{"not_picked":["Butterflies in Dream","Dark Wind"],"picked":"Open The Fan","floor":47.0},{"not_picked":["Dark Wind+1","All Wander+1"],"picked":"Bloom","floor":48.0}],"player_experience":196991,"relics_obtained":[{"floor":6.0,"key":"Iron Hammer"},{"floor":9.0,"key":"Bag of Preparation"},{"floor":12.0,"key":"Happy Flower"},{"floor":20.0,"key":"Necronomicon"},{"floor":26.0,"key":"Strawberry"},{"floor":29.0,"key":"Chameleon Ring"},{"floor":31.0,"key":"Ancient Tea Set"},{"floor":36.0,"key":"Boot"},{"floor":38.0,"key":"Replay:PocketPolymizer"},{"floor":40.0,"key":"Art of War"},{"floor":44.0,"key":"ReplayFunnel"},{"floor":49,"key":"Grinning Jar"}],"event_choices":[{"damage_healed":0.0,"max_hp_gain":0.0,"max_hp_loss":0.0,"gold_gain":0.0,"event_name":"Cursed Tome","player_choice":"Obtained Book","floor":20.0,"gold_loss":0.0,"damage_taken":16.0},{"damage_healed":0.0,"max_hp_gain":0.0,"max_hp_loss":0.0,"gold_gain":99.0,"event_name":"Nest","player_choice":"Stole From Cult","floor":21.0,"gold_loss":0.0,"damage_taken":0.0},{"cards_removed":["Full Moon"],"damage_healed":0.0,"max_hp_gain":0.0,"max_hp_loss":0.0,"gold_gain":0.0,"event_name":"Back to Basics","player_choice":"Elegance","floor":23.0,"gold_loss":0.0,"damage_taken":0.0},{"damage_healed":0.0,"max_hp_gain":0.0,"max_hp_loss":0.0,"gold_gain":0.0,"event_name":"Mysterious Sphere","player_choice":"Fight","floor":38.0,"gold_loss":0.0,"damage_taken":0.0}],"is_beta":false,"boss_relics":[{"not_picked":["Runic Dome","Empty Cage"],"picked":"Tiny House"},{"not_picked":["Astrolabe","Replay:Ancient Bell"],"picked":"SacredBark"}],"items_purged_floors":[39,42],"is_endless":false,"potions_floor_spawned":[5,12,13,14,18,22,31,35,38,41,45,48],"ascension_level":0}}