{"host":"w6oy2nru13p3os12","time":1607720274,"event":{"mods":["BaseMod","BetterRewards","Colored Powertips","Conspire","Energized Spire","GungeonMod","Halation","Hubris","Mimic Mod","Minty Spire (QoL Compilation)","Permanent Neow","Quick Restart","Replay The Spire","Reworked Bosses","Spikes Relics","StSLib","The Jungle","Wandering Minibosses"],"gold_per_floor":[118,132,171,188,135,135,166,186,221,250,267,227,241,269,269,361,311,334,33,33,49,49,91,104,104,104,104,104,119,119,19,19,34,34],"floor_reached":33,"playtime":1765,"items_purged":["Strike_B","Strike_B"],"score":534,"play_id":"6c73335a-ed61-4064-b09c-e4e5d01fe756","local_time":"20201211155754","is_ascension_mode":true,"campfire_choices":[{"data":"Zap","floor":6,"key":"SMITH"},{"floor":15,"key":"REST"},{"data":"Barrage","floor":25,"key":"SMITH"},{"floor":28,"key":"REST"},{"data":"Hologram","floor":30,"key":"SMITH"},{"data":"Machine Learning","floor":32,"key":"SMITH"}],"circlet_count":0,"master_deck":["AscendersBane","Strike_B","Defend_B","Defend_B","Defend_B","Defend_B","Zap+1","Dualcast","Beam Cell","Steam","Hologram+1","Sweeping Beam","Gash","Pot Of Greed","Pot Of Greed","Ball Lightning","Streamline","ReplayGash","BootSequence","Self Repair","Strike_B","Machine Learning+1","Barrage+1","Pot Of Greed","Cold Snap","conspire:Rain","BasicCrystalCard+1","Glacier"],"relics":["Cracked Core","ReplayTheSpireMod:TigerMarble","Grinning Jar","hubris:OldNail","halation:IllGainedPizza","Replay:Grab Bag","energizedSpire:HugeHouse","energizedSpire:EnergizedDie","AncientExoskeleton","SlaversCollar","Bag of Preparation","DataDisk","hubris:SoftwareUpdate","NlothsMask"],"acts_visited":["Exordium","TheCity"],"potions_floor_usage":[10,11,14,16,20,22,33],"damage_taken":[{"damage":0,"enemies":"Cultist","floor":1,"turns":3},{"damage":9,"enemies":"Jaw Worm","floor":2,"turns":4},{"damage":5,"enemies":"Small Slimes","floor":3,"turns":8},{"damage":4,"enemies":"Small Slimes","floor":4,"turns":4},{"damage":35,"enemies":"Gremlin Nob","floor":7,"turns":4},{"damage":0,"enemies":"Looter","floor":8,"turns":3},{"damage":0,"enemies":"Exordium Thugs","floor":9,"turns":5},{"damage":8,"enemies":"Lagavulin","floor":10,"turns":5},{"damage":0,"enemies":"Exordium Thugs","floor":11,"turns":4},{"damage":0,"enemies":"Blue Slaver","floor":13,"turns":3},{"damage":1,"enemies":"conspire:2 RoseBushes","floor":14,"turns":5},{"damage":25,"enemies":"Hexaghost","floor":16,"turns":9},{"damage":15,"enemies":"Shell Parasite","floor":18,"turns":5},{"damage":16,"enemies":"Chosen","floor":20,"turns":4},{"damage":1,"enemies":"conspire:HollyBat","floor":21,"turns":7},{"damage":0,"enemies":"Cultist and Chosen","floor":22,"turns":4},{"damage":30,"enemies":"Replay:Snechameleon","floor":23,"turns":5},{"damage":4,"enemies":"Snecko","floor":24,"turns":4},{"damage":0,"enemies":"Sentry and Sphere","floor":29,"turns":4},{"damage":71,"enemies":"bossMod:newCollector","floor":33,"turns":8}],"seed_played":"-5920720174736718533","potions_obtained":[{"floor":4,"key":"SpeedPotion"},{"floor":10,"key":"LiquidMemories"},{"floor":11,"key":"SkillPotion"},{"floor":12,"key":"Languid Potion"},{"floor":14,"key":"ColorlessPotion"},{"floor":16,"key":"Toxic Potion"},{"floor":18,"key":"Venom Potion"},{"floor":21,"key":"DemoMod:LeadSkinPotion"},{"floor":23,"key":"Venom Potion"}],"is_trial":false,"path_per_floor":["M","M","MIM","M","$","R","E","M","MIM","E","M","?","M","M","R","B",null,"M","$","M","M","M","E","M","R","T","?","R","M","R","$","R","B"],"character_chosen":"DEFECT","items_purchased":["Gash","Bag of Preparation","Cold Snap"],"campfire_rested":2,"item_purchase_floors":[5,19,19],"current_hp_per_floor":[64,55,50,46,46,46,12,12,12,4,4,4,11,17,38,20,55,47,47,38,44,44,21,24,24,24,24,44,52,52,52,52,0,0],"gold":34,"neow_bonus":"REMOVE_CARD","is_daily":false,"chose_seed":false,"campfire_upgraded":4,"win_rate":0.0,"timestamp":1607720274,"path_taken":["M","M","?","M","$","R","E","M","MIM","E","M","?","M","M","R","BOSS","M","$","M","M","M","E","M","R","T","?","R","?","R","$","R","BOSS"],"items_purchased_type":["Card","Relic","Card"],"build_version":"2020-11-30","purchased_purges":2,"victory":false,"max_hp_per_floor":[71,71,71,71,71,71,72,72,72,72,72,72,72,72,72,72,67,67,67,67,67,67,67,67,67,67,67,67,68,68,68,68,68,68],"card_choices":[{"not_picked":["Lockon","Stack"],"picked":"Beam Cell","floor":1},{"not_picked":["Compile Driver","Steam","hubris:Prefetch"],"picked":"SKIP","floor":2},{"not_picked":["Compile Driver","hubris:Prefetch"],"picked":"Steam","floor":2},{"not_picked":["Heatsinks","Panic Button"],"picked":"Hologram","floor":3},{"not_picked":["Stack","Rebound"],"picked":"Sweeping Beam","floor":4},{"not_picked":["Coolheaded","Heatsinks"],"picked":"Ball Lightning","floor":7},{"not_picked":["BasicCrystalCard","Steam"],"picked":"Streamline","floor":8},{"not_picked":["Tempest","Reinforced Body"],"picked":"ReplayGash","floor":9},{"not_picked":["Barrage","Go for the Eyes"],"picked":"BootSequence","floor":10},{"not_picked":["Fusion","Panic Button"],"picked":"Self Repair","floor":11},{"not_picked":["Cold Snap","Steam","Sweeping Beam"],"picked":"SKIP","floor":13},{"not_picked":["Barrage","Hello World","Creative AI"],"picked":"SKIP","floor":14},{"not_picked":["Machine Learning","hubris:DoWhile"],"picked":"ReplayTheSpireMod:Fabricate Wheel","floor":16},{"not_picked":["Beam Cell","ReplayTheSpireMod:Reroute Power+1"],"picked":"Barrage","floor":18},{"not_picked":["Hologram+1","BasicCrystalCard","Compile Driver"],"picked":"SKIP","floor":20},{"not_picked":["Hologram","Ball Lightning"],"picked":"conspire:Rain","floor":21},{"not_picked":["Panic Button","Darkness","Double Energy"],"picked":"SKIP","floor":22},{"not_picked":["Lockon+1","Hologram"],"picked":"BasicCrystalCard+1","floor":23},{"not_picked":["Stack","Hologram"],"picked":"Glacier","floor":24},{"not_picked":["Beam Cell","Barrage+1","Reinforced Body"],"picked":"SKIP","floor":29}],"player_experience":330406,"relics_obtained":[{"floor":3,"key":"ReplayTheSpireMod:TigerMarble"},{"floor":7,"key":"Grinning Jar"},{"floor":9,"key":"hubris:OldNail"},{"floor":10,"key":"halation:IllGainedPizza"},{"floor":23,"key":"DataDisk"},{"floor":26,"key":"hubris:SoftwareUpdate"}],"event_choices":[{"damage_healed":0,"gold_gain":0,"player_choice":"Bought 3 Potions","damage_taken":0,"max_hp_gain":0,"max_hp_loss":0,"event_name":"The Woman in Blue","floor":12,"gold_loss":0},{"damage_healed":0,"gold_gain":0,"player_choice":"Trade","damage_taken":0,"relics_obtained":["NlothsMask"],"max_hp_gain":0,"max_hp_loss":0,"event_name":"FaceTrader","floor":27,"gold_loss":0}],"is_beta":false,"boss_relics":[{"not_picked":["halation:HeavySnake","Coffee Dripper"],"picked":"Replay:Grab Bag"},{"not_picked":["energizedSpire:OgreHead","energizedSpire:StickyHand"],"picked":"energizedSpire:HugeHouse"},{"not_picked":["energizedSpire:MagnifyingGlass","conspire:SlowCooker"],"picked":"energizedSpire:EnergizedDie"},{"not_picked":["Black Star","halation:Prosthetics"],"picked":"AncientExoskeleton"},{"not_picked":["Pandora\u0027s Box","Kintsugi"],"picked":"SlaversCollar"}],"items_purged_floors":[19,31],"is_endless":false,"potions_floor_spawned":[4,10,11,13,14,16,18,21,23,24],"killed_by":"bossMod:newCollector","ascension_level":18}}