{"host":"wc8dlsuapnihxz7u","time":1607719095,"event":{"mods":["2.2 Compatiblity","AchievementEnabler","AlwaysNeverKeys","BaseMod","Better Altar","BetterRewards","GifTheSpireLib","Minty Spire (QoL Compilation)","Permanent Neow","Quick Restart","StSLib","SuperFastMode"],"gold_per_floor":[109,127,147,163,175,175,175,206,206,206,206,226,65,3,3,106,106,120,133,133,133,145,173,193,193,193,193,219,108,128,158,158,254,254,272,272,272,287,37,56,75,75,75,75,105,124,124,143,143,143,143,143,43,73,73,73],"floor_reached":55,"playtime":2115,"items_purged":["Strike_R","Carnage"],"score":759,"play_id":"120d1327-058d-4e45-8f9d-7814da7ba6d7","local_time":"20201211153815","is_ascension_mode":false,"campfire_choices":[{"data":"1","floor":6,"key":"LIFT"},{"data":"2","floor":11,"key":"LIFT"},{"data":"3","floor":15,"key":"LIFT"},{"data":"Whirlwind","floor":25,"key":"SMITH"},{"data":"Rage","floor":27,"key":"SMITH"},{"data":"Limit Break","floor":32,"key":"SMITH"},{"data":"Double Tap","floor":42,"key":"SMITH"},{"data":"Pummel","floor":44,"key":"SMITH"},{"floor":49,"key":"REST"},{"data":"Demon Form","floor":52,"key":"SMITH"}],"circlet_count":0,"master_deck":["Bash+1","Uppercut+1","Rage+1","Twin Strike","Pummel+1","Sword Boomerang","Spot Weakness","Thunderclap","Headbutt","Limit Break+1","Double Tap+1","Battle Trance","Heavy Blade","Heavy Blade","Inflame+1","Whirlwind+1","Searing Blow+1","Inflame","Sword Boomerang","Demon Form+1","Feed","Clothesline","Iron Wave","Infernal Blade","Offering","Battle Trance+1","Cleave+1"],"relics":["Burning Blood","Toolbox","Girya","Vajra","Orichalcum","Omamori","Philosopher\u0027s Stone","Ornamental Fan","Pocketwatch","Bag of Marbles","Champion Belt","Pandora\u0027s Box","Bottled Tornado","Incense Burner","Bottled Lightning","Pear","Boot"],"acts_visited":["Exordium","TheCity","TheBeyond","TheEnding"],"potions_floor_usage":[33,41],"damage_taken":[{"damage":2,"enemies":"Jaw Worm","floor":1,"turns":2},{"damage":0,"enemies":"Small Slimes","floor":2,"turns":3},{"damage":19,"enemies":"2 Louse","floor":3,"turns":3},{"damage":6,"enemies":"Lots of Slimes","floor":4,"turns":5},{"damage":13,"enemies":"Blue Slaver","floor":5,"turns":3},{"damage":23,"enemies":"Lagavulin","floor":8,"turns":5},{"damage":0,"enemies":"3 Louse","floor":12,"turns":2},{"damage":12,"enemies":"The Guardian","floor":16,"turns":6},{"damage":0,"enemies":"Chosen","floor":18,"turns":2},{"damage":0,"enemies":"Spheric Guardian","floor":19,"turns":2},{"damage":1,"enemies":"3 Cultists","floor":22,"turns":3},{"damage":0,"enemies":"Gremlin Leader","floor":23,"turns":3},{"damage":0,"enemies":"Centurion and Healer","floor":24,"turns":2},{"damage":16,"enemies":"Slavers","floor":28,"turns":2},{"damage":7,"enemies":"Shelled Parasite and Fungi","floor":30,"turns":2},{"damage":9,"enemies":"Book of Stabbing","floor":31,"turns":3},{"damage":18,"enemies":"Champ","floor":33,"turns":5},{"damage":7,"enemies":"3 Shapes","floor":35,"turns":3},{"damage":8,"enemies":"Orb Walker","floor":38,"turns":2},{"damage":25,"enemies":"Writhing Mass","floor":40,"turns":3},{"damage":21,"enemies":"Maw","floor":41,"turns":4},{"damage":28,"enemies":"Nemesis","floor":45,"turns":3},{"damage":8,"enemies":"Spire Growth","floor":46,"turns":2},{"damage":0,"enemies":"Transient","floor":48,"turns":5},{"damage":36,"enemies":"Donu and Deca","floor":50,"turns":5},{"damage":45,"enemies":"Shield and Spear","floor":54,"turns":4},{"damage":119,"enemies":"The Heart","floor":55,"turns":6}],"seed_played":"5574222650824279620","potions_obtained":[{"floor":1,"key":"FairyPotion"},{"floor":5,"key":"SmokeBomb"},{"floor":16,"key":"FearPotion"},{"floor":21,"key":"FairyPotion"},{"floor":21,"key":"SkillPotion"},{"floor":35,"key":"BloodPotion"}],"is_trial":false,"path_per_floor":["M","M","M","M","M","R","?","E","T","?","R","M","$","?","R","B",null,"M","M","?","?","M","E","M","R","T","R","E","$","M","E","R","B",null,"M","?","?","M","$","M","M","R","T","R","E","M","T","M","R","B",null,"R","$","E","B"],"character_chosen":"IRONCLAD","items_purchased":["Toolbox","Girya","Twin Strike","Limit Break","Inflame","Bottled Tornado"],"campfire_rested":1,"item_purchase_floors":[0,0,0,13,29,39],"current_hp_per_floor":[80,80,67,67,60,60,44,27,27,53,53,59,59,59,59,53,80,80,80,80,80,80,80,80,80,80,80,70,70,69,66,66,54,80,82,82,82,80,80,61,62,62,62,62,40,38,48,54,81,54,96,96,96,57,0,0],"gold":73,"neow_bonus":"","is_daily":false,"chose_seed":false,"campfire_upgraded":6,"win_rate":0.0,"timestamp":1607719095,"path_taken":["M","M","M","M","M","R","?","E","T","?","R","M","$","?","R","BOSS","M","?","?","?","M","E","?","R","T","R","E","$","M","E","R","BOSS","M","?","?","M","$","M","M","R","T","R","E","M","?","?","R","BOSS","R","$","E","BOSS"],"items_purchased_type":["Relic","Relic","Card","Card","Card","Relic"],"build_version":"2020-11-30","purchased_purges":2,"victory":false,"max_hp_per_floor":[80,80,80,80,80,80,80,80,80,80,80,80,80,80,80,80,80,80,80,80,80,80,80,80,80,80,80,80,80,80,80,80,80,80,83,83,83,83,83,83,83,83,83,83,83,83,93,93,93,96,96,96,96,96,96,96],"card_choices":[{"not_picked":["Clothesline","Havoc"],"picked":"Pummel","floor":1},{"not_picked":["Uppercut","Flame Barrier"],"picked":"Sword Boomerang","floor":2},{"not_picked":["Flame Barrier","Seeing Red"],"picked":"Spot Weakness","floor":3},{"not_picked":["Searing Blow","Second Wind","Havoc"],"picked":"SKIP","floor":4},{"not_picked":["Uppercut","Bloodletting","Thunderclap"],"picked":"SKIP","floor":5},{"not_picked":["Flame Barrier","Clash"],"picked":"Thunderclap","floor":8},{"not_picked":["Entrench","Shrug It Off"],"picked":"Headbutt","floor":12},{"not_picked":["Berserk","Exhume"],"picked":"Double Tap","floor":16},{"not_picked":["Perfected Strike+1","Cleave"],"picked":"Battle Trance","floor":18},{"not_picked":["Combust","Evolve"],"picked":"Heavy Blade","floor":19},{"not_picked":["Wild Strike","Shrug It Off+1"],"picked":"Inflame+1","floor":22},{"not_picked":["Perfected Strike+1","Spot Weakness"],"picked":"Whirlwind","floor":23},{"not_picked":["True Grit","Evolve"],"picked":"Searing Blow+1","floor":24},{"not_picked":["Armaments","Juggernaut","Dropkick+1"],"picked":"SKIP","floor":28},{"not_picked":["Uppercut+1","Clothesline","Entrench"],"picked":"SKIP","floor":30},{"not_picked":["Shrug It Off","Flex"],"picked":"Sword Boomerang","floor":31},{"not_picked":["Offering","Immolate"],"picked":"Demon Form","floor":33},{"not_picked":["Havoc+1","Warcry","Shockwave+1"],"picked":"SKIP","floor":35},{"not_picked":["Metallicize","Pommel Strike+1","Perfected Strike+1"],"picked":"SKIP","floor":38},{"not_picked":["Burning Pact+1","Twin Strike+1"],"picked":"Battle Trance+1","floor":40},{"not_picked":["Armaments+1","Thunderclap+1","Entrench"],"picked":"SKIP","floor":41},{"not_picked":["Anger+1","Pummel","Feel No Pain"],"picked":"SKIP","floor":45},{"not_picked":["Sword Boomerang","Spot Weakness"],"picked":"Cleave+1","floor":46},{"not_picked":["Heavy Blade+1","Clothesline+1","Battle Trance"],"picked":"SKIP","floor":48},{"not_picked":["Bludgeon","Pommel Strike+1","Pummel"],"picked":"SKIP","floor":54}],"player_experience":101955,"relics_obtained":[{"floor":8,"key":"Vajra"},{"floor":9,"key":"Orichalcum"},{"floor":23,"key":"Ornamental Fan"},{"floor":26,"key":"Pocketwatch"},{"floor":28,"key":"Bag of Marbles"},{"floor":31,"key":"Champion Belt"},{"floor":43,"key":"Incense Burner"},{"floor":45,"key":"Bottled Lightning"},{"floor":47,"key":"Pear"},{"floor":54,"key":"Boot"}],"event_choices":[{"damage_healed":0,"gold_gain":0,"player_choice":"Entered Light","damage_taken":16,"max_hp_gain":0,"max_hp_loss":0,"event_name":"Shining Light","floor":7,"gold_loss":0,"cards_upgraded":["Uppercut","Bash"]},{"damage_healed":26,"gold_gain":0,"player_choice":"Banana","damage_taken":0,"max_hp_gain":0,"max_hp_loss":0,"event_name":"Big Fish","floor":10,"gold_loss":0},{"damage_healed":0,"gold_gain":0,"player_choice":"Paid Gold","damage_taken":0,"relics_obtained":["Omamori"],"max_hp_gain":0,"max_hp_loss":0,"event_name":"WeMeetAgain","floor":14,"gold_loss":62},{"damage_healed":0,"gold_gain":0,"player_choice":"Read","damage_taken":0,"max_hp_gain":0,"max_hp_loss":0,"event_name":"The Library","floor":20,"gold_loss":0,"cards_obtained":["Heavy Blade"]},{"damage_healed":0,"gold_gain":0,"player_choice":"Got Potions","damage_taken":0,"max_hp_gain":0,"max_hp_loss":0,"event_name":"Lab","floor":21,"gold_loss":0},{"cards_removed":["Uppercut"],"damage_healed":0,"gold_gain":0,"player_choice":"Removed Attack","damage_taken":0,"max_hp_gain":0,"max_hp_loss":0,"event_name":"Falling","floor":36,"gold_loss":0},{"damage_healed":0,"gold_gain":0,"player_choice":"Memory 1","damage_taken":0,"max_hp_gain":0,"max_hp_loss":0,"event_name":"SensoryStone","floor":37,"gold_loss":0}],"is_beta":false,"boss_relics":[{"not_picked":["Astrolabe","Runic Dome"],"picked":"Philosopher\u0027s Stone"},{"not_picked":["Snecko Eye","Velvet Choker"],"picked":"Pandora\u0027s Box"}],"items_purged_floors":[29,53],"is_endless":false,"potions_floor_spawned":[1,5,16,24,28,31,35,38,41],"killed_by":"The Heart","ascension_level":0}}