{"host":"3a1ypf1irl30q4k8","time":1607716151,"event":{"mods":["AchievementEnabler","BaseMod","Bestiary","Colored Map","Minty Spire (QoL Compilation)","Relic Stats"],"gold_per_floor":[117,128,146,35,20,20,45,65,90,90,104,104,122,155,155,229,229,241,241,39,58,58,58,58],"floor_reached":23,"playtime":898,"items_purged":["Strike_R","Strike_R"],"score":355,"play_id":"ed8d210c-b705-45d7-8428-e4762a4e234d","local_time":"20201211194911","is_ascension_mode":true,"campfire_choices":[{"data":"Fiend Fire","floor":6,"key":"SMITH"},{"data":"Shockwave","floor":10,"key":"SMITH"},{"data":"Thunderclap","floor":12,"key":"SMITH"},{"floor":15,"key":"REST"}],"circlet_count":0,"master_deck":["AscendersBane","Strike_R","Strike_R","Strike_R","Defend_R","Defend_R","Defend_R","Defend_R","Bash","Fiend Fire+1","Thunderclap+1","Pommel Strike","Metallicize","Carnage","Shockwave+1","Wild Strike","Spot Weakness","Fire Breathing","Demon Form","True Grit","True Grit+1"],"relics":["Burning Blood","Smiling Mask","MealTicket","Bag of Preparation","Coffee Dripper","OrangePellets"],"acts_visited":["Exordium","TheCity"],"potions_floor_usage":[11,14,16,23],"damage_taken":[{"damage":1,"enemies":"Cultist","floor":1,"turns":3},{"damage":12,"enemies":"Small Slimes","floor":2,"turns":4},{"damage":3,"enemies":"2 Louse","floor":3,"turns":2},{"damage":12,"enemies":"Exordium Thugs","floor":5,"turns":4},{"damage":16,"enemies":"Gremlin Nob","floor":7,"turns":3},{"damage":3,"enemies":"Blue Slaver","floor":8,"turns":3},{"damage":27,"enemies":"Gremlin Gang","floor":11,"turns":5},{"damage":7,"enemies":"Large Slime","floor":13,"turns":3},{"damage":24,"enemies":"Lagavulin","floor":14,"turns":5},{"damage":25,"enemies":"Slime Boss","floor":16,"turns":6},{"damage":22,"enemies":"3 Byrds","floor":18,"turns":5},{"damage":12,"enemies":"Chosen","floor":21,"turns":3},{"damage":62,"enemies":"Slavers","floor":23,"turns":3}],"seed_played":"-1700058665846854753","potions_obtained":[{"floor":1,"key":"FearPotion"},{"floor":2,"key":"Regen Potion"},{"floor":13,"key":"Explosive Potion"},{"floor":16,"key":"SpeedPotion"},{"floor":21,"key":"AttackPotion"}],"is_trial":false,"path_per_floor":["M","M","M","$","M","R","E","M","T","R","M","R","M","E","R","B",null,"M","?","$","M","?","E"],"character_chosen":"IRONCLAD","items_purchased":["Metallicize","OrangePellets"],"campfire_rested":1,"item_purchase_floors":[4,20],"current_hp_per_floor":[68,62,65,65,59,59,49,52,52,52,45,45,44,26,46,27,58,42,56,68,62,62,0,0],"gold":58,"neow_bonus":"THREE_RARE_CARDS","is_daily":false,"chose_seed":false,"campfire_upgraded":3,"win_rate":0.0,"timestamp":1607716151,"path_taken":["M","M","M","$","?","R","E","M","T","R","M","R","M","E","R","BOSS","M","?","$","M","?","E"],"items_purchased_type":["Card","Relic"],"build_version":"2020-11-30","purchased_purges":2,"victory":false,"max_hp_per_floor":[68,68,68,68,68,68,68,68,68,68,68,68,68,68,68,68,68,68,68,68,68,68,68,68],"relic_stats":{"OrangePellets":[0],"counters":[13,49],"MealTicket":12,"Bag of Preparation":[8],"Smiling Mask":50,"obtain_stats":[{"OrangePellets":20,"MealTicket":9,"Bag of Preparation":14,"Coffee Dripper":17,"Smiling Mask":7,"Burning Blood":0},{"OrangePellets":11,"MealTicket":6,"Bag of Preparation":9,"Coffee Dripper":10,"Smiling Mask":5,"Burning Blood":0},{"OrangePellets":43,"MealTicket":19,"Bag of Preparation":32,"Coffee Dripper":38,"Smiling Mask":16,"Burning Blood":0}],"Burning Blood":67},"card_choices":[{"not_picked":["Berserk","Demon Form"],"picked":"Fiend Fire","floor":0},{"not_picked":["Flame Barrier","Warcry"],"picked":"Thunderclap","floor":1},{"not_picked":["Dual Wield","Second Wind"],"picked":"Pommel Strike","floor":2},{"not_picked":["Clash","Heavy Blade","Body Slam"],"picked":"SKIP","floor":3},{"not_picked":["Havoc","Entrench","Rupture"],"picked":"SKIP","floor":5},{"not_picked":["Perfected Strike","Dropkick"],"picked":"Carnage","floor":7},{"not_picked":["Reckless Charge","Combust"],"picked":"Shockwave","floor":8},{"not_picked":["Clash","Body Slam"],"picked":"Wild Strike","floor":11},{"not_picked":["Pummel","Infernal Blade"],"picked":"Spot Weakness","floor":13},{"not_picked":["Headbutt","Flame Barrier"],"picked":"Fire Breathing","floor":14},{"not_picked":["Fiend Fire","Exhume"],"picked":"Demon Form","floor":16},{"not_picked":["Anger","Reckless Charge"],"picked":"True Grit","floor":18},{"not_picked":["Evolve","Clash"],"picked":"True Grit+1","floor":21}],"player_experience":812865,"relics_obtained":[{"floor":7,"key":"Smiling Mask"},{"floor":9,"key":"MealTicket"},{"floor":14,"key":"Bag of Preparation"}],"event_choices":[{"damage_healed":14,"gold_gain":0,"player_choice":"Heal","damage_taken":0,"max_hp_gain":0,"max_hp_loss":0,"event_name":"The Library","floor":19,"gold_loss":0},{"damage_healed":0,"gold_gain":0,"player_choice":"Ignored","damage_taken":0,"max_hp_gain":0,"max_hp_loss":0,"event_name":"Cursed Tome","floor":22,"gold_loss":0}],"is_beta":false,"boss_relics":[{"not_picked":["Runic Cube","Calling Bell"],"picked":"Coffee Dripper"}],"items_purged_floors":[4,20],"is_endless":false,"potions_floor_spawned":[1,2,5,7,13,16,21],"killed_by":"Slavers","ascension_level":15}}