{"host":"y3h3n3f7seyagppx","time":1607700430,"event":{"mods":["AlwaysNeverKeys","BaseMod","Better Vampires","Colored Powertips","DeckTracker","Emptier Cage","Minty Spire (QoL Compilation)","Permanent Neow","Quick Restart","Rare Cards Sparkle","Relic Sorter","Relic Stats","StSLib","Transform Curses"],"gold_per_floor":[118,118,168,180,255,281,281,301,301,68,98,109,136,152,152,230,230,241,241,241,259,274,299,312,312,312,338,363,397,397,397,397,471,471,481,87,100,100,100,100,135,153,153,171,206,217,231,261,261,261,261,261,261,13,38,38],"floor_reached":57,"playtime":8177,"items_purged":["Strike_R","Strike_R"],"score":2870,"play_id":"478dc6fe-e17c-4dc3-bb8d-b432dcf221dc","local_time":"20201211102710","is_ascension_mode":true,"campfire_choices":[{"data":"Blood for Blood","floor":7.0,"key":"SMITH"},{"data":"Carnage","floor":15.0,"key":"SMITH"},{"data":"Uppercut","floor":25.0,"key":"SMITH"},{"data":"Demon Form","floor":30,"key":"SMITH"},{"data":"Feel No Pain","floor":32,"key":"SMITH"},{"data":"Body Slam","floor":40,"key":"SMITH"},{"data":"Juggernaut","floor":49,"key":"SMITH"},{"data":"Evolve","floor":53,"key":"SMITH"}],"circlet_count":0,"master_deck":["AscendersBane","Strike_R","Defend_R","Bash","Anger+1","Blood for Blood+1","Power Through+1","True Grit+1","Shrug It Off+1","Offering+1","Carnage+1","Immolate+1","Dark Embrace+1","Ghostly+1","Ghostly+1","Ghostly+1","Demon Form+1","Shrug It Off+1","Feel No Pain+1","Uppercut+1","Warcry+1","Ghostly+1","Juggernaut+1","Seeing Red+1","Headbutt+1","Impervious+1","Pommel Strike+1","Body Slam+1","Evolve+1","Dual Wield+1","Shockwave+1","Disarm+1","Second Wind+1","Warcry+1","Battle Trance+1","Havoc+1","Warcry+1"],"relics":["Burning Blood","NeowsBlessing","Toxic Egg 2","Pen Nib","MealTicket","Odd Mushroom","Letter Opener","Coffee Dripper","Pantograph","Darkstone Periapt","StoneCalendar","Akabeko","Whetstone","Astrolabe","Bronze Scales","Oddly Smooth Stone","Bird Faced Urn","Potion Belt","Incense Burner","OrangePellets","Blood Vial"],"acts_visited":["Exordium","TheCity","TheBeyond","TheEnding"],"potions_floor_usage":[27,37,41,56],"damage_taken":[{"damage":0.0,"enemies":"2 Louse","floor":1.0,"turns":1.0},{"damage":0.0,"enemies":"Cultist","floor":4.0,"turns":1.0},{"damage":0.0,"enemies":"3 Sentries","floor":6.0,"turns":2.0},{"damage":3.0,"enemies":"Small Slimes","floor":8.0,"turns":3.0},{"damage":20.0,"enemies":"The Mushroom Lair","floor":11.0,"turns":4.0},{"damage":11.0,"enemies":"Blue Slaver","floor":12.0,"turns":4.0},{"damage":14.0,"enemies":"Lagavulin","floor":13.0,"turns":7.0},{"damage":0.0,"enemies":"Exordium Wildlife","floor":14.0,"turns":4.0},{"damage":29.0,"enemies":"The Guardian","floor":16.0,"turns":10.0},{"damage":6.0,"enemies":"Spheric Guardian","floor":18.0,"turns":1.0},{"damage":3.0,"enemies":"Shell Parasite","floor":21.0,"turns":4.0},{"damage":9.0,"enemies":"Snake Plant","floor":22.0,"turns":3.0},{"damage":2.0,"enemies":"Slavers","floor":23.0,"turns":4.0},{"damage":6.0,"enemies":"Centurion and Healer","floor":24.0,"turns":9.0},{"damage":27,"enemies":"Gremlin Leader","floor":27,"turns":4},{"damage":12,"enemies":"Slavers","floor":29,"turns":4},{"damage":28,"enemies":"Champ","floor":33,"turns":12},{"damage":2,"enemies":"3 Darklings","floor":35,"turns":5},{"damage":3,"enemies":"3 Shapes","floor":37,"turns":3},{"damage":2,"enemies":"Nemesis","floor":41,"turns":5},{"damage":23,"enemies":"Sphere and 2 Shapes","floor":42,"turns":6},{"damage":2,"enemies":"Jaw Worm Horde","floor":44,"turns":5},{"damage":10,"enemies":"Giant Head","floor":45,"turns":6},{"damage":6,"enemies":"Spire Growth","floor":46,"turns":4},{"damage":9,"enemies":"Maw","floor":47,"turns":6},{"damage":15,"enemies":"Reptomancer","floor":48,"turns":4},{"damage":26,"enemies":"Awakened One","floor":50,"turns":10},{"damage":7,"enemies":"Donu and Deca","floor":51,"turns":6},{"damage":9,"enemies":"Shield and Spear","floor":55,"turns":5},{"damage":26,"enemies":"The Heart","floor":56,"turns":8}],"seed_played":"-224031787284034106","potions_obtained":[{"floor":4.0,"key":"Weak Potion"},{"floor":12.0,"key":"Dexterity Potion"},{"floor":14.0,"key":"Ancient Potion"},{"floor":22.0,"key":"LiquidBronze"},{"floor":23.0,"key":"SkillPotion"},{"floor":24.0,"key":"Fruit Juice"},{"floor":35,"key":"PowerPotion"},{"floor":37,"key":"GamblersBrew"},{"floor":47,"key":"Strength Potion"},{"floor":48,"key":"ElixirPotion"},{"floor":55,"key":"Ancient Potion"}],"is_trial":false,"path_per_floor":["M","?","?","M","?","E","R","M","T","$","?","M","E","M","R","B",null,"M","?","?","M","M","E","M","R","T","E","T","E","R","?","R","B",null,"M","$","M","$","?","R","E","M","T","M","E","M","M","E","R","B","B",null,"R","$","E","B",null],"character_chosen":"IRONCLAD","items_purchased":["MealTicket","Body Slam","Evolve","Bronze Scales","OrangePellets","DistilledChaos"],"campfire_rested":0,"item_purchase_floors":[10,36,36,36,54,54],"current_hp_per_floor":[74,67,67,73,62,68,68,71,71,71,57,52,44,50,50,27,63,63,37,37,37,34,37,37,37,37,16,16,10,10,10,10,13,31,35,37,42,42,40,40,40,23,23,35,40,40,40,33,33,24,40,40,40,40,40,32],"gold":38,"neow_bonus":"THREE_ENEMY_KILL","is_daily":false,"chose_seed":false,"campfire_upgraded":8,"win_rate":0.0,"timestamp":1607700430,"path_taken":["M","?","?","?","?","E","R","M","T","$","?","M","E","M","R","BOSS","M","?","?","?","M","E","?","R","T","E","?","E","R","?","R","BOSS","M","$","M","?","?","R","E","?","T","M","E","M","M","E","R","BOSS","BOSS","R","$","E","BOSS"],"items_purchased_type":["Relic","Card","Card","Relic","Relic","Potion"],"build_version":"2020-11-30","purchased_purges":2,"victory":true,"max_hp_per_floor":[75,75,75,75,75,75,75,75,75,75,75,75,75,75,75,75,75,75,37,37,37,37,37,37,37,37,37,37,37,37,37,37,37,37,37,37,42,42,40,40,40,40,40,40,40,40,40,40,40,40,40,40,40,40,40,40],"relic_stats":{"Darkstone Periapt":0,"counters":[30,150],"Astrolabe":["Seeing Red","Headbutt","Impervious"],"StoneCalendar":[82],"Pen Nib":[24],"Letter Opener":[273],"Whetstone":["Anger","Immolate"],"Burning Blood":148,"Blood Vial":0,"OrangePellets":[5],"Pantograph":48,"Bronze Scales":[264],"Bird Faced Urn":[63],"MealTicket":2,"obtain_stats":[{"Darkstone Periapt":26,"Potion Belt":45,"NeowsBlessing":0,"Astrolabe":34,"Oddly Smooth Stone":41,"StoneCalendar":27,"Pen Nib":9,"Incense Burner":48,"Letter Opener":13,"Whetstone":29,"Odd Mushroom":11,"Burning Blood":0,"Akabeko":28,"Blood Vial":55,"OrangePellets":54,"Pantograph":23,"Bronze Scales":36,"Bird Faced Urn":43,"MealTicket":10,"Coffee Dripper":17,"Toxic Egg 2":6},{"Darkstone Periapt":14,"Potion Belt":23,"NeowsBlessing":0,"Astrolabe":17,"Oddly Smooth Stone":20,"StoneCalendar":15,"Pen Nib":4,"Incense Burner":26,"Letter Opener":7,"Whetstone":16,"Odd Mushroom":5,"Burning Blood":0,"Akabeko":15,"Blood Vial":29,"OrangePellets":28,"Pantograph":13,"Bronze Scales":18,"Bird Faced Urn":21,"MealTicket":4,"Coffee Dripper":9,"Toxic Egg 2":3},{"Darkstone Periapt":57,"Potion Belt":107,"NeowsBlessing":0,"Astrolabe":77,"Oddly Smooth Stone":90,"StoneCalendar":61,"Pen Nib":7,"Incense Burner":121,"Letter Opener":22,"Whetstone":65,"Odd Mushroom":11,"Burning Blood":0,"Akabeko":61,"Blood Vial":142,"OrangePellets":137,"Pantograph":48,"Bronze Scales":82,"Bird Faced Urn":96,"MealTicket":7,"Coffee Dripper":36,"Toxic Egg 2":4}]},"card_choices":[{"not_picked":["Clash","Heavy Blade","Flex"],"picked":"SKIP","floor":1.0},{"not_picked":["Bloodletting","Burning Pact"],"picked":"Anger","floor":4.0},{"not_picked":["Seeing Red+1","Anger"],"picked":"Blood for Blood","floor":6.0},{"not_picked":["Armaments+1","Body Slam"],"picked":"Power Through+1","floor":8.0},{"not_picked":["Ghostly Armor+1","Perfected Strike"],"picked":"True Grit+1","floor":11.0},{"not_picked":["Clothesline","Burning Pact+1"],"picked":"Shrug It Off+1","floor":12.0},{"not_picked":["Reckless Charge","Body Slam"],"picked":"Offering+1","floor":13.0},{"not_picked":["Thunderclap","Dropkick"],"picked":"Carnage","floor":14.0},{"not_picked":["Reaper","Double Tap+1"],"picked":"Immolate","floor":16.0},{"not_picked":["Wild Strike+1","Body Slam"],"picked":"Dark Embrace+1","floor":18.0},{"not_picked":["Flex+1","Iron Wave","Rage+1"],"picked":"SKIP","floor":21.0},{"not_picked":["Perfected Strike","Dual Wield+1"],"picked":"Shrug It Off+1","floor":22.0},{"not_picked":["Searing Blow","Bloodletting+1"],"picked":"Feel No Pain","floor":23.0},{"not_picked":["Fire Breathing","Flame Barrier+1"],"picked":"Uppercut","floor":24.0},{"not_picked":["Blood for Blood","Iron Wave"],"picked":"Warcry+1","floor":27},{"not_picked":["Heavy Blade","Shrug It Off+1","Pommel Strike"],"picked":"SKIP","floor":29},{"not_picked":["Immolate","Impervious+1"],"picked":"Juggernaut","floor":33},{"not_picked":["Heavy Blade","Headbutt"],"picked":"Pommel Strike+1","floor":35},{"not_picked":["Twin Strike","True Grit+1"],"picked":"Dual Wield+1","floor":37},{"not_picked":["Clothesline","Twin Strike+1"],"picked":"Shockwave+1","floor":41},{"not_picked":["Havoc+1","Pummel"],"picked":"Disarm+1","floor":42},{"not_picked":["Reckless Charge+1","Twin Strike"],"picked":"Second Wind+1","floor":44},{"not_picked":["Anger","Infernal Blade+1"],"picked":"Warcry+1","floor":45},{"not_picked":["Perfected Strike+1","Iron Wave"],"picked":"Battle Trance+1","floor":46},{"not_picked":["Berserk","Clash"],"picked":"Havoc+1","floor":47},{"not_picked":["Headbutt+1","Blood for Blood+1","Armaments+1"],"picked":"SKIP","floor":48},{"not_picked":["Infernal Blade+1","Combust"],"picked":"Warcry+1","floor":55}],"player_experience":19901368,"relics_obtained":[{"floor":6.0,"key":"Toxic Egg 2"},{"floor":9.0,"key":"Pen Nib"},{"floor":11.0,"key":"Odd Mushroom"},{"floor":13.0,"key":"Letter Opener"},{"floor":23.0,"key":"Pantograph"},{"floor":26.0,"key":"Darkstone Periapt"},{"floor":27,"key":"StoneCalendar"},{"floor":28,"key":"Akabeko"},{"floor":29,"key":"Whetstone"},{"floor":41,"key":"Oddly Smooth Stone"},{"floor":43,"key":"Bird Faced Urn"},{"floor":45,"key":"Potion Belt"},{"floor":48,"key":"Incense Burner"},{"floor":55,"key":"Blood Vial"}],"event_choices":[{"cards_removed":["Strike_R"],"damage_healed":0.0,"max_hp_gain":0.0,"max_hp_loss":0.0,"gold_gain":0.0,"event_name":"Golden Wing","player_choice":"Card Removal","floor":2.0,"gold_loss":0.0,"damage_taken":7.0},{"damage_healed":0.0,"max_hp_gain":0.0,"max_hp_loss":0.0,"gold_gain":50.0,"event_name":"Golden Shrine","player_choice":"Pray","floor":3.0,"gold_loss":0.0,"damage_taken":0.0},{"damage_healed":0.0,"max_hp_gain":0.0,"max_hp_loss":0.0,"gold_gain":75.0,"event_name":"World of Goop","player_choice":"Gather Gold","floor":5.0,"gold_loss":0.0,"damage_taken":11.0},{"damage_healed":0.0,"max_hp_gain":0.0,"max_hp_loss":0.0,"gold_gain":0.0,"event_name":"Mushrooms","player_choice":"Fought Mushrooms","floor":11.0,"gold_loss":0.0,"damage_taken":0.0},{"damage_healed":0.0,"max_hp_gain":0.0,"max_hp_loss":38.0,"gold_gain":0.0,"event_name":"Ghosts","player_choice":"Became a Ghost","floor":19.0,"gold_loss":0.0,"damage_taken":0.0,"cards_obtained":["Ghostly","Ghostly","Ghostly"]},{"damage_healed":0.0,"max_hp_gain":0.0,"max_hp_loss":0.0,"gold_gain":0.0,"cards_transformed":["Strike_R"],"event_name":"Transmorgrifier","player_choice":"Transformed","floor":20.0,"gold_loss":0.0,"damage_taken":0.0,"cards_obtained":["Demon Form"]},{"damage_healed":0,"gold_gain":0,"player_choice":"Copied","damage_taken":0,"max_hp_gain":0,"max_hp_loss":0,"event_name":"Duplicator","floor":31,"gold_loss":0,"cards_obtained":["Ghostly"]},{"damage_healed":0,"gold_gain":0,"player_choice":"Max HP","damage_taken":0,"max_hp_gain":0,"max_hp_loss":2,"event_name":"Winding Halls","floor":39,"gold_loss":0}],"is_beta":false,"boss_relics":[{"not_picked":["Runic Cube","Runic Dome"],"picked":"Coffee Dripper"},{"not_picked":["SacredBark","Empty Cage"],"picked":"Astrolabe"}],"items_purged_floors":[10,36],"is_endless":false,"potions_floor_spawned":[4,12,14,18,22,23,24,35,37,47,48,55],"ascension_level":20}}