{"host":"1c52r9kaxdyo25eq","time":1607695565,"event":{"mods":["AchievementEnabler","BaseMod","Minty Spire (QoL Compilation)","Rare Cards Sparkle","SuperFastMode","everything is the same but u backflip on backflip"],"gold_per_floor":[115,115,130,146,161,193,20,20,20,20,83,7,57,107,107,107,107],"floor_reached":16,"playtime":310,"items_purged":[],"score":231,"play_id":"f360bb11-ef2e-48c6-96c6-9ac4afe0176a","local_time":"20201211230605","is_ascension_mode":true,"campfire_choices":[{"data":"MentalFortress","floor":8,"key":"SMITH"},{"floor":15,"key":"REST"}],"circlet_count":0,"master_deck":["AscendersBane","Strike_P","Strike_P","Strike_P","Defend_P","Defend_P","Defend_P","Defend_P","Eruption+1","Vigilance","Crescendo","EmptyMind+1","MentalFortress+1","Scrawl+1","FearNoEvil"],"relics":["PureWater","Smiling Mask","War Paint","Toy Ornithopter","SsserpentHead","Golden Idol"],"acts_visited":["Exordium"],"potions_floor_usage":[6],"damage_taken":[{"damage":2,"enemies":"Jaw Worm","floor":1,"turns":3},{"damage":0,"enemies":"Cultist","floor":3,"turns":3},{"damage":8,"enemies":"Small Slimes","floor":4,"turns":4},{"damage":26,"enemies":"3 Louse","floor":5,"turns":4},{"damage":0,"enemies":"Gremlin Nob","floor":6,"turns":2},{"damage":14,"enemies":"Lots of Slimes","floor":11,"turns":3},{"damage":50,"enemies":"Hexaghost","floor":16,"turns":12}],"seed_played":"-5578679618411068669","potions_obtained":[{"floor":5,"key":"AttackPotion"},{"floor":6,"key":"SneckoOil"},{"floor":11,"key":"SpeedPotion"},{"floor":14,"key":"FairyPotion"}],"is_trial":false,"path_per_floor":["M","?","M","M","M","E","$","R","T","?","M","$","?","?","R","B"],"character_chosen":"WATCHER","items_purchased":["War Paint","FearNoEvil"],"campfire_rested":1,"item_purchase_floors":[7,12],"current_hp_per_floor":[59,59,59,51,25,25,25,25,25,25,11,11,11,11,29,0,0],"gold":107,"neow_bonus":"UPGRADE_CARD","is_daily":false,"chose_seed":false,"campfire_upgraded":1,"win_rate":0.0,"timestamp":1607695565,"path_taken":["M","?","M","M","?","E","?","R","T","?","?","$","?","?","R","BOSS"],"items_purchased_type":["Relic","Card"],"build_version":"2020-11-30","purchased_purges":0,"victory":false,"max_hp_per_floor":[68,68,68,68,68,68,68,68,68,68,68,68,62,62,62,62,62],"card_choices":[{"not_picked":["Crescendo","FollowUp","Wireheading"],"picked":"SKIP","floor":1},{"not_picked":["Consecrate","Protect","BowlingBash"],"picked":"SKIP","floor":3},{"not_picked":["TalkToTheHand","WheelKick"],"picked":"EmptyMind","floor":4},{"not_picked":["FearNoEvil","ThirdEye"],"picked":"MentalFortress","floor":5},{"not_picked":["FollowUp","JustLucky"],"picked":"Scrawl","floor":6},{"not_picked":["FlurryOfBlows","EmptyFist","JustLucky"],"picked":"SKIP","floor":11}],"player_experience":456801,"relics_obtained":[{"floor":6,"key":"Smiling Mask"},{"floor":9,"key":"Toy Ornithopter"}],"event_choices":[{"damage_healed":0,"gold_gain":0,"cards_transformed":["Strike_P"],"player_choice":"Transformed","damage_taken":0,"max_hp_gain":0,"max_hp_loss":0,"event_name":"Transmorgrifier","floor":2,"gold_loss":0,"cards_obtained":["Crescendo"]},{"damage_healed":0,"gold_gain":0,"player_choice":"Trade","damage_taken":0,"relics_obtained":["SsserpentHead"],"max_hp_gain":0,"max_hp_loss":0,"event_name":"FaceTrader","floor":10,"gold_loss":0},{"damage_healed":0,"gold_gain":0,"player_choice":"Lose Max HP","damage_taken":0,"relics_obtained":["Golden Idol"],"max_hp_gain":0,"max_hp_loss":6,"event_name":"Golden Idol","floor":13,"gold_loss":0},{"damage_healed":0,"gold_gain":0,"player_choice":"Got Potions","damage_taken":0,"max_hp_gain":0,"max_hp_loss":0,"event_name":"Lab","floor":14,"gold_loss":0}],"is_beta":false,"boss_relics":[],"items_purged_floors":[],"is_endless":false,"potions_floor_spawned":[5,6,11],"killed_by":"Hexaghost","ascension_level":17}}