{"host":"rbk1qdcjpzmlze2h","time":1607717043,"event":{"mods":["2.2 Compatiblity","Act Like it!","Ascension Reborn","Aspiration","BaseMod","Beaked The Cultist","Better Match","Better Note","Better Sensory Stone","Better Third Choice","Better-Laid Plans","Card Forge","Chat Monstrosity","Colored Powertips","Conspire","Curses Come First","Dio Mod","Displayed Cursed Tome","Downfall","Filter the Spire","Friendly Minions","Gensokyo","GifTheSpireLib","Gold Saver","Halation","Hallownest","Hermit","Highlight Path","Hubris","Infinite Spire","Lobotomy","LobotomyExtend","Marisa（霧雨　魔理沙）","Minty Spire (QoL Compilation)","Practice Mode","Quick Restart","Random Character Mod","Rare Cards Sparkle","Replay The Spire","Ryuuou龙王","Shade Mod","Shop Mod","Spicy Shops","StSLib","The Bug Knight","The Jungle","The Runesmith","The Wild Card","TheArtist","TheBandit","TheVacant","Thieving Mod","Transform Curses","Waifu the Spire","WarShipGirlsR/战舰少女R mod"],"gold_per_floor":[111,122,139,139,157,157,157,157],"floor_reached":7,"playtime":746,"items_purged":[],"score":93,"play_id":"30e272a6-1774-46d4-bb9d-764c0d7e2f77","local_time":"20201211150403","is_ascension_mode":true,"campfire_choices":[{"data":"ReplayTheSpireMod:Dual Polarity","floor":6,"key":"SMITH"}],"circlet_count":0,"master_deck":["conspire:GhostlyStrike","conspire:GhostlyStrike","conspire:GhostlyStrike","conspire:GhostlyStrike","conspire:GhostlyDefend","conspire:GhostlyDefend","conspire:GhostlyDefend","conspire:GhostlyDefend","Ticked:Expose","Ticked:Condemn","Ticked:ReactiveArmor","Aggregate","Ticked:CatchOffGuard","ReplayTheSpireMod:Dual Polarity+1"],"relics":["Ticked:SpyCamera","Hammer of Thor","Seething Fire","Anvil of the Gods","aspiration:Nostalgia","m_SpellCore","LetterFromLob"],"acts_visited":["Exordium"],"potions_floor_usage":[],"damage_taken":[{"damage":10,"enemies":"Cultist","floor":1,"turns":4},{"damage":8,"enemies":"Small Slimes","floor":2,"turns":3},{"damage":7,"enemies":"2 Louse","floor":3,"turns":3},{"damage":28,"enemies":"Lots of Slimes","floor":5,"turns":8},{"damage":39,"enemies":"Gremlin Nob","floor":7,"turns":4}],"seed_played":"-2587077418930596869","potions_obtained":[{"floor":1,"key":"BlessingOfTheForge"},{"floor":2,"key":"CultistPotion"}],"is_trial":false,"path_per_floor":["M","M","M","?","M","R","E"],"character_chosen":"TICKED","items_purchased":[],"campfire_rested":0,"item_purchase_floors":[],"current_hp_per_floor":[65,57,50,50,22,22,0,0],"gold":157,"neow_bonus":"NOSTALGIA","is_daily":false,"chose_seed":false,"campfire_upgraded":1,"win_rate":0.0,"timestamp":1607717043,"path_taken":["M","M","M","?","M","R","E"],"items_purchased_type":[],"build_version":"2020-11-30","purchased_purges":0,"victory":false,"max_hp_per_floor":[75,75,75,75,75,75,75,75],"card_choices":[{"not_picked":["Ticked:LeftHandBlade","Gash"],"picked":"Ticked:ReactiveArmor","floor":1},{"not_picked":["Ticked:WhirlingBlades","Ticked:BurdenedStrike"],"picked":"Aggregate","floor":2},{"not_picked":["Defragment","Ticked:ExploitWeakness"],"picked":"Ticked:CatchOffGuard","floor":3},{"not_picked":["ReplayTheSpireMod:System Scan","Ticked:Cauterize"],"picked":"ReplayTheSpireMod:Dual Polarity","floor":5}],"player_experience":186960,"relics_obtained":[{"floor":1,"key":"LetterFromLob"}],"event_choices":[{"damage_healed":0,"gold_gain":0,"player_choice":"Agree","damage_taken":0,"max_hp_gain":0,"max_hp_loss":0,"event_name":"conspire:LoneGhost","floor":4,"gold_loss":0}],"is_beta":false,"boss_relics":[],"items_purged_floors":[],"is_endless":false,"potions_floor_spawned":[1,2],"killed_by":"Gremlin Nob","ascension_level":0}}