{"host":"68ryiucqar8jyfi2","time":1607720189,"event":{"mods":["2.2 Compatiblity","Act Like it!","Aspiration","BaseMod","Better Match","Better Note","Better Skull","Better Third Choice","CapriCore","Curses Come First","Defuse TimeMaze Blight","Displayed Cursed Tome","Emptier Cage","Energized Spire","Friendly Minions","HexUI Lib","Hubris","Hyrulean Relics","Minty Spire (QoL Compilation)","Permanent Neow","RNG Fix","Replay The Spire","Robot Space Explorer","StSLib","Trackpad","Transform Curses","Uncapped","Wandering Minibosses"],"gold_per_floor":[119,133,153,166,182,182,182,198,267,279,314,324,336,373,385,397,397],"floor_reached":16,"playtime":836,"items_purged":[],"score":191,"play_id":"d75eb1fa-1cb2-4ee3-8f22-df5eeb33fc5e","local_time":"20201211205629","daily_mods":["Vintage","Heirloom","Flight"],"is_ascension_mode":false,"campfire_choices":[{"data":"Eruption","floor":6,"key":"SMITH"},{"data":"Vigilance","floor":7,"key":"SMITH"},{"data":"Replay:DivineShield","floor":15,"key":"SMITH"}],"circlet_count":0,"master_deck":["Strike_P","Strike_P","Strike_P","Defend_P","Defend_P","Defend_P","Defend_P","Eruption+1","Vigilance+1","DeceiveReality","Replay:DivineShield+1","Replay:AtTheReady"],"relics":["PureWater","hubris:FunFungus","aspiration:SeaSaltIceCream","Membership Card","hubris:DeckOfHolding","Letter Opener","Sundial","Strawberry","trackpad:ZombieHeart","zeldaRelics:CourageTriforce","Meat on the Bone","MawBank"],"acts_visited":["Exordium"],"potions_floor_usage":[4,11,11,16],"damage_taken":[{"damage":5,"enemies":"2 Louse","floor":1,"turns":2},{"damage":2,"enemies":"Cultist","floor":2,"turns":3},{"damage":3,"enemies":"Jaw Worm","floor":3,"turns":3},{"damage":12,"enemies":"Exordium Wildlife","floor":4,"turns":4},{"damage":9,"enemies":"Blue Slaver","floor":5,"turns":5},{"damage":0,"enemies":"Looter","floor":8,"turns":4},{"damage":10,"enemies":"3 Louse","floor":10,"turns":2},{"damage":7,"enemies":"Gremlin Nob","floor":11,"turns":3},{"damage":4,"enemies":"Gremlin Gang","floor":12,"turns":4},{"damage":11,"enemies":"3 Sentries","floor":14,"turns":10},{"damage":73,"enemies":"Slime Boss","floor":16,"turns":24}],"seed_played":"-7527742251432224124","potions_obtained":[{"floor":2,"key":"AttackPotion"},{"floor":4,"key":"PowerPotion"},{"floor":8,"key":"Swift Potion"},{"floor":14,"key":"GamblersBrew"}],"is_trial":true,"path_per_floor":["M","M","M","M","M","R","R","M","T","M","E","M","?","E","R","B"],"character_chosen":"WATCHER","items_purchased":[],"campfire_rested":0,"item_purchase_floors":[],"current_hp_per_floor":[67,65,63,51,49,49,49,50,50,43,49,52,52,46,46,0,0],"gold":397,"neow_bonus":"","is_daily":false,"chose_seed":false,"campfire_upgraded":3,"win_rate":0.0,"timestamp":1607720189,"path_taken":["M","M","M","M","M","R","R","M","T","M","E","M","?","E","R","BOSS"],"items_purchased_type":[],"build_version":"2020-11-30","purchased_purges":0,"victory":false,"max_hp_per_floor":[72,72,72,72,79,79,79,79,79,82,83,87,87,90,90,92,92],"card_choices":[{"not_picked":["Replay:Cycle","Replay:Anticipation"],"picked":"DeceiveReality","floor":11},{"not_picked":["CrushJoints","Omniscience"],"picked":"Replay:AtTheReady","floor":14}],"player_experience":153727,"relics_obtained":[{"floor":1,"key":"aspiration:SeaSaltIceCream"},{"floor":2,"key":"hubris:DeckOfHolding"},{"floor":3,"key":"Letter Opener"},{"floor":4,"key":"Sundial"},{"floor":5,"key":"Strawberry"},{"floor":8,"key":"trackpad:ZombieHeart"},{"floor":9,"key":"zeldaRelics:CouragePiece"},{"floor":10,"key":"Meat on the Bone"},{"floor":11,"key":"zeldaRelics:CouragePiece"},{"floor":12,"key":"MawBank"},{"floor":14,"key":"zeldaRelics:CouragePiece"}],"event_choices":[{"damage_healed":0,"gold_gain":0,"cards_transformed":["Strike_P"],"player_choice":"Transformed","damage_taken":0,"max_hp_gain":0,"max_hp_loss":0,"event_name":"Transmorgrifier","floor":13,"gold_loss":0,"cards_obtained":["Replay:DivineShield"]}],"is_beta":false,"boss_relics":[],"items_purged_floors":[],"is_endless":true,"potions_floor_spawned":[2,4,8,14],"killed_by":"Slime Boss","ascension_level":0}}