{"host":"xr9kfrtt7uxz0mdc","time":1607714070,"event":{"mods":["AchievementEnabler","BaseMod","Highlight Path","Minty Spire (QoL Compilation)"],"gold_per_floor":[113,113,127,13,27,27,41,60,60,85,101,81,81,101,101,203,203,217,316,18,35,35,65,65,147,147,177,177,190,208,133,133,234,234,244,262,262,282,282,282],"floor_reached":39,"playtime":2330,"items_purged":["Strike_B","Strike_B"],"score":423,"play_id":"926f42eb-e980-471c-8609-8c1303d21e3c","local_time":"20201211201430","is_ascension_mode":false,"campfire_choices":[{"data":"Gash","floor":6,"key":"SMITH"},{"floor":13,"key":"REST"},{"floor":15,"key":"REST"},{"data":"Defend_B","floor":24,"key":"SMITH"},{"floor":28,"key":"REST"},{"floor":32,"key":"REST"}],"circlet_count":0,"master_deck":["Defend_B+1","Defend_B","Defend_B","Defend_B","Zap","Gash","Gash+1","Self Repair","Sweeping Beam","Go for the Eyes","Conserve Battery","All For One","Go for the Eyes+1","Gash","Beam Cell","Leap+1","Machine Learning","Electrodynamics","Stack","Cold Snap","Barrage+1"],"relics":["Cracked Core","NeowsBlessing","Letter Opener","Eternal Feather","Velvet Choker","Sling","White Beast Statue","InkBottle","Blue Candle","PreservedInsect","Empty Cage"],"acts_visited":["Exordium","TheCity","TheBeyond"],"potions_floor_usage":[27,33,33,36],"damage_taken":[{"damage":0,"enemies":"Small Slimes","floor":1,"turns":1},{"damage":0,"enemies":"Jaw Worm","floor":3,"turns":1},{"damage":0,"enemies":"Cultist","floor":5,"turns":1},{"damage":10,"enemies":"Gremlin Gang","floor":7,"turns":6},{"damage":24,"enemies":"3 Louse","floor":8,"turns":4},{"damage":27,"enemies":"3 Sentries","floor":10,"turns":7},{"damage":17,"enemies":"Red Slaver","floor":11,"turns":4},{"damage":27,"enemies":"Exordium Thugs","floor":14,"turns":4},{"damage":44,"enemies":"The Guardian","floor":16,"turns":11},{"damage":18,"enemies":"Shell Parasite","floor":18,"turns":6},{"damage":13,"enemies":"Chosen","floor":21,"turns":5},{"damage":26,"enemies":"Book of Stabbing","floor":23,"turns":5},{"damage":35,"enemies":"Gremlin Leader","floor":27,"turns":7},{"damage":20,"enemies":"Snake Plant","floor":29,"turns":5},{"damage":28,"enemies":"Centurion and Healer","floor":30,"turns":7},{"damage":85,"enemies":"Collector","floor":33,"turns":11},{"damage":17,"enemies":"3 Shapes","floor":35,"turns":3},{"damage":40,"enemies":"3 Darklings","floor":36,"turns":5},{"damage":20,"enemies":"Sphere and 2 Shapes","floor":38,"turns":4},{"damage":36,"enemies":"Maw","floor":39,"turns":7}],"seed_played":"-2948647371065570888","potions_obtained":[{"floor":3,"key":"Dexterity Potion"},{"floor":10,"key":"FairyPotion"},{"floor":12,"key":"Regen Potion"},{"floor":27,"key":"Explosive Potion"},{"floor":33,"key":"EssenceOfDarkness"},{"floor":35,"key":"Explosive Potion"},{"floor":36,"key":"FairyPotion"},{"floor":38,"key":"DistilledChaos"}],"is_trial":false,"path_per_floor":["M","?","M","$","M","R","M","M","T","E","M","?","R","M","R","B",null,"M","?","$","M","$","E","R","T","T","E","R","M","M","?","R","B",null,"M","M","?","M","M"],"character_chosen":"DEFECT","items_purchased":["Self Repair","Gash","Sling"],"campfire_rested":4,"item_purchase_floors":[4,20,20],"current_hp_per_floor":[75,75,75,75,75,75,72,55,55,35,25,25,56,36,67,23,75,64,64,64,58,58,39,51,51,51,28,62,49,28,28,62,28,75,58,25,25,12,0,0],"gold":282,"neow_bonus":"THREE_ENEMY_KILL","is_daily":false,"chose_seed":false,"campfire_upgraded":2,"win_rate":0.0,"timestamp":1607714070,"path_taken":["M","?","M","?","?","R","M","M","T","E","?","?","R","M","R","BOSS","M","?","$","M","$","E","R","?","T","E","R","M","M","?","R","BOSS","M","M","?","M","?"],"items_purchased_type":["Card","Card","Relic"],"build_version":"2020-11-30","purchased_purges":2,"victory":false,"max_hp_per_floor":[75,75,75,75,75,75,75,75,75,75,75,75,75,75,75,75,75,75,75,75,75,75,75,75,75,75,75,75,75,75,75,75,75,75,75,75,75,75,75,75],"card_choices":[{"not_picked":["Leap","Chill"],"picked":"Gash","floor":1},{"not_picked":["Static Discharge","Streamline"],"picked":"Gash","floor":3},{"not_picked":["Heatsinks","Glacier"],"picked":"Coolheaded","floor":5},{"not_picked":["Coolheaded","Barrage","All For One"],"picked":"SKIP","floor":7},{"not_picked":["Fusion","Consume"],"picked":"Sweeping Beam","floor":8},{"not_picked":["Glacier","Force Field","Hologram"],"picked":"SKIP","floor":10},{"not_picked":["Cold Snap","Hologram"],"picked":"Go for the Eyes","floor":11},{"not_picked":["Steam","Cold Snap"],"picked":"Conserve Battery","floor":14},{"not_picked":["Reboot","Electrodynamics"],"picked":"All For One","floor":16},{"not_picked":["Redo","Leap"],"picked":"Go for the Eyes+1","floor":18},{"not_picked":["Ball Lightning","Reinforced Body"],"picked":"Beam Cell","floor":21},{"not_picked":["Hologram+1","Darkness"],"picked":"Leap+1","floor":23},{"not_picked":["Conserve Battery","Cold Snap+1"],"picked":"Machine Learning","floor":27},{"not_picked":["Fusion","Aggregate","Beam Cell"],"picked":"SKIP","floor":29},{"not_picked":["Ball Lightning","Coolheaded","Sweeping Beam"],"picked":"SKIP","floor":30},{"not_picked":["Machine Learning","Rainbow"],"picked":"Electrodynamics","floor":33},{"not_picked":["Conserve Battery","Steam"],"picked":"Stack","floor":35},{"not_picked":["Consume","Streamline","Cold Snap+1"],"picked":"SKIP","floor":36},{"not_picked":["FTL","Stack"],"picked":"Barrage+1","floor":38}],"player_experience":67610,"relics_obtained":[{"floor":9,"key":"Letter Opener"},{"floor":10,"key":"Eternal Feather"},{"floor":23,"key":"White Beast Statue"},{"floor":25,"key":"InkBottle"},{"floor":26,"key":"Blue Candle"},{"floor":27,"key":"PreservedInsect"}],"event_choices":[{"damage_healed":0,"gold_gain":0,"player_choice":"Ignored","damage_taken":0,"max_hp_gain":0,"max_hp_loss":0,"event_name":"Liars Game","floor":2,"gold_loss":0},{"damage_healed":0,"gold_gain":0,"player_choice":"Bought 1 Potion","damage_taken":0,"max_hp_gain":0,"max_hp_loss":0,"event_name":"The Woman in Blue","floor":12,"gold_loss":0},{"damage_healed":0,"gold_gain":99,"player_choice":"Stole From Cult","damage_taken":0,"max_hp_gain":0,"max_hp_loss":0,"event_name":"Nest","floor":19,"gold_loss":0},{"cards_removed":["Dualcast"],"damage_healed":0,"gold_gain":0,"player_choice":"Gave Gold","damage_taken":0,"max_hp_gain":0,"max_hp_loss":0,"event_name":"Beggar","floor":31,"gold_loss":75},{"damage_healed":0,"gold_gain":0,"cards_transformed":["Coolheaded"],"player_choice":"Transformed","damage_taken":0,"max_hp_gain":0,"max_hp_loss":0,"event_name":"Transmorgrifier","floor":37,"gold_loss":0,"cards_obtained":["Cold Snap"]}],"is_beta":false,"boss_relics":[{"not_picked":["Philosopher\u0027s Stone","Coffee Dripper"],"picked":"Velvet Choker"},{"not_picked":["Sozu","Snecko Eye"],"picked":"Empty Cage"}],"items_purged_floors":[4,20],"is_endless":false,"potions_floor_spawned":[3,10,14,18,27,29,30,33,35,36,38],"killed_by":"Maw","ascension_level":0}}