{"host":"cwd5s03r1oaxs6mx","time":1607692491,"event":{"mods":["Act Like it!","BaseMod","Better Third Choice","BetterRewards","CapriCore","Card Filter","Colored Map","Custom Start","DeckTracker","Friendly Minions","Hubris","Infinite Spire","Minty Spire (QoL Compilation)","Quick Restart","Relic Stats","Shop Mod","Spicy Shops","StSLib","SuperFastMode"],"gold_per_floor":[119,119,44,44,62,98,117,117,117,117,117],"floor_reached":10,"playtime":506,"items_purged":["Strike_P","Defend_P"],"score":86,"play_id":"35219d5b-2f2d-4b2e-a5ec-bf33f2290dde","local_time":"20201211221451","is_ascension_mode":true,"campfire_choices":[{"data":"Adaptation","floor":8,"key":"SMITH"}],"circlet_count":0,"master_deck":["Strike_P","Strike_P","Strike_P","Defend_P","Defend_P","Defend_P","Eruption","Vigilance","MentalFortress","InnerPeace","ClearTheMind","Sanctity","Meditate","Study","Adaptation+1","Sanctity","Blasphemy","FearNoEvil","EmptyMind"],"relics":["PureWater","Golden Idol","Centennial Puzzle","Kunai"],"acts_visited":["Exordium"],"potions_floor_usage":[6,10],"damage_taken":[{"damage":0,"enemies":"Small Slimes","floor":1,"turns":3},{"damage":5,"enemies":"Cultist","floor":5,"turns":4},{"damage":16,"enemies":"Gremlin Nob","floor":6,"turns":5},{"damage":4,"enemies":"2 Louse","floor":7,"turns":3},{"damage":23,"enemies":"3 Sentries","floor":10,"turns":5}],"seed_played":"56515793423304988","potions_obtained":[{"floor":5,"key":"Weak Potion"},{"floor":7,"key":"DuplicationPotion"}],"is_trial":false,"path_per_floor":["M","?","$","?","M","E","M","R","T","E"],"character_chosen":"WATCHER","items_purchased":["MentalFortress","InnerPeace","ClearTheMind","Sanctity","Meditate","Study","Adaptation","Sanctity","Blasphemy","InnerPeace","FearNoEvil"],"campfire_rested":0,"item_purchase_floors":[0,0,0,0,0,0,0,0,0,0,3],"current_hp_per_floor":[65,47,47,47,42,26,22,22,22,0,0],"gold":117,"neow_bonus":"","is_daily":false,"chose_seed":false,"campfire_upgraded":1,"win_rate":0.0,"timestamp":1607692491,"path_taken":["M","?","$","?","M","E","?","R","T","E"],"items_purchased_type":["Card","Card","Card","Card","Card","Card","Card","Card","Card","Card","Card"],"build_version":"2020-11-30","purchased_purges":2,"victory":false,"max_hp_per_floor":[72,72,72,72,72,72,72,72,72,72,72],"relic_stats":{"Centennial Puzzle":[6],"counters":[233,937],"Golden Idol":15,"Kunai":[1],"obtain_stats":[{"Ginger":43,"Bottled Tornado":23,"hubris:MysteriousPyramids":17,"Blood Vial":7,"infinitespire:ShieldingShard":0,"Sundial":13,"infinitespire:Golems Mask":6,"MealTicket":29,"HandDrill":53,"Kunai":9,"MerchantsRug":14,"Pen Nib":26,"Akabeko":24,"infinitespire:Lychee Nut":10,"MutagenicStrength":31,"Bird Faced Urn":10,"Snecko Eye":0,"hubris:TenFootPole":40,"StrikeDummy":25,"infinitespire:Cupcake":17,"hubris:Reverence":14,"Lantern":26,"Regal Pillow":48,"Singing Bowl":8,"Torii":53,"Bag of Preparation":23,"hubris:EmptyBottle":53,"Smiling Mask":6,"Ancient Tea Set":39,"Matryoshka":11,"hubris:Backtick":17,"hubris:ScarierMask":17,"hubris:CuriousFeather":11,"Chemical X":19,"infinitespire:Eraser":44,"InkBottle":14,"hubris:GlazedTorus":37,"Potion Belt":7,"Lee\u0027s Waffle":13,"NeowsBlessing":0,"Golden Idol":3,"hubris:64BitClover":9,"The Courier":43,"Omamori":48,"infinitespire:Lucky Rock":9,"hubris:Towel":19,"Frozen Egg 2":0,"MawBank":6,"GoldenEye":0,"Ornamental Fan":8,"Turnip":45,"Art of War":9,"Bottled Lightning":54,"Toy Ornithopter":53,"hubris:BottledRain":8,"Calipers":37,"hubris:CrystalStatue":6,"Gremlin Horn":54,"CeramicFish":9,"hubris:VirtuousBlindfold":17,"hubris:TerracottaHorce":17,"Centennial Puzzle":6,"Strawberry":53,"VioletLotus":17,"Toxic Egg 2":5,"hubris:Teleporter":31,"hubris:DuctTape":9,"Oddly Smooth Stone":53,"infinitespire:Beetle Shell":7,"Letter Opener":46,"War Paint":6,"Question Card":47,"Shuriken":8,"hubris:PeanutButter":9,"Molten Egg 2":0,"Black Star":17,"Meat on the Bone":23,"Yang":54,"Mango":17,"Incense Burner":10,"hubris:SlimyHat":0,"Empty Cage":34,"hubris:Icosahedron":12,"Mummified Hand":54,"Gambling Chip":0,"Pantograph":6,"Red Mask":21,"Runic Pyramid":34,"infinitespire:FocusingShard":30,"Orichalcum":17,"Odd Mushroom":14,"Medical Kit":0,"Mercury Hourglass":38,"Calling Bell":17,"Cauldron":53,"Anchor":46,"CaptainsWheel":6,"infinitespire:WardingShard":9,"infinitespire:Satchel":12,"Bag of Marbles":41,"Membership Card":0,"PureWater":0,"hubris:Potato":0},{"Ginger":149,"Bottled Tornado":82,"hubris:MysteriousPyramids":210,"Blood Vial":22,"infinitespire:ShieldingShard":67,"Sundial":26,"infinitespire:Golems Mask":38,"MealTicket":141,"HandDrill":125,"Kunai":232,"MerchantsRug":166,"Pen Nib":32,"Akabeko":170,"infinitespire:Lychee Nut":74,"MutagenicStrength":114,"Bird Faced Urn":134,"Snecko Eye":159,"hubris:TenFootPole":119,"StrikeDummy":112,"infinitespire:Cupcake":136,"hubris:Reverence":208,"Lantern":83,"Regal Pillow":124,"Singing Bowl":178,"Torii":226,"Bag of Preparation":187,"hubris:EmptyBottle":153,"Smiling Mask":64,"Ancient Tea Set":118,"Matryoshka":56,"hubris:Backtick":210,"hubris:ScarierMask":107,"hubris:CuriousFeather":16,"Chemical X":168,"infinitespire:Eraser":150,"InkBottle":181,"hubris:GlazedTorus":118,"Potion Belt":4,"Lee\u0027s Waffle":75,"NeowsBlessing":0,"Golden Idol":13,"hubris:64BitClover":133,"The Courier":222,"Omamori":152,"infinitespire:Lucky Rock":39,"hubris:Towel":28,"Frozen Egg 2":155,"MawBank":54,"GoldenEye":155,"Ornamental Fan":133,"Turnip":95,"Art of War":104,"Bottled Lightning":98,"Toy Ornithopter":153,"hubris:BottledRain":47,"Calipers":89,"hubris:CrystalStatue":177,"Gremlin Horn":126,"CeramicFish":192,"hubris:VirtuousBlindfold":8,"hubris:TerracottaHorce":27,"Centennial Puzzle":231,"Strawberry":226,"VioletLotus":77,"Toxic Egg 2":3,"hubris:Teleporter":217,"hubris:DuctTape":73,"Oddly Smooth Stone":97,"infinitespire:Beetle Shell":104,"Letter Opener":224,"War Paint":73,"Question Card":96,"Shuriken":206,"hubris:PeanutButter":163,"Molten Egg 2":188,"Black Star":197,"Meat on the Bone":31,"Yang":154,"Mango":167,"Incense Burner":5,"hubris:SlimyHat":17,"Empty Cage":115,"hubris:Icosahedron":105,"Mummified Hand":227,"Gambling Chip":67,"Pantograph":132,"Red Mask":186,"Runic Pyramid":86,"infinitespire:FocusingShard":142,"Orichalcum":167,"Odd Mushroom":196,"Medical Kit":127,"Mercury Hourglass":221,"Calling Bell":167,"Cauldron":125,"Anchor":122,"CaptainsWheel":163,"infinitespire:WardingShard":4,"infinitespire:Satchel":166,"Bag of Marbles":148,"Membership Card":17,"PureWater":0,"hubris:Potato":155},{"Ginger":584,"Bottled Tornado":312,"hubris:MysteriousPyramids":831,"Blood Vial":96,"infinitespire:ShieldingShard":267,"Sundial":106,"infinitespire:Golems Mask":150,"MealTicket":558,"HandDrill":500,"Kunai":932,"MerchantsRug":652,"Pen Nib":126,"Akabeko":677,"infinitespire:Lychee Nut":288,"MutagenicStrength":440,"Bird Faced Urn":531,"Snecko Eye":628,"hubris:TenFootPole":472,"StrikeDummy":434,"infinitespire:Cupcake":541,"hubris:Reverence":816,"Lantern":316,"Regal Pillow":493,"Singing Bowl":707,"Torii":899,"Bag of Preparation":750,"hubris:EmptyBottle":603,"Smiling Mask":257,"Ancient Tea Set":468,"Matryoshka":218,"hubris:Backtick":831,"hubris:ScarierMask":412,"hubris:CuriousFeather":82,"Chemical X":665,"infinitespire:Eraser":587,"InkBottle":719,"hubris:GlazedTorus":468,"Potion Belt":10,"Lee\u0027s Waffle":290,"NeowsBlessing":0,"Golden Idol":61,"hubris:64BitClover":529,"The Courier":877,"Omamori":596,"infinitespire:Lucky Rock":153,"hubris:Towel":112,"Frozen Egg 2":615,"MawBank":209,"GoldenEye":615,"Ornamental Fan":529,"Turnip":369,"Art of War":396,"Bottled Lightning":377,"Toy Ornithopter":603,"hubris:BottledRain":181,"Calipers":339,"hubris:CrystalStatue":701,"Gremlin Horn":503,"CeramicFish":761,"hubris:VirtuousBlindfold":33,"hubris:TerracottaHorce":111,"Centennial Puzzle":929,"Strawberry":899,"VioletLotus":298,"Toxic Egg 2":4,"hubris:Teleporter":854,"hubris:DuctTape":283,"Oddly Smooth Stone":376,"infinitespire:Beetle Shell":396,"Letter Opener":883,"War Paint":283,"Question Card":372,"Shuriken":811,"hubris:PeanutButter":642,"Molten Egg 2":751,"Black Star":782,"Meat on the Bone":122,"Yang":607,"Mango":660,"Incense Burner":20,"hubris:SlimyHat":83,"Empty Cage":447,"hubris:Icosahedron":400,"Mummified Hand":906,"Gambling Chip":267,"Pantograph":525,"Red Mask":746,"Runic Pyramid":328,"infinitespire:FocusingShard":563,"Orichalcum":660,"Odd Mushroom":773,"Medical Kit":512,"Mercury Hourglass":870,"Calling Bell":660,"Cauldron":500,"Anchor":485,"CaptainsWheel":642,"infinitespire:WardingShard":10,"infinitespire:Satchel":652,"Bag of Marbles":581,"Membership Card":83,"PureWater":0,"hubris:Potato":615}]},"card_choices":[{"not_picked":["ClearTheMind","FlyingSleeves","Evaluate"],"picked":"SKIP","floor":1},{"not_picked":["Adaptation","EmptyFist"],"picked":"EmptyMind","floor":5},{"not_picked":["FlyingSleeves","CrushJoints","Fasting2"],"picked":"SKIP","floor":6},{"not_picked":["Halt","FlyingSleeves","FollowUp"],"picked":"SKIP","floor":7}],"player_experience":893078,"relics_obtained":[{"floor":6,"key":"Centennial Puzzle"},{"floor":9,"key":"Kunai"}],"event_choices":[{"damage_healed":0,"gold_gain":0,"player_choice":"Take Damage","damage_taken":18,"relics_obtained":["Golden Idol"],"max_hp_gain":0,"max_hp_loss":0,"event_name":"Golden Idol","floor":2,"gold_loss":0},{"cards_removed":["InnerPeace"],"damage_healed":0,"gold_gain":0,"player_choice":"Card Removal","damage_taken":0,"max_hp_gain":0,"max_hp_loss":0,"event_name":"Wheel of Change","floor":4,"gold_loss":0}],"is_beta":false,"boss_relics":[],"items_purged_floors":[0,0],"is_endless":false,"potions_floor_spawned":[5,7],"killed_by":"3 Sentries","ascension_level":6}}