{"host":"ez767vrydzojtnp0","time":1607706876,"event":{"mods":["Act Like it!","Aspiration","BaseMod","Better Note","BetterRewards","Challenge The Spire","Colored Powertips","Conspire","GifTheSpireLib","Hermit","Hubris","Infinite Spire","Minty Spire (QoL Compilation)","Quick Restart","Rare Cards Sparkle","Relic Stats","Replay The Spire","Shop Mod","Spikes Relics","StSLib","Stuff the Spire","SuperFastMode","everything is the same but u backflip on backflip","slay the spire mod where everything is the same but ironclad has a cowboy hat","vexMod"],"gold_per_floor":[118,129,129,129,129,173,182,182,205,234,234,234],"floor_reached":11,"playtime":258,"items_purged":[],"score":96,"play_id":"5deb7e49-965b-492f-933a-adc7687b7779","local_time":"20201211151436","is_ascension_mode":false,"campfire_choices":[{"floor":8,"key":"RECALL"}],"circlet_count":0,"master_deck":["Strike_R","Strike_R","Strike_R","Strike_R","Strike_R","Defend_R","Defend_R","Defend_R","Defend_R","Bash","True Grit","Looming Evil","Regret","Rupture","StuffTheSpire:Innocence","Armaments"],"relics":["Burning Blood","NeowsBlessing","ReplayTheSpireMod:Ring of Exchange","conspire:Dentures","hubris:Towel","CeramicFish"],"acts_visited":["Exordium"],"potions_floor_usage":[11,11],"damage_taken":[{"damage":0,"enemies":"Jaw Worm","floor":1,"turns":1},{"damage":0,"enemies":"Small Slimes","floor":2,"turns":1},{"damage":2,"enemies":"Lagavulin","floor":6,"turns":2},{"damage":13,"enemies":"Cultist","floor":10,"turns":5},{"damage":73,"enemies":"3 Sentries","floor":11,"turns":12}],"seed_played":"1310079174729685249","potions_obtained":[{"floor":6,"key":"Weak Potion"},{"floor":10,"key":"DuplicationPotion"}],"is_trial":false,"path_per_floor":["M","M","?","?","?","E","?","R","T","M","E"],"character_chosen":"IRONCLAD","items_purchased":[],"campfire_rested":0,"item_purchase_floors":[],"current_hp_per_floor":[80,80,80,80,80,80,73,73,73,66,0,0],"gold":234,"neow_bonus":"THREE_ENEMY_KILL","is_daily":false,"chose_seed":false,"campfire_upgraded":0,"win_rate":0.0,"timestamp":1607706876,"path_taken":["M","M","?","?","?","E","?","R","T","M","E"],"items_purchased_type":[],"build_version":"2020-11-30","purchased_purges":0,"victory":false,"max_hp_per_floor":[80,80,80,80,80,80,80,80,80,80,80,80],"relic_stats":{"counters":[5,21],"CeramicFish":27,"obtain_stats":[{"conspire:Dentures":4,"ReplayTheSpireMod:Ring of Exchange":3,"NeowsBlessing":0,"CeramicFish":6,"hubris:Towel":5,"Burning Blood":0},{"conspire:Dentures":2,"ReplayTheSpireMod:Ring of Exchange":2,"NeowsBlessing":0,"CeramicFish":3,"hubris:Towel":2,"Burning Blood":0},{"conspire:Dentures":2,"ReplayTheSpireMod:Ring of Exchange":2,"NeowsBlessing":0,"CeramicFish":4,"hubris:Towel":2,"Burning Blood":0}],"Burning Blood":8},"card_choices":[{"not_picked":["Body Slam","Feel No Pain"],"picked":"True Grit","floor":1},{"not_picked":["Massacre","Havoc","Run Through"],"picked":"SKIP","floor":2},{"not_picked":["Barricade","Clash"],"picked":"Rupture","floor":6},{"not_picked":["Shrug It Off","StuffTheSpire:Slingshot"],"picked":"Armaments","floor":10}],"player_experience":366030,"relics_obtained":[{"floor":3,"key":"ReplayTheSpireMod:Ring of Exchange"},{"floor":6,"key":"CeramicFish"}],"event_choices":[{"damage_healed":0,"gold_gain":0,"player_choice":"Box","damage_taken":0,"relics_obtained":["conspire:Dentures"],"max_hp_gain":0,"max_hp_loss":0,"event_name":"Big Fish","floor":4,"gold_loss":0,"cards_obtained":["Regret"]}],"is_beta":false,"boss_relics":[],"items_purged_floors":[],"is_endless":false,"potions_floor_spawned":[6,10],"killed_by":"3 Sentries","ascension_level":0}}