{"host":"8lmh833d5smh9tgq","time":1607686916,"event":{"mods":["BaseMod","Highlight Path","Minty Spire (QoL Compilation)","Quick Restart","StSLib","SuperFastMode"],"gold_per_floor":[119,119,119,130,130,159,159,173,226,102,113,113,142,142,142,245,245,263,163,163,9,20,51,69,81,131,131,165,165,165,19,19,118,118,136,136,183,183,183,208,224,224,247,280,12,12,12,30,30,30,30,30,30,60,60,60],"floor_reached":55,"playtime":2794,"items_purged":["Defend_B","Barrage","Conserve Battery"],"score":975,"play_id":"16943a31-88d7-49c9-ba7c-7b00cfc5a001","local_time":"20201211221156","is_ascension_mode":true,"campfire_choices":[{"data":"Zap","floor":7.0,"key":"SMITH"},{"data":"Dualcast","floor":12.0,"key":"SMITH"},{"data":"Electrodynamics","floor":15.0,"key":"SMITH"},{"data":"Redo","floor":27.0,"key":"SMITH"},{"data":"Defragment","floor":29.0,"key":"SMITH"},{"data":"Hologram","floor":32.0,"key":"SMITH"},{"data":"Scrape","floor":42.0,"key":"SMITH"},{"floor":47.0,"key":"RECALL"},{"floor":49.0,"key":"REST"},{"data":"Thunder Strike","floor":52.0,"key":"SMITH"}],"circlet_count":0,"master_deck":["Zap+1","Dualcast+1","Coolheaded+1","Electrodynamics+1","All For One","Genetic Algorithm+1","Cold Snap","Beam Cell","Thunder Strike+1","Hologram+1","Cold Snap","Redo+1","Reboot+1","Zap+1","Gash","FTL","Defragment+1","Redo+1","Scrape+1","Lockon+1","Defragment+1","Coolheaded+1"],"relics":["Cracked Core","NeowsBlessing","Anchor","Tiny Chest","Oddly Smooth Stone","Pandora\u0027s Box","DollysMirror","Juzu Bracelet","Vajra","Shuriken","Bronze Scales","Philosopher\u0027s Stone","Calipers","FossilizedHelix","War Paint","PreservedInsect","Bag of Marbles","Lantern","Ginger"],"acts_visited":["Exordium","TheCity","TheBeyond","TheEnding"],"potions_floor_usage":[],"damage_taken":[{"damage":0.0,"enemies":"Jaw Worm","floor":1.0,"turns":1.0},{"damage":0.0,"enemies":"2 Louse","floor":4.0,"turns":1.0},{"damage":0.0,"enemies":"Lagavulin","floor":6.0,"turns":1.0},{"damage":0.0,"enemies":"Cultist","floor":8.0,"turns":3.0},{"damage":0.0,"enemies":"2 Fungi Beasts","floor":11.0,"turns":2.0},{"damage":0.0,"enemies":"3 Sentries","floor":13.0,"turns":3.0},{"damage":34.0,"enemies":"Hexaghost","floor":16.0,"turns":8.0},{"damage":0.0,"enemies":"Spheric Guardian","floor":18.0,"turns":3.0},{"damage":12.0,"enemies":"Shell Parasite","floor":22.0,"turns":4.0},{"damage":15.0,"enemies":"Slavers","floor":23.0,"turns":2.0},{"damage":2.0,"enemies":"Snake Plant","floor":24.0,"turns":3.0},{"damage":3.0,"enemies":"Snecko","floor":25.0,"turns":6.0},{"damage":35.0,"enemies":"Gremlin Leader","floor":28.0,"turns":5.0},{"damage":37.0,"enemies":"Collector","floor":33.0,"turns":7.0},{"damage":10.0,"enemies":"3 Shapes","floor":35.0,"turns":3.0},{"damage":26.0,"enemies":"2 Orb Walkers","floor":37.0,"turns":4.0},{"damage":0.0,"enemies":"Reptomancer","floor":40.0,"turns":2.0},{"damage":0.0,"enemies":"Orb Walker","floor":41.0,"turns":2.0},{"damage":16.0,"enemies":"Nemesis","floor":44.0,"turns":3.0},{"damage":0.0,"enemies":"4 Shapes","floor":48.0,"turns":3.0},{"damage":41.0,"enemies":"Awakened One","floor":50.0,"turns":6.0},{"damage":52.0,"enemies":"Shield and Spear","floor":54.0,"turns":3.0},{"damage":41,"enemies":"The Heart","floor":55,"turns":3}],"seed_played":"-707723587161343165","potions_obtained":[{"floor":1.0,"key":"LiquidMemories"},{"floor":13.0,"key":"Dexterity Potion"},{"floor":16.0,"key":"SteroidPotion"},{"floor":23.0,"key":"Regen Potion"},{"floor":24.0,"key":"Block Potion"},{"floor":28.0,"key":"GamblersBrew"},{"floor":33.0,"key":"Energy Potion"},{"floor":35.0,"key":"SteroidPotion"},{"floor":44.0,"key":"PowerPotion"}],"is_trial":false,"path_per_floor":["M","?","?","M","$","E","R","M","T","$","M","R","E","?","R","B",null,"M","$","?","$","M","E","M","M","T","R","E","R","?","$","R","B",null,"M","T","?","?","T","E","M","R","T","E","$","?","R","M","R","B",null,"R","$","E","B"],"character_chosen":"DEFECT","items_purchased":["Conserve Battery","DollysMirror","Bronze Scales","Lantern"],"campfire_rested":1,"item_purchase_floors":[10,21,31,45],"current_hp_per_floor":[75,75,80,80,80,80,80,80,80,80,80,80,80,80,80,46,80,80,80,80,80,68,53,51,48,48,48,25,25,90,90,90,53,90,80,80,54,54,54,54,54,54,54,38,38,38,38,38,65,24,90,90,90,38,0,0],"gold":60,"neow_bonus":"THREE_ENEMY_KILL","is_daily":false,"chose_seed":false,"campfire_upgraded":8,"win_rate":0.0,"timestamp":1607686916,"path_taken":["M","?","?","?","?","E","R","M","T","$","M","R","E","?","R","BOSS","M","$","?","$","M","E","M","M","T","R","E","R","?","$","R","BOSS","M","?","?","?","?","E","M","R","T","E","$","?","R","M","R","BOSS","R","$","E","BOSS"],"items_purchased_type":["Card","Relic","Relic","Relic"],"build_version":"2020-11-30","purchased_purges":3,"victory":false,"max_hp_per_floor":[75,75,80,80,80,80,80,80,80,80,80,80,80,80,80,80,80,80,80,80,80,80,80,80,80,80,80,80,80,90,90,90,90,90,90,90,90,90,90,90,90,90,90,90,90,90,90,90,90,90,90,90,90,90,90,90],"card_choices":[{"not_picked":["Self Repair","Streamline"],"picked":"Coolheaded","floor":1.0},{"not_picked":["Auto Shields","Beam Cell","Chaos"],"picked":"SKIP","floor":4.0},{"not_picked":["Cold Snap","Hello World"],"picked":"All For One","floor":6.0},{"not_picked":["Doom and Gloom","Coolheaded"],"picked":"Genetic Algorithm","floor":8.0},{"not_picked":["Coolheaded","Hologram"],"picked":"Cold Snap","floor":11.0},{"not_picked":["Amplify","Stack"],"picked":"Beam Cell","floor":13.0},{"not_picked":["Multi-Cast","Rainbow"],"picked":"Thunder Strike","floor":16.0},{"not_picked":["Ball Lightning","Compile Driver"],"picked":"Redo","floor":18.0},{"not_picked":["Doom and Gloom","Undo","Ball Lightning"],"picked":"SKIP","floor":22.0},{"not_picked":["Compile Driver+1","Thunder Strike","Auto Shields+1"],"picked":"SKIP","floor":23.0},{"not_picked":["Ball Lightning","Steam+1"],"picked":"Gash","floor":24.0},{"not_picked":["Barrage+1","Melter"],"picked":"FTL","floor":25.0},{"not_picked":["Turbo+1","Go for the Eyes"],"picked":"Defragment","floor":28.0},{"not_picked":["Ball Lightning+1","Rebound+1"],"picked":"Redo+1","floor":35.0},{"not_picked":["Reinforced Body","Chill"],"picked":"Scrape","floor":37.0},{"not_picked":["Steam+1","Beam Cell+1"],"picked":"Lockon+1","floor":40.0},{"not_picked":["Loop+1","Ball Lightning","Hello World"],"picked":"SKIP","floor":41.0},{"not_picked":["Core Surge","Cold Snap+1","Creative AI"],"picked":"SKIP","floor":44.0},{"not_picked":["Auto Shields","Blizzard+1"],"picked":"Coolheaded+1","floor":48.0},{"not_picked":["Blizzard+1","Sweeping Beam+1","Glacier+1"],"picked":"SKIP","floor":54.0}],"player_experience":118545,"relics_obtained":[{"floor":6.0,"key":"Anchor"},{"floor":9.0,"key":"Tiny Chest"},{"floor":13.0,"key":"Oddly Smooth Stone"},{"floor":23.0,"key":"Juzu Bracelet"},{"floor":26.0,"key":"Vajra"},{"floor":28.0,"key":"Shuriken"},{"floor":36.0,"key":"Calipers"},{"floor":37.0,"key":"FossilizedHelix"},{"floor":40.0,"key":"War Paint"},{"floor":43.0,"key":"PreservedInsect"},{"floor":44.0,"key":"Bag of Marbles"},{"floor":54.0,"key":"Ginger"}],"event_choices":[{"damage_healed":0.0,"max_hp_gain":0.0,"max_hp_loss":0.0,"gold_gain":0.0,"cards_transformed":["Strike_B"],"event_name":"Living Wall","player_choice":"Change","floor":2.0,"gold_loss":0.0,"damage_taken":0.0,"cards_obtained":["Electrodynamics"]},{"damage_healed":0.0,"max_hp_gain":5.0,"max_hp_loss":0.0,"gold_gain":0.0,"event_name":"Big Fish","player_choice":"Donut","floor":3.0,"gold_loss":0.0,"damage_taken":0.0},{"damage_healed":0.0,"max_hp_gain":0.0,"max_hp_loss":0.0,"gold_gain":0.0,"event_name":"Accursed Blacksmith","player_choice":"Forge","floor":14.0,"gold_loss":0.0,"damage_taken":0.0,"cards_upgraded":["Genetic Algorithm"]},{"damage_healed":0.0,"max_hp_gain":0.0,"max_hp_loss":0.0,"gold_gain":0.0,"cards_transformed":["Doom and Gloom","Consume"],"event_name":"Drug Dealer","player_choice":"Became Test Subject","floor":20.0,"gold_loss":0.0,"damage_taken":0.0,"cards_obtained":["Reboot","Stack"]},{"cards_removed":["Thunder Strike"],"damage_healed":55.0,"max_hp_gain":10.0,"max_hp_loss":0.0,"gold_gain":0.0,"event_name":"Bonfire Elementals","player_choice":"Offered Rare","floor":30.0,"gold_loss":0.0,"damage_taken":0.0},{"damage_healed":0.0,"max_hp_gain":0.0,"max_hp_loss":0.0,"gold_gain":0.0,"event_name":"Mysterious Sphere","player_choice":"Fight","floor":37.0,"gold_loss":0.0,"damage_taken":0.0},{"cards_removed":["Stack"],"damage_healed":0.0,"max_hp_gain":0.0,"max_hp_loss":0.0,"gold_gain":0.0,"event_name":"Falling","player_choice":"Removed Skill","floor":38.0,"gold_loss":0.0,"damage_taken":0.0},{"damage_healed":0.0,"max_hp_gain":0.0,"max_hp_loss":0.0,"gold_gain":0.0,"event_name":"Duplicator","player_choice":"Copied","floor":46.0,"gold_loss":0.0,"damage_taken":0.0,"cards_obtained":["Defragment"]}],"is_beta":false,"boss_relics":[{"not_picked":["Velvet Choker","Tiny House"],"picked":"Pandora\u0027s Box"},{"not_picked":["Calling Bell","Nuclear Battery"],"picked":"Philosopher\u0027s Stone"}],"items_purged_floors":[10,19,45],"is_endless":false,"potions_floor_spawned":[1,13,16,23,24,28,33,35,41,44],"killed_by":"The Heart","ascension_level":4}}