{"host":"g4jqqbmo30rq7cal","time":1607695747,"event":{"mods":["BaseMod","Better Match","BetterRewards","Conspire","DeckTracker","Hermit","Minty Spire (QoL Compilation)","Rare Cards Sparkle","Shop Mod","StSLib","The Bug Knight","The Cursed","The Mystic","[IsaacMod]????"],"gold_per_floor":[112,112,112,129,8,39,56,56,79,138,138,157,157,176,176,276,276,292,264,314,326,251,286,286,304,384,384,401,401,401,414,414,514,514,532,549,42,74,74,74,74,74],"floor_reached":41,"playtime":2307,"items_purged":["Writhe"],"score":438,"play_id":"0f5dae00-8728-4ce1-b753-f6c56dab304f","local_time":"20201211190907","is_ascension_mode":false,"campfire_choices":[{"data":"Eruption","floor":8,"key":"SMITH"},{"data":"EpicFetus","floor":11,"key":"SMITH"},{"floor":13,"key":"REST"},{"data":"Vigilance","floor":15,"key":"SMITH"},{"floor":24,"key":"REST"},{"floor":29,"key":"RECALL"},{"floor":32,"key":"REST"},{"floor":40,"key":"REST"}],"circlet_count":0,"master_deck":["Strike_P","Strike_P","Strike_P","Defend_P","Defend_P","Defend_P","Defend_P","Eruption+1","Vigilance+1","EpicFetus+1","Perseverance+1","Wireheading","TalkToTheHand","LikeWater","ReachHeaven","Tantrum","ThirdEye","DeusExMachina","CurseOfTheBell","CurseOfTheBell","Indignation","MentalFortress+1","Indignation+1","ClearTheMind","Crescendo","SandsOfTime+1","LessonLearned","Panacea","FlyingSleeves+1"],"relics":["HolyWater","HushsDoor","DeadEye","DoctorsRemote","DeathBook","Anchor","Potion Belt","Calling Bell","Bag of Marbles","Shuriken","Calling Bell","Bag of Preparation","Blue Candle","Lizard Tail","GuppysPaw","Pen Nib","Singing Bowl","Mercury Hourglass","Turnip","MerchantsRug","Ornamental Fan"],"acts_visited":["Exordium","TheCity","TheBeyond"],"potions_floor_usage":[16,16,16,19,33,33,38,39],"damage_taken":[{"damage":0,"enemies":"Small Slimes","floor":1,"turns":4},{"damage":0,"enemies":"Cultist","floor":4,"turns":2},{"damage":17,"enemies":"3 Sentries","floor":6,"turns":4},{"damage":5,"enemies":"Jaw Worm","floor":7,"turns":3},{"damage":0,"enemies":"Gremlin Nob","floor":10,"turns":2},{"damage":2,"enemies":"Exordium Wildlife","floor":12,"turns":4},{"damage":6,"enemies":"2 Fungi Beasts","floor":14,"turns":4},{"damage":11,"enemies":"The Guardian","floor":16,"turns":5},{"damage":0,"enemies":"Chosen","floor":18,"turns":3},{"damage":20,"enemies":"2 Thieves","floor":19,"turns":5},{"damage":0,"enemies":"Hiden Room Battle","floor":20,"turns":1},{"damage":19,"enemies":"Cultist and Chosen","floor":21,"turns":5},{"damage":9,"enemies":"Book of Stabbing","floor":23,"turns":4},{"damage":5,"enemies":"Centurion and Healer","floor":25,"turns":5},{"damage":1,"enemies":"Snecko","floor":28,"turns":3},{"damage":5,"enemies":"Cultist and Chosen","floor":31,"turns":2},{"damage":33,"enemies":"Collector","floor":33,"turns":5},{"damage":0,"enemies":"3 Shapes","floor":35,"turns":3},{"damage":36,"enemies":"3 Darklings","floor":36,"turns":6},{"damage":48,"enemies":"conspire:MimicChest","floor":38,"turns":6},{"damage":0,"enemies":"4 Shapes","floor":39,"turns":8},{"damage":0,"enemies":"Writhing Mass","floor":41,"turns":2}],"seed_played":"-1782514779803446504","potions_obtained":[{"floor":4,"key":"StancePotion"},{"floor":7,"key":"Block Potion"},{"floor":10,"key":"SteroidPotion"},{"floor":12,"key":"BottledMiracle"},{"floor":18,"key":"AttackPotion"},{"floor":20,"key":"SmokeBomb"},{"floor":28,"key":"Dexterity Potion"},{"floor":38,"key":"Dexterity Potion"}],"is_trial":false,"path_per_floor":["M","?","T","M","$","E","M","R","T","?","R","M","R","M","R","B",null,"M","M","?","M","?","E","R","M","T","?","M","R","?","M","R","B",null,"M","M","$","?","M","R","M"],"character_chosen":"WATCHER","items_purchased":["Wireheading","TalkToTheHand","Panacea","Turnip","MerchantsRug","Regen Potion"],"campfire_rested":4,"item_purchase_floors":[5,5,34,37,37,37],"current_hp_per_floor":[79,79,79,79,79,62,57,57,57,57,57,55,78,72,72,61,79,79,59,59,40,40,31,54,51,51,51,52,52,52,47,71,38,81,83,47,47,16,16,32,32,32],"gold":74,"neow_bonus":"TEN_PERCENT_HP_BONUS","is_daily":false,"chose_seed":false,"campfire_upgraded":3,"win_rate":0.0,"timestamp":1607695747,"path_taken":["M","?","?","M","?","E","M","R","T","?","R","M","R","M","R","BOSS","M","M","?","M","?","E","R","?","T","?","M","R","?","M","R","BOSS","M","M","$","?","M","R","M"],"items_purchased_type":["Card","Card","Card","Relic","Relic","Potion"],"build_version":"2020-11-30","purchased_purges":1,"victory":false,"max_hp_per_floor":[79,79,79,79,79,79,79,79,79,79,79,79,79,79,79,79,79,79,79,79,79,79,79,79,81,81,81,83,83,83,83,83,83,81,83,83,83,55,55,55,55,55],"card_choices":[{"not_picked":[],"picked":"EpicFetus","floor":0},{"not_picked":["ThirdEye","Study"],"picked":"Tantrum","floor":1},{"not_picked":["Protect","ThirdEye"],"picked":"Perseverance","floor":4},{"not_picked":["ClearTheMind","CutThroughFate"],"picked":"Bomb","floor":6},{"not_picked":["DeceiveReality","FollowUp"],"picked":"LikeWater","floor":7},{"not_picked":["Conclude","WheelKick"],"picked":"ReachHeaven","floor":10},{"not_picked":["WaveOfTheHand","CarveReality"],"picked":"Tantrum","floor":12},{"not_picked":["EmptyFist","Wireheading"],"picked":"ThirdEye","floor":14},{"not_picked":["Scrawl","Ragnarok"],"picked":"DeusExMachina","floor":16},{"not_picked":["Sanctity+1","EmptyBody"],"picked":"Indignation","floor":18},{"not_picked":["Indignation","FlyingSleeves"],"picked":"MentalFortress+1","floor":19},{"not_picked":["Consecrate","Conclude+1"],"picked":"Indignation+1","floor":21},{"not_picked":["Evaluate","CutThroughFate"],"picked":"ClearTheMind","floor":23},{"not_picked":["DeceiveReality","WheelKick","FollowUp"],"picked":"Singing Bowl","floor":25},{"not_picked":["EmptyFist","ThirdEye","ClearTheMind"],"picked":"Singing Bowl","floor":28},{"not_picked":["FlyingSleeves","Adaptation"],"picked":"SandsOfTime+1","floor":31},{"not_picked":["Omniscience","Alpha"],"picked":"LessonLearned","floor":33},{"not_picked":["PathToVictory+1","Halt+1","FlyingSleeves"],"picked":"Singing Bowl","floor":35},{"not_picked":["FollowUp","Crescendo"],"picked":"FlyingSleeves+1","floor":36},{"not_picked":["WreathOfFlame+1","ClearTheMind+1","FearNoEvil"],"picked":"Singing Bowl","floor":38}],"player_experience":296538,"relics_obtained":[{"floor":3,"key":"DoctorsRemote"},{"floor":6,"key":"DeathBook"},{"floor":9,"key":"Anchor"},{"floor":17,"key":"Bag of Marbles"},{"floor":17,"key":"Shuriken"},{"floor":17,"key":"Diplopia"},{"floor":17,"key":"Bag of Preparation"},{"floor":17,"key":"Blue Candle"},{"floor":17,"key":"Lizard Tail"},{"floor":20,"key":"GuppysPaw"},{"floor":20,"key":"Pen Nib"},{"floor":23,"key":"Singing Bowl"},{"floor":26,"key":"Mercury Hourglass"},{"floor":38,"key":"Ornamental Fan"}],"event_choices":[{"cards_removed":["Tantrum"],"damage_healed":0,"gold_gain":0,"player_choice":"Gave Card","damage_taken":0,"relics_obtained":["HollowMod:PaleOreRelic"],"max_hp_gain":0,"max_hp_loss":0,"event_name":"WeMeetAgain","floor":2,"gold_loss":0},{"damage_healed":0,"gold_gain":0,"player_choice":"Searched \u00273\u0027 times","damage_taken":0,"relics_obtained":["Potion Belt"],"max_hp_gain":0,"max_hp_loss":0,"event_name":"Dead Adventurer","floor":10,"gold_loss":0},{"damage_healed":0,"gold_gain":0,"player_choice":"Fight","damage_taken":0,"max_hp_gain":0,"max_hp_loss":0,"event_name":"HidenRoomEvent","floor":20,"gold_loss":0},{"cards_removed":["Strike_P"],"damage_healed":0,"gold_gain":0,"player_choice":"Gave Gold","damage_taken":0,"max_hp_gain":0,"max_hp_loss":0,"event_name":"Beggar","floor":22,"gold_loss":75},{"damage_healed":0,"gold_gain":0,"player_choice":"Opened","damage_taken":0,"relics_obtained":["Orichalcum"],"max_hp_gain":0,"max_hp_loss":0,"event_name":"The Mausoleum","floor":27,"gold_loss":0,"cards_obtained":["Writhe"]},{"damage_healed":0,"gold_gain":0,"player_choice":"Read","damage_taken":0,"max_hp_gain":0,"max_hp_loss":0,"event_name":"The Library","floor":30,"gold_loss":0,"cards_obtained":["Crescendo"]}],"is_beta":false,"boss_relics":[{"not_picked":["Black Star","conspire:RunicOctahedron"],"picked":"Calling Bell"},{"not_picked":[]},{"not_picked":["conspire:SeveredTorchhead","Fusion Hammer"],"picked":"HolyWater"},{"not_picked":[]}],"items_purged_floors":[37],"is_endless":false,"potions_floor_spawned":[4,7,10,12,18,20,28,38],"killed_by":"Writhing Mass","ascension_level":0}}