{"host":"39edsv1n7lhvfemz","time":1607702793,"event":{"mods":["Act Like it!","BaseMod","Better Vampires","Better-Laid Plans","CapriCore","Friendly Minions","Lobotomy","LobotomyExtend","Minty Spire (QoL Compilation)","Pale of the Ancients","StSLib","The Jungle","Waifu the Spire","noobMod","¡¾ÒÅÎï¿¨ÅÆ¡¿REMEMod"],"gold_per_floor":[114,114,114,138,153,196,271,271,296,320,341,341,441,481,481,606,606,619,635,649,649,672,697,697,295,42,42,76,76,88,134,165,177,233,270,282,414],"floor_reached":38,"playtime":2346,"items_purged":["Parasite","Parasite"],"score":756,"play_id":"bef4ac63-f67f-48f2-88cf-39e5263c66bc","local_time":"20201212000632","is_ascension_mode":true,"campfire_choices":[{"data":"Guardian:StasisEngine","floor":8.0,"key":"SMITH"},{"data":"Cloak And Dagger","floor":12.0,"key":"SMITH"},{"data":"Blade Dance","floor":15.0,"key":"SMITH"},{"data":"Prepared","floor":27,"key":"SMITH"},{"floor":36,"key":"RECALL"}],"circlet_count":0,"master_deck":["AscendersBane","Strike_G","Strike_G","Strike_G","Defend_G","Defend_G","Defend_G","Defend_G","Survivor","Neutralize+1","Madness+1","Blade Dance+1","UniverseFragment","SpiderBud","Cloak And Dagger+1","OSAHOGD","Blur+1","Accuracy+1","FieryBird","After Image+1","Catalyst+1","Blade Dance+1","Dagger Spray+1","LaLuna","BigBird","Prepared+1","Wraith Form v2+1","Tools of the Trade+1","DespairKnight","Tactician+1","Tactician+1","LittleHelper","Acrobatics+1","PlagueDoctor","Well Laid Plans+1"],"relics":["Ring of the Snake","ice","REME_ComplimentaryCards","CogitoBucket","Golden Idol","Blood Vial","Dream Catcher","AspirationHeart","Ninja Scroll","Astrolabe","BackwardClock","Heaven_r","Moonlight_r","ShedSkin_r","Gaze_r","ice","LetterFromLob","Frozen Egg 2","Omamori","Orichalcum","MawBank","Bronze Scales","Odd Mushroom","AtMidnight","HonorFeather","Art of War","Amita_r"],"acts_visited":["Exordium","TheCity"],"potions_floor_usage":[28,33],"damage_taken":[{"damage":0.0,"enemies":"2 Louse","floor":1.0,"turns":3.0},{"damage":11.0,"enemies":"Cultist","floor":4.0,"turns":4.0},{"damage":2.0,"enemies":"Small Slimes","floor":5.0,"turns":3.0},{"damage":28.0,"enemies":"Gremlin Nob","floor":6.0,"turns":6.0},{"damage":17.0,"enemies":"Looter","floor":10.0,"turns":4.0},{"damage":12.0,"enemies":"2 Fungi Beasts","floor":11.0,"turns":6.0},{"damage":23.0,"enemies":"3 Sentries","floor":14.0,"turns":12.0},{"damage":28.0,"enemies":"Hexaghost","floor":16.0,"turns":11.0},{"damage":0.0,"enemies":"Spheric Guardian","floor":18.0,"turns":1.0},{"damage":1.0,"enemies":"Chosen","floor":19.0,"turns":3.0},{"damage":7.0,"enemies":"Snecko","floor":20.0,"turns":4.0},{"damage":31.0,"enemies":"Chosen and Byrds","floor":21.0,"turns":4.0},{"damage":0.0,"enemies":"Chosen and Byrds","floor":21.0,"turns":2.0},{"damage":2,"enemies":"Small Slimes","floor":22,"turns":2},{"damage":1,"enemies":"2 Louse","floor":23,"turns":2},{"damage":9,"enemies":"Gremlin Nob","floor":28,"turns":3},{"damage":1,"enemies":"The Mushroom Lair","floor":31,"turns":2},{"damage":53,"enemies":"Jaw Worm","floor":32,"turns":6},{"damage":40,"enemies":"3 Louse","floor":33,"turns":3},{"damage":0,"enemies":"Lagavulin","floor":34,"turns":2},{"damage":6,"enemies":"3 Louse","floor":35,"turns":5},{"damage":0,"enemies":"Slime Boss","floor":37,"turns":5}],"seed_played":"3598636800314037040","potions_obtained":[{"floor":5.0,"key":"EssenceOfSteel"},{"floor":6.0,"key":"Guardian:BlockOnCardUsePotion"},{"floor":11.0,"key":"ColorlessPotion"},{"floor":20.0,"key":"Strength Potion"},{"floor":22,"key":"DistilledChaos"},{"floor":34,"key":"Strength Potion"},{"floor":37,"key":"CunningPotion"}],"is_trial":false,"path_per_floor":["M","?","?","M","M","E","?","R","T","M","M","R","?","E","R","B",null,"M","M","M","M","M","M","?","$","$","R","E","?","T","?","M","M","E","M","R","B",null],"character_chosen":"THE_SILENT","items_purchased":["Tools of the Trade","Frozen Egg 2","Omamori"],"campfire_rested":0,"item_purchase_floors":[25,25,26],"current_hp_per_floor":[63,46,46,35,33,70,63,63,63,48,50,50,50,29,29,80,80,80,79,75,138,138,139,139,139,139,139,132,129,129,130,81,159,159,153,159,80],"gold":426,"neow_bonus":"","is_daily":false,"chose_seed":false,"campfire_upgraded":4,"win_rate":0.0,"timestamp":1607702792,"path_taken":["M","?","?","M","M","E","?","R","T","M","M","R","?","E","R","BOSS","M","M","?","M","M","M","?","?","$","R","E","?","T","?","M","M","E","M","R","BOSS"],"items_purchased_type":["Card","Relic","Relic"],"build_version":"2020-11-30","purchased_purges":2,"victory":true,"max_hp_per_floor":[70,70,70,70,70,70,70,70,70,70,80,80,80,80,80,80,80,80,82,92,168,168,168,168,165,162,162,162,162,162,162,162,159,159,159,159,82],"card_choices":[{"not_picked":["LaLuna","MeatLantern"],"picked":"ShyLook","floor":1.0},{"not_picked":["Dagger Spray","Bane"],"picked":"Blade Dance","floor":1.0},{"not_picked":["MHz","Porccubus","SingingMachine"],"picked":"Singing Bowl","floor":4.0},{"not_picked":["DreamingCurrent","Scorched"],"picked":"UniverseFragment","floor":4.0},{"not_picked":["Bane","Distraction","Flying Knee"],"picked":"SKIP","floor":4.0},{"not_picked":["FairyFestival","BeautyBeast","Yin"],"picked":"Singing Bowl","floor":5.0},{"not_picked":["WallGazer","BeautyBeast"],"picked":"SpiderBud","floor":5.0},{"not_picked":["Deflect","Infinite Blades"],"picked":"Cloak And Dagger","floor":5.0},{"not_picked":["FieryBird","QueenOfHatred"],"picked":"OSAHOGD","floor":6.0},{"not_picked":["Dodge and Roll","PiercingWail","Heel Hook"],"picked":"SKIP","floor":6.0},{"not_picked":["PiercingWail","Backflip"],"picked":"Blur","floor":10.0},{"not_picked":["CherryBlossoms","Funeral","Scorched"],"picked":"Singing Bowl","floor":10.0},{"not_picked":["Crippling Poison","Backflip"],"picked":"Accuracy","floor":11.0},{"not_picked":["LaLuna","FieryBird","LittleHelper"],"picked":"Singing Bowl","floor":11.0},{"not_picked":["LaLuna","SingingMachine","DreamingCurrent"],"picked":"Singing Bowl","floor":14.0},{"not_picked":["Deflect","Quick Slash","Flying Knee"],"picked":"SKIP","floor":14.0},{"not_picked":["FairyFestival","CrumblingArmor"],"picked":"FieryBird","floor":16.0},{"not_picked":["Wraith Form v2","Glass Knife"],"picked":"After Image","floor":16.0},{"not_picked":["MHz","Scarecrow"],"picked":"LaLuna","floor":18.0},{"not_picked":["Masterful Stab+1","Noxious Fumes","Deflect+1"],"picked":"SKIP","floor":18.0},{"not_picked":["Masterful Stab+1","Noxious Fumes","Deflect+1"],"picked":"SKIP","floor":18.0},{"not_picked":["Alriune","CrumblingArmor","WallGazer"],"picked":"Singing Bowl","floor":19.0},{"not_picked":["OldLady","Scarecrow"],"picked":"BigBird","floor":19.0},{"not_picked":["Outmaneuver+1","Flechettes"],"picked":"Prepared","floor":19.0},{"not_picked":["Variant","QueenOfHatred","Bloodbath"],"picked":"Singing Bowl","floor":20.0},{"not_picked":["Flechettes+1","Dagger Spray","Deflect+1"],"picked":"SKIP","floor":20.0},{"not_picked":["Flechettes+1","Dagger Spray","Deflect+1"],"picked":"SKIP","floor":20.0},{"not_picked":["HappyTeddy","HeroicMonk","BlueStar"],"picked":"Singing Bowl","floor":22},{"not_picked":["Caltrops","Distraction","Dagger Throw"],"picked":"SKIP","floor":22},{"not_picked":["Caltrops","Distraction","Dagger Throw"],"picked":"SKIP","floor":22},{"not_picked":["Blur","Bane"],"picked":"Prepared","floor":23},{"not_picked":["HeroicMonk","Bloodbath","Mercenary"],"picked":"Singing Bowl","floor":23},{"not_picked":["Freischutz","Mercenary"],"picked":"DespairKnight","floor":28},{"not_picked":["Blade Dance","Acrobatics"],"picked":"Tactician","floor":28},{"not_picked":["CENSORED","ShyLook","Alriune"],"picked":"Singing Bowl","floor":31},{"not_picked":["Catalyst","Cloak And Dagger"],"picked":"Tactician","floor":31},{"not_picked":["RedShoes","Porccubus"],"picked":"LittleHelper","floor":32},{"not_picked":["PiercingWail","Backflip"],"picked":"Acrobatics","floor":32},{"not_picked":["RedShoes","MeltingLove","GreedKing"],"picked":"Singing Bowl","floor":34},{"not_picked":["Sucker Punch","Bane","Dodge and Roll"],"picked":"SKIP","floor":34},{"not_picked":["BlackArmy","SnowQueen"],"picked":"PlagueDoctor","floor":35},{"not_picked":["Choke","Poisoned Stab"],"picked":"Well Laid Plans+1","floor":35},{"not_picked":["SilentOrchestra","Yin","Murderer"],"picked":"Singing Bowl","floor":37}],"player_experience":136708,"relics_obtained":[{"floor":1.0,"key":"LetterFromLob"},{"floor":6.0,"key":"Blood Vial"},{"floor":9.0,"key":"Dream Catcher"},{"floor":14.0,"key":"Ninja Scroll"},{"floor":22,"key":"LetterFromLob"},{"floor":28,"key":"Orichalcum"},{"floor":30,"key":"Bronze Scales"},{"floor":31,"key":"Odd Mushroom"},{"floor":32,"key":"AtMidnight"},{"floor":34,"key":"Art of War"}],"event_choices":[{"damage_healed":0.0,"max_hp_gain":0.0,"max_hp_loss":0.0,"gold_gain":0.0,"event_name":"Golden Idol","player_choice":"Take Damage","floor":2.0,"gold_loss":0.0,"damage_taken":17.0,"relics_obtained":["Golden Idol"]},{"damage_healed":0.0,"max_hp_gain":0.0,"max_hp_loss":0.0,"gold_gain":0.0,"event_name":"Living Wall","player_choice":"Grow","floor":3.0,"gold_loss":0.0,"damage_taken":0.0,"cards_upgraded":["Neutralize"]},{"damage_healed":0.0,"max_hp_gain":0.0,"max_hp_loss":0.0,"gold_gain":75.0,"event_name":"FaceTrader","player_choice":"Touch","floor":7.0,"gold_loss":0.0,"damage_taken":7.0},{"damage_healed":0.0,"max_hp_gain":0.0,"max_hp_loss":0.0,"gold_gain":100.0,"event_name":"Golden Shrine","player_choice":"Pray","floor":13.0,"gold_loss":0.0,"damage_taken":0.0},{"damage_healed":0,"gold_gain":0,"cards_transformed":["ShyLook"],"player_choice":"Transformed","damage_taken":0,"max_hp_gain":0,"max_hp_loss":0,"event_name":"Transmorgrifier","floor":24,"gold_loss":0,"cards_obtained":["Wraith Form v2"]},{"damage_healed":0,"gold_gain":0,"player_choice":"Success","damage_taken":3,"relics_obtained":["MawBank"],"max_hp_gain":0,"max_hp_loss":0,"event_name":"Scrap Ooze","floor":29,"gold_loss":0},{"damage_healed":0,"gold_gain":0,"player_choice":"Fought Mushrooms","damage_taken":0,"max_hp_gain":0,"max_hp_loss":0,"event_name":"Mushrooms","floor":31,"gold_loss":0}],"is_beta":false,"boss_relics":[{"not_picked":["REME_DuelDisc","Snecko Eye"],"picked":"Astrolabe"}],"items_purged_floors":[25,26],"is_endless":false,"potions_floor_spawned":[5,6,11,20,21,21,22,34,37],"ascension_level":10}}