{"host":"dntw6kil9p09eemm","time":1607682821,"event":{"mods":["BaseMod","Become a monster €›?Œ÷","Colored Powertips","Conspire","Hermit","Minty Spire (QoL Compilation)","Shop Mod","StSLib","The Alterego","The Runesmith"],"gold_per_floor":[349,360,380,395,470,482,103,103,103,176,186,211,211,211,231,231,332,332,369,315,330,226,238,238,238],"floor_reached":24,"playtime":3194,"items_purged":["Strike_B"],"score":223,"play_id":"667db079-3837-4d58-a46d-9166edf91907","local_time":"20201211193341","is_ascension_mode":false,"campfire_choices":[{"floor":9,"key":"REST"},{"floor":14,"key":"REST"},{"floor":16,"key":"REST"}],"circlet_count":0,"master_deck":["Strike_B","Strike_B","Defend_B+1","Defend_B","Defend_B","Zap","Dualcast","Melter","Redo","Streamline+1","Loop","Rebound","Beam Cell","Fusion","Redo","Seek","Conserve Battery","Static Discharge","Redo","Beam Cell","Bandage Up","Conserve Battery"],"relics":["Cracked Core","MerchantsRug","Cables","Bottled Tornado"],"acts_visited":["Exordium","TheCity"],"potions_floor_usage":[19,19,23],"damage_taken":[{"damage":0,"enemies":"3 Shapes","floor":2,"turns":1},{"damage":0,"enemies":"conspire:RoseBush","floor":3,"turns":3},{"damage":1,"enemies":"Jaw Worm","floor":4,"turns":3},{"damage":18,"enemies":"3 Louse","floor":6,"turns":3},{"damage":11,"enemies":"Exordium Wildlife","floor":11,"turns":3},{"damage":27,"enemies":"3 Sentries","floor":12,"turns":6},{"damage":0,"enemies":"conspire:2 RoseBushes","floor":15,"turns":4},{"damage":42,"enemies":"Slime Boss","floor":17,"turns":9},{"damage":37,"enemies":"3 Byrds","floor":19,"turns":5},{"damage":0,"enemies":"Spheric Guardian","floor":21,"turns":2},{"damage":34,"enemies":"Centurion and Healer","floor":23,"turns":5},{"damage":14,"enemies":"Sentry and Sphere","floor":24,"turns":2}],"seed_played":"-3564990217776614793","potions_obtained":[{"floor":2,"key":"ColorlessPotion"},{"floor":4,"key":"GamblersBrew"},{"floor":11,"key":"GamblersBrew"},{"floor":12,"key":"Regen Potion"},{"floor":19,"key":"Strength Potion"},{"floor":21,"key":"PotionOfCapacity"}],"is_trial":false,"path_per_floor":["M","M","M","M","?","M","$","?","R","T","M","E","?","R","M","R","B",null,"M","$","M","$","M","M"],"character_chosen":"DEFECT","items_purchased":["MerchantsRug","Cables","Static Discharge","Beam Cell","Bandage Up"],"campfire_rested":3,"item_purchase_floors":[7,7,20,22,22],"current_hp_per_floor":[75,75,75,74,63,45,45,30,52,52,41,14,14,36,36,58,16,75,43,43,43,43,13,0,0],"gold":238,"neow_bonus":"TWO_FIFTY_GOLD","is_daily":false,"chose_seed":false,"campfire_upgraded":0,"win_rate":0.0,"timestamp":1607682821,"path_taken":["M","M","M","?","M","$","?","R","T","M","E","?","R","M","R","BOSS","M","$","M","$","M","M"],"items_purchased_type":["Relic","Relic","Card","Card","Card"],"build_version":"2020-11-30","purchased_purges":1,"victory":false,"max_hp_per_floor":[75,75,75,75,75,75,75,75,75,75,75,75,75,75,75,75,75,75,75,75,75,75,75,75,75],"card_choices":[{"not_picked":["Rip and Tear","Gash"],"picked":"Melter","floor":2},{"not_picked":["Hologram","Undo"],"picked":"Redo","floor":3},{"not_picked":["Genetic Algorithm","Darkness"],"picked":"Streamline","floor":4},{"not_picked":["Go for the Eyes","Gash"],"picked":"Loop","floor":6},{"not_picked":["Leap","Scrape"],"picked":"Rebound","floor":11},{"not_picked":["Hyperbeam","Heatsinks"],"picked":"Beam Cell","floor":12},{"not_picked":["Sunder","Barrage"],"picked":"Redo","floor":15},{"not_picked":["Multi-Cast","Amplify"],"picked":"Seek","floor":17},{"not_picked":["Lockon","Stack"],"picked":"Conserve Battery","floor":19},{"not_picked":["Recycle+1","Stack"],"picked":"Redo","floor":21},{"not_picked":["Steam","Skim"],"picked":"Conserve Battery","floor":23}],"player_experience":151920,"relics_obtained":[{"floor":10,"key":"Bottled Tornado"},{"floor":12,"key":"Runesmith:AutoHammer"}],"event_choices":[{"damage_healed":0,"gold_gain":75,"player_choice":"Gather Gold","damage_taken":11,"max_hp_gain":0,"max_hp_loss":0,"event_name":"World of Goop","floor":5,"gold_loss":0},{"damage_healed":0,"gold_gain":0,"player_choice":"Entered Light","damage_taken":15,"max_hp_gain":0,"max_hp_loss":0,"event_name":"Shining Light","floor":8,"gold_loss":0,"cards_upgraded":["Streamline","Defend_B"]},{"damage_healed":0,"gold_gain":0,"cards_transformed":["Strike_B"],"player_choice":"Change","damage_taken":0,"max_hp_gain":0,"max_hp_loss":0,"event_name":"Living Wall","floor":13,"gold_loss":0,"cards_obtained":["Fusion"]}],"is_beta":false,"boss_relics":[{"not_picked":["Runic Pyramid","Nuclear Battery"],"picked":"Empty Cage"}],"items_purged_floors":[20],"is_endless":false,"potions_floor_spawned":[2,4,11,12,15,19,21],"killed_by":"Sentry and Sphere","ascension_level":0}}