{"host":"0cnf9zf1gia27zti","time":1607711570,"event":{"mods":["BaseMod","BetterRewards","Card Forge","Colored Map","Colored Powertips","Conspire","Downfall","Minty Spire (QoL Compilation)","Quick Restart","Replay The Spire","Shade Mod","Spicy Shops","StSLib"],"gold_per_floor":[119,133,144,144,18,48,48,48,48,48,48,58,58,1,1,96,96,116,133,152,32,48,48,61,71,71,85,115,3,22,22,22,127,127,137,22,34,45,109,109,109,109],"floor_reached":41,"playtime":2987,"items_purged":["Strike_R","Strike_R","Strike_R"],"score":923,"play_id":"42556a6e-7f76-4d3d-99e6-84e87cba92c9","local_time":"20201211183250","is_ascension_mode":true,"campfire_choices":[{"floor":8,"key":"REST"},{"floor":10,"key":"DIG"},{"floor":13,"key":"DIG"},{"floor":15,"key":"DIG"},{"floor":23,"key":"DIG"},{"floor":32,"key":"DIG"},{"floor":40,"key":"REST"}],"circlet_count":0,"master_deck":["AscendersBane","Strike_R+1","Defend_R","Defend_R","Defend_R","Bash","Inflame","Iron Wave","Iron Wave","Thunderclap","Entrench","Bludgeon+1","conspire:Charge","Demonic Infusion+1","Fire Breathing","Iron Wave+1","Limit Break+1","Heavy Blade","Iron Wave","Run Through+1","Run Through+1","Iron Wave+1","Iron Wave+1","Thunderclap","Demonic Infusion+1","Whirlwind+1","Whirlwind+1","Whirlwind"],"relics":["Burning Blood","Hammer of Thor","Seething Fire","Anvil of the Gods","Kunai","Membership Card","Potion Belt","Paper Frog","Omamori","conspire:Dentures","Shovel","Golden Egg","PreservedInsect","Bottled Tornado","Smiling Mask","Pet Ghost","The Courier","Charon\u0027s Ashes","Blood Vial","Cursed Key","Blue Doll","Regal Pillow","Snack Pack","Ancient Tea Set","Blue Candle","Divine Protection","Matryoshka","Empty Cage","Replay:Bottled Snecko","conspire:Boomerang","Replay:Bottled Flurry"],"acts_visited":["Exordium","TheCity","TheBeyond"],"potions_floor_usage":[6,16,19,27,28,33],"damage_taken":[{"damage":1,"enemies":"Cultist","floor":1,"turns":4},{"damage":1,"enemies":"conspire:RoseBush","floor":2,"turns":4},{"damage":2,"enemies":"Small Slimes","floor":3,"turns":5},{"damage":14,"enemies":"3 Sentries","floor":6,"turns":9},{"damage":3,"enemies":"Blue Slaver","floor":12,"turns":2},{"damage":9,"enemies":"The Guardian","floor":16,"turns":11},{"damage":6,"enemies":"Spheric Guardian","floor":18,"turns":3},{"damage":22,"enemies":"2 Thieves","floor":19,"turns":3},{"damage":4,"enemies":"conspire:HollyBat","floor":20,"turns":7},{"damage":18,"enemies":"Sentry and Sphere","floor":22,"turns":5},{"damage":17,"enemies":"Centurion and Healer","floor":24,"turns":4},{"damage":16,"enemies":"Snecko","floor":25,"turns":5},{"damage":0,"enemies":"3 Cultists","floor":27,"turns":3},{"damage":7,"enemies":"Replay:Snechameleon","floor":28,"turns":3},{"damage":0,"enemies":"Snake Plant","floor":30,"turns":4},{"damage":40,"enemies":"Automaton","floor":33,"turns":10},{"damage":0,"enemies":"Orb Walker","floor":35,"turns":3},{"damage":12,"enemies":"3 Shapes","floor":37,"turns":5},{"damage":24,"enemies":"Writhing Mass","floor":38,"turns":9},{"damage":79,"enemies":"Maw","floor":41,"turns":7}],"seed_played":"-4623776429470114283","potions_obtained":[{"floor":2,"key":"LiquidMemories"},{"floor":6,"key":"Ancient Potion"},{"floor":16,"key":"Strength Potion"},{"floor":24,"key":"Elixir"},{"floor":25,"key":"Explosive Potion"},{"floor":27,"key":"BloodPotion"},{"floor":30,"key":"BloodPotion"}],"is_trial":false,"path_per_floor":["M","M","M","?","$","E","?","R","T","R","T","M","R","$","R","B",null,"M","M","M","$","M","R","M","M","T","M","E","$","M","$","R","B",null,"M","$","M","M","?","R","M"],"character_chosen":"IRONCLAD","items_purchased":["Kunai","Membership Card","Inflame","Potion Belt","Paper Frog","Omamori","Iron Wave","conspire:Dentures","Iron Wave","ReplayReversal","Shovel","Golden Egg","Charon\u0027s Ashes","Blue Doll","Regal Pillow","Divine Protection","Iron Wave","Replay:Bottled Snecko","Whirlwind"],"campfire_rested":2,"item_purchase_floors":[0,0,0,0,0,0,0,0,0,0,5,5,14,21,21,29,29,36,36],"current_hp_per_floor":[29,34,38,38,38,30,14,38,38,38,38,41,41,41,41,40,70,72,58,62,62,52,52,45,39,39,47,66,66,74,74,74,66,77,80,80,76,64,32,71,0,0],"gold":109,"neow_bonus":"","is_daily":false,"chose_seed":false,"campfire_upgraded":0,"win_rate":0.0,"timestamp":1607711570,"path_taken":["M","M","?","?","$","E","?","R","T","R","?","M","R","$","R","BOSS","M","?","?","$","M","R","M","M","T","M","E","$","M","?","R","BOSS","M","$","M","M","?","R","M"],"items_purchased_type":["Relic","Relic","Card","Relic","Relic","Relic","Card","Relic","Card","Card","Relic","Relic","Relic","Relic","Relic","Relic","Card","Relic","Card"],"build_version":"2020-11-30","purchased_purges":3,"victory":false,"max_hp_per_floor":[80,80,80,80,80,80,80,80,80,80,80,80,80,80,80,80,80,80,80,80,80,80,80,80,80,80,80,80,80,80,80,80,80,80,80,80,80,80,80,80,80,80],"card_choices":[{"not_picked":["True Grit","Run Through"],"picked":"Thunderclap","floor":1},{"not_picked":["Evolve","True Grit","Clash"],"picked":"SKIP","floor":2},{"not_picked":["Bloodletting","ReplayTheSpireMod:LeadingStrike"],"picked":"Entrench","floor":3},{"not_picked":["Iron Wave","Havoc"],"picked":"Bludgeon","floor":6},{"not_picked":["ReplayReversal","Dark Embrace"],"picked":"conspire:Charge","floor":12},{"not_picked":["Corruption","Bludgeon"],"picked":"Demonic Infusion","floor":16},{"not_picked":["Havoc","ReplayTheSpireMod:LeadingStrike"],"picked":"Fire Breathing","floor":18},{"not_picked":["Thunderclap","Twin Strike"],"picked":"Iron Wave+1","floor":19},{"not_picked":["Run Through","Clash","True Grit+1"],"picked":"SKIP","floor":20},{"not_picked":["Twin Strike+1","Headbutt"],"picked":"Limit Break","floor":22},{"not_picked":["Thunderclap","Headbutt"],"picked":"Heavy Blade","floor":24},{"not_picked":["Body Slam","True Grit"],"picked":"Iron Wave","floor":25},{"not_picked":["Burning Pact","Havoc"],"picked":"Run Through+1","floor":27},{"not_picked":["Intimidate","Rage"],"picked":"Run Through+1","floor":28},{"not_picked":["Second Wind","Combust"],"picked":"Thunderclap","floor":30},{"not_picked":["Impervious","Brutality"],"picked":"Demonic Infusion","floor":33},{"not_picked":["Shrug It Off","Run Through","Perfected Strike"],"picked":"SKIP","floor":35},{"not_picked":["Sever Soul+1","Clash+1","Cleave"],"picked":"SKIP","floor":37},{"not_picked":["Iron Wave+1","Sword Boomerang","Havoc"],"picked":"SKIP","floor":38},{"not_picked":["Disarm","Warcry+1"],"picked":"Whirlwind","floor":39}],"player_experience":1901013,"relics_obtained":[{"floor":6,"key":"PreservedInsect"},{"floor":9,"key":"Bottled Tornado"},{"floor":10,"key":"Smiling Mask"},{"floor":11,"key":"Pet Ghost"},{"floor":13,"key":"The Courier"},{"floor":15,"key":"Blood Vial"},{"floor":23,"key":"Snack Pack"},{"floor":26,"key":"Ancient Tea Set"},{"floor":28,"key":"Blue Candle"},{"floor":32,"key":"Matryoshka"},{"floor":39,"key":"conspire:Boomerang"},{"floor":39,"key":"Replay:Bottled Flurry"}],"event_choices":[{"damage_healed":0,"gold_gain":0,"player_choice":"Entered Light","damage_taken":16,"max_hp_gain":0,"max_hp_loss":0,"event_name":"Shining Light","floor":7,"gold_loss":0,"cards_upgraded":["Strike_R","Strike_R"]}],"is_beta":false,"boss_relics":[{"not_picked":["Coffee Dripper","Pandora\u0027s Box"],"picked":"Cursed Key"},{"not_picked":["ReplayTheSpireMod:DimensionalGlitch","Replay:Drink Me"],"picked":"Empty Cage"}],"items_purged_floors":[0,0,0],"is_endless":false,"potions_floor_spawned":[2,6,16,24,25,27,30],"killed_by":"Maw","ascension_level":10}}