{"host":"4par9lyhj7bf4dsa","time":1607724449,"event":{"mods":["AchievementEnabler","BaseMod","Colored Map","Minty Spire (QoL Compilation)","Relic Stats","StSLib"],"gold_per_floor":[112,112,112,122,139,139,173,173,173,173,190,190,190],"floor_reached":12,"playtime":465,"items_purged":[],"score":142,"play_id":"e4c69cb9-d9ab-408a-a66a-fc6cc15a443d","local_time":"20201212090729","is_ascension_mode":true,"campfire_choices":[{"data":"Dagger Spray","floor":6,"key":"SMITH"},{"data":"Die Die Die","floor":8,"key":"SMITH"},{"floor":10,"key":"REST"}],"circlet_count":0,"master_deck":["AscendersBane","Strike_G","Strike_G","Strike_G","Strike_G","Defend_G","Defend_G","Defend_G","Defend_G","Defend_G","Survivor","Neutralize","PiercingWail","Catalyst","Dagger Spray+1","Die Die Die+1","Poisoned Stab"],"relics":["HoveringKite","Dead Branch","Mango"],"acts_visited":["Exordium"],"potions_floor_usage":[7],"damage_taken":[{"damage":2,"enemies":"Cultist","floor":1,"turns":4},{"damage":0,"enemies":"2 Louse","floor":4,"turns":3},{"damage":2,"enemies":"Jaw Worm","floor":5,"turns":8},{"damage":53,"enemies":"Lagavulin","floor":7,"turns":12},{"damage":13,"enemies":"Exordium Wildlife","floor":11,"turns":4},{"damage":64,"enemies":"Gremlin Nob","floor":12,"turns":5}],"seed_played":"-3528841331845566974","potions_obtained":[{"floor":4,"key":"Regen Potion"},{"floor":7,"key":"Energy Potion"}],"is_trial":false,"path_per_floor":["M","?","?","M","M","R","E","R","T","R","M","E"],"character_chosen":"THE_SILENT","items_purchased":[],"campfire_rested":1,"item_purchase_floors":[],"current_hp_per_floor":[61,66,59,59,57,57,19,19,33,59,46,0,0],"gold":190,"neow_bonus":"BOSS_RELIC","is_daily":false,"chose_seed":false,"campfire_upgraded":2,"win_rate":0.0,"timestamp":1607724449,"path_taken":["M","?","?","M","M","R","E","R","T","R","?","E"],"items_purchased_type":[],"build_version":"2020-11-30","purchased_purges":0,"victory":false,"max_hp_per_floor":[70,75,75,75,75,75,75,75,89,89,89,89,89],"relic_stats":{"counters":[6,36],"Dead Branch":[5],"HoveringKite":[7],"obtain_stats":[{"Dead Branch":7,"HoveringKite":0,"Mango":9,"Ring of the Snake":0},{"Dead Branch":4,"HoveringKite":0,"Mango":4,"Ring of the Snake":0},{"Dead Branch":27,"HoveringKite":0,"Mango":27,"Ring of the Snake":0}]},"card_choices":[{"not_picked":["Flying Knee","Underhanded Strike"],"picked":"PiercingWail","floor":1},{"not_picked":["Tactician","Dodge and Roll"],"picked":"Catalyst","floor":4},{"not_picked":["Outmaneuver","Deflect"],"picked":"Dagger Spray","floor":5},{"not_picked":["Expertise","Slice"],"picked":"Die Die Die","floor":7},{"not_picked":["Prepared","Dodge and Roll"],"picked":"Poisoned Stab","floor":11}],"player_experience":826118,"relics_obtained":[{"floor":7,"key":"Dead Branch"},{"floor":9,"key":"Mango"}],"event_choices":[{"damage_healed":0,"gold_gain":0,"player_choice":"Donut","damage_taken":0,"max_hp_gain":5,"max_hp_loss":0,"event_name":"Big Fish","floor":2,"gold_loss":0},{"cards_removed":["Strike_G"],"damage_healed":0,"gold_gain":0,"player_choice":"Card Removal","damage_taken":7,"max_hp_gain":0,"max_hp_loss":0,"event_name":"Golden Wing","floor":3,"gold_loss":0}],"is_beta":false,"boss_relics":[],"items_purged_floors":[],"is_endless":false,"potions_floor_spawned":[4,7],"killed_by":"Gremlin Nob","ascension_level":10}}