{"host":"yvb207ks1sg3cxef","time":1607721085,"event":{"mods":["BaseMod","Bestiary","Colored Powertips","Minty Spire (QoL Compilation)","Permanent Neow","Quick Restart","Relic Stats"],"gold_per_floor":[15,25,35,45,10,10,36,55,55,55,82,96,126,145,145,221,221,221],"floor_reached":17,"playtime":675,"items_purged":[],"score":295,"play_id":"de4979c5-2996-4c01-af86-269078b180d8","local_time":"20201212024125","is_ascension_mode":true,"campfire_choices":[{"data":"Poisoned Stab","floor":6.0,"key":"SMITH"},{"data":"Bouncing Flask","floor":10.0,"key":"SMITH"},{"data":"Footwork","floor":15.0,"key":"SMITH"}],"circlet_count":0,"master_deck":["AscendersBane","Strike_G","Strike_G","Strike_G","Strike_G","Strike_G","Defend_G","Defend_G","Defend_G","Defend_G","Defend_G","Survivor","Neutralize","Die Die Die","Poisoned Stab+1","Backflip","Bouncing Flask+1","Corpse Explosion","Dagger Throw","Backflip","Footwork+1","Adrenaline"],"relics":["Ring of the Snake","Letter Opener","Shuriken","Oddly Smooth Stone","Prayer Wheel","Velvet Choker"],"acts_visited":["TheCity"],"potions_floor_usage":[],"damage_taken":[{"damage":0.0,"enemies":"Small Slimes","floor":1.0,"turns":3.0},{"damage":4.0,"enemies":"Cultist","floor":2.0,"turns":3.0},{"damage":0.0,"enemies":"2 Louse","floor":3.0,"turns":4.0},{"damage":6.0,"enemies":"Looter","floor":4.0,"turns":3.0},{"damage":18.0,"enemies":"Lagavulin","floor":7.0,"turns":6.0},{"damage":4.0,"enemies":"2 Fungi Beasts","floor":8.0,"turns":2.0},{"damage":16.0,"enemies":"Gremlin Nob","floor":11.0,"turns":3.0},{"damage":0.0,"enemies":"Blue Slaver","floor":12.0,"turns":5.0},{"damage":4.0,"enemies":"3 Sentries","floor":13.0,"turns":3.0},{"damage":0.0,"enemies":"Lots of Slimes","floor":14.0,"turns":2.0},{"damage":10.0,"enemies":"The Guardian","floor":16.0,"turns":10.0}],"seed_played":"9172462145826776679","potions_obtained":[{"floor":2.0,"key":"CunningPotion"},{"floor":4.0,"key":"CultistPotion"},{"floor":8.0,"key":"Dexterity Potion"},{"floor":11.0,"key":"Strength Potion"}],"is_trial":false,"path_per_floor":["M","M","M","M","?","R","E","M","T","R","E","M","E","M","R","B",null],"character_chosen":"THE_SILENT","items_purchased":[],"campfire_rested":0,"item_purchase_floors":[],"current_hp_per_floor":[63,59,59,53,53,53,35,31,31,31,15,15,11,11,11,1,53,53],"gold":221,"neow_bonus":"THREE_RARE_CARDS","is_daily":false,"chose_seed":false,"campfire_upgraded":3,"win_rate":0.0,"timestamp":1607721085,"path_taken":["M","M","M","M","?","R","E","M","T","R","E","M","E","M","R","BOSS"],"items_purchased_type":[],"build_version":"2020-11-30","purchased_purges":0,"victory":false,"max_hp_per_floor":[70,70,70,70,70,70,70,70,70,70,70,70,70,70,70,70,70,70],"relic_stats":{"counters":[11,44],"Shuriken":[1],"Prayer Wheel":1,"Letter Opener":[50],"obtain_stats":[{"Shuriken":9,"Oddly Smooth Stone":11,"Velvet Choker":17,"Prayer Wheel":13,"Letter Opener":7,"Ring of the Snake":0},{"Shuriken":6,"Oddly Smooth Stone":7,"Velvet Choker":11,"Prayer Wheel":9,"Letter Opener":5,"Ring of the Snake":0},{"Shuriken":21,"Oddly Smooth Stone":24,"Velvet Choker":44,"Prayer Wheel":32,"Letter Opener":19,"Ring of the Snake":0}],"Ring of the Snake":[22]},"card_choices":[{"not_picked":["Burst","A Thousand Cuts"],"picked":"Die Die Die","floor":0.0},{"not_picked":["Dagger Throw","All Out Attack"],"picked":"Poisoned Stab","floor":1.0},{"not_picked":["Prepared","Outmaneuver"],"picked":"Backflip","floor":2.0},{"not_picked":["Dagger Throw","Cloak And Dagger"],"picked":"Bouncing Flask","floor":3.0},{"not_picked":["Blade Dance","Slice","Acrobatics"],"picked":"SKIP","floor":4.0},{"not_picked":["Predator","Slice"],"picked":"Corpse Explosion","floor":7.0},{"not_picked":["Dodge and Roll","PiercingWail"],"picked":"Dagger Throw","floor":8.0},{"not_picked":["Deadly Poison","Prepared"],"picked":"Backflip","floor":11.0},{"not_picked":["Sucker Punch","Slice","A Thousand Cuts"],"picked":"SKIP","floor":12.0},{"not_picked":["Poisoned Stab","Flying Knee"],"picked":"Footwork","floor":13.0},{"not_picked":["Blade Dance","Poisoned Stab","Distraction"],"picked":"SKIP","floor":14.0},{"not_picked":["Finisher","Skewer","Dagger Throw"],"picked":"SKIP","floor":14.0},{"not_picked":["Phantasmal Killer","A Thousand Cuts"],"picked":"Adrenaline","floor":16.0}],"player_experience":165089,"relics_obtained":[{"floor":7.0,"key":"Letter Opener"},{"floor":9.0,"key":"Shuriken"},{"floor":11.0,"key":"Oddly Smooth Stone"},{"floor":13.0,"key":"Prayer Wheel"}],"event_choices":[{"damage_healed":0.0,"max_hp_gain":0.0,"max_hp_loss":0.0,"gold_gain":0.0,"event_name":"World of Goop","player_choice":"Left Gold","floor":5.0,"gold_loss":35.0,"damage_taken":0.0}],"is_beta":false,"boss_relics":[{"not_picked":["WristBlade","Coffee Dripper"],"picked":"Velvet Choker"}],"items_purged_floors":[],"is_endless":false,"potions_floor_spawned":[2,4,8,11,14],"ascension_level":13}}