{"host":"iy58fyt9wsbv4cf1","time":1607702698,"event":{"mods":["BaseMod","Better Altar","Better Match","Better Skull","Better Third Choice","BetterRewards","Conspire","Custom Start","Defuse TimeMaze Blight","Hubris","Minty Spire (QoL Compilation)","Permanent Neow","Quick Restart","Spicy Shops","StSLib"],"gold_per_floor":[118,72,88,105,105,105,139,139,218,230,230,230,230,246,246,351,351,369,109,125,50,64,91,101,101,124,124,124,138,138,171,171,276,276,290,290,70,90,90,125,125,125,150,150,180,180,5,25,25,25,25,25,25,56,56],"floor_reached":56,"playtime":1861,"items_purged":["Shame","Defend_R","Strike_R","Strike_R","Rupture"],"score":1391,"play_id":"e6c6906b-2e1b-47f8-8568-4f7aa280cf9c","local_time":"20201211110458","is_ascension_mode":false,"campfire_choices":[{"data":"Body Slam","floor":6.0,"key":"SMITH"},{"data":"Entrench","floor":8.0,"key":"SMITH"},{"data":"Rage","floor":11.0,"key":"SMITH"},{"data":"Flex","floor":13.0,"key":"SMITH"},{"floor":15.0,"key":"RECALL"},{"data":"Entrench","floor":28.0,"key":"SMITH"},{"data":"Battle Trance","floor":30.0,"key":"SMITH"},{"data":"Battle Trance","floor":32.0,"key":"SMITH"},{"data":"Body Slam","floor":42.0,"key":"SMITH"},{"data":"Barricade","floor":49.0,"key":"SMITH"},{"data":"Seeing Red","floor":52.0,"key":"SMITH"}],"circlet_count":0,"master_deck":["Defend_R","Defend_R","Defend_R","Entrench+1","Battle Trance+1","Body Slam+1","Rage+1","Impervious","Entrench+1","Seeing Red+1","Battle Trance+1","conspire:Purge","Shrug It Off+1","Shrug It Off","Barricade+1","Body Slam+1","Impervious"],"relics":["Black Blood","hubris:PeanutButter","Shuriken","Singing Bowl","Coffee Dripper","Torii","hubris:Towel","Tiny Chest","InkBottle","Omamori","Oddly Smooth Stone","Bag of Marbles","Question Card","Strawberry"],"acts_visited":["Exordium","TheCity","TheBeyond","TheEnding"],"potions_floor_usage":[55,55,55],"damage_taken":[{"damage":11.0,"enemies":"Jaw Worm","floor":1.0,"turns":4.0},{"damage":0.0,"enemies":"conspire:RoseBush","floor":3.0,"turns":3.0},{"damage":0.0,"enemies":"Small Slimes","floor":4.0,"turns":2.0},{"damage":19.0,"enemies":"Lagavulin","floor":7.0,"turns":8.0},{"damage":0.0,"enemies":"Blue Slaver","floor":10.0,"turns":4.0},{"damage":0.0,"enemies":"2 Fungi Beasts","floor":14.0,"turns":4.0},{"damage":17.0,"enemies":"The Guardian","floor":16.0,"turns":9.0},{"damage":10.0,"enemies":"Shell Parasite","floor":18.0,"turns":4.0},{"damage":0.0,"enemies":"Chosen","floor":20.0,"turns":5.0},{"damage":0.0,"enemies":"3 Cultists","floor":22.0,"turns":5.0},{"damage":49.0,"enemies":"Book of Stabbing","floor":23.0,"turns":6.0},{"damage":1.0,"enemies":"Centurion and Healer","floor":24.0,"turns":8.0},{"damage":2.0,"enemies":"conspire:HollyBat","floor":29.0,"turns":8.0},{"damage":29.0,"enemies":"conspire:SneckoGhost","floor":31.0,"turns":9.0},{"damage":46.0,"enemies":"Automaton","floor":33.0,"turns":8.0},{"damage":16.0,"enemies":"Orb Walker","floor":35.0,"turns":5.0},{"damage":7.0,"enemies":"3 Shapes","floor":38.0,"turns":4.0},{"damage":53.0,"enemies":"Reptomancer","floor":40.0,"turns":11.0},{"damage":0.0,"enemies":"Giant Head","floor":45.0,"turns":5.0},{"damage":0.0,"enemies":"Spire Growth","floor":48.0,"turns":2.0},{"damage":0.0,"enemies":"conspire:OrnateMirror","floor":50.0,"turns":4.0},{"damage":17,"enemies":"Shield and Spear","floor":54,"turns":6},{"damage":0,"enemies":"The Heart","floor":55,"turns":6}],"seed_played":"-800151580184152045","potions_obtained":[{"floor":7.0,"key":"BlessingOfTheForge"},{"floor":16.0,"key":"Fire Potion"},{"floor":20.0,"key":"Regen Potion"},{"floor":29.0,"key":"AttackPotion"},{"floor":31.0,"key":"PowerPotion"},{"floor":33.0,"key":"CultistPotion"},{"floor":38.0,"key":"FearPotion"},{"floor":54,"key":"HeartOfIron"}],"is_trial":false,"path_per_floor":["M","$","M","M","$","R","E","R","T","M","R","?","R","M","R","B",null,"M","$","M","?","M","E","M","?","T","$","R","M","R","E","R","B",null,"M","?","$","M","?","E","?","R","T","T","E","?","$","M","R","B",null,"R","$","E","B",null],"character_chosen":"IRONCLAD","items_purchased":["Flex","hubris:PeanutButter","Entrench","Battle Trance","Inflame","Shuriken","Cleave","Entrench","Seeing Red","Shrug It Off"],"campfire_rested":0,"item_purchase_floors":[0,0,0,0,0,0,2,19,19,37],"current_hp_per_floor":[39,39,45,51,51,51,40,40,40,48,48,48,48,54,54,43,84,82,82,88,88,90,58,65,65,65,65,65,71,71,48,48,8,96,92,92,92,98,98,57,57,57,57,57,71,71,71,85,85,97,102,102,102,104,109],"gold":56,"neow_bonus":"","is_daily":false,"chose_seed":false,"campfire_upgraded":10,"win_rate":0.0,"timestamp":1607702698,"path_taken":["M","$","M","M","$","R","E","R","T","M","R","?","R","M","R","BOSS","M","$","?","?","M","E","M","?","T","$","R","M","R","E","R","BOSS","M","?","$","M","?","E","?","R","T","?","E","?","$","M","R","BOSS","R","$","E","BOSS"],"items_purchased_type":["Card","Relic","Card","Card","Card","Relic","Card","Card","Card","Card"],"build_version":"2020-11-30","purchased_purges":5,"victory":true,"max_hp_per_floor":[80,80,80,80,80,80,82,82,82,84,84,84,84,84,84,84,84,86,86,88,88,90,92,94,94,94,94,94,96,96,96,96,96,96,96,96,96,98,98,98,98,98,98,98,100,100,100,102,102,102,102,102,102,109,109],"card_choices":[{"not_picked":["Sword Boomerang","Iron Wave","Warcry"],"picked":"SKIP","floor":1.0},{"not_picked":["Metallicize","Entrench"],"picked":"Body Slam","floor":3.0},{"not_picked":["Wild Strike","Searing Blow"],"picked":"Rage","floor":4.0},{"not_picked":["Combust","Feel No Pain","Searing Blow"],"picked":"Singing Bowl","floor":7.0},{"not_picked":["Rampage","Fire Breathing","Iron Wave"],"picked":"Singing Bowl","floor":10.0},{"not_picked":["Clothesline","Warcry"],"picked":"Thunderclap","floor":14.0},{"not_picked":["Berserk","hubris:StunningStrike"],"picked":"Impervious","floor":16.0},{"not_picked":["hubris:ReadiedAction","Headbutt","Anger"],"picked":"Singing Bowl","floor":18.0},{"not_picked":["Uppercut","Headbutt","Clothesline"],"picked":"Singing Bowl","floor":20.0},{"not_picked":["Infernal Blade","Perfected Strike+1","Feel No Pain"],"picked":"Singing Bowl","floor":22.0},{"not_picked":["Heavy Blade","Headbutt","Pommel Strike"],"picked":"Singing Bowl","floor":23.0},{"not_picked":["Burning Pact","Intimidate","Heavy Blade+1"],"picked":"Singing Bowl","floor":24.0},{"not_picked":["Thunderclap","Twin Strike","Pommel Strike"],"picked":"Singing Bowl","floor":29.0},{"not_picked":["Uppercut+1","conspire:Charge+1"],"picked":"Battle Trance","floor":31.0},{"not_picked":["Berserk","Limit Break"],"picked":"conspire:Purge","floor":33.0},{"not_picked":["True Grit+1","Sword Boomerang+1"],"picked":"Shrug It Off+1","floor":35.0},{"not_picked":["conspire:Charge+1","Flex","Rage"],"picked":"Singing Bowl","floor":38.0},{"not_picked":["hubris:CleavingFinish","Berserk"],"picked":"Body Slam","floor":40.0},{"not_picked":["Sentinel","Iron Wave+1","Clothesline+1"],"picked":"Singing Bowl","floor":45.0},{"not_picked":["Heavy Blade","Pummel","Metallicize","Clash+1"],"picked":"Singing Bowl","floor":48.0},{"not_picked":["Inflame+1","Heavy Blade+1","Feed"],"picked":"Impervious","floor":54}],"player_experience":65511,"relics_obtained":[{"floor":7.0,"key":"Singing Bowl"},{"floor":23.0,"key":"Torii"},{"floor":26.0,"key":"Tiny Chest"},{"floor":31.0,"key":"InkBottle"},{"floor":40.0,"key":"Omamori"},{"floor":43.0,"key":"Oddly Smooth Stone"},{"floor":44.0,"key":"Bag of Marbles"},{"floor":45.0,"key":"Question Card"},{"floor":54,"key":"Strawberry"}],"event_choices":[{"damage_healed":0.0,"max_hp_gain":0.0,"max_hp_loss":0.0,"gold_gain":0.0,"cards_transformed":["Strike_R"],"event_name":"Transmorgrifier","player_choice":"Transformed","floor":12.0,"gold_loss":0.0,"damage_taken":0.0,"cards_obtained":["Rupture"]},{"cards_removed":["Strike_R"],"damage_healed":0.0,"max_hp_gain":0.0,"max_hp_loss":0.0,"gold_gain":0.0,"event_name":"Beggar","player_choice":"Gave Gold","floor":21.0,"gold_loss":75.0,"damage_taken":0.0},{"damage_healed":0.0,"max_hp_gain":0.0,"max_hp_loss":0.0,"gold_gain":0.0,"event_name":"conspire:Investor","player_choice":"Leave","floor":36.0,"gold_loss":0.0,"damage_taken":0.0},{"cards_removed":["Inflame"],"damage_healed":0.0,"max_hp_gain":0.0,"max_hp_loss":0.0,"gold_gain":0.0,"event_name":"Falling","player_choice":"Removed Power","floor":41.0,"gold_loss":0.0,"damage_taken":0.0},{"damage_healed":0.0,"max_hp_gain":0.0,"max_hp_loss":0.0,"gold_gain":0.0,"event_name":"Mysterious Sphere","player_choice":"Ignored","floor":46.0,"gold_loss":0.0,"damage_taken":0.0}],"is_beta":false,"boss_relics":[{"not_picked":["hubris:Stopwatch","hubris:GrandSneckoEye"],"picked":"Coffee Dripper"},{"not_picked":["conspire:SlowCooker","SacredBark"],"picked":"Black Blood"}],"items_purged_floors":[0,0,19,37,47],"is_endless":false,"potions_floor_spawned":[7,16,20,29,31,33,38,54],"ascension_level":0}}