{"host":"tkinv8gv6hgcc58b","time":1607671826,"event":{"mods":["BaseMod","Colored Map","Downfall","Googly Eyes","Hermit","Minty Spire (QoL Compilation)","READ ME - Guardian Mod","StSLib","The Cursed","The Disciple"],"gold_per_floor":[119,119,119,134,134,134,165,183,183,253,274,6,31,56,56,150,150,174,212,6,29,29,29,29,65,92,112,112,112,112],"floor_reached":29,"playtime":1607,"items_purged":[],"score":413,"play_id":"a7af5113-52be-417c-bc66-e1cfa961139e","local_time":"20201211023026","is_ascension_mode":true,"campfire_choices":[{"floor":6,"key":"DIG"},{"floor":15,"key":"REST"},{"floor":23,"key":"DIG"}],"circlet_count":0,"master_deck":["AscendersBane","Strike_G","Strike_G","Strike_G","Strike_G","Strike_G","Defend_G","Defend_G","Defend_G","Defend_G","Defend_G","Survivor","Neutralize","CurseOfTheBell","Accuracy+1","Finisher","Injury","Burst","Escape Plan","PiercingWail","Quick Slash","Catalyst+1","Cloak And Dagger+1","Storm of Steel+1","Prepared+1","Dash+1","Deadly Poison+1","Infinite Blades","Dagger Spray","Backflip+1"],"relics":["Calling Bell","Tiny Chest","Kunai","Shovel","Bag of Marbles","Golden Idol","Pocketwatch","MealTicket","Blue Candle","Eternal Feather","Toxic Egg 2","WristBlade","Red Mask","Dream Catcher","Gremlin Horn","Ginger","Juzu Bracelet"],"acts_visited":["Exordium","TheCity"],"potions_floor_usage":[7,11,14,16,25,25],"damage_taken":[{"damage":4,"enemies":"Small Slimes","floor":1,"turns":5},{"damage":3,"enemies":"2 Louse","floor":4,"turns":3},{"damage":35,"enemies":"Lagavulin","floor":7,"turns":12},{"damage":2,"enemies":"Jaw Worm","floor":8,"turns":6},{"damage":0,"enemies":"2 Fungi Beasts","floor":11,"turns":5},{"damage":6,"enemies":"3 Louse","floor":13,"turns":6},{"damage":0,"enemies":"Red Slaver","floor":14,"turns":4},{"damage":19,"enemies":"The Guardian","floor":16,"turns":16},{"damage":13,"enemies":"3 Byrds","floor":18,"turns":4},{"damage":34,"enemies":"Masked Bandits","floor":19,"turns":5},{"damage":14,"enemies":"2 Thieves","floor":21,"turns":4},{"damage":25,"enemies":"Book of Stabbing","floor":25,"turns":5},{"damage":8,"enemies":"Cultist and Chosen","floor":27,"turns":6},{"damage":25,"enemies":"Shelled Parasite and Fungi","floor":29,"turns":4}],"seed_played":"290984443125522000","potions_obtained":[{"floor":4,"key":"FearPotion"},{"floor":8,"key":"SneckoOil"},{"floor":11,"key":"Block Potion"},{"floor":14,"key":"Explosive Potion"},{"floor":21,"key":"EntropicBrew"}],"is_trial":false,"path_per_floor":["M","?","?","M","?","R","E","M","T","T","M","$","M","M","R","B",null,"M","?","$","M","$","R","?","E","T","M","?","M"],"character_chosen":"THE_SILENT","items_purchased":["Toxic Egg 2","Quick Slash","Deadly Poison+1","Dream Catcher"],"campfire_rested":1,"item_purchase_floors":[12,12,20,20],"current_hp_per_floor":[55,48,48,45,45,45,10,8,8,8,8,23,17,17,48,29,57,44,10,25,11,26,41,41,16,16,8,8,0,0],"gold":112,"neow_bonus":"BOSS_RELIC","is_daily":false,"chose_seed":false,"campfire_upgraded":0,"win_rate":0.0,"timestamp":1607671826,"path_taken":["M","?","?","M","?","R","E","M","T","?","M","$","M","M","R","BOSS","M","?","$","M","$","R","?","E","T","M","?","M"],"items_purchased_type":["Relic","Card","Undefined","Relic"],"build_version":"2020-11-30","purchased_purges":0,"victory":false,"max_hp_per_floor":[66,66,66,66,66,66,66,66,66,66,66,66,66,66,66,66,66,66,66,66,66,66,66,66,66,66,66,66,66,66],"card_choices":[{"not_picked":["Flying Knee","Caltrops"],"picked":"Accuracy","floor":1},{"not_picked":["Dagger Spray","Blur"],"picked":"Finisher","floor":4},{"not_picked":["Deflect","Choke"],"picked":"Burst","floor":7},{"not_picked":["Skewer","Caltrops"],"picked":"Escape Plan","floor":8},{"not_picked":["Quick Slash","Bouncing Flask"],"picked":"PiercingWail","floor":11},{"not_picked":["Dagger Throw","Reflex+1"],"picked":"Catalyst+1","floor":13},{"not_picked":["Reflex+1","Backflip+1"],"picked":"Cloak And Dagger+1","floor":14},{"not_picked":["Corpse Explosion+1","Glass Knife"],"picked":"Storm of Steel+1","floor":16},{"not_picked":["Dodge and Roll+1","Blur+1"],"picked":"Prepared+1","floor":18},{"not_picked":["Flechettes","Tactician+1"],"picked":"Dash+1","floor":19},{"not_picked":["Sucker Punch","Heel Hook"],"picked":"Infinite Blades","floor":21},{"not_picked":["Expertise+1","Concentrate+1"],"picked":"Dagger Spray","floor":25},{"not_picked":["Dagger Spray","Endless Agony+1"],"picked":"Backflip+1","floor":27}],"player_experience":969352,"relics_obtained":[{"floor":0,"key":"Tiny Chest"},{"floor":0,"key":"Kunai"},{"floor":0,"key":"Shovel"},{"floor":6,"key":"Pocketwatch"},{"floor":7,"key":"MealTicket"},{"floor":9,"key":"Blue Candle"},{"floor":10,"key":"Eternal Feather"},{"floor":19,"key":"Red Mask"},{"floor":23,"key":"Gremlin Horn"},{"floor":25,"key":"Ginger"},{"floor":26,"key":"Juzu Bracelet"}],"event_choices":[{"damage_healed":0,"gold_gain":0,"player_choice":"Success","damage_taken":7,"relics_obtained":["Bag of Marbles"],"max_hp_gain":0,"max_hp_loss":0,"event_name":"Scrap Ooze","floor":2,"gold_loss":0},{"damage_healed":0,"gold_gain":0,"player_choice":"Grow","damage_taken":0,"max_hp_gain":0,"max_hp_loss":0,"event_name":"Living Wall","floor":3,"gold_loss":0,"cards_upgraded":["Accuracy"]},{"damage_healed":0,"gold_gain":0,"player_choice":"Take Wound","damage_taken":0,"relics_obtained":["Golden Idol"],"max_hp_gain":0,"max_hp_loss":0,"event_name":"Golden Idol","floor":5,"gold_loss":0,"cards_obtained":["Injury"]},{"damage_healed":0,"gold_gain":0,"player_choice":"Fought Bandits","damage_taken":0,"max_hp_gain":0,"max_hp_loss":0,"event_name":"Masked Bandits","floor":19,"gold_loss":0},{"damage_healed":0,"gold_gain":0,"player_choice":"Ignored","damage_taken":0,"max_hp_gain":0,"max_hp_loss":0,"event_name":"Ghosts","floor":28,"gold_loss":0}],"is_beta":false,"boss_relics":[{"not_picked":["Snecko Eye","Astrolabe"],"picked":"WristBlade"}],"items_purged_floors":[],"is_endless":false,"potions_floor_spawned":[4,8,11,14,21],"killed_by":"Shelled Parasite and Fungi","ascension_level":14}}