{"host":"w4b7hmige5bnqipq","time":1607690695,"event":{"mods":["BaseMod","Minty Spire (QoL Compilation)","Rare Cards Sparkle","SuperFastMode","everything is the same but u backflip on backflip","slay the spire mod where everything is the same but ironclad has a cowboy hat"],"gold_per_floor":[109,119,130,143,68,68,79,112,112,112,148,148,148,191,191,191,191],"floor_reached":16,"playtime":484,"items_purged":["Strike_R"],"score":192,"play_id":"f85faf73-ee74-4a70-aa6f-453517ab817d","local_time":"20201211214455","is_ascension_mode":true,"campfire_choices":[{"data":"Uppercut","floor":6.0,"key":"SMITH"},{"floor":13.0,"key":"REST"},{"floor":15.0,"key":"REST"}],"circlet_count":0,"master_deck":["AscendersBane","Strike_R","Strike_R","Strike_R","Strike_R","Defend_R","Defend_R","Defend_R","Defend_R","Bash","Shrug It Off","Ghostly Armor","Corruption","Seeing Red","Uppercut+1","Inflame","Shockwave","Shrug It Off","Inflame","Feel No Pain"],"relics":["Burning Blood","Prayer Wheel","PreservedInsect","Mummified Hand","Golden Idol","Self Forming Clay","Art of War"],"acts_visited":["Exordium"],"potions_floor_usage":[16],"damage_taken":[{"damage":6.0,"enemies":"Cultist","floor":1.0,"turns":4.0},{"damage":9.0,"enemies":"Jaw Worm","floor":2.0,"turns":4.0},{"damage":6.0,"enemies":"2 Louse","floor":3.0,"turns":3.0},{"damage":14.0,"enemies":"Large Slime","floor":4.0,"turns":8.0},{"damage":15.0,"enemies":"Exordium Wildlife","floor":7.0,"turns":5.0},{"damage":33.0,"enemies":"Lagavulin","floor":8.0,"turns":9.0},{"damage":17.0,"enemies":"3 Sentries","floor":11.0,"turns":8.0},{"damage":22.0,"enemies":"Lagavulin","floor":14.0,"turns":5.0},{"damage":36,"enemies":"Slime Boss","floor":16,"turns":8}],"seed_played":"4628463788773601064","potions_obtained":[{"floor":1.0,"key":"DistilledChaos"},{"floor":7.0,"key":"Regen Potion"},{"floor":8.0,"key":"SteroidPotion"},{"floor":14.0,"key":"Swift Potion"}],"is_trial":false,"path_per_floor":["M","M","M","M","$","R","M","E","T","?","E","?","R","E","R","B"],"character_chosen":"IRONCLAD","items_purchased":[],"campfire_rested":2,"item_purchase_floors":[],"current_hp_per_floor":[51,48,48,40,40,40,31,19,19,19,8,1,25,9,33,0,0],"gold":191,"neow_bonus":"ONE_RARE_RELIC","is_daily":false,"chose_seed":false,"campfire_upgraded":1,"win_rate":0.0,"timestamp":1607690695,"path_taken":["M","?","M","M","$","R","M","E","T","?","E","?","R","E","R","BOSS"],"items_purchased_type":[],"build_version":"2020-11-30","purchased_purges":1,"victory":false,"max_hp_per_floor":[80,80,80,80,80,80,80,80,80,80,80,80,80,80,80,80,80],"card_choices":[{"not_picked":["Armaments","True Grit"],"picked":"Shrug It Off","floor":1.0},{"not_picked":["Sword Boomerang","Rampage"],"picked":"Ghostly Armor","floor":1.0},{"not_picked":["Warcry","True Grit"],"picked":"Corruption","floor":2.0},{"not_picked":["Perfected Strike","Heavy Blade","Flex"],"picked":"SKIP","floor":2.0},{"not_picked":["Whirlwind","Burning Pact"],"picked":"Seeing Red","floor":3.0},{"not_picked":["Headbutt","Iron Wave"],"picked":"Uppercut","floor":3.0},{"not_picked":["Entrench","Perfected Strike"],"picked":"Inflame","floor":4.0},{"not_picked":["Rage","Shrug It Off","Disarm"],"picked":"SKIP","floor":4.0},{"not_picked":["Seeing Red","Demon Form"],"picked":"Shockwave","floor":7.0},{"not_picked":["Heavy Blade","Dual Wield","Body Slam"],"picked":"SKIP","floor":7.0},{"not_picked":["Iron Wave","Demon Form"],"picked":"Shrug It Off","floor":8.0},{"not_picked":["Pummel","Armaments"],"picked":"Inflame","floor":11.0},{"not_picked":["Thunderclap","Rage"],"picked":"Feel No Pain","floor":14.0}],"player_experience":375809,"relics_obtained":[{"floor":8.0,"key":"PreservedInsect"},{"floor":9.0,"key":"Mummified Hand"},{"floor":11.0,"key":"Self Forming Clay"},{"floor":14.0,"key":"Art of War"}],"event_choices":[{"damage_healed":0.0,"max_hp_gain":0.0,"max_hp_loss":0.0,"gold_gain":0.0,"event_name":"Golden Idol","player_choice":"Take Wound","floor":10.0,"gold_loss":0.0,"damage_taken":0.0,"relics_obtained":["Golden Idol"],"cards_obtained":["Injury"]},{"cards_removed":["Injury"],"damage_healed":0.0,"max_hp_gain":0.0,"max_hp_loss":0.0,"gold_gain":0.0,"event_name":"Golden Wing","player_choice":"Card Removal","floor":12.0,"gold_loss":0.0,"damage_taken":7.0}],"is_beta":false,"boss_relics":[],"items_purged_floors":[5],"is_endless":false,"potions_floor_spawned":[1,7,8,14],"killed_by":"Slime Boss","ascension_level":12}}