{"host":"wfuprrvhjp4xs686","time":1607672494,"event":{"mods":["BaseMod","Better Match","Better Skull","Better Third Choice","Minty Spire (QoL Compilation)","Quick Restart","Replay The Spire","Spicy Shops","StSLib","Uncapped","Unceasing Turn Reminder"],"gold_per_floor":[118,132,151,76,92,118,118,144,169,209,209,209,209,244,244,250,250],"floor_reached":16,"playtime":1078,"items_purged":["Cleave"],"score":290,"play_id":"91824679-1d74-4c3c-8e5b-90fea8acd3b9","local_time":"20201211024134","daily_mods":["SealedDeck","DeadlyEvents","Elite Swarm","Uncertain Future"],"is_ascension_mode":true,"campfire_choices":[{"data":"Armaments","floor":7,"key":"SMITH"},{"data":"Armaments","floor":12,"key":"SMITH"},{"data":"ReplayTheSpireMod:LeadingStrike","floor":15,"key":"SMITH"}],"circlet_count":0,"master_deck":["AscendersBane","True Grit","ReplayTheSpireMod:Strike From Hell","Thunderclap","Metallicize","Flex","Armaments+1","Armaments+1","Searing Blow","Reckless Charge","ReplayTheSpireMod:LeadingStrike+1","Barricade"],"relics":["Burning Blood","Bag of Preparation","Replay:Bandana","Replay:Wax Seal","Bag of Marbles"],"acts_visited":["Exordium"],"potions_floor_usage":[8,8,14],"damage_taken":[{"damage":2,"enemies":"Cultist","floor":1,"turns":4},{"damage":5,"enemies":"Small Slimes","floor":2,"turns":3},{"damage":7,"enemies":"Jaw Worm","floor":3,"turns":4},{"damage":20,"enemies":"Lots of Slimes","floor":5,"turns":4},{"damage":31,"enemies":"Lagavulin","floor":6,"turns":7},{"damage":0,"enemies":"Gremlin Nob","floor":8,"turns":3},{"damage":24,"enemies":"Lagavulin","floor":10,"turns":6},{"damage":0,"enemies":"3 Louse","floor":14,"turns":3},{"damage":34,"enemies":"Hexaghost","floor":16,"turns":9}],"seed_played":"6081180818801433251","potions_obtained":[{"floor":2,"key":"Toxic Potion"},{"floor":6,"key":"GamblersBrew"},{"floor":10,"key":"SneckoOil"}],"is_trial":true,"path_per_floor":["M","M","M","$","M","E","R","E","T","E","?","R","?","M","R","B"],"character_chosen":"IRONCLAD","items_purchased":[],"campfire_rested":0,"item_purchase_floors":[],"current_hp_per_floor":[72,73,72,72,58,33,33,39,39,21,21,21,26,32,32,0,0],"gold":250,"neow_bonus":"","is_daily":false,"chose_seed":false,"campfire_upgraded":3,"win_rate":0.0,"timestamp":1607672494,"path_taken":["M","M","M","$","M","E","R","E","T","E","?","R","?","?","R","BOSS"],"items_purchased_type":[],"build_version":"2020-11-30","purchased_purges":1,"victory":false,"max_hp_per_floor":[75,75,75,75,75,75,75,75,75,75,75,75,80,80,80,80,80],"card_choices":[{"not_picked":["Wild Strike","Abandon"],"picked":"ReplayTheSpireMod:LeadingStrike","floor":1},{"not_picked":["Metallicize","Flame Barrier","Warcry"],"picked":"SKIP","floor":2},{"not_picked":["Run Through","Thunderclap","Whirlwind"],"picked":"SKIP","floor":3},{"not_picked":["True Grit","Reckless Charge","Clothesline"],"picked":"SKIP","floor":5},{"not_picked":["Eclipse","Offering"],"picked":"Barricade","floor":6},{"not_picked":["Offering","Exhume","Hemogenesis"],"picked":"SKIP","floor":8},{"not_picked":["Offering","Fiend Fire","Corruption"],"picked":"SKIP","floor":10},{"not_picked":["Cleave","Iron Wave","Thunderclap"],"picked":"SKIP","floor":14}],"player_experience":2284811,"relics_obtained":[{"floor":6,"key":"Bag of Preparation"},{"floor":8,"key":"Replay:Bandana"},{"floor":9,"key":"Replay:Wax Seal"},{"floor":10,"key":"Bag of Marbles"}],"event_choices":[{"damage_healed":0,"gold_gain":0,"player_choice":"LEAVE","damage_taken":0,"max_hp_gain":0,"max_hp_loss":0,"event_name":"betterThird:BetterScrap","floor":11,"gold_loss":0,"cards_obtained":["Crippling Poison"]},{"damage_healed":0,"gold_gain":0,"player_choice":"Donut","damage_taken":0,"max_hp_gain":5,"max_hp_loss":0,"event_name":"Big Fish","floor":13,"gold_loss":0}],"is_beta":false,"boss_relics":[],"items_purged_floors":[4],"is_endless":true,"potions_floor_spawned":[2,6,10],"killed_by":"Hexaghost","ascension_level":20}}