{"host":"j0xplkvqphkjqyt2","time":1607678306,"event":{"mods":["10 clothes from DAL","2.2 Compatiblity","Act Like it!","Ascension Reborn","BaseMod","HololiveMod","KomeijiMod","Library of Ruina","Library of Ruina Extra","Marisa（F雨　魔理沙）","Minty Spire (QoL Compilation)","MostiFishMod","Replay The Spire","RumiaBox-露米娅的神秘盒子","Spicy Shops","StSLib","TestMod","The Runesmith","Waifu the Spire"],"gold_per_floor":[115,115,80,104,104,104,135,135,185,185,208,208,229,229,229,384,384,384,403,454,350,375,375,441,441,466,466,516,516,509,55,55,57,57],"floor_reached":33,"playtime":644,"items_purged":["Amnesia"],"score":465,"play_id":"95f3d1f4-c950-4819-9629-227fbcd9f061","local_time":"20201211171826","is_ascension_mode":true,"campfire_choices":[{"data":"DegradedPillar","floor":6,"key":"SMITH"},{"data":"DegradedPillar","floor":8,"key":"SMITH"},{"data":"DegradedFairy","floor":12,"key":"SMITH"},{"data":"DegradedChain","floor":15,"key":"SMITH"},{"data":"ForTheFamily","floor":23,"key":"SMITH"},{"floor":25,"key":"RECALL"},{"data":"DegradedFairy","floor":27,"key":"SMITH"},{"data":"MostiFishMod:HellRitual","floor":32,"key":"SMITH"}],"circlet_count":0,"master_deck":["DegradedFairy+1","DegradedFairy+1","DegradedFairy+1","DegradedChain+1","DegradedChain+1","DegradedLock+1","DegradedPillar+1","DegradedPillar+1","DegradedShockwave+1","WitchOfGreed+1","ForTheFamily+1","MostiFishMod:HellRitual+1"],"relics":["PageOfLibrarian","DaveBox","The Courier","testmod-Fanaticism","Question Card","PrismaticShard","Baka","Golden Idol","PrismaticShard","Whetstone","ImportantClient","PageOfAspirationHeart","Nunchaku","Nloth\u0027s Gift","testmod-Acrobat","PageOfWrath","PageOfQueenBee"],"acts_visited":["Exordium","TheCity"],"potions_floor_usage":[18,19,33,33],"damage_taken":[{"damage":0,"enemies":"Small Slimes","floor":1,"turns":1},{"damage":0,"enemies":"Cultist","floor":4,"turns":1},{"damage":9,"enemies":"Lagavulin","floor":7,"turns":2},{"damage":0,"enemies":"Jaw Worm","floor":11,"turns":1},{"damage":0,"enemies":"Looter","floor":13,"turns":1},{"damage":0,"enemies":"The Guardian","floor":16,"turns":2},{"damage":0,"enemies":"Chosen","floor":18,"turns":2},{"damage":0,"enemies":"3 Byrds","floor":19,"turns":2},{"damage":0,"enemies":"Snecko","floor":20,"turns":1},{"damage":0,"enemies":"Snake Plant","floor":22,"turns":2},{"damage":0,"enemies":"Book of Stabbing","floor":24,"turns":2},{"damage":0,"enemies":"Chosen and Byrds","floor":28,"turns":2},{"damage":0,"enemies":"Sentry and Sphere","floor":30,"turns":2}],"seed_played":"-8427243734145197997","potions_obtained":[{"floor":11,"key":"Fire Potion"},{"floor":16,"key":"DistilledChaos"},{"floor":18,"key":"JyouchiReiPotion"},{"floor":20,"key":"PowerPotion"}],"is_trial":false,"path_per_floor":["M","?","?","M","?","R","E","R","T","?","M","R","M","?","R","B",null,"M","M","M","$","M","R","E","R","T","R","M","?","M","$","R","B"],"character_chosen":"Librarian","items_purchased":["ForTheFamily","testmod-Acrobat","PageOfWrath","PageOfQueenBee"],"campfire_rested":0,"item_purchase_floors":[21,31,31,31],"current_hp_per_floor":[69,45,69,69,69,69,75,75,75,75,75,75,75,49,49,49,129,129,129,129,129,129,129,129,129,129,129,129,129,129,129,129,122,122],"gold":57,"neow_bonus":"TEN_PERCENT_HP_BONUS","is_daily":false,"chose_seed":false,"campfire_upgraded":7,"win_rate":0.0,"timestamp":1607678306,"path_taken":["M","?","?","M","?","R","E","R","T","?","?","R","M","?","R","BOSS","M","M","M","$","M","R","E","R","T","R","M","?","M","$","R","BOSS"],"items_purchased_type":["Card","Relic","Relic","Relic"],"build_version":"2020-11-30","purchased_purges":1,"victory":false,"max_hp_per_floor":[99,99,99,129,129,129,129,129,129,129,129,129,129,129,129,129,129,129,129,129,129,129,129,129,129,129,129,129,129,129,129,129,129,129],"card_choices":[{"not_picked":["AlloutWar","Thrust","BindingArms","EnergyCycle","SuppressingShot","MultiHit","ICanCookAnything","ToWhereThePrescriptPoints","SweepTheBackstreets"],"picked":"SKIP","floor":1},{"not_picked":["EmptyFist","Singularity","Predator","Finesse","SkyClearingCut","Hidden Blade","Sucker Punch","KeiseiJin+1","RocketKickup","Hololive_CallShiroganeNoel"],"picked":"SKIP","floor":4},{"not_picked":["DarkMatter","FierceCharge","DC","testmod-HandmadeProducts","Heavy Blade","SuperPerseids","MostiFishMod:VineMother","Hololive_CallHimemoriLuna","FrontalAssault","JyouchiJin+1"],"picked":"SKIP","floor":7},{"not_picked":["Iron Wave","DarkMatter","FlyingSleeves","Halt","Eject","CutThroughFate","Runesmith:Grindstone","RatsGuideToSurvival","Runesmith:LithiumIon","ReplayTheSpireMod:Speed Training"],"picked":"SKIP","floor":11},{"not_picked":["Heel Hook","Wild Strike","ReplayTheSpireMod:LeadingStrike","Replay:BluntJabs","Tepes","Clothesline","Cloak And Dagger","Runesmith:StaticCage","Havoc"],"picked":"WitchOfGreed","floor":13},{"not_picked":["MusuNoYume","SharpSwipe+1","BackstreetsDash","Loop","InscribeRedSoul+1","TricksterDevil","SashWhip","Survey Options","Acceleration+1","BasicCrystalCard+1"],"picked":"SKIP","floor":18},{"not_picked":["GuidanceOfTheGears+1","SmokingPipe","Tearing","Mishyaguji+1","Body Slam+1","Deflect","CurseofVladTepes","AGoldenOpportunity+1","SunsetBlade","CutIn+1"],"picked":"SKIP","floor":19},{"not_picked":["Hololive_RevenueBasedLive","WindmillStrike","MindPrepared","Consecrate","Halt+1","Deflect+1","ReplayTheSpireMod:GoodbyeWorld","Cripple+1","Hololive_HuntDinosaur","BasicCrystalCard"],"picked":"SKIP","floor":20},{"not_picked":["FocusFire","ChainGang","Hololive_ScarfAndHalo","DemonsDinnerFork_Remiria","Blizzard","NingyouShinki+1","Halt","Runesmith:RuneHurl","Rewind","RefractionSpark"],"picked":"SKIP","floor":22},{"not_picked":["Accuracy","WrathOfTorment+1","MillenniumVampire","QuickAttack+1","NingyouFukuhei+1","Predator+1","Runesmith:Empowerment","Runesmith:GenerateForcefield","DemonLordCradle","Hololive_DDD"],"picked":"SKIP","floor":24},{"not_picked":["Quickness","Hololive_Trident","FierceSweep","Survey Options","Outburst","DriedUp","FlashOfSunup","White Noise","Perseverance+1","Parry"],"picked":"SKIP","floor":28},{"not_picked":["Scrape","Headbutt","Endure","Steam+1","Havoc","DeceiveReality","Runesmith:NanitesCloud","RedtheNightlessCastle","Demon Form"],"picked":"MostiFishMod:HellRitual","floor":30}],"player_experience":149391,"relics_obtained":[{"floor":1,"key":"Question Card"},{"floor":1,"key":"PrismaticShard"},{"floor":1,"key":"Baka"},{"floor":7,"key":"Whetstone"},{"floor":16,"key":"ImportantClient"},{"floor":24,"key":"PageOfAspirationHeart"},{"floor":26,"key":"Nunchaku"}],"event_choices":[{"damage_healed":0,"gold_gain":0,"player_choice":"Take Damage","damage_taken":24,"relics_obtained":["Golden Idol"],"max_hp_gain":0,"max_hp_loss":0,"event_name":"Golden Idol","floor":2,"gold_loss":0},{"damage_healed":24,"gold_gain":0,"player_choice":"Healed","damage_taken":0,"max_hp_gain":0,"max_hp_loss":0,"event_name":"The Cleric","floor":3,"gold_loss":35},{"damage_healed":0,"gold_gain":0,"player_choice":"Upgraded","damage_taken":0,"max_hp_gain":0,"max_hp_loss":0,"event_name":"Upgrade Shrine","floor":10,"gold_loss":0,"cards_upgraded":["DegradedLock"]},{"damage_healed":0,"gold_gain":0,"player_choice":"Entered Light","damage_taken":26,"max_hp_gain":0,"max_hp_loss":0,"event_name":"Shining Light","floor":14,"gold_loss":0,"cards_upgraded":["WitchOfGreed","DegradedChain"]},{"damage_healed":0,"gold_gain":0,"player_choice":"Traded Relic","damage_taken":0,"relics_obtained":["Nloth\u0027s Gift"],"max_hp_gain":0,"max_hp_loss":0,"event_name":"N\u0027loth","floor":29,"relics_lost":["testmod-TestBox"],"gold_loss":0}],"is_beta":false,"boss_relics":[{"not_picked":["Runesmith:UraniumAnvil","Fusion Hammer","Snecko Eye"]}],"items_purged_floors":[21],"is_endless":false,"potions_floor_spawned":[11,16,18,20,28],"killed_by":"RedHoodMercenary","ascension_level":0}}