{"host":"9vk21r6l9dtkpvh9","time":1607695119,"event":{"mods":["2.2 Compatiblity","AchievementEnabler","Act Like it!","Astrologer","Bartender","BaseMod","Better Altar","Better Match","Better Note","Better Sensory Stone","Better Skull","Better Third Choice","CapriCore","CatGirl Mod","Colored Map","Colored Powertips","Conspire","DeckTracker","Downfall","Energized Spire","Fiend Mod","Gensokyo","GifTheSpireLib","Hermit","Hubris","Infinite Spire","Jorbs\u0027s Wanderer Trilogy","Koishi","Luminous","Mad Scientist","Marisa????????","Mimic Mod","Minty Spire (QoL Compilation)","Potionbrewer","Rare Cards Sparkle","Relic Stats","Replay The Spire","SOS???????","Shade Mod","Somnambulant","Spicy Shops","StSLib","SuperFastMode","Td1madao Mod","The Animator","The Construct","The Forsaken","The Gatherer","The Hierophant","The Immortal","The Jungle","The Mystic","The Necromancer","The Runesmith","The Senshi","The Servant 0.9.4","The Trickster","The Valiant","The Wild Card","TheBandit","TheSwordswoman","TheWitcher","vexMod","???Mod??????Boss"],"gold_per_floor":[115,133,146,156,176,207,207,217,243,271,37,64,64,74,74,176,176,194,194,294,294,294,294,306,0,0,20,36,36,55,99,99,198,198,211,224,236,161,180,180,212,212,236,250,268,303,303,321,321,321,321,321,73,98,98],"floor_reached":56,"playtime":3475,"items_purged":["Parasite"],"score":1283,"play_id":"0e71cb5d-5d2e-48af-872d-14c66c441a46","local_time":"20201211085839","is_ascension_mode":false,"campfire_choices":[{"data":"TalkToTheHand","floor":7,"key":"SMITH"},{"data":"MentalFortress","floor":15,"key":"SMITH"},{"data":"SashWhip","floor":23,"key":"SMITH"},{"floor":29,"key":"RECALL"},{"data":"Replay:LoomingThreat","floor":32,"key":"SMITH"},{"floor":40,"key":"REST"},{"floor":42,"key":"REST"},{"floor":49,"key":"REST"},{"data":"CrushJoints","floor":52,"key":"SMITH"}],"circlet_count":0,"master_deck":["Strike_P+1","Strike_P+1","Strike_P+1","Strike_P+1","Defend_P+1","Defend_P","Defend_P","Defend_P+1","Eruption+1","Vigilance+1","ReachHeaven+1","CutThroughFate+1","TalkToTheHand+1","EmptyFist+1","MentalFortress+1","EmptyBody+1","FearNoEvil+1","FlurryOfBlows","Adaptation+1","Finesse+1","Protect","LessonLearned+1","SignatureMove+1","Replay:LoomingThreat+1","SashWhip+1","expansioncontent:ManipulateTime+1","CrushJoints+1","JustLucky+1","DeceiveReality+1","FlurryOfBlows+1","Prostrate+1","Adaptation+1","hubris:Fate+1"],"relics":["PureWater","ReplayTheSpireMod:Shallot","Replay:Wax Seal","Medical Kit","infinitespire:Broken Mirror","Runic Pyramid","conspire:GiftBox","hubris:CuriousFeather","theForsaken:Kindling","SlaversCollar","Mummified Hand","Fiend:Scarf","potionbrewer:ToyAutogyro","Damaru","Bronze Scales","vexMod:CursedCompass","Archangels Feather","Kunai","vexMod:BarristanHead"],"acts_visited":["Exordium","Gensokyo:Gensokyo","TheBeyond","TheEnding"],"potions_floor_usage":[10,10,12,20,36,46,50,55,55],"damage_taken":[{"damage":6,"enemies":"Gensokyo:2_Kodama","floor":1,"turns":7},{"damage":4,"enemies":"Gensokyo:Gryphon","floor":2,"turns":3},{"damage":0,"enemies":"Gensokyo:Python","floor":3,"turns":2},{"damage":0,"enemies":"Gensokyo:LivingMonolith","floor":4,"turns":2},{"damage":4,"enemies":"Gensokyo:Python_and_Kodama","floor":5,"turns":4},{"damage":11,"enemies":"Gensokyo:Aya","floor":6,"turns":6},{"damage":0,"enemies":"Gensokyo:2_Rabbits","floor":8,"turns":4},{"damage":0,"enemies":"Gensokyo:Mamizou","floor":10,"turns":5},{"damage":3,"enemies":"Gensokyo:Aya","floor":12,"turns":5},{"damage":0,"enemies":"Gensokyo:LivingMonolith","floor":14,"turns":3},{"damage":1,"enemies":"Gensokyo:Yukari","floor":16,"turns":7},{"damage":0,"enemies":"Gensokyo:2_Gloops","floor":18,"turns":4},{"damage":0,"enemies":"Gensokyo:2_Gloops","floor":20,"turns":9},{"damage":12,"enemies":"Gensokyo:3_Dogs","floor":24,"turns":5},{"damage":0,"enemies":"Gensokyo:Swordslinger","floor":27,"turns":4},{"damage":0,"enemies":"Gensokyo:Wraith","floor":28,"turns":3},{"damage":6,"enemies":"Gensokyo:Slime_Group","floor":30,"turns":5},{"damage":0,"enemies":"Gensokyo:Eiki","floor":33,"turns":1},{"damage":17,"enemies":"3 Shapes","floor":35,"turns":5},{"damage":32,"enemies":"3 Darklings","floor":36,"turns":7},{"damage":7,"enemies":"Transient","floor":37,"turns":5},{"damage":1,"enemies":"Writhing Mass","floor":39,"turns":6},{"damage":13,"enemies":"Reptomancer","floor":41,"turns":7},{"damage":1,"enemies":"Jaw Worm Horde","floor":44,"turns":3},{"damage":16,"enemies":"Spire Growth","floor":45,"turns":6},{"damage":8,"enemies":"R_Hoarder","floor":46,"turns":8},{"damage":0,"enemies":"Transient","floor":48,"turns":5},{"damage":39,"enemies":"Time Eater","floor":50,"turns":6},{"damage":3,"enemies":"Shield and Spear","floor":54,"turns":5},{"damage":28,"enemies":"The Heart","floor":55,"turns":6}],"seed_played":"6323286077622315732","potions_obtained":[{"floor":1,"key":"Dexterity Potion"},{"floor":3,"key":"potionbrewer:FreezingPotion"},{"floor":4,"key":"sneckomod:MuddlingPotion"},{"floor":8,"key":"hexamod:EctoCoolerPotion"},{"floor":14,"key":"potionbrewer:BarricadePotion"},{"floor":16,"key":"ColorlessPotion"},{"floor":18,"key":"Toxic Potion"},{"floor":20,"key":"hexamod:EctoCoolerPotion"},{"floor":27,"key":"Block Potion"},{"floor":28,"key":"PowerPotion"},{"floor":36,"key":"potionbrewer:QuicksilverPotion"},{"floor":45,"key":"Ancient Potion"},{"floor":46,"key":"BlessingOfTheForge"}],"is_trial":false,"path_per_floor":["M","M","M","M","M","E","R","M","T","E","$","E","?","M","R","B",null,"M","?","?","AVR","?","R","M","?","T","M","M","R","M","?","R","B",null,"M","M","M","?","M","R","E","R","T","M","M","E","AVR","M","R","B",null,"R","$","E","B",null],"character_chosen":"WATCHER","items_purchased":["Adaptation","Medical Kit","Finesse","Kunai"],"campfire_rested":3,"item_purchase_floors":[11,11,11,53],"current_hp_per_floor":[66,62,62,62,58,47,47,47,47,47,47,44,48,48,48,47,72,72,72,72,72,72,72,60,60,60,60,60,60,54,36,36,36,72,55,23,16,16,15,41,28,56,56,55,39,31,31,43,71,59,84,84,84,81,57],"gold":98,"neow_bonus":"THREE_CARDS","is_daily":false,"chose_seed":false,"campfire_upgraded":5,"win_rate":0.0,"timestamp":1607695119,"path_taken":["M","M","M","M","M","E","R","M","T","E","$","E","?","?","R","BOSS","M","?","?","AVR","?","R","?","?","T","M","M","R","M","?","R","BOSS","M","?","?","?","M","R","E","R","T","M","M","E","AVR","M","R","BOSS","R","$","E","BOSS"],"items_purchased_type":["Card","Relic","Card","Relic"],"build_version":"2020-11-30","purchased_purges":1,"victory":true,"max_hp_per_floor":[72,72,72,72,72,72,72,72,72,72,72,72,72,72,72,72,72,72,72,72,72,72,72,72,72,72,72,72,72,72,72,72,72,72,72,72,72,72,72,77,77,82,82,82,82,82,79,79,84,84,84,84,84,84,84],"relic_stats":{"counters":[30,148],"Mummified Hand":[63],"Bronze Scales":[150],"Kunai":[20],"Medical Kit":[5],"obtain_stats":[{"Damaru":43,"potionbrewer:ToyAutogyro":41,"Medical Kit":11,"SlaversCollar":21,"conspire:GiftBox":20,"Fiend:Scarf":34,"vexMod:BarristanHead":54,"ReplayTheSpireMod:Shallot":6,"Archangels Feather":47,"infinitespire:Broken Mirror":12,"theForsaken:Kindling":21,"Mummified Hand":26,"Bronze Scales":46,"hubris:CuriousFeather":20,"vexMod:CursedCompass":47,"Kunai":53,"PureWater":0,"Replay:Wax Seal":10,"Runic Pyramid":17},{"Damaru":23,"potionbrewer:ToyAutogyro":23,"Medical Kit":8,"SlaversCollar":13,"conspire:GiftBox":13,"Fiend:Scarf":18,"vexMod:BarristanHead":29,"ReplayTheSpireMod:Shallot":6,"Archangels Feather":26,"infinitespire:Broken Mirror":9,"theForsaken:Kindling":13,"Mummified Hand":14,"Bronze Scales":26,"hubris:CuriousFeather":13,"vexMod:CursedCompass":26,"Kunai":28,"PureWater":0,"Replay:Wax Seal":8,"Runic Pyramid":11},{"Damaru":109,"potionbrewer:ToyAutogyro":109,"Medical Kit":33,"SlaversCollar":61,"conspire:GiftBox":61,"Fiend:Scarf":79,"vexMod:BarristanHead":142,"ReplayTheSpireMod:Shallot":24,"Archangels Feather":126,"infinitespire:Broken Mirror":38,"theForsaken:Kindling":61,"Mummified Hand":66,"Bronze Scales":126,"hubris:CuriousFeather":61,"vexMod:CursedCompass":126,"Kunai":137,"PureWater":0,"Replay:Wax Seal":33,"Runic Pyramid":48}]},"card_choices":[{"not_picked":["Replay:AtTheReady","EmptyFist"],"picked":"ReachHeaven","floor":0},{"not_picked":["PathToVictory","FlurryOfBlows"],"picked":"CutThroughFate","floor":1},{"not_picked":["Consecrate","Crescendo"],"picked":"TalkToTheHand","floor":2},{"not_picked":["FollowUp","Evaluate"],"picked":"EmptyFist","floor":3},{"not_picked":["ReachHeaven","Omniscience"],"picked":"MentalFortress","floor":4},{"not_picked":["Replay:ManipulateFuture","CrushJoints"],"picked":"EmptyBody","floor":5},{"not_picked":["PathToVictory","CarveReality"],"picked":"FearNoEvil","floor":6},{"not_picked":["PathToVictory","Prostrate"],"picked":"FlurryOfBlows","floor":8},{"not_picked":["Replay:AllIn","WreathOfFlame","ClearTheMind"],"picked":"SKIP","floor":10},{"not_picked":["FlurryOfBlows","Replay:ManipulateFuture","FollowUp"],"picked":"SKIP","floor":12},{"not_picked":["Replay:AtTheReady","EmptyBody"],"picked":"Protect","floor":14},{"not_picked":["Omniscience","DeusExMachina"],"picked":"LessonLearned","floor":16},{"not_picked":["EmptyFist","Evaluate"],"picked":"SignatureMove","floor":18},{"not_picked":["Alpha","MasterReality"],"picked":"Replay:LoomingThreat","floor":20},{"not_picked":["DeceiveReality","ReachHeaven"],"picked":"SashWhip","floor":20},{"not_picked":["hubris:Ssssneak+1","Mind Blast+1"],"picked":"expansioncontent:ManipulateTime+1","floor":22},{"not_picked":["Prostrate","ForeignInfluence","FearNoEvil"],"picked":"SKIP","floor":24},{"not_picked":["Replay:AtTheReady","EmptyFist"],"picked":"CrushJoints","floor":27},{"not_picked":["CutThroughFate+1","CarveReality+1","Judgement"],"picked":"SKIP","floor":28},{"not_picked":["BowlingBash","Replay:BluntJabs","EmptyFist"],"picked":"SKIP","floor":30},{"not_picked":["WindmillStrike+1","CrushJoints"],"picked":"JustLucky+1","floor":35},{"not_picked":["Nirvana+1","Prostrate","CrushJoints+1"],"picked":"SKIP","floor":36},{"not_picked":["ForeignInfluence+1","Crescendo","ClearTheMind+1"],"picked":"SKIP","floor":37},{"not_picked":["Replay:DivineShield+1","Perseverance+1"],"picked":"DeceiveReality+1","floor":38},{"not_picked":["Crescendo+1","CrushJoints+1"],"picked":"FlurryOfBlows+1","floor":38},{"not_picked":["FlyingSleeves","CrushJoints+1","Blasphemy"],"picked":"SKIP","floor":39},{"not_picked":["ThirdEye+1","SashWhip","Indignation+1"],"picked":"SKIP","floor":41},{"not_picked":["ConjureBlade","BowlingBash+1"],"picked":"Prostrate+1","floor":44},{"not_picked":["Indignation","ThirdEye+1"],"picked":"Adaptation+1","floor":45},{"not_picked":["WheelKick","ForeignInfluence+1","SashWhip+1"],"picked":"SKIP","floor":46},{"not_picked":["Worship","Replay:BluntJabs","Crescendo+1"],"picked":"SKIP","floor":48},{"not_picked":["Protect","FlyingSleeves","PathToVictory+1"],"picked":"SKIP","floor":54}],"player_experience":557427,"relics_obtained":[{"floor":6,"key":"ReplayTheSpireMod:Shallot"},{"floor":10,"key":"Replay:Wax Seal"},{"floor":12,"key":"infinitespire:Broken Mirror"},{"floor":20,"key":"conspire:GiftBox"},{"floor":20,"key":"hubris:CuriousFeather"},{"floor":26,"key":"Mummified Hand"},{"floor":41,"key":"potionbrewer:ToyAutogyro"},{"floor":43,"key":"Damaru"},{"floor":46,"key":"Bronze Scales"},{"floor":54,"key":"vexMod:BarristanHead"}],"event_choices":[{"damage_healed":4,"gold_gain":0,"player_choice":"LEAVE ","damage_taken":0,"relics_obtained":[],"max_hp_gain":0,"max_hp_loss":0,"event_name":"betterSkull:BetterSkull","floor":13,"gold_loss":0,"cards_upgraded":[]},{"damage_healed":0,"gold_gain":0,"player_choice":"2","damage_taken":0,"max_hp_gain":0,"max_hp_loss":0,"event_name":"betterMatch:BetterMatch","floor":22,"gold_loss":0,"cards_obtained":["betterMatch:ColorlessUncommonCard"]},{"damage_healed":0,"gold_gain":0,"player_choice":"2","damage_taken":0,"max_hp_gain":0,"max_hp_loss":0,"event_name":"betterMatch:BetterMatch","floor":38,"gold_loss":0,"cards_obtained":["betterMatch:UncommonCard","betterMatch:CommonCard"]}],"is_beta":false,"boss_relics":[{"not_picked":["Kintsugi","Ring of Chaos"],"picked":"Runic Pyramid"},{"not_picked":["conspire:RunicOctahedron","vexMod:EndlessSickness"],"picked":"Fiend:Scarf"}],"items_purged_floors":[47],"is_endless":false,"potions_floor_spawned":[1,3,4,8,14,16,18,20,27,28,36,41,45,46,48],"ascension_level":0}}