{"host":"1sep654oresgee70","time":1607724766,"event":{"mods":["2.2 Compatiblity","Aspiration","BaseMod","Better Altar","Better Match","Better Note","Better Sensory Stone","Better Skull","Better Third Choice","Better Vampires","Better-Laid Plans","BetterRewards","Block Reminder","Conspire","Displayed Cursed Tome","Gold Saver","Hubris","Infinite Spire","Minty Spire (QoL Compilation)","Potion Indicator Mod","Quick Restart","Red Circlet Mod","Replay The Spire","Shop Mod","Spicy Shops","StSLib","Thieving Mod","Transform Curses","UnlockEverythingMod"],"gold_per_floor":[1497,3,18,0,15,30,60,75,75,75,90,90,1,16,16,116,116,131,131,131,146,146,146,146,176,176,191,191,291,306,15,15,115,115,130,145,145,180,29,29,59,18,43,58,78,78],"floor_reached":45,"playtime":8134,"items_purged":["conspire:Blindness"],"score":790,"play_id":"4b429617-812c-43f2-bd37-07dfb26f629d","local_time":"20201211231246","daily_mods":["Heirloom","Green Cards","DeadlyEvents"],"is_ascension_mode":false,"campfire_choices":[{"floor":10,"key":"REST"},{"floor":12,"key":"REST"},{"floor":15,"key":"REST"},{"floor":23,"key":"REST"},{"floor":28,"key":"REST"},{"floor":32,"key":"REST"},{"floor":40,"key":"REST"}],"circlet_count":0,"master_deck":["Strike_P","Strike_P","Strike_P","Strike_P","Defend_P","Defend_P","Defend_P","Defend_P","Eruption","Vigilance","EmptyFist","Noxious Fumes","Mayhem","ReplayTheSpireMod:Necrosis","Atom Bomb","Replay:Sssssssssstrike","Pot Of Greed","Pot Of Greed","CutThroughFate","Enlightenment","Replay:Poison Smokescreen","Poisoned Stab","Fluid Movement","Endless Agony","MasterReality+1","Pot Of Greed","PiercingWail","PiercingWail","FollowUp","Underhanded Strike","Corpse Explosion","Prostrate+1","Looming Evil","Deadly Poison","infinitespire:Punishment","Wallop+1","Backstab","hubris:NaturalOne","Pot Of Greed","Bullet Time","CutThroughFate","conspire:PoisonWeapons","conspire:PoisonWeapons","HandOfGreed","Secret Technique","Panache","Envenom","hubris:Despair","Writhe","ReplayTheSpireMod:IOU","Slice","Pot Of Greed","CutThroughFate","Protect","Hidden Blade","Hidden Blade","aspiration:Lunge+1","Outmaneuver","Deflect","Leg Sweep+1","infinitespire:Neurotoxin"],"relics":["PureWater","aspiration:DSix","ReplayTheSpireMod:CursedCoin","Strange Spoon","conspire:DecoderRing","Blue Doll","Grinning Jar","Replay:Mystery Machine","MerchantsRug","Boot","Snack Pack","conspire:SpecialSausage","hubris:Icosahedron","ReplayTheSpireMod:Ring of Challenge","Ring of Peace","conspire:TopHat","StrikeDummy","hubris:TenFootPole","Replay:Bottled Snecko","StoneCalendar","Replay:Bottled Steam","infinitespire:EmpoweringShard","ReplayTheSpireMod:ShopPack","Replay:Ancient Bell","Gremlin Food","aspiration:FrozenJewel","Durian","conspire:Boomerang","Omamori"],"acts_visited":["Exordium","TheCity","TheBeyond"],"potions_floor_usage":[5,6,8,11,18,25,29,33,35,41,41,44,45],"damage_taken":[{"damage":5,"enemies":"Small Slimes","floor":1,"turns":4},{"damage":15,"enemies":"2 Louse","floor":3,"turns":5},{"damage":0,"enemies":"conspire:RoseBush","floor":5,"turns":3},{"damage":1,"enemies":"Blue Slaver","floor":6,"turns":3},{"damage":29,"enemies":"Gremlin Nob","floor":7,"turns":4},{"damage":9,"enemies":"3 Louse","floor":8,"turns":3},{"damage":11,"enemies":"Large Slime","floor":11,"turns":5},{"damage":20,"enemies":"Lots of Slimes","floor":14,"turns":5},{"damage":28,"enemies":"Slime Boss","floor":16,"turns":10},{"damage":51,"enemies":"Spheric Guardian","floor":18,"turns":6},{"damage":9,"enemies":"2 Thieves","floor":21,"turns":4},{"damage":0,"enemies":"Gremlin Leader","floor":25,"turns":6},{"damage":0,"enemies":"conspire:HollyBat","floor":27,"turns":7},{"damage":0,"enemies":"Colosseum Slavers","floor":29,"turns":4},{"damage":5,"enemies":"Colosseum Nobs","floor":29,"turns":5},{"damage":3,"enemies":"Cultist and Chosen","floor":30,"turns":5},{"damage":0,"enemies":"conspire:MysteriousRune","floor":33,"turns":7},{"damage":3,"enemies":"3 Shapes","floor":35,"turns":2},{"damage":9,"enemies":"3 Darklings","floor":36,"turns":5},{"damage":0,"enemies":"Jaw Worm Horde","floor":38,"turns":4},{"damage":20,"enemies":"R_Hoarder","floor":41,"turns":7},{"damage":32,"enemies":"Transient","floor":44,"turns":5},{"damage":18,"enemies":"infinitespire:Three Voidlings","floor":45,"turns":5},{"damage":29,"enemies":"Nightmare_Alpha","floor":45,"turns":6}],"seed_played":"-551933171069321123","potions_obtained":[{"floor":3,"key":"BlessingOfTheForge"},{"floor":6,"key":"SteroidPotion"},{"floor":14,"key":"SpeedPotion"},{"floor":16,"key":"Strength Potion"},{"floor":18,"key":"Languid Potion"},{"floor":21,"key":"Toxic Potion"},{"floor":29,"key":"Dexterity Potion"},{"floor":30,"key":"Dexterity Potion"},{"floor":36,"key":"Explosive Potion"},{"floor":38,"key":"BottledMiracle"},{"floor":41,"key":"Fire Potion"}],"is_trial":false,"path_per_floor":["M","$","M","?","M","M","E","M","T","R","M","R","$","M","R","B",null,"M","?","?","M","AVR","R","T","E","T","M","R","?","M","$","R","B",null,"M","M","AVR","M","$","R","E","$","T","M","?"],"character_chosen":"WATCHER","items_purchased":["ReplayTheSpireMod:CursedCoin","Strange Spoon","conspire:DecoderRing","Noxious Fumes","Mayhem","ReplayTheSpireMod:Necrosis","Atom Bomb","Replay:Sssssssssstrike","Blue Doll","Grinning Jar","Replay:Mystery Machine","LifebloodPotion","BottledMiracle","MerchantsRug","PiercingWail","FollowUp","infinitespire:EmpoweringShard","ReplayTheSpireMod:ShopPack","conspire:PoisonWeapons","Hidden Blade","aspiration:Lunge+1","Outmaneuver","Leg Sweep+1"],"campfire_rested":7,"item_purchase_floors":[2,2,2,2,2,2,2,2,2,2,2,2,2,2,13,13,31,31,31,39,39,39,42],"current_hp_per_floor":[67,67,52,58,58,57,28,19,19,42,33,56,56,40,63,41,78,27,27,27,20,20,43,43,45,45,47,70,69,70,70,78,78,83,80,73,73,75,75,83,63,63,63,31,0,0],"gold":78,"neow_bonus":"","is_daily":true,"chose_seed":false,"campfire_upgraded":0,"win_rate":0.0,"timestamp":1607724766,"path_taken":["M","$","M","?","M","M","E","M","T","R","M","R","$","M","R","BOSS","M","?","?","M","AVR","R","?","?","T","?","R","?","M","?","R","BOSS","M","M","AVR","M","$","R","E","?","T","M","?"],"items_purchased_type":["Relic","Relic","Relic","Card","Card","Card","Card","Card","Relic","Relic","Relic","Potion","Potion","Relic","Card","Card","Relic","Relic","Card","Card","Undefined","Card","Undefined"],"build_version":"2020-11-30","purchased_purges":1,"victory":false,"max_hp_per_floor":[72,72,72,78,78,78,78,78,78,78,78,78,78,78,78,78,78,78,78,78,78,78,78,78,78,78,78,78,78,78,78,78,78,83,83,83,83,83,83,83,83,83,83,83,83,83],"card_choices":[{"not_picked":["Replay:BluntJabs","EmptyBody"],"picked":"EmptyFist","floor":1},{"not_picked":["Replay:ManipulateFuture","Vault"],"picked":"CutThroughFate","floor":3},{"not_picked":["Halt","Replay:Hum"],"picked":"Replay:Poison Smokescreen","floor":5},{"not_picked":["Dodge and Roll","JustLucky"],"picked":"Poisoned Stab","floor":6},{"not_picked":["Calculated Gamble","Blade Dance"],"picked":"Fluid Movement","floor":7},{"not_picked":["Bouncing Flask","hubris:Sniper"],"picked":"Endless Agony","floor":8},{"not_picked":["FlyingSleeves","SashWhip"],"picked":"MasterReality","floor":11},{"not_picked":["Flechettes","ThirdEye"],"picked":"Underhanded Strike","floor":14},{"not_picked":["Replay:LoomingThreat","ConjureBlade"],"picked":"Corpse Explosion","floor":16},{"not_picked":["PathToVictory+1","FollowUp"],"picked":"Prostrate+1","floor":18},{"not_picked":["Sucker Punch","Sanctity"],"picked":"Deadly Poison","floor":21},{"not_picked":["WaveOfTheHand","Blade Dance"],"picked":"Wallop+1","floor":25},{"not_picked":["Dagger Spray","PiercingWail"],"picked":"Backstab","floor":27},{"not_picked":["Poisoned Stab","Prostrate"],"picked":"Bullet Time","floor":29},{"not_picked":["Outmaneuver","Sucker Punch"],"picked":"CutThroughFate","floor":30},{"not_picked":["Thinking Ahead","Mayhem"],"picked":"HandOfGreed","floor":31},{"not_picked":["hubris:EnhanceAbility","Forethought"],"picked":"Secret Technique","floor":31},{"not_picked":["hubris:Ssssneak","Replay:Bootleg Shield Generator"],"picked":"Panache","floor":31},{"not_picked":["Glass Knife","Blasphemy"],"picked":"Envenom","floor":33},{"not_picked":["infinitespire:Pacifist","Replay:Hysterical Blindness"],"picked":"hubris:Despair","floor":34},{"not_picked":["Delirium","Amnesia"],"picked":"Writhe","floor":34},{"not_picked":["hubris:Wrath","Normality"],"picked":"ReplayTheSpireMod:IOU","floor":34},{"not_picked":["FollowUp+1","FearNoEvil"],"picked":"Slice","floor":35},{"not_picked":["Collect","Quick Slash"],"picked":"CutThroughFate","floor":36},{"not_picked":["Replay:BluntJabs+1","Acrobatics"],"picked":"Protect","floor":38},{"not_picked":["JustLucky","Adaptation+1"],"picked":"Deflect","floor":41},{"not_picked":["DeceiveReality","Protect"],"picked":"infinitespire:Neurotoxin","floor":44}],"player_experience":2250045,"relics_obtained":[{"floor":7,"key":"Boot"},{"floor":9,"key":"Snack Pack"},{"floor":20,"key":"ReplayTheSpireMod:Ring of Challenge"},{"floor":20,"key":"Ring of Peace"},{"floor":24,"key":"StrikeDummy"},{"floor":25,"key":"hubris:TenFootPole"},{"floor":26,"key":"Replay:Bottled Snecko"},{"floor":29,"key":"StoneCalendar"},{"floor":29,"key":"Replay:Bottled Steam"},{"floor":41,"key":"conspire:Boomerang"},{"floor":43,"key":"Omamori"}],"event_choices":[{"damage_healed":0,"gold_gain":0,"player_choice":"RENOUNCE","damage_taken":18,"max_hp_gain":0,"max_hp_loss":0,"event_name":"betterThird:BetterSerpent","floor":4,"gold_loss":18,"cards_obtained":["Enlightenment"]},{"damage_healed":0,"gold_gain":0,"player_choice":"Fight","damage_taken":0,"max_hp_gain":0,"max_hp_loss":0,"event_name":"Colosseum","floor":29,"gold_loss":0},{"damage_healed":0,"gold_gain":0,"player_choice":"Fought Nobs","damage_taken":0,"max_hp_gain":0,"max_hp_loss":0,"event_name":"Colosseum","floor":29,"gold_loss":0}],"is_beta":false,"boss_relics":[{"not_picked":["VioletLotus","hubris:GrandSneckoEye"],"picked":"conspire:SpecialSausage"},{"not_picked":["Busted Crown","hubris:CrackedHourglass"],"picked":"Replay:Ancient Bell"},{"not_picked":["infinitespire:Lucky Rock","MealTicket"],"picked":"Gremlin Food"},{"not_picked":["infinitespire:BottledMercury","White Beast Statue"],"picked":"aspiration:FrozenJewel"},{"not_picked":["Replay:Towering Pillar of Hats","Old Coin"],"picked":"Durian"}],"items_purged_floors":[22],"is_endless":false,"potions_floor_spawned":[3,6,14,16,18,21,29,30,36,38,41],"killed_by":"Nightmare_Alpha","ascension_level":0}}