{"host":"j1scnswqkwb5ezp5","time":1607686440,"event":{"mods":["Act Like it!","BaseMod","Hallownest","Minty Spire (QoL Compilation)","StSLib","The Bug Knight"],"gold_per_floor":[117,117,42,42,52,52,85,85,85,119,150,175,187,199,211,328,340,372,84,84,39,39,69,89,89,89,102,136,190,190,221,221,316,366,376,394,309,7,7,7,33,33,56,56,56,56,56,66,66,170],"floor_reached":51,"playtime":3347,"items_purged":[],"score":1058,"play_id":"cba70de8-d9a9-42a4-a875-4f187787e3ae","local_time":"20201211193400","is_ascension_mode":true,"campfire_choices":[{"data":"HollowMod:LifebloodCocoon","floor":6.0,"key":"SMITH"},{"data":"HollowMod:FocusHealStart","floor":13.0,"key":"SMITH"},{"data":"HollowMod:HeavyBlow","floor":15.0,"key":"SMITH"},{"data":"HollowMod:ChannelNail","floor":25,"key":"SMITH"},{"data":"HollowMod:SlysStrikes","floor":32,"key":"SMITH"},{"data":"HollowMod:SoulSplash","floor":40,"key":"SMITH"},{"data":"HollowMod:AwokenDreamNail","floor":44,"key":"SMITH"},{"data":"HollowMod:DashSlash","floor":46,"key":"SMITH"},{"data":"HollowMod:CloakDash","floor":49,"key":"SMITH"}],"circlet_count":0,"master_deck":["HollowMod:NailStrikeStart","HollowMod:NailStrikeStart","HollowMod:NailStrikeStart","HollowMod:NailStrikeStart","HollowMod:QuickDashStart+1","HollowMod:QuickDashStart","HollowMod:QuickDashStart","HollowMod:QuickDashStart","HollowMod:FocusHealStart+1","HollowMod:PogoStrike","HollowMod:HeavyBlow+1","HollowMod:LifebloodCocoon+1","HollowMod:CloakDash+1","HollowMod:DashSlash+1","HollowMod:SoulSplash+1","HollowMod:FallenFury","HollowMod:AwokenDreamNail+1","HollowMod:MantisMark+1","HollowMod:ChannelNail+1","HollowMod:FallenFury+1","HollowMod:FallenFury","HollowMod:SlysStrikes+1","HollowMod:LifebloodCocoon+1","HollowMod:SharpenedNail","HollowMod:HeavyBlow","Hallownest:skillKingdomsEdgeMap","HollowMod:SharpenedNail+1","HollowMod:SoulSplash"],"relics":["HollowMod:VesselMask","NeowsBlessing","Hallownest:TeacherSealRelic","Gambling Chip","Eternal Feather","MawBank","Philosopher\u0027s Stone","Boot","Lee\u0027s Waffle","Mummified Hand","Bottled Lightning","Gremlin Horn","Sundial","Tiny House","HollowMod:MillibellesNoteRelic","Toy Ornithopter","Shuriken","Bag of Preparation"],"acts_visited":["Hallownest:Greenpath","Hallownest:CityofTears","Hallownest:KingdomsEdge"],"potions_floor_usage":[16,23,50,50],"damage_taken":[{"damage":0.0,"enemies":"Hallownest:monsterHuskGuard","floor":1.0,"turns":1.0},{"damage":0.0,"enemies":"Hallownest:2_MossCreeps","floor":5.0,"turns":1.0},{"damage":1.0,"enemies":"Hallownest:eliteVengeflyKing","floor":7.0,"turns":1.0},{"damage":36.0,"enemies":"Hallownest:eliteMossKnight","floor":10.0,"turns":9.0},{"damage":0.0,"enemies":"Hallownest:monsterHuskWarrior","floor":11.0,"turns":4.0},{"damage":0.0,"enemies":"Hallownest:monsterFoolEater","floor":12.0,"turns":4.0},{"damage":77,"enemies":"Hallownest:BossHornet","floor":16,"turns":16},{"damage":2,"enemies":"Hallownest:Guard_and_Sentry","floor":18,"turns":7},{"damage":22,"enemies":"Hallownest:eliteWatcherKnight","floor":23,"turns":11},{"damage":0,"enemies":"Hallownest:3_Youths","floor":24,"turns":8},{"damage":13,"enemies":"Hallownest:2_Husk_Sentries","floor":27,"turns":5},{"damage":18,"enemies":"Hallownest:eliteSoulWarrior","floor":28,"turns":6},{"damage":12,"enemies":"Hallownest:Glutton_and_Coward","floor":29,"turns":3},{"damage":18,"enemies":"Hallownest:eliteWatcherKnight","floor":31,"turns":10},{"damage":6,"enemies":"Hallownest:BossGrimm","floor":33,"turns":8},{"damage":9,"enemies":"Hallownest:3_Siblings","floor":35,"turns":6},{"damage":17,"enemies":"Hallownest:Shield_Heavy","floor":36,"turns":6},{"damage":24,"enemies":"Hallownest:eliteHiveKnight","floor":41,"turns":7},{"damage":0,"enemies":"Hallownest:Shield_Sturdy","floor":48,"turns":3},{"damage":114,"enemies":"Hallownest:BossHollowKnight","floor":50,"turns":10}],"seed_played":"-1177613606951990019","potions_obtained":[{"floor":5.0,"key":"FearPotion"},{"floor":11.0,"key":"FairyPotion"},{"floor":12.0,"key":"Block Potion"},{"floor":16,"key":"ColorlessPotion"},{"floor":23,"key":"LiquidMemories"},{"floor":27,"key":"Strength Potion"},{"floor":29,"key":"PowerPotion"},{"floor":34,"key":"DistilledChaos"}],"is_trial":false,"path_per_floor":["M","?","?","?","M","R","E","$","T","E","M","M","R","?","R","B",null,"M","$","?","?","$","E","M","R","T","M","E","M","?","E","R","B",null,"M","M","?","$","?","R","E","?","T","R","?","R","?","M","R","B",null],"character_chosen":"THE_BUGKNIGHT","items_purchased":["Boot","Lee\u0027s Waffle","HollowMod:MillibellesNoteRelic","Toy Ornithopter"],"campfire_rested":0,"item_purchase_floors":[19,19,38,38],"current_hp_per_floor":[68,59,64,64,64,64,63,63,63,37,47,53,62,62,71,4,61,69,87,87,93,93,71,83,93,93,86,78,72,72,64,76,76,94,91,84,84,84,98,98,86,86,86,98,98,98,93,93,93,19],"gold":170,"neow_bonus":"THREE_ENEMY_KILL","is_daily":false,"chose_seed":false,"campfire_upgraded":9,"win_rate":0.0,"timestamp":1607686440,"path_taken":["M","?","?","?","M","R","E","?","T","E","M","M","R","?","R","BOSS","M","$","?","?","?","E","M","R","T","?","E","M","?","E","R","BOSS","M","M","?","$","?","R","E","?","T","R","?","R","?","?","R","BOSS"],"items_purchased_type":["Relic","Relic","Relic","Relic"],"build_version":"2020-11-30","purchased_purges":0,"victory":true,"max_hp_per_floor":[75,75,80,80,80,80,80,80,80,80,80,80,80,80,80,80,80,80,87,87,93,93,93,93,93,93,93,93,93,93,93,93,93,98,98,98,98,98,98,98,98,98,98,98,98,98,93,93,93,93],"card_choices":[{"not_picked":["HollowMod:InfectedCysts","HollowMod:HowlingWraiths"],"picked":"HollowMod:HeavyBlow","floor":1.0},{"not_picked":["HollowMod:GoodIntentions","HollowMod:DungDefenderAura"],"picked":"HollowMod:LifebloodCocoon","floor":5.0},{"not_picked":["HollowMod:DescendingDark","HollowMod:DreamGate"],"picked":"HollowMod:CloakDash","floor":7.0},{"not_picked":["HollowMod:HerrahsAnger","HollowMod:SoulVessel"],"picked":"HollowMod:DashSlash","floor":10.0},{"not_picked":["HollowMod:CoiledNail","HollowMod:SoulStrike"],"picked":"HollowMod:SoulSplash","floor":11.0},{"not_picked":["HollowMod:LuriensSpire","HollowMod:RecoilStrike"],"picked":"HollowMod:FallenFury","floor":12.0},{"not_picked":["HollowMod:Weaversong","HollowMod:HornetsHelp"],"picked":"HollowMod:AwokenDreamNail","floor":16},{"not_picked":["HollowMod:GoodIntentions+1","HollowMod:VengefulVoid"],"picked":"HollowMod:MantisMark+1","floor":18},{"not_picked":["HollowMod:MonarchWings","HollowMod:HowlingWraiths+1"],"picked":"HollowMod:ChannelNail","floor":23},{"not_picked":["HollowMod:CrystalDash","HollowMod:VengefulVoid"],"picked":"HollowMod:FallenFury+1","floor":24},{"not_picked":["HollowMod:InfectionAssault","HollowMod:DescendingDark"],"picked":"HollowMod:FallenFury","floor":27},{"not_picked":["HollowMod:MidwifesHunger","HollowMod:CrystalDash"],"picked":"HollowMod:SlysStrikes","floor":28},{"not_picked":["HollowMod:WraithStrike","HollowMod:VengefulSpirit"],"picked":"HollowMod:LifebloodCocoon+1","floor":29},{"not_picked":["HollowMod:ChannelNail","HollowMod:BrokenVessel"],"picked":"HollowMod:SharpenedNail","floor":31},{"not_picked":["HollowMod:DoubleDash","HollowMod:VengefulVoid+1"],"picked":"HollowMod:HeavyBlow","floor":34},{"not_picked":["HollowMod:HeavyBlow","HollowMod:TaintedHusks+1","HollowMod:BrokenVessel"],"picked":"SKIP","floor":35},{"not_picked":["HollowMod:BrokenVessel+1","HollowMod:InfectedCysts","HollowMod:DescendingDark+1"],"picked":"SKIP","floor":36},{"not_picked":["HollowMod:HeavyBlow+1","HollowMod:AwokenDreamNail"],"picked":"HollowMod:SharpenedNail+1","floor":41},{"not_picked":["HollowMod:BlackTendrils","HollowMod:HeavyBlow"],"picked":"HollowMod:SoulSplash","floor":48}],"player_experience":270271,"relics_obtained":[{"floor":7.0,"key":"Gambling Chip"},{"floor":9.0,"key":"Eternal Feather"},{"floor":10.0,"key":"MawBank"},{"floor":23,"key":"Mummified Hand"},{"floor":26,"key":"Bottled Lightning"},{"floor":28,"key":"Gremlin Horn"},{"floor":31,"key":"Sundial"},{"floor":41,"key":"Shuriken"},{"floor":43,"key":"Bag of Preparation"}],"event_choices":[],"is_beta":false,"boss_relics":[{"not_picked":["Velvet Choker","Ectoplasm"],"picked":"Philosopher\u0027s Stone"},{"not_picked":["Runic Pyramid","Busted Crown"],"picked":"Tiny House"}],"items_purged_floors":[],"is_endless":false,"potions_floor_spawned":[5,11,12,16,23,27,28,29,41,48],"ascension_level":9}}