{"host":"u2dm6glrpyjr66v9","time":1607669268,"event":{"mods":["AchievementEnabler","BaseMod","CapriCore","Colored Map","Colored Powertips","DeckTracker","Friendly Minions","Minty Spire (QoL Compilation)","Quick Restart","StSLib","SuperFastMode","The Immortal"],"gold_per_floor":[109,184,184,2,21,55,74,74,74,74,103,103,123,143,143,240,290,301,251,62,62,62,96,96,120,146,146,162,162,43,63,63,160,160,172,172,0,17,17,17,17,29,56,76,127,154,204,224,224,224,224,224,83,113,113],"floor_reached":56,"playtime":1769,"items_purged":[],"score":1301,"play_id":"32329911-b87f-4419-92d4-fa49348b77dd","local_time":"20201211154748","is_ascension_mode":false,"campfire_choices":[{"floor":8,"key":"REST"},{"data":"Loop","floor":12,"key":"SMITH"},{"floor":15,"key":"REST"},{"floor":24,"key":"REST"},{"floor":27,"key":"RECALL"},{"floor":32,"key":"REST"},{"data":"Electrodynamics","floor":41,"key":"SMITH"},{"floor":49,"key":"REST"},{"data":"Loop","floor":52,"key":"SMITH"}],"circlet_count":0,"master_deck":["Strike_B+1","Strike_B+1","Strike_B+1","Defend_B+1","Defend_B+1","Defend_B+1","Defend_B+1","Zap","Dualcast","Ball Lightning","Static Discharge","Genetic Algorithm+1","Lockon","Storm+1","Barrage","Loop+1","Streamline","Lockon","Ball Lightning+1","Electrodynamics+1","Tempest","Loop","White Noise","Static Discharge","Defragment","Machine Learning","BootSequence","White Noise","Electrodynamics","Core Surge","Madness","Madness","Ball Lightning+1","Loop+1","Heatsinks","Beam Cell","Redo","Redo"],"relics":["Cracked Core","The Courier","Dream Catcher","War Paint","Matryoshka","Lantern","Tiny House","PreservedInsect","Whetstone","Nunchaku","Blood Vial","Omamori","Anchor","Calling Bell","Bag of Preparation","Gremlin Horn","Girya","Red Mask","Meat on the Bone","Oddly Smooth Stone","Bird Faced Urn","Lizard Tail","Incense Burner","Centennial Puzzle","Strawberry"],"acts_visited":["Exordium","TheCity","TheBeyond","TheEnding"],"potions_floor_usage":[6,16,16,23,33,45,48,50,50,55],"damage_taken":[{"damage":0,"enemies":"Cultist","floor":1,"turns":4},{"damage":1,"enemies":"Jaw Worm","floor":5,"turns":3},{"damage":18,"enemies":"3 Sentries","floor":6,"turns":6},{"damage":8,"enemies":"2 Louse","floor":7,"turns":3},{"damage":9,"enemies":"Gremlin Nob","floor":11,"turns":3},{"damage":0,"enemies":"Looter","floor":13,"turns":2},{"damage":19,"enemies":"3 Louse","floor":14,"turns":3},{"damage":25,"enemies":"Hexaghost","floor":16,"turns":6},{"damage":35,"enemies":"2 Thieves","floor":18,"turns":3},{"damage":26,"enemies":"Gremlin Leader","floor":23,"turns":4},{"damage":14,"enemies":"Shell Parasite","floor":28,"turns":3},{"damage":0,"enemies":"Snake Plant","floor":31,"turns":3},{"damage":65,"enemies":"Automaton","floor":33,"turns":8},{"damage":15,"enemies":"3 Darklings","floor":35,"turns":4},{"damage":13,"enemies":"Orb Walker","floor":38,"turns":3},{"damage":29,"enemies":"4 Shapes","floor":42,"turns":3},{"damage":1,"enemies":"Sphere and 2 Shapes","floor":44,"turns":3},{"damage":0,"enemies":"2 Orb Walkers","floor":45,"turns":3},{"damage":45,"enemies":"Nemesis","floor":46,"turns":5},{"damage":0,"enemies":"Mind Bloom Boss Battle","floor":47,"turns":4},{"damage":60,"enemies":"Jaw Worm Horde","floor":48,"turns":4},{"damage":51,"enemies":"Time Eater","floor":50,"turns":8},{"damage":64,"enemies":"Shield and Spear","floor":54,"turns":4},{"damage":91,"enemies":"The Heart","floor":55,"turns":8}],"seed_played":"-1360964615344557145","potions_obtained":[{"floor":1,"key":"ColorlessPotion"},{"floor":5,"key":"Energy Potion"},{"floor":11,"key":"SkillPotion"},{"floor":13,"key":"BlessingOfTheForge"},{"floor":17,"key":"Regen Potion"},{"floor":18,"key":"SkillPotion"},{"floor":31,"key":"PotionOfCapacity"},{"floor":33,"key":"Strength Potion"},{"floor":44,"key":"LiquidMemories"},{"floor":45,"key":"FearPotion"},{"floor":47,"key":"Explosive Potion"},{"floor":54,"key":"Strength Potion"}],"is_trial":false,"path_per_floor":["M","?","?","$","M","E","M","R","T","?","E","R","M","M","R","B",null,"M","?","$","T","?","E","R","T","T","R","M","?","$","M","R","B",null,"M","?","?","M","?","T","R","M","T","M","?","E","?","M","R","B",null,"R","$","E","B",null],"character_chosen":"DEFECT","items_purchased":["Static Discharge","Dream Catcher","PreservedInsect","Loop","Machine Learning","BootSequence","Redo","Centennial Puzzle"],"campfire_rested":5,"item_purchase_floors":[4,4,20,20,30,30,53,53],"current_hp_per_floor":[82,71,68,68,67,49,41,65,65,65,56,56,56,37,61,36,87,52,52,52,52,52,35,61,61,61,61,49,49,49,51,77,14,87,72,72,72,61,50,50,50,35,35,48,50,37,51,23,49,36,87,87,87,48,55],"gold":113,"neow_bonus":"TEN_PERCENT_HP_BONUS","is_daily":false,"chose_seed":false,"campfire_upgraded":3,"win_rate":0.0,"timestamp":1607669268,"path_taken":["M","?","?","?","M","E","?","R","T","?","E","R","M","M","R","BOSS","M","?","$","?","?","E","R","?","T","R","M","?","?","M","R","BOSS","M","?","?","M","?","?","R","?","T","?","?","E","?","M","R","BOSS","R","$","E","BOSS"],"items_purchased_type":["Card","Relic","Relic","Card","Card","Card","Card","Relic"],"build_version":"2020-11-30","purchased_purges":0,"victory":true,"max_hp_per_floor":[82,82,82,82,82,82,82,82,82,82,82,82,82,82,82,82,87,87,87,87,87,87,87,87,87,87,87,87,87,87,87,87,87,87,87,87,87,87,87,87,87,87,87,87,87,87,87,87,87,87,87,87,87,94,94],"card_choices":[{"not_picked":["Sunder","Turbo"],"picked":"Ball Lightning","floor":1},{"not_picked":["Sweeping Beam","Coolheaded"],"picked":"Genetic Algorithm","floor":5},{"not_picked":["All For One","Consume"],"picked":"Lockon","floor":6},{"not_picked":["Capacitor","Coolheaded"],"picked":"Storm","floor":7},{"not_picked":["Gash","Rebound"],"picked":"Barrage","floor":8},{"not_picked":["Coolheaded","Leap"],"picked":"Loop","floor":11},{"not_picked":["Doom and Gloom","Gash"],"picked":"Streamline","floor":13},{"not_picked":["Cold Snap","Streamline"],"picked":"Lockon","floor":14},{"not_picked":["Genetic Algorithm","Heatsinks"],"picked":"Ball Lightning","floor":15},{"not_picked":["Creative AI","Machine Learning"],"picked":"Electrodynamics","floor":16},{"not_picked":["Darkness","Streamline"],"picked":"Tempest","floor":18},{"not_picked":["Leap","Compile Driver"],"picked":"White Noise","floor":23},{"not_picked":["Cold Snap+1","Compile Driver"],"picked":"Static Discharge","floor":24},{"not_picked":["Blizzard","Compile Driver","Melter+1"],"picked":"SKIP","floor":28},{"not_picked":["Rip and Tear","Gash+1"],"picked":"White Noise","floor":31},{"not_picked":["Machine Learning","Seek"],"picked":"Electrodynamics","floor":33},{"not_picked":["Leap","Go for the Eyes+1","Sweeping Beam"],"picked":"SKIP","floor":35},{"not_picked":["Turbo+1","Leap+1"],"picked":"Core Surge","floor":38},{"not_picked":["Sweeping Beam+1","Cold Snap+1"],"picked":"Ball Lightning+1","floor":42},{"not_picked":["Hello World","Streamline+1","Undo"],"picked":"SKIP","floor":44},{"not_picked":["Coolheaded","Gash+1"],"picked":"Loop","floor":46},{"not_picked":["Buffer","Tempest+1"],"picked":"Heatsinks","floor":47},{"not_picked":["Tempest+1","Melter","Doom and Gloom"],"picked":"SKIP","floor":48},{"not_picked":["Gash","Cold Snap+1"],"picked":"Beam Cell","floor":49},{"not_picked":["Stack+1","Glacier"],"picked":"Redo","floor":54}],"player_experience":43156,"relics_obtained":[{"floor":6,"key":"War Paint"},{"floor":9,"key":"Matryoshka"},{"floor":11,"key":"Lantern"},{"floor":21,"key":"Whetstone"},{"floor":23,"key":"Nunchaku"},{"floor":25,"key":"Blood Vial"},{"floor":25,"key":"Omamori"},{"floor":26,"key":"Anchor"},{"floor":34,"key":"Bag of Preparation"},{"floor":34,"key":"Gremlin Horn"},{"floor":34,"key":"Girya"},{"floor":40,"key":"Meat on the Bone"},{"floor":43,"key":"Oddly Smooth Stone"},{"floor":45,"key":"Bird Faced Urn"},{"floor":46,"key":"Lizard Tail"},{"floor":47,"key":"Incense Burner"},{"floor":54,"key":"Strawberry"}],"event_choices":[{"damage_healed":0,"gold_gain":75,"player_choice":"Gather Gold","damage_taken":11,"max_hp_gain":0,"max_hp_loss":0,"event_name":"World of Goop","floor":2,"gold_loss":0},{"damage_healed":0,"gold_gain":0,"player_choice":"Success","damage_taken":3,"relics_obtained":["The Courier"],"max_hp_gain":0,"max_hp_loss":0,"event_name":"Scrap Ooze","floor":3,"gold_loss":0},{"damage_healed":0,"gold_gain":0,"player_choice":"Forge","damage_taken":0,"max_hp_gain":0,"max_hp_loss":0,"event_name":"Accursed Blacksmith","floor":10,"gold_loss":0,"cards_upgraded":["Storm"]},{"damage_healed":0,"gold_gain":0,"player_choice":"Bet on Murderer","damage_taken":0,"max_hp_gain":0,"max_hp_loss":0,"event_name":"The Joust","floor":19,"gold_loss":50},{"damage_healed":0,"gold_gain":0,"player_choice":"Simplicity","damage_taken":0,"max_hp_gain":0,"max_hp_loss":0,"event_name":"Back to Basics","floor":22,"gold_loss":0,"cards_upgraded":["Strike_B","Strike_B","Defend_B","Defend_B","Defend_B"]},{"damage_healed":0,"gold_gain":0,"player_choice":"Read","damage_taken":0,"max_hp_gain":0,"max_hp_loss":0,"event_name":"The Library","floor":29,"gold_loss":0,"cards_obtained":["Defragment"]},{"cards_removed":["Strike_B"],"damage_healed":0,"gold_gain":0,"player_choice":"Removed Attack","damage_taken":0,"max_hp_gain":0,"max_hp_loss":0,"event_name":"Falling","floor":36,"gold_loss":0},{"damage_healed":0,"gold_gain":0,"player_choice":"Paid","damage_taken":0,"relics_obtained":["Red Mask"],"max_hp_gain":0,"max_hp_loss":0,"event_name":"Tomb of Lord Red Mask","floor":37,"gold_loss":172},{"damage_healed":0,"gold_gain":0,"player_choice":"Embrace Madness","damage_taken":11,"max_hp_gain":0,"max_hp_loss":0,"event_name":"Winding Halls","floor":39,"gold_loss":0,"cards_obtained":["Madness","Madness"]},{"damage_healed":0,"gold_gain":0,"player_choice":"Fight","damage_taken":0,"max_hp_gain":0,"max_hp_loss":0,"event_name":"Mysterious Sphere","floor":45,"gold_loss":0},{"damage_healed":0,"gold_gain":0,"player_choice":"Fight","damage_taken":0,"max_hp_gain":0,"max_hp_loss":0,"event_name":"MindBloom","floor":47,"gold_loss":0}],"is_beta":false,"boss_relics":[{"not_picked":["Busted Crown","Astrolabe"],"picked":"Tiny House"},{"not_picked":["Fusion Hammer","FrozenCore"],"picked":"Calling Bell"}],"items_purged_floors":[],"is_endless":false,"potions_floor_spawned":[1,5,11,13,18,31,33,44,45,46,47,54],"ascension_level":0}}