{"host":"mike","time":1607657609,"event":{"mods":["2.2 Compatiblity","AchievementEnabler","BaseMod","Dio Mod","Hermit","Highlight Path","Jorbs\u0027s Wanderer Trilogy","Minty Spire (QoL Compilation)","Random Character Button","Rare Cards Sparkle","Relic Stats","StSLib","The Bladedancer","The Cursed"],"gold_per_floor":[111,111,126,142,142,152,152,152,179,179,214,214,214,214,214,327,327,356,380,479,133,133,133,156,192,192,212,212,212,240,249,249,362,389,413,264,278,337,361,398,398,415,440,479,488,488,185,215,215,215,215,215,127,168,168],"floor_reached":56,"playtime":2688,"items_purged":["dioMod:Strike"],"score":1376,"play_id":"62133d07-8724-4bb9-b933-d390de36dbab","local_time":"20201210223329","is_ascension_mode":false,"campfire_choices":[{"data":"Bite","floor":7,"key":"SMITH"},{"data":"dioMod:VengefulMuda","floor":10,"key":"SMITH"},{"data":"dioMod:Minions","floor":13,"key":"SMITH"},{"data":"dioMod:DaggerToss","floor":15,"key":"SMITH"},{"data":"dioMod:Regeneration","floor":23,"key":"SMITH"},{"data":"dioMod:UltimateSacrifice","floor":28,"key":"SMITH"},{"data":"dioMod:TheWalk","floor":32,"key":"SMITH"},{"floor":41,"key":"RECALL"},{"data":"dioMod:SevenPageMuda","floor":49,"key":"SMITH"},{"data":"dioMod:Hiss","floor":52,"key":"SMITH"}],"circlet_count":0,"master_deck":["Bite+1","dioMod:Defend+1","dioMod:Defend+1","dioMod:DaggerToss+1","dioMod:VengefulMuda+1","dioMod:Minions+1","dioMod:UltimateSacrifice+1","dioMod:Muda","dioMod:Regeneration+1","dioMod:HeavyLifting+1","dioMod:ComboFever","dioMod:MudaMudaMuda+1","dioMod:Muda","dioMod:BloodTransfusion","dioMod:Freeze+1","dioMod:DaggerToss","dioMod:Muda","dioMod:TheWalk+1","dioMod:SevenPageMuda+1","dioMod:GoodbyeJojo+1","dioMod:VengefulMuda+1","dioMod:GoldVial+1","dioMod:DominatingPresence+1","dioMod:ComboFever+1","dioMod:CoffinBath","dioMod:DoubleTime+1","dioMod:Hiss+1","Violence","dioMod:SecretPlan","Dark Shackles","dioMod:Diversion+1"],"relics":["dioMod:VampireBlood","Lantern","CeramicFish","Bag of Marbles","Centennial Puzzle","Coffee Dripper","Strange Spoon","TungstenRod","Astrolabe","Medical Kit","CaptainsWheel","InkBottle","Bronze Scales","Omamori","Frozen Eye","Anchor","Thread and Needle","Bag of Preparation"],"acts_visited":["Exordium","TheCity","TheBeyond","TheEnding"],"potions_floor_usage":[55],"damage_taken":[{"damage":2,"enemies":"Small Slimes","floor":1,"turns":3},{"damage":6,"enemies":"Jaw Worm","floor":3,"turns":3},{"damage":9,"enemies":"2 Louse","floor":4,"turns":2},{"damage":30,"enemies":"Exordium Thugs","floor":6,"turns":6},{"damage":24,"enemies":"3 Sentries","floor":11,"turns":5},{"damage":46,"enemies":"The Guardian","floor":16,"turns":9},{"damage":16,"enemies":"2 Thieves","floor":18,"turns":3},{"damage":18,"enemies":"3 Byrds","floor":19,"turns":3},{"damage":12,"enemies":"Centurion and Healer","floor":24,"turns":2},{"damage":12,"enemies":"Gremlin Leader","floor":25,"turns":3},{"damage":19,"enemies":"Snecko","floor":27,"turns":3},{"damage":1,"enemies":"3 Cultists","floor":30,"turns":1},{"damage":1,"enemies":"Collector","floor":33,"turns":2},{"damage":0,"enemies":"Orb Walker","floor":35,"turns":1},{"damage":8,"enemies":"3 Shapes","floor":37,"turns":1},{"damage":1,"enemies":"Mind Bloom Boss Battle","floor":38,"turns":2},{"damage":26,"enemies":"Maw","floor":39,"turns":6},{"damage":10,"enemies":"Nemesis","floor":40,"turns":3},{"damage":17,"enemies":"Writhing Mass","floor":42,"turns":4},{"damage":0,"enemies":"Giant Head","floor":44,"turns":2},{"damage":8,"enemies":"Nemesis","floor":48,"turns":3},{"damage":98,"enemies":"Time Eater","floor":50,"turns":7},{"damage":0,"enemies":"Shield and Spear","floor":54,"turns":2},{"damage":54,"enemies":"The Heart","floor":55,"turns":6}],"seed_played":"-2837822734426147108","potions_obtained":[{"floor":1,"key":"SteroidPotion"},{"floor":3,"key":"Explosive Potion"},{"floor":16,"key":"AttackPotion"}],"is_trial":false,"path_per_floor":["M","?","M","M","$","M","R","?","T","R","E","?","R","?","R","B",null,"M","M","?","$","?","R","M","E","T","M","R","?","M","?","R","B",null,"M","$","M","?","M","E","R","M","T","E","?","?","$","E","R","B",null,"R","$","E","B",null],"character_chosen":"THE_DEFAULT","items_purchased":["dioMod:MudaMudaMuda","dioMod:Muda","Strange Spoon","Medical Kit","Frozen Eye","Anchor","dioMod:SecretPlan","Dark Shackles"],"campfire_rested":0,"item_purchase_floors":[21,21,21,36,47,47,47,53],"current_hp_per_floor":[75,68,69,68,68,46,46,51,51,51,42,39,39,39,39,5,80,80,80,80,80,80,80,78,80,80,80,80,80,80,80,80,80,80,80,80,80,80,80,80,80,80,80,80,80,80,80,80,80,8,80,80,80,80,64],"gold":168,"neow_bonus":"RANDOM_COMMON_RELIC","is_daily":false,"chose_seed":false,"campfire_upgraded":9,"win_rate":0.0,"timestamp":1607657609,"path_taken":["M","?","M","M","$","M","R","?","T","R","E","?","R","?","R","BOSS","M","M","?","$","?","R","M","E","T","M","R","?","M","?","R","BOSS","M","$","M","?","M","E","R","M","T","E","?","?","$","E","R","BOSS","R","$","E","BOSS"],"items_purchased_type":["Card","Card","Relic","Relic","Relic","Relic","Card","Card"],"build_version":"2020-12-07","purchased_purges":1,"victory":true,"max_hp_per_floor":[75,75,75,75,75,75,75,80,80,80,80,80,80,80,80,80,80,80,80,80,80,80,80,80,80,80,80,80,80,80,80,80,80,80,80,80,80,80,80,80,80,80,80,80,80,80,80,80,80,80,80,80,80,80,80],"relic_stats":{"Strange Spoon":[37],"Centennial Puzzle":[48],"counters":[24,82],"CeramicFish":216,"Astrolabe":["dioMod:GoodbyeJojo","dioMod:VengefulMuda","dioMod:GoldVial"],"Bronze Scales":[105],"Bag of Preparation":[2],"Medical Kit":[4],"obtain_stats":[{"Lantern":0,"CeramicFish":9,"Astrolabe":34,"Thread and Needle":48,"Omamori":44,"Bag of Preparation":54,"Medical Kit":36,"Strange Spoon":21,"Frozen Eye":47,"Centennial Puzzle":12,"CaptainsWheel":38,"Anchor":47,"dioMod:VampireBlood":0,"Bronze Scales":43,"Bag of Marbles":11,"Coffee Dripper":17,"TungstenRod":25,"InkBottle":40},{"Lantern":0,"CeramicFish":4,"Astrolabe":13,"Thread and Needle":21,"Omamori":20,"Bag of Preparation":23,"Medical Kit":14,"Strange Spoon":8,"Frozen Eye":20,"Centennial Puzzle":5,"CaptainsWheel":16,"Anchor":20,"dioMod:VampireBlood":0,"Bronze Scales":19,"Bag of Marbles":5,"Coffee Dripper":6,"TungstenRod":10,"InkBottle":18},{"Lantern":0,"CeramicFish":14,"Astrolabe":45,"Thread and Needle":67,"Omamori":64,"Bag of Preparation":76,"Medical Kit":46,"Strange Spoon":34,"Frozen Eye":64,"Centennial Puzzle":19,"CaptainsWheel":49,"Anchor":64,"dioMod:VampireBlood":0,"Bronze Scales":62,"Bag of Marbles":19,"Coffee Dripper":28,"TungstenRod":39,"InkBottle":58}],"TungstenRod":79,"InkBottle":[14]},"card_choices":[{"not_picked":["dioMod:DisarmingVoice","dioMod:TripleThreat"],"picked":"dioMod:DaggerToss","floor":1},{"not_picked":["dioMod:DoubleTime","dioMod:BloodShield"],"picked":"dioMod:VengefulMuda","floor":3},{"not_picked":["dioMod:TripleThreat","dioMod:ComboFever"],"picked":"dioMod:Minions","floor":4},{"not_picked":["dioMod:StreetSign","dioMod:CautiousMuda"],"picked":"dioMod:UltimateSacrifice","floor":6},{"not_picked":["dioMod:Donut","dioMod:BlendIn"],"picked":"dioMod:Muda","floor":11},{"not_picked":["dioMod:GoldVial","dioMod:ZaWarudo"],"picked":"dioMod:Regeneration","floor":16},{"not_picked":["dioMod:TripleThreat","dioMod:BlendIn+1"],"picked":"dioMod:HeavyLifting+1","floor":18},{"not_picked":["dioMod:DisarmingVoice","dioMod:DaggerSpree+1"],"picked":"dioMod:ComboFever","floor":19},{"not_picked":["dioMod:Donut","dioMod:CutDeep"],"picked":"dioMod:BloodTransfusion","floor":24},{"not_picked":["dioMod:WRYYY","dioMod:StreetSign+1"],"picked":"dioMod:Freeze+1","floor":25},{"not_picked":["dioMod:CautiousMuda","dioMod:ComposedMuda"],"picked":"dioMod:DaggerToss","floor":27},{"not_picked":["dioMod:SecretPlan+1","dioMod:DarkRebirth"],"picked":"dioMod:Muda","floor":30},{"not_picked":["dioMod:KonoDioDa","dioMod:Pluck"],"picked":"dioMod:SevenPageMuda","floor":33},{"not_picked":["dioMod:BloodSuck+1","dioMod:BloodSplash"],"picked":"dioMod:DominatingPresence+1","floor":35},{"not_picked":["dioMod:CutDeep","dioMod:BlendIn","dioMod:VengefulMuda+1"],"picked":"SKIP","floor":37},{"not_picked":["dioMod:DarkRebirth","dioMod:FlyAway"],"picked":"dioMod:ComboFever+1","floor":38},{"not_picked":["dioMod:WRYYY","dioMod:DominatingPresence+1"],"picked":"dioMod:CoffinBath","floor":39},{"not_picked":["dioMod:ComboFever","dioMod:Roundabout"],"picked":"dioMod:DoubleTime+1","floor":40},{"not_picked":["dioMod:Freeze+1","dioMod:LaserVision+1","dioMod:CautiousMuda+1"],"picked":"SKIP","floor":42},{"not_picked":["dioMod:DarkRebirth+1","dioMod:FlyAway"],"picked":"dioMod:Hiss","floor":44},{"not_picked":["Madness","Dramatic Entrance"],"picked":"Violence","floor":45},{"not_picked":["dioMod:DominatingPresence+1","dioMod:BlendIn+1","dioMod:DisarmingVoice"],"picked":"SKIP","floor":48},{"not_picked":["dioMod:Roundabout","dioMod:Minions"],"picked":"dioMod:Diversion+1","floor":54}],"player_experience":271664,"relics_obtained":[{"floor":9,"key":"CeramicFish"},{"floor":11,"key":"Bag of Marbles"},{"floor":25,"key":"TungstenRod"},{"floor":38,"key":"CaptainsWheel"},{"floor":40,"key":"InkBottle"},{"floor":43,"key":"Bronze Scales"},{"floor":44,"key":"Omamori"},{"floor":48,"key":"Thread and Needle"},{"floor":54,"key":"Bag of Preparation"}],"event_choices":[{"cards_removed":["dioMod:Strike"],"damage_healed":0,"gold_gain":0,"player_choice":"Card Removal","damage_taken":7,"max_hp_gain":0,"max_hp_loss":0,"event_name":"Golden Wing","floor":2,"gold_loss":0},{"damage_healed":0,"gold_gain":0,"player_choice":"Donut","damage_taken":0,"max_hp_gain":5,"max_hp_loss":0,"event_name":"Big Fish","floor":8,"gold_loss":0},{"damage_healed":0,"gold_gain":0,"player_choice":"Success","damage_taken":3,"relics_obtained":["Centennial Puzzle"],"max_hp_gain":0,"max_hp_loss":0,"event_name":"Scrap Ooze","floor":12,"gold_loss":0},{"cards_removed":["dioMod:Strike"],"damage_healed":0,"gold_gain":0,"player_choice":"Purged","damage_taken":0,"max_hp_gain":0,"max_hp_loss":0,"event_name":"Purifier","floor":14,"gold_loss":0},{"damage_healed":0,"gold_gain":99,"player_choice":"Stole From Cult","damage_taken":0,"max_hp_gain":0,"max_hp_loss":0,"event_name":"Nest","floor":20,"gold_loss":0},{"damage_healed":0,"gold_gain":0,"player_choice":"Simplicity","damage_taken":0,"max_hp_gain":0,"max_hp_loss":0,"event_name":"Back to Basics","floor":22,"gold_loss":0,"cards_upgraded":["dioMod:Strike","dioMod:Defend","dioMod:Defend","dioMod:Defend","dioMod:Defend"]},{"damage_healed":0,"gold_gain":0,"player_choice":"Ignored","damage_taken":0,"max_hp_gain":0,"max_hp_loss":0,"event_name":"Vampires","floor":29,"gold_loss":0},{"damage_healed":0,"gold_gain":0,"player_choice":"Read","damage_taken":0,"max_hp_gain":0,"max_hp_loss":0,"event_name":"The Library","floor":31,"gold_loss":0,"cards_obtained":["dioMod:TheWalk"]},{"damage_healed":0,"gold_gain":0,"player_choice":"Fight","damage_taken":0,"max_hp_gain":0,"max_hp_loss":0,"event_name":"MindBloom","floor":38,"gold_loss":0},{"damage_healed":0,"gold_gain":0,"player_choice":"Memory 1","damage_taken":0,"max_hp_gain":0,"max_hp_loss":0,"event_name":"SensoryStone","floor":45,"gold_loss":0},{"damage_healed":0,"gold_gain":0,"player_choice":"Forge","damage_taken":0,"max_hp_gain":0,"max_hp_loss":0,"event_name":"Accursed Blacksmith","floor":46,"gold_loss":0,"cards_upgraded":["dioMod:MudaMudaMuda"]}],"is_beta":true,"boss_relics":[{"not_picked":["Tiny House","Runic Dome"],"picked":"Coffee Dripper"},{"not_picked":["Velvet Choker","Calling Bell"],"picked":"Astrolabe"}],"items_purged_floors":[21],"is_endless":false,"potions_floor_spawned":[1,3,16,18,25,30,35,39,42,54],"ascension_level":0}}