{"host":"f0gpob8hq9vgebej","time":1607663094,"event":{"mods":["AchievementEnabler","BaseMod","Googly Eyes","Minty Spire (QoL Compilation)","Quick Restart"],"gold_per_floor":[114,129,15,15,27,27,27,27,27,27,46,46,72,85,85,157,157,170,190,201,251,101,101,112,112,181,200,213,213,106,106,106,183,183,197,214,214,214,225,225,250,261,261,271,287,298,5,5,5,5],"floor_reached":51,"playtime":2365,"items_purged":["Strike_G","Strike_G","Defend_G"],"score":1301,"play_id":"0c211ae1-c4da-41c9-94c7-0a1bb7cc37a8","local_time":"20201211140454","is_ascension_mode":true,"campfire_choices":[{"data":"Tactician","floor":6.0,"key":"SMITH"},{"data":"Blade Dance","floor":8.0,"key":"SMITH"},{"data":"Neutralize","floor":12.0,"key":"SMITH"},{"data":"Accuracy","floor":15.0,"key":"SMITH"},{"data":"Adrenaline","floor":23.0,"key":"SMITH"},{"data":"Venomology","floor":25.0,"key":"SMITH"},{"data":"Footwork","floor":29.0,"key":"SMITH"},{"floor":32.0,"key":"REST"},{"data":"Accuracy","floor":40,"key":"SMITH"},{"data":"Terror","floor":49,"key":"SMITH"}],"circlet_count":0,"master_deck":["AscendersBane","Strike_G","Defend_G","Defend_G","Defend_G","Survivor","Neutralize+1","Cloak And Dagger","Backflip","Blade Dance+1","Tactician+1","PiercingWail","Accuracy+1","Adrenaline+1","Prepared","Escape Plan","Acrobatics","Venomology+1","Footwork+1","Bandage Up","Malaise","Accuracy+1","Terror+1"],"relics":["Ring of the Serpent","PreservedInsect","Anchor","Runic Pyramid","Ninja Scroll","Centennial Puzzle","Calipers","Kunai","PrismaticShard"],"acts_visited":["Exordium","TheCity","TheBeyond"],"potions_floor_usage":[41,42,44,50],"damage_taken":[{"damage":0.0,"enemies":"Small Slimes","floor":1.0,"turns":5.0},{"damage":0.0,"enemies":"2 Louse","floor":2.0,"turns":5.0},{"damage":0.0,"enemies":"Cultist","floor":5.0,"turns":4.0},{"damage":3.0,"enemies":"3 Louse","floor":11.0,"turns":6.0},{"damage":6.0,"enemies":"3 Sentries","floor":13.0,"turns":11.0},{"damage":0.0,"enemies":"Red Slaver","floor":14.0,"turns":4.0},{"damage":4.0,"enemies":"The Guardian","floor":16.0,"turns":13.0},{"damage":0.0,"enemies":"Spheric Guardian","floor":18.0,"turns":3.0},{"damage":0.0,"enemies":"Shell Parasite","floor":19.0,"turns":5.0},{"damage":8.0,"enemies":"Shelled Parasite and Fungi","floor":20.0,"turns":6.0},{"damage":30.0,"enemies":"Cultist and Chosen","floor":24.0,"turns":11.0},{"damage":0.0,"enemies":"Snecko","floor":27.0,"turns":5.0},{"damage":0.0,"enemies":"3 Cultists","floor":28.0,"turns":4.0},{"damage":0.0,"enemies":"Champ","floor":33.0,"turns":10.0},{"damage":0.0,"enemies":"3 Darklings","floor":35.0,"turns":4.0},{"damage":11.0,"enemies":"Orb Walker","floor":36.0,"turns":4.0},{"damage":2,"enemies":"Jaw Worm Horde","floor":39,"turns":4},{"damage":2,"enemies":"Mind Bloom Boss Battle","floor":41,"turns":4},{"damage":0,"enemies":"4 Shapes","floor":42,"turns":5},{"damage":0,"enemies":"Spire Growth","floor":44,"turns":3},{"damage":0,"enemies":"Transient","floor":45,"turns":6},{"damage":0,"enemies":"3 Darklings","floor":46,"turns":4},{"damage":14,"enemies":"Awakened One","floor":50,"turns":10}],"seed_played":"-2595423888105277530","potions_obtained":[{"floor":11.0,"key":"EssenceOfSteel"},{"floor":13.0,"key":"ColorlessPotion"},{"floor":14.0,"key":"Strength Potion"},{"floor":16.0,"key":"DistilledChaos"},{"floor":18.0,"key":"Explosive Potion"},{"floor":19.0,"key":"Dexterity Potion"},{"floor":27.0,"key":"ColorlessPotion"},{"floor":41,"key":"GhostInAJar"},{"floor":45,"key":"Strength Potion"}],"is_trial":false,"path_per_floor":["M","M","$","?","M","R","?","R","T","$","M","R","E","M","R","B",null,"M","M","M","?","$","R","M","R","T","M","M","R","$","?","R","B",null,"M","M","?","T","M","R","?","M","T","M","M","M","$","?","R","B",null],"character_chosen":"THE_SILENT","items_purchased":["Tactician","Acrobatics","Bandage Up","PrismaticShard"],"campfire_rested":1,"item_purchase_floors":[3,22,30,47],"current_hp_per_floor":[59,59,59,52,52,52,52,52,52,52,49,49,43,43,43,39,59,59,59,51,45,45,45,15,15,15,15,15,15,15,15,34,38,59,63,55,55,55,57,57,59,63,63,66,66,66,66,66,66,55],"gold":5,"neow_bonus":"TRANSFORM_CARD","is_daily":false,"chose_seed":false,"campfire_upgraded":9,"win_rate":0.0,"timestamp":1607663094,"path_taken":["M","M","$","?","M","R","?","R","T","$","?","R","E","M","R","BOSS","M","M","M","?","$","R","M","R","T","M","?","R","$","?","R","BOSS","M","M","?","?","M","R","?","M","T","M","M","M","$","?","R","BOSS"],"items_purchased_type":["Card","Card","Card","Relic"],"build_version":"2020-11-30","purchased_purges":3,"victory":true,"max_hp_per_floor":[66,66,66,66,66,66,66,66,66,66,66,66,66,66,66,66,66,66,66,66,66,66,66,66,66,66,66,66,66,66,66,66,66,66,66,66,66,66,66,66,66,66,66,66,66,66,66,66,66,66],"card_choices":[{"not_picked":["Flying Knee","PiercingWail"],"picked":"Backflip","floor":1.0},{"not_picked":["Leg Sweep","Poisoned Stab"],"picked":"Blade Dance","floor":2.0},{"not_picked":["Underhanded Strike","Poisoned Stab","Sucker Punch"],"picked":"SKIP","floor":5.0},{"not_picked":["Dagger Spray","Caltrops"],"picked":"PiercingWail","floor":11.0},{"not_picked":["Deadly Poison","Cloak And Dagger","Dagger Spray"],"picked":"SKIP","floor":13.0},{"not_picked":["Dagger Spray","Underhanded Strike"],"picked":"Accuracy","floor":14.0},{"not_picked":["Storm of Steel","Corpse Explosion"],"picked":"Adrenaline","floor":16.0},{"not_picked":["Masterful Stab","Well Laid Plans","Deadly Poison"],"picked":"SKIP","floor":18.0},{"not_picked":["Noxious Fumes+1","Quick Slash"],"picked":"Prepared","floor":19.0},{"not_picked":["Bane","Finisher"],"picked":"Escape Plan","floor":20.0},{"not_picked":["Slice","Heel Hook"],"picked":"Venomology","floor":24.0},{"not_picked":["Backstab","Dagger Throw"],"picked":"Footwork","floor":27.0},{"not_picked":["Sucker Punch+1","Distraction","Prepared"],"picked":"SKIP","floor":28.0},{"not_picked":["Bullet Time","Storm of Steel"],"picked":"Malaise","floor":33.0},{"not_picked":["Sucker Punch+1","Flechettes","Prepared"],"picked":"SKIP","floor":35.0},{"not_picked":["Acrobatics+1","Bane"],"picked":"Accuracy","floor":36.0},{"not_picked":["Deflect","Blade Dance"],"picked":"Terror","floor":39},{"not_picked":["Storm of Steel","Dagger Throw","Backflip"],"picked":"SKIP","floor":42},{"not_picked":["Poisoned Stab","Backstab","Distraction"],"picked":"SKIP","floor":44},{"not_picked":["Flying Knee+1","PiercingWail","Skewer"],"picked":"SKIP","floor":45},{"not_picked":["Slice+1","Quick Slash","Blade Dance"],"picked":"SKIP","floor":46}],"player_experience":119460,"relics_obtained":[{"floor":9.0,"key":"PreservedInsect"},{"floor":13.0,"key":"Anchor"},{"floor":26.0,"key":"Ninja Scroll"},{"floor":38.0,"key":"Centennial Puzzle"},{"floor":41,"key":"Calipers"},{"floor":43,"key":"Kunai"}],"event_choices":[{"cards_removed":["Defend_G"],"damage_healed":0.0,"max_hp_gain":0.0,"max_hp_loss":0.0,"gold_gain":0.0,"event_name":"Golden Wing","player_choice":"Card Removal","floor":4.0,"gold_loss":0.0,"damage_taken":7.0},{"cards_removed":["Strike_G"],"damage_healed":0.0,"max_hp_gain":0.0,"max_hp_loss":0.0,"gold_gain":0.0,"event_name":"Purifier","player_choice":"Purged","floor":7.0,"gold_loss":0.0,"damage_taken":0.0},{"damage_healed":0.0,"max_hp_gain":0.0,"max_hp_loss":0.0,"gold_gain":50.0,"event_name":"FaceTrader","player_choice":"Touch","floor":21.0,"gold_loss":0.0,"damage_taken":6.0},{"damage_healed":0.0,"max_hp_gain":0.0,"max_hp_loss":0.0,"gold_gain":0.0,"event_name":"Cursed Tome","player_choice":"Ignored","floor":31.0,"gold_loss":0.0,"damage_taken":0.0},{"damage_healed":0.0,"max_hp_gain":0.0,"max_hp_loss":0.0,"gold_gain":0.0,"event_name":"Tomb of Lord Red Mask","player_choice":"Ignored","floor":37.0,"gold_loss":0.0,"damage_taken":0.0},{"damage_healed":0,"gold_gain":0,"player_choice":"Fight","damage_taken":0,"max_hp_gain":0,"max_hp_loss":0,"event_name":"MindBloom","floor":41,"gold_loss":0},{"damage_healed":0,"gold_gain":0,"player_choice":"Ignored","damage_taken":0,"max_hp_gain":0,"max_hp_loss":0,"event_name":"SecretPortal","floor":48,"gold_loss":0}],"is_beta":false,"boss_relics":[{"not_picked":["SlaversCollar","Busted Crown"],"picked":"Runic Pyramid"},{"not_picked":["Sozu","Fusion Hammer"],"picked":"Ring of the Serpent"}],"items_purged_floors":[3,22,47],"is_endless":false,"potions_floor_spawned":[11,13,14,16,18,19,27,39,41,45],"ascension_level":17}}