{"host":"2qv44oxt58ptq59r","time":1607720226,"event":{"mods":["AchievementEnabler","BaseMod","Colored Powertips","Highlight Path","Minty Spire (QoL Compilation)","Permanent Neow","StSLib"],"gold_per_floor":[114,114,126,126,144,144,154,173,200,200,210,245,245,245,245,349,349,361,361,377,377,377,377],"floor_reached":22,"playtime":2941,"items_purged":[],"score":186,"play_id":"e13541ab-7756-4f6e-b954-3e984e11774c","local_time":"20201211205706","is_ascension_mode":false,"campfire_choices":[{"data":"Intimidate","floor":6.0,"key":"SMITH"},{"data":"Heavy Blade","floor":10.0,"key":"SMITH"},{"floor":15.0,"key":"REST"}],"circlet_count":0,"master_deck":["Bash","Disarm","Flex","Intimidate+1","Heavy Blade+1","Juggernaut","Shockwave","Rage","Demon Form","Perfected Strike","Corruption","Whirlwind","Immolate","Rupture","Juggernaut","Searing Blow","Rampage","Cleave+1","Wild Strike+1"],"relics":["Burning Blood","Bag of Marbles","Anchor","Potion Belt","Pandora\u0027s Box","Torii"],"acts_visited":["Exordium","TheCity"],"potions_floor_usage":[22],"damage_taken":[{"damage":0.0,"enemies":"Small Slimes","floor":1.0,"turns":5.0},{"damage":0.0,"enemies":"2 Louse","floor":3.0,"turns":2.0},{"damage":1.0,"enemies":"Jaw Worm","floor":5.0,"turns":3.0},{"damage":0.0,"enemies":"Large Slime","floor":7.0,"turns":6.0},{"damage":4.0,"enemies":"2 Fungi Beasts","floor":8.0,"turns":4.0},{"damage":3.0,"enemies":"3 Louse","floor":11.0,"turns":4.0},{"damage":40.0,"enemies":"Lagavulin","floor":12.0,"turns":7.0},{"damage":58.0,"enemies":"Slime Boss","floor":16.0,"turns":11.0},{"damage":57,"enemies":"Spheric Guardian","floor":18,"turns":6},{"damage":29,"enemies":"Shell Parasite","floor":20,"turns":7},{"damage":14,"enemies":"Shelled Parasite and Fungi","floor":22,"turns":3}],"seed_played":"-2917188620408574636","potions_obtained":[{"floor":1.0,"key":"Swift Potion"},{"floor":7.0,"key":"DuplicationPotion"},{"floor":11.0,"key":"FearPotion"},{"floor":12.0,"key":"DuplicationPotion"},{"floor":20,"key":"ElixirPotion"}],"is_trial":false,"path_per_floor":["M","?","M","?","M","R","M","M","T","R","M","E","?","?","R","B",null,"M","?","M","?","M"],"character_chosen":"IRONCLAD","items_purchased":[],"campfire_rested":1,"item_purchase_floors":[],"current_hp_per_floor":[88,85,88,88,88,88,88,88,88,88,88,54,47,47,73,21,88,37,37,14,14,0,0],"gold":377,"neow_bonus":"TEN_PERCENT_HP_BONUS","is_daily":false,"chose_seed":false,"campfire_upgraded":2,"win_rate":0.0,"timestamp":1607720226,"path_taken":["M","?","M","?","M","R","M","M","T","R","M","E","?","?","R","BOSS","M","?","M","?","M"],"items_purchased_type":[],"build_version":"2020-11-30","purchased_purges":0,"victory":false,"max_hp_per_floor":[88,88,88,88,88,88,88,88,88,88,88,88,88,88,88,88,88,88,88,88,88,88,88],"card_choices":[{"not_picked":["Armaments","Power Through"],"picked":"Disarm","floor":1.0},{"not_picked":["Armaments","Clothesline"],"picked":"Flex","floor":3.0},{"not_picked":["Clash","Rampage"],"picked":"Intimidate","floor":5.0},{"not_picked":["Anger","Headbutt"],"picked":"Heavy Blade","floor":7.0},{"not_picked":["Clothesline","Flex"],"picked":"Juggernaut","floor":8.0},{"not_picked":["Intimidate","Sentinel"],"picked":"Shockwave","floor":11.0},{"not_picked":["Rupture","Anger"],"picked":"Rage","floor":12.0},{"not_picked":["Berserk","Brutality"],"picked":"Demon Form","floor":16.0},{"not_picked":["Clash","Pummel"],"picked":"Cleave+1","floor":18},{"not_picked":["Burning Pact+1","Dual Wield"],"picked":"Wild Strike+1","floor":20}],"player_experience":4894805,"relics_obtained":[{"floor":12.0,"key":"Anchor"}],"event_choices":[{"damage_healed":0.0,"max_hp_gain":0.0,"max_hp_loss":0.0,"gold_gain":0.0,"event_name":"Scrap Ooze","player_choice":"Success","floor":2.0,"gold_loss":0.0,"damage_taken":3.0,"relics_obtained":["Bag of Marbles"]},{"damage_healed":0.0,"max_hp_gain":0.0,"max_hp_loss":0.0,"gold_gain":0.0,"event_name":"Liars Game","player_choice":"Ignored","floor":4.0,"gold_loss":0.0,"damage_taken":0.0},{"cards_removed":["Strike_R"],"damage_healed":0.0,"max_hp_gain":0.0,"max_hp_loss":0.0,"gold_gain":0.0,"event_name":"Golden Wing","player_choice":"Card Removal","floor":13.0,"gold_loss":0.0,"damage_taken":7.0},{"damage_healed":0.0,"max_hp_gain":0.0,"max_hp_loss":0.0,"gold_gain":0.0,"event_name":"Dead Adventurer","player_choice":"Searched \u00272\u0027 times","floor":14.0,"gold_loss":0.0,"damage_taken":0.0,"relics_obtained":["Potion Belt"]},{"damage_healed":0,"gold_gain":0,"player_choice":"Ignored","damage_taken":0,"max_hp_gain":0,"max_hp_loss":0,"event_name":"Beggar","floor":19,"gold_loss":0},{"damage_healed":0,"gold_gain":0,"player_choice":"Opened","damage_taken":0,"relics_obtained":["Torii"],"max_hp_gain":0,"max_hp_loss":0,"event_name":"The Mausoleum","floor":21,"gold_loss":0}],"is_beta":false,"boss_relics":[{"not_picked":["Fusion Hammer","Sozu"],"picked":"Pandora\u0027s Box"}],"items_purged_floors":[],"is_endless":false,"potions_floor_spawned":[1,7,11,12,20],"killed_by":"Shelled Parasite and Fungi","ascension_level":0}}