{"host":"sav7uxregyirlf69","time":1607669106,"event":{"mods":["AchievementEnabler","BaseMod","Colored Map","DeckTracker","Hermit","Keyboard Shortcuts","Minty Spire (QoL Compilation)","READ ME - Guardian Mod","StSLib","SuperFastMode"],"gold_per_floor":[114,114,129,129,144,144,159,159,159,174,174,189,189,219,219,319,319,334,433,348,8,8,38,38,38,38,53,83,83,113,143,143,243,243,258,258,158,8,0,0,30,30,55,85,85,85,115,130,130,130],"floor_reached":51,"playtime":1457,"items_purged":["Strike_G","Strike_G"],"score":955,"play_id":"c2334812-8412-49be-805d-29cf29428f48","local_time":"20201211154506","daily_mods":["Heirloom","Flight","DeadlyEvents"],"is_ascension_mode":false,"campfire_choices":[{"data":"Prepared","floor":6,"key":"SMITH"},{"data":"Reflex","floor":8,"key":"SMITH"},{"data":"Tactician","floor":11,"key":"SMITH"},{"data":"Neutralize","floor":15,"key":"SMITH"},{"data":"Apotheosis","floor":24,"key":"SMITH"},{"floor":25,"key":"DIG"},{"floor":29,"key":"DIG"},{"floor":32,"key":"DIG"},{"floor":40,"key":"DIG"},{"floor":42,"key":"DIG"},{"floor":46,"key":"DIG"},{"floor":49,"key":"DIG"}],"circlet_count":0,"master_deck":["Strike_G","Strike_G+1","Defend_G","Defend_G","Defend_G","Defend_G","Defend_G","Survivor","Neutralize+1","Prepared+1","Reflex+1","Predator+1","Tactician+1","Footwork+1","Apotheosis+1","Noxious Fumes+1","Corpse Explosion","Grand Finale","Backflip+1","Tactician","Blade Dance+1","Crippling Poison+1"],"relics":["Ring of the Serpent","Shovel","Matryoshka","Mummified Hand","Frozen Egg 2","Singing Bowl","Ornamental Fan","Bag of Marbles","Paper Crane","Unceasing Top","Turnip","Shuriken","Orichalcum","MealTicket","Akabeko","Dream Catcher","Anchor","SlaversCollar","TheAbacus","Red Mask","Bottled Flame","Whetstone","Smiling Mask","Lantern","Pen Nib","Bottled Lightning","Toxic Egg 2","Art of War","Ninja Scroll"],"acts_visited":["Exordium","TheCity","TheBeyond"],"potions_floor_usage":[14,28,28,31,50,50],"damage_taken":[{"damage":0,"enemies":"2 Louse","floor":1,"turns":3},{"damage":4,"enemies":"Small Slimes","floor":3,"turns":5},{"damage":3,"enemies":"Jaw Worm","floor":5,"turns":5},{"damage":4,"enemies":"Looter","floor":7,"turns":5},{"damage":11,"enemies":"3 Louse","floor":10,"turns":4},{"damage":0,"enemies":"Large Slime","floor":12,"turns":6},{"damage":14,"enemies":"Lagavulin","floor":14,"turns":10},{"damage":7,"enemies":"The Guardian","floor":16,"turns":15},{"damage":13,"enemies":"3 Byrds","floor":18,"turns":9},{"damage":4,"enemies":"Book of Stabbing","floor":23,"turns":7},{"damage":0,"enemies":"Chosen","floor":27,"turns":5},{"damage":28,"enemies":"Gremlin Leader","floor":28,"turns":8},{"damage":1,"enemies":"Book of Stabbing","floor":30,"turns":6},{"damage":9,"enemies":"Gremlin Leader","floor":31,"turns":8},{"damage":25,"enemies":"Automaton","floor":33,"turns":12},{"damage":1,"enemies":"Orb Walker","floor":35,"turns":4},{"damage":4,"enemies":"Giant Head","floor":41,"turns":10},{"damage":0,"enemies":"Nemesis","floor":44,"turns":7},{"damage":3,"enemies":"Giant Head","floor":47,"turns":8},{"damage":0,"enemies":"3 Darklings","floor":48,"turns":4},{"damage":5,"enemies":"Awakened One","floor":50,"turns":6}],"seed_played":"-551933171069321123","potions_obtained":[{"floor":7,"key":"Regen Potion"},{"floor":14,"key":"Fire Potion"},{"floor":16,"key":"Dexterity Potion"},{"floor":18,"key":"SteroidPotion"},{"floor":27,"key":"Regen Potion"},{"floor":33,"key":"GhostInAJar"},{"floor":41,"key":"FearPotion"},{"floor":44,"key":"FearPotion"}],"is_trial":false,"path_per_floor":["M","?","M","?","M","R","M","R","T","M","R","M","T","E","R","B",null,"M","?","?","$","?","E","R","R","T","M","E","R","E","E","R","B",null,"M","?","$","$","?","R","E","R","T","E","T","R","E","M","R","B",null],"character_chosen":"THE_SILENT","items_purchased":["Apotheosis","Noxious Fumes+1","TheAbacus"],"campfire_rested":0,"item_purchase_floors":[21,21,38],"current_hp_per_floor":[70,67,63,63,60,60,56,56,56,45,45,45,45,48,48,43,74,63,63,63,63,63,61,61,61,61,63,37,37,38,44,44,19,84,83,83,84,84,84,84,80,80,80,80,80,80,79,79,79,74],"gold":130,"neow_bonus":"","is_daily":true,"chose_seed":false,"campfire_upgraded":5,"win_rate":0.0,"timestamp":1607669106,"path_taken":["M","?","M","?","M","R","M","R","T","M","R","?","?","?","R","BOSS","M","?","?","$","?","E","R","R","T","?","E","R","E","?","R","BOSS","M","?","$","$","?","R","E","R","T","E","?","R","?","?","R","BOSS"],"items_purchased_type":["Card","Undefined","Relic"],"build_version":"2020-11-30","purchased_purges":2,"victory":true,"max_hp_per_floor":[70,70,70,70,70,70,70,70,70,70,70,70,70,72,72,74,74,76,76,76,76,76,78,78,78,78,80,82,82,84,84,84,84,84,84,84,84,84,84,84,84,84,84,84,84,84,86,86,86,86],"card_choices":[{"not_picked":["Prepared","Bane","Slice"],"picked":"SKIP","floor":1},{"not_picked":["Bane","Slice"],"picked":"Prepared","floor":1},{"not_picked":["Dagger Throw","Dodge and Roll"],"picked":"Reflex","floor":3},{"not_picked":["Masterful Stab","Leg Sweep","Terror"],"picked":"SKIP","floor":5},{"not_picked":["Outmaneuver","PiercingWail"],"picked":"Predator","floor":7},{"not_picked":["Bouncing Flask","Dagger Spray"],"picked":"Tactician","floor":10},{"not_picked":["Blur","Underhanded Strike"],"picked":"Footwork+1","floor":12},{"not_picked":["Catalyst","Dodge and Roll","Cloak And Dagger"],"picked":"Singing Bowl","floor":14},{"not_picked":["Phantasmal Killer","Storm of Steel","Wraith Form v2+1"],"picked":"Singing Bowl","floor":16},{"not_picked":["Prepared+1","Blade Dance","Bane+1"],"picked":"Singing Bowl","floor":18},{"not_picked":["Flying Knee","Endless Agony","Quick Slash"],"picked":"Singing Bowl","floor":23},{"not_picked":["Endless Agony","Cloak And Dagger","Dodge and Roll+1"],"picked":"Singing Bowl","floor":27},{"not_picked":["Sucker Punch","Eviscerate","Setup"],"picked":"Singing Bowl","floor":28},{"not_picked":["Riddle With Holes+1","Setup","Leg Sweep"],"picked":"Singing Bowl","floor":30},{"not_picked":["Flying Knee+1","Poisoned Stab"],"picked":"Corpse Explosion","floor":31},{"not_picked":["Glass Knife","Unload"],"picked":"Grand Finale","floor":33},{"not_picked":["Dagger Spray","Poisoned Stab"],"picked":"Backflip+1","floor":35},{"not_picked":["Deflect+1","Outmaneuver+1"],"picked":"Tactician","floor":41},{"not_picked":["Flechettes+1","Catalyst+1"],"picked":"Blade Dance+1","floor":44},{"not_picked":["Dagger Throw","Outmaneuver+1","Bouncing Flask+1"],"picked":"Singing Bowl","floor":47},{"not_picked":["Riddle With Holes","Caltrops+1"],"picked":"Crippling Poison+1","floor":48}],"player_experience":916736,"relics_obtained":[{"floor":9,"key":"Mummified Hand"},{"floor":9,"key":"Frozen Egg 2"},{"floor":13,"key":"Singing Bowl"},{"floor":13,"key":"Ornamental Fan"},{"floor":14,"key":"Bag of Marbles"},{"floor":23,"key":"Unceasing Top"},{"floor":25,"key":"Turnip"},{"floor":26,"key":"Shuriken"},{"floor":28,"key":"Orichalcum"},{"floor":29,"key":"MealTicket"},{"floor":30,"key":"Akabeko"},{"floor":31,"key":"Dream Catcher"},{"floor":32,"key":"Anchor"},{"floor":40,"key":"Bottled Flame"},{"floor":41,"key":"Whetstone"},{"floor":42,"key":"Smiling Mask"},{"floor":43,"key":"Lantern"},{"floor":44,"key":"Pen Nib"},{"floor":45,"key":"Bottled Lightning"},{"floor":46,"key":"Toxic Egg 2"},{"floor":47,"key":"Art of War"},{"floor":49,"key":"Ninja Scroll"}],"event_choices":[{"damage_healed":0,"gold_gain":0,"player_choice":"Success","damage_taken":3,"relics_obtained":["Matryoshka"],"max_hp_gain":0,"max_hp_loss":0,"event_name":"Scrap Ooze","floor":2,"gold_loss":0},{"damage_healed":0,"gold_gain":0,"player_choice":"Ignored","damage_taken":0,"max_hp_gain":0,"max_hp_loss":0,"event_name":"Liars Game","floor":4,"gold_loss":0},{"damage_healed":0,"gold_gain":99,"player_choice":"Stole From Cult","damage_taken":0,"max_hp_gain":0,"max_hp_loss":0,"event_name":"Nest","floor":19,"gold_loss":0},{"damage_healed":0,"gold_gain":0,"player_choice":"Obtained Relic","damage_taken":0,"relics_obtained":["Paper Crane"],"max_hp_gain":0,"max_hp_loss":0,"event_name":"Addict","floor":20,"gold_loss":85},{"damage_healed":0,"gold_gain":0,"player_choice":"Ignored","damage_taken":0,"max_hp_gain":0,"max_hp_loss":0,"event_name":"Ghosts","floor":22,"gold_loss":0},{"cards_removed":["Strike_G"],"damage_healed":0,"gold_gain":0,"player_choice":"Removed Attack","damage_taken":0,"max_hp_gain":0,"max_hp_loss":0,"event_name":"Falling","floor":36,"gold_loss":0},{"damage_healed":0,"gold_gain":0,"player_choice":"Paid","damage_taken":0,"relics_obtained":["Red Mask"],"max_hp_gain":0,"max_hp_loss":0,"event_name":"Tomb of Lord Red Mask","floor":39,"gold_loss":8}],"is_beta":false,"boss_relics":[{"not_picked":["SacredBark","Runic Dome"],"picked":"Ring of the Serpent"},{"not_picked":["Snecko Eye","Calling Bell"],"picked":"SlaversCollar"}],"items_purged_floors":[21,37],"is_endless":false,"potions_floor_spawned":[7,14,16,18,27,33,41,44],"ascension_level":0}}