{"host":"981nlwu0905dw1bz","time":1607687725,"event":{"mods":["BaseMod","DeckTracker","Minty Spire (QoL Compilation)","Rare Cards Sparkle","SuperFastMode"],"gold_per_floor":[116,116,216,227,242,242,256,266,289,289,289,289,316,316,316,415,415,433,433,433,446,456,456,456,456,456,468,468,6,24,39,39,39,39],"floor_reached":33,"playtime":2421,"items_purged":[],"score":371,"play_id":"1f7109e5-13b1-4c3c-b4a1-04ad0fbbe4cf","local_time":"20201211205525","is_ascension_mode":true,"campfire_choices":[{"data":"Blade Dance","floor":6.0,"key":"SMITH"},{"data":"Dagger Spray","floor":10.0,"key":"SMITH"},{"data":"Neutralize","floor":12.0,"key":"SMITH"},{"data":"Leg Sweep","floor":15.0,"key":"SMITH"},{"floor":23.0,"key":"REST"},{"floor":25.0,"key":"REST"},{"floor":32,"key":"REST"}],"circlet_count":0,"master_deck":["AscendersBane","Survivor","Neutralize+1","Dagger Spray+1","Blade Dance+1","Dagger Throw","Dagger Spray","Leg Sweep+1","Envenom+1","Masterful Stab","Dagger Throw","Tools of the Trade","Night Terror","Blade Dance","Backstab","Bullet Time","Prepared","Slice","PiercingWail","Blade Dance","Bandage Up","Tactician","Deflect+1"],"relics":["Ring of the Snake","NeowsBlessing","Art of War","Anchor","Pandora\u0027s Box","Nilry\u0027s Codex","The Courier","Orichalcum","Membership Card","Kunai","Juzu Bracelet","Bottled Lightning"],"acts_visited":["Exordium","TheCity"],"potions_floor_usage":[30,33,33,33,33],"damage_taken":[{"damage":0.0,"enemies":"2 Louse","floor":1.0,"turns":1.0},{"damage":0.0,"enemies":"Jaw Worm","floor":4.0,"turns":1.0},{"damage":0.0,"enemies":"Cultist","floor":5.0,"turns":1.0},{"damage":0.0,"enemies":"Gremlin Gang","floor":7.0,"turns":2.0},{"damage":0.0,"enemies":"3 Louse","floor":8.0,"turns":2.0},{"damage":6.0,"enemies":"Gremlin Nob","floor":13.0,"turns":3.0},{"damage":52.0,"enemies":"Hexaghost","floor":16.0,"turns":14.0},{"damage":3.0,"enemies":"3 Byrds","floor":18.0,"turns":3.0},{"damage":11.0,"enemies":"Spheric Guardian","floor":21.0,"turns":3.0},{"damage":4.0,"enemies":"Centurion and Healer","floor":22.0,"turns":4.0},{"damage":45.0,"enemies":"Snake Plant","floor":27.0,"turns":5.0},{"damage":4,"enemies":"Cultist and Chosen","floor":30,"turns":4},{"damage":7,"enemies":"Snecko","floor":31,"turns":5},{"damage":65,"enemies":"Champ","floor":33,"turns":14}],"seed_played":"2328572039577556750","potions_obtained":[{"floor":1.0,"key":"SteroidPotion"},{"floor":4.0,"key":"ColorlessPotion"},{"floor":8.0,"key":"Fire Potion"},{"floor":21.0,"key":"DuplicationPotion"},{"floor":27.0,"key":"SkillPotion"},{"floor":30,"key":"EntropicBrew"}],"is_trial":false,"path_per_floor":["M","?","?","M","M","R","M","M","T","R","$","R","E","?","R","B",null,"M","?","?","M","M","R","?","R","T","M","?","$","M","M","R","B"],"character_chosen":"THE_SILENT","items_purchased":["Membership Card","Kunai","Juzu Bracelet","Bandage Up","Bottled Lightning","Dexterity Potion","SteroidPotion"],"campfire_rested":3,"item_purchase_floors":[29,29,29,29,29,29,29],"current_hp_per_floor":[63,63,63,63,63,63,63,63,63,63,63,63,57,57,57,5,54,51,35,35,24,20,41,41,62,62,17,17,17,17,14,35,0,0],"gold":39,"neow_bonus":"THREE_ENEMY_KILL","is_daily":false,"chose_seed":false,"campfire_upgraded":4,"win_rate":0.0,"timestamp":1607687725,"path_taken":["M","?","?","M","M","R","?","?","T","R","$","R","E","?","R","BOSS","M","?","?","M","?","R","?","R","T","?","?","$","M","M","R","BOSS"],"items_purchased_type":["Relic","Relic","Relic","Card","Relic","Potion","Potion"],"build_version":"2020-11-30","purchased_purges":0,"victory":false,"max_hp_per_floor":[70,70,70,70,70,70,70,70,70,70,70,70,70,70,70,70,70,70,70,70,70,70,70,70,70,70,70,70,70,70,70,70,70,70],"card_choices":[{"not_picked":["Backstab","Expertise"],"picked":"Dagger Spray","floor":1.0},{"not_picked":["Leg Sweep","Underhanded Strike"],"picked":"Blade Dance","floor":4.0},{"not_picked":["Catalyst","Eviscerate"],"picked":"Dagger Throw","floor":5.0},{"not_picked":["Outmaneuver","Calculated Gamble"],"picked":"Dagger Spray","floor":7.0},{"not_picked":["Bane","Bouncing Flask","Slice"],"picked":"SKIP","floor":8.0},{"not_picked":["Reflex","Dagger Throw"],"picked":"Leg Sweep","floor":13.0},{"not_picked":["Die Die Die","Doppelganger"],"picked":"Envenom","floor":16.0},{"not_picked":["Expertise","Bouncing Flask"],"picked":"PiercingWail","floor":18.0},{"not_picked":["Dash","Catalyst"],"picked":"Blade Dance","floor":21.0},{"not_picked":["Sucker Punch","Masterful Stab","Slice"],"picked":"SKIP","floor":22.0},{"not_picked":["Deadly Poison","Heel Hook","Crippling Poison"],"picked":"SKIP","floor":27.0},{"not_picked":["Escape Plan","Dagger Throw"],"picked":"Tactician","floor":30},{"not_picked":["Acrobatics","Bouncing Flask"],"picked":"Deflect+1","floor":31}],"player_experience":432159,"relics_obtained":[{"floor":9.0,"key":"Art of War"},{"floor":13.0,"key":"Anchor"},{"floor":19.0,"key":"Nilry\u0027s Codex"},{"floor":26.0,"key":"The Courier"}],"event_choices":[{"damage_healed":0.0,"max_hp_gain":0.0,"max_hp_loss":0.0,"gold_gain":0.0,"event_name":"Scrap Ooze","player_choice":"Fled","floor":2.0,"gold_loss":0.0,"damage_taken":0.0},{"damage_healed":0.0,"max_hp_gain":0.0,"max_hp_loss":0.0,"gold_gain":100.0,"event_name":"Golden Shrine","player_choice":"Pray","floor":3.0,"gold_loss":0.0,"damage_taken":0.0},{"damage_healed":0.0,"max_hp_gain":0.0,"max_hp_loss":0.0,"gold_gain":0.0,"event_name":"The Cleric","player_choice":"Leave","floor":14.0,"gold_loss":0.0,"damage_taken":0.0},{"damage_healed":0.0,"max_hp_gain":0.0,"max_hp_loss":0.0,"gold_gain":0.0,"event_name":"Cursed Tome","player_choice":"Obtained Book","floor":19.0,"gold_loss":0.0,"damage_taken":16.0},{"damage_healed":0.0,"max_hp_gain":0.0,"max_hp_loss":0.0,"gold_gain":0.0,"event_name":"Upgrade Shrine","player_choice":"Upgraded","floor":20.0,"gold_loss":0.0,"damage_taken":0.0,"cards_upgraded":["Envenom"]},{"cards_removed":["Night Terror"],"damage_healed":0.0,"max_hp_gain":0.0,"max_hp_loss":0.0,"gold_gain":0.0,"event_name":"Purifier","player_choice":"Purged","floor":24.0,"gold_loss":0.0,"damage_taken":0.0},{"damage_healed":0.0,"max_hp_gain":0.0,"max_hp_loss":0.0,"gold_gain":0.0,"event_name":"WeMeetAgain","player_choice":"Gave Potion","floor":28.0,"gold_loss":0.0,"damage_taken":0.0,"relics_obtained":["Orichalcum"]}],"is_beta":false,"boss_relics":[{"not_picked":["Velvet Choker","Fusion Hammer"],"picked":"Pandora\u0027s Box"}],"items_purged_floors":[],"is_endless":false,"potions_floor_spawned":[1,4,8,21,27,30],"killed_by":"Champ","ascension_level":10}}