{"host":"e87rn453naquue3h","time":1607661125,"event":{"mods":["AchievementEnabler","BaseMod","Minty Spire (QoL Compilation)","Relic Stats","StSLib"],"gold_per_floor":[113,113,63,77,94,94,129,129,129,129,149,149,149,166,166,267,267,278,293,305,305,305,305,320,320,320],"floor_reached":25,"playtime":1800,"items_purged":[],"score":305,"play_id":"3b452838-2964-4d6a-b11b-8f6dd4f4fa5c","local_time":"20201210233205","is_ascension_mode":true,"campfire_choices":[{"data":"Tantrum","floor":6,"key":"SMITH"},{"floor":10,"key":"REST"},{"data":"Eruption","floor":13,"key":"SMITH"},{"data":"Vault","floor":15,"key":"SMITH"},{"floor":23,"key":"REST"}],"circlet_count":0,"master_deck":["AscendersBane","Strike_P","Strike_P","Strike_P+1","Defend_P+1","Eruption+1","Vigilance","ClearTheMind+1","EmptyFist+1","Worship+1","Tantrum+1","Consecrate","Vault+1","Meditate","FollowUp","Ragnarok","ReachHeaven","Wallop+1","RitualDagger","Conclude"],"relics":["Astrolabe","Pantograph","Bronze Scales","The Courier","SlaversCollar"],"acts_visited":["Exordium","TheCity"],"potions_floor_usage":[7,16,24,25,25],"damage_taken":[{"damage":0.0,"enemies":"Small Slimes","floor":1.0,"turns":3.0},{"damage":4,"enemies":"Jaw Worm","floor":4,"turns":2},{"damage":0,"enemies":"Cultist","floor":5,"turns":2},{"damage":6,"enemies":"3 Sentries","floor":7,"turns":5},{"damage":0,"enemies":"Large Slime","floor":11,"turns":3},{"damage":0,"enemies":"Looter","floor":14,"turns":2},{"damage":34,"enemies":"Hexaghost","floor":16,"turns":4},{"damage":20,"enemies":"Shell Parasite","floor":18,"turns":4},{"damage":0,"enemies":"Spheric Guardian","floor":19,"turns":3},{"damage":12,"enemies":"3 Cultists","floor":20,"turns":3},{"damage":32,"enemies":"Snake Plant","floor":24,"turns":2},{"damage":9,"enemies":"Centurion and Healer","floor":25,"turns":2}],"seed_played":"-5618532983298372763","potions_obtained":[{"floor":1,"key":"PowerPotion"},{"floor":5,"key":"SteroidPotion"},{"floor":11,"key":"Dexterity Potion"},{"floor":14,"key":"PowerPotion"},{"floor":20,"key":"SteroidPotion"},{"floor":24,"key":"GamblersBrew"}],"is_trial":false,"path_per_floor":["M","?","?","M","M","R","E","?","T","R","M","?","R","M","R","B",null,"M","M","M","?","?","R","M","M"],"character_chosen":"WATCHER","items_purchased":[],"campfire_rested":2,"item_purchase_floors":[],"current_hp_per_floor":[65,51,51,47,47,47,41,23,23,44,44,44,44,44,44,35,63,43,43,31,25,12,35,3,0,0],"gold":320,"neow_bonus":"BOSS_RELIC","is_daily":false,"chose_seed":false,"campfire_upgraded":3,"win_rate":0.0,"timestamp":1607661125,"path_taken":["M","?","?","M","M","R","E","?","T","R","?","?","R","M","R","BOSS","M","?","M","?","?","R","M","M"],"items_purchased_type":[],"build_version":"2020-11-30","purchased_purges":0,"victory":false,"max_hp_per_floor":[72,72,72,72,72,72,72,72,72,72,72,72,72,72,72,72,72,72,72,72,72,77,77,77,77,77],"relic_stats":{"counters":[12,35],"Astrolabe":["ClearTheMind","EmptyFist","Worship"],"Pantograph":25,"Bronze Scales":[48],"obtain_stats":[{"SlaversCollar":17,"Astrolabe":0,"Pantograph":7,"Bronze Scales":8,"The Courier":9,"PureWater":0},{"SlaversCollar":7,"Astrolabe":0,"Pantograph":4,"Bronze Scales":4,"The Courier":4,"PureWater":0},{"SlaversCollar":21,"Astrolabe":0,"Pantograph":12,"Bronze Scales":12,"The Courier":12,"PureWater":0}]},"card_choices":[{"not_picked":["LikeWater","Perseverance","EmptyBody"],"picked":"SKIP","floor":1},{"not_picked":["Indignation","EmptyFist"],"picked":"Tantrum","floor":4},{"not_picked":["PathToVictory","Protect"],"picked":"Consecrate","floor":5},{"not_picked":["Collect","CrushJoints"],"picked":"Vault","floor":7},{"not_picked":["Protect","EmptyFist","CrushJoints"],"picked":"SKIP","floor":11},{"not_picked":["LikeWater","Protect","Evaluate"],"picked":"SKIP","floor":14},{"not_picked":["DeusExMachina","Blasphemy"],"picked":"Ragnarok","floor":16},{"not_picked":["Protect","FlyingSleeves"],"picked":"ReachHeaven","floor":18},{"not_picked":["Consecrate","Perseverance"],"picked":"Wallop+1","floor":19},{"not_picked":["JustLucky","Swivel+1","SignatureMove"],"picked":"SKIP","floor":20},{"not_picked":["BowlingBash","SashWhip+1"],"picked":"Conclude","floor":24}],"player_experience":2239502,"relics_obtained":[{"floor":7,"key":"Pantograph"},{"floor":9,"key":"The Courier"}],"event_choices":[{"damage_healed":0,"gold_gain":0,"player_choice":"Entered Light","damage_taken":14,"max_hp_gain":0,"max_hp_loss":0,"event_name":"Shining Light","floor":2,"gold_loss":0,"cards_upgraded":["Strike_P","Defend_P"]},{"cards_removed":["Defend_P"],"damage_healed":0,"gold_gain":0,"player_choice":"Card Removal","damage_taken":0,"max_hp_gain":0,"max_hp_loss":0,"event_name":"The Cleric","floor":3,"gold_loss":50},{"damage_healed":0,"gold_gain":0,"player_choice":"Success","damage_taken":18,"relics_obtained":["Bronze Scales"],"max_hp_gain":0,"max_hp_loss":0,"event_name":"Scrap Ooze","floor":8,"gold_loss":0},{"damage_healed":0,"gold_gain":0,"player_choice":"2 cards matched","damage_taken":0,"max_hp_gain":0,"max_hp_loss":0,"event_name":"Match and Keep!","floor":12,"gold_loss":0,"cards_obtained":["Meditate","FollowUp"]},{"damage_healed":0,"gold_gain":0,"player_choice":"Joined the Cult","damage_taken":6,"max_hp_gain":0,"max_hp_loss":0,"event_name":"Nest","floor":21,"gold_loss":0,"cards_obtained":["RitualDagger"]},{"damage_healed":0,"gold_gain":0,"player_choice":"Shed Blood","damage_taken":18,"max_hp_gain":5,"max_hp_loss":0,"event_name":"Forgotten Altar","floor":22,"gold_loss":0}],"is_beta":false,"boss_relics":[{"not_picked":["Tiny House","Runic Pyramid"],"picked":"SlaversCollar"}],"items_purged_floors":[],"is_endless":false,"potions_floor_spawned":[1,5,11,14,20,24],"killed_by":"Centurion and Healer","ascension_level":10}}