{"host":"31q8uht4v38sth7r","time":1607687346,"event":{"mods":["BaseMod","Colored Map","Highlight Path","Minty Spire (QoL Compilation)","Permanent Neow"],"gold_per_floor":[116,130,143,98,116,149,149,159,159,159,159,194,64,98,98,193,193,205,231,231,280,181,181,207,207,207,226,226,261,271,297,297,395,395,406,2,14,63,76,105,105,138,164,164,386,386,401,419,419,419,419,419,27,58,58,58],"floor_reached":55,"playtime":2797,"items_purged":["Strike_R","Strike_R","Strike_R"],"score":1302,"play_id":"38965908-8a6e-4fd2-9251-88ac0c128979","local_time":"20201211194906","is_ascension_mode":true,"campfire_choices":[{"data":"Perfected Strike","floor":7,"key":"SMITH"},{"data":"Cleave","floor":10,"key":"SMITH"},{"data":"Twin Strike","floor":15,"key":"SMITH"},{"data":"Berserk","floor":23,"key":"SMITH"},{"data":"Spot Weakness","floor":25,"key":"SMITH"},{"data":"Corruption","floor":32,"key":"SMITH"},{"floor":41,"key":"REST"},{"floor":49,"key":"RECALL"},{"data":"True Grit","floor":52,"key":"SMITH"}],"circlet_count":0,"master_deck":["AscendersBane","Strike_R","Strike_R","Defend_R","Defend_R","Defend_R","Defend_R","Bash","Ghostly Armor","Perfected Strike+1","Cleave+1","Twin Strike+1","Power Through","Spot Weakness+1","Hemokinesis+1","Dramatic Entrance+1","Pommel Strike+1","Berserk+1","Pommel Strike+1","Anger+1","Perfected Strike+1","Power Through+1","Blood for Blood+1","Shrug It Off","Ghostly Armor+1","Perfected Strike+1","Corruption+1","Offering","Dual Wield+1","Headbutt+1","Sword Boomerang+1","Sword Boomerang+1","Uppercut+1","True Grit+1","Mayhem","Blind","Sentinel+1","Feel No Pain","True Grit"],"relics":["Burning Blood","NeowsBlessing","Bird Faced Urn","Molten Egg 2","Kunai","Eternal Feather","Mark of Pain","Red Mask","Anchor","Art of War","Omamori","StrikeDummy","Tiny Chest","Black Star","Self Forming Clay","Charon\u0027s Ashes","Dream Catcher","Strawberry","Question Card","Happy Flower","Bronze Scales","Shuriken","Oddly Smooth Stone","Bag of Preparation","Bag of Marbles"],"acts_visited":["Exordium","TheCity","TheBeyond","TheEnding"],"potions_floor_usage":[6,16,29,33,33,38,40,55,55,55],"damage_taken":[{"damage":0,"enemies":"Cultist","floor":1,"turns":1},{"damage":0,"enemies":"Jaw Worm","floor":2,"turns":1},{"damage":0,"enemies":"2 Louse","floor":3,"turns":1},{"damage":11,"enemies":"Blue Slaver","floor":5,"turns":4},{"damage":24,"enemies":"Gremlin Nob","floor":6,"turns":4},{"damage":2,"enemies":"3 Louse","floor":8,"turns":4},{"damage":15,"enemies":"3 Sentries","floor":12,"turns":7},{"damage":16,"enemies":"Lagavulin","floor":14,"turns":5},{"damage":28,"enemies":"Slime Boss","floor":16,"turns":10},{"damage":23,"enemies":"2 Thieves","floor":18,"turns":3},{"damage":0,"enemies":"Masked Bandits","floor":19,"turns":2},{"damage":2,"enemies":"Gremlin Leader","floor":24,"turns":5},{"damage":2,"enemies":"Shell Parasite","floor":27,"turns":2},{"damage":7,"enemies":"Book of Stabbing","floor":29,"turns":4},{"damage":2,"enemies":"Snake Plant","floor":30,"turns":3},{"damage":2,"enemies":"Slavers","floor":31,"turns":4},{"damage":14,"enemies":"Champ","floor":33,"turns":10},{"damage":5,"enemies":"3 Darklings","floor":35,"turns":4},{"damage":8,"enemies":"Orb Walker","floor":37,"turns":3},{"damage":22,"enemies":"2 Orb Walkers","floor":38,"turns":4},{"damage":12,"enemies":"Jaw Worm Horde","floor":39,"turns":3},{"damage":57,"enemies":"Nemesis","floor":40,"turns":7},{"damage":21,"enemies":"Giant Head","floor":42,"turns":5},{"damage":2,"enemies":"Transient","floor":47,"turns":5},{"damage":4,"enemies":"3 Darklings","floor":48,"turns":3},{"damage":68,"enemies":"Awakened One","floor":50,"turns":9},{"damage":83,"enemies":"Shield and Spear","floor":54,"turns":8},{"damage":42,"enemies":"The Heart","floor":55,"turns":5}],"seed_played":"-5626470643610604657","potions_obtained":[{"floor":3,"key":"Strength Potion"},{"floor":12,"key":"SkillPotion"},{"floor":16,"key":"GamblersBrew"},{"floor":19,"key":"DuplicationPotion"},{"floor":24,"key":"DistilledChaos"},{"floor":29,"key":"DuplicationPotion"},{"floor":37,"key":"Fire Potion"},{"floor":40,"key":"ColorlessPotion"},{"floor":48,"key":"EssenceOfSteel"}],"is_trial":false,"path_per_floor":["M","M","M","$","M","E","R","M","T","R","T","E","$","E","R","B",null,"M","?","?","T","$","R","E","R","T","M","?","E","M","E","R","B",null,"M","$","M","?","M","E","R","E","T","?","?","T","M","M","R","B",null,"R","$","E","B"],"character_chosen":"IRONCLAD","items_purchased":["Cleave","Hemokinesis+1","Dramatic Entrance+1","Perfected Strike+1","Self Forming Clay","Headbutt+1","Feel No Pain","Oddly Smooth Stone","SkillPotion"],"campfire_rested":1,"item_purchase_floors":[4,13,13,22,36,36,53,53,53],"current_hp_per_floor":[78,80,80,80,75,57,57,61,61,61,61,52,52,42,54,32,68,51,57,57,57,57,69,75,80,80,80,80,80,80,80,80,75,79,80,80,78,64,58,16,60,49,49,39,39,39,43,49,70,10,68,87,87,18,0,0],"gold":58,"neow_bonus":"THREE_ENEMY_KILL","is_daily":false,"chose_seed":false,"campfire_upgraded":7,"win_rate":0.0,"timestamp":1607687346,"path_taken":["M","?","?","$","M","E","R","M","T","R","?","E","?","E","R","BOSS","M","?","?","?","$","R","E","R","T","M","?","E","M","E","R","BOSS","M","$","M","?","M","E","R","E","T","?","?","?","M","M","R","BOSS","R","$","E","BOSS"],"items_purchased_type":["Card","Undefined","Undefined","Undefined","Relic","Undefined","Card","Relic","Potion"],"build_version":"2020-11-30","purchased_purges":3,"victory":false,"max_hp_per_floor":[80,80,80,80,80,80,80,80,80,80,80,80,80,80,80,80,80,80,80,80,80,80,80,80,80,80,80,80,80,80,80,80,80,80,80,80,80,80,80,87,87,87,87,87,87,87,87,87,87,87,87,87,87,87,87,87],"card_choices":[{"not_picked":["Armaments","Intimidate"],"picked":"Ghostly Armor","floor":1},{"not_picked":["Iron Wave","Cleave"],"picked":"Perfected Strike","floor":2},{"not_picked":["Havoc","Pummel","Dark Embrace"],"picked":"SKIP","floor":3},{"not_picked":["Pommel Strike","Battle Trance"],"picked":"Twin Strike","floor":5},{"not_picked":["Sword Boomerang","Dark Embrace"],"picked":"Power Through","floor":6},{"not_picked":["Rage","Heavy Blade","Reckless Charge"],"picked":"SKIP","floor":8},{"not_picked":["Demon Form","Fire Breathing"],"picked":"Spot Weakness","floor":12},{"not_picked":["Rampage+1","Twin Strike+1"],"picked":"Pommel Strike+1","floor":14},{"not_picked":["Brutality","Bludgeon+1"],"picked":"Berserk","floor":16},{"not_picked":["Twin Strike+1","Havoc+1"],"picked":"Pommel Strike+1","floor":18},{"not_picked":["Body Slam+1","Whirlwind+1"],"picked":"Anger+1","floor":19},{"not_picked":["Rage","Dual Wield"],"picked":"Power Through+1","floor":24},{"not_picked":["Rage","Anger+1"],"picked":"Blood for Blood+1","floor":27},{"not_picked":["Juggernaut","Fire Breathing+1"],"picked":"Ghostly Armor+1","floor":29},{"not_picked":["Sever Soul+1","Fire Breathing"],"picked":"Perfected Strike+1","floor":30},{"not_picked":["Clash+1","Heavy Blade+1"],"picked":"Corruption","floor":31},{"not_picked":["Immolate+1","Exhume"],"picked":"Offering","floor":33},{"not_picked":["Clash+1","Sword Boomerang+1"],"picked":"Dual Wield+1","floor":35},{"not_picked":["Perfected Strike+1","Ghostly Armor"],"picked":"Sword Boomerang+1","floor":37},{"not_picked":["Anger+1","Armaments","Wild Strike+1"],"picked":"SKIP","floor":39},{"not_picked":["Heavy Blade+1","Carnage+1"],"picked":"Sword Boomerang+1","floor":40},{"not_picked":["Twin Strike+1","Bludgeon+1"],"picked":"Uppercut+1","floor":41},{"not_picked":["Thunderclap+1","Sword Boomerang+1"],"picked":"True Grit","floor":42},{"not_picked":["Panache","Metamorphosis","Transmutation"],"picked":"Mayhem","floor":44},{"not_picked":["Enlightenment","Impatience","Panache"],"picked":"Blind","floor":44},{"not_picked":["Seeing Red+1","Ghostly Armor+1","Body Slam+1"],"picked":"Sentinel+1","floor":47},{"not_picked":["Sentinel","Searing Blow+1","Infernal Blade","Disarm"],"picked":"SKIP","floor":48},{"not_picked":["Body Slam+1","Pommel Strike+1","Double Tap"],"picked":"True Grit","floor":54}],"player_experience":987456,"relics_obtained":[{"floor":6,"key":"Bird Faced Urn"},{"floor":9,"key":"Molten Egg 2"},{"floor":12,"key":"Kunai"},{"floor":14,"key":"Eternal Feather"},{"floor":19,"key":"Red Mask"},{"floor":21,"key":"Anchor"},{"floor":24,"key":"Art of War"},{"floor":26,"key":"Omamori"},{"floor":29,"key":"StrikeDummy"},{"floor":31,"key":"Tiny Chest"},{"floor":38,"key":"Charon\u0027s Ashes"},{"floor":40,"key":"Dream Catcher"},{"floor":40,"key":"Strawberry"},{"floor":42,"key":"Question Card"},{"floor":42,"key":"Happy Flower"},{"floor":43,"key":"Bronze Scales"},{"floor":46,"key":"Shuriken"},{"floor":54,"key":"Bag of Preparation"},{"floor":54,"key":"Bag of Marbles"}],"event_choices":[{"damage_healed":0,"gold_gain":0,"player_choice":"Fought Bandits","damage_taken":0,"max_hp_gain":0,"max_hp_loss":0,"event_name":"Masked Bandits","floor":19,"gold_loss":0},{"damage_healed":0,"gold_gain":0,"player_choice":"Ignored","damage_taken":0,"max_hp_gain":0,"max_hp_loss":0,"event_name":"Vampires","floor":20,"gold_loss":0},{"damage_healed":0,"gold_gain":0,"player_choice":"Read","damage_taken":0,"max_hp_gain":0,"max_hp_loss":0,"event_name":"The Library","floor":28,"gold_loss":0,"cards_obtained":["Shrug It Off"]},{"damage_healed":0,"gold_gain":0,"player_choice":"Fight","damage_taken":0,"max_hp_gain":0,"max_hp_loss":0,"event_name":"Mysterious Sphere","floor":38,"gold_loss":0},{"damage_healed":0,"gold_gain":0,"player_choice":"Memory 3","damage_taken":10,"max_hp_gain":0,"max_hp_loss":0,"event_name":"SensoryStone","floor":44,"gold_loss":0},{"damage_healed":0,"gold_gain":222,"player_choice":"Wore Mask","damage_taken":0,"max_hp_gain":0,"max_hp_loss":0,"event_name":"Tomb of Lord Red Mask","floor":45,"gold_loss":0}],"is_beta":false,"boss_relics":[{"not_picked":["Runic Dome","Ectoplasm"],"picked":"Mark of Pain"},{"not_picked":["Fusion Hammer","Cursed Key"],"picked":"Black Star"}],"items_purged_floors":[22,36,53],"is_endless":false,"potions_floor_spawned":[3,12,16,19,24,27,29,31,37,40,48,54],"killed_by":"The Heart","ascension_level":10}}