{"host":"kyy1kus4tsuq869y","time":1607650036,"event":{"mods":["BaseMod","Downfall","GifTheSpireLib","HololiveMod","Hubris","Jorbs\u0027s Wanderer Trilogy","Marisa£®ÏF”Í°°ƒß¿Ì…≥£©","Minty Spire (QoL Compilation)","Quick Restart","READ ME - Guardian Mod","READ ME - Snecko Mod","Reimu£®≤©¿ˆ¡È√Œ£©","Remilia£®¿Ÿ√◊¿Ú—«£©","Replay The Spire","StSLib","Td1madao Mod","The Administrix","The Animator","The Bug Knight","The Construct","The Cursed","The Hierophant","The Runesmith","The Senshi","The Servant 0.9.4","Youmu£®ªÍ∆«—˝√Œ£©"],"gold_per_floor":[112,112,112,112,112,145,145,164,164,164,177,177,177,208,358,358,358,358,358],"floor_reached":18,"playtime":266,"items_purged":[],"score":261,"play_id":"2dc52d27-a794-481a-855c-52ef50308e01","local_time":"20201211092716","is_ascension_mode":true,"campfire_choices":[{"data":"Whirlwind","floor":7.0,"key":"SMITH"},{"data":"Evolve","floor":17,"key":"SMITH"}],"circlet_count":0,"master_deck":["AscendersBane","Strike_R","Strike_R","Strike_R","Strike_R","Strike_R","Defend_R","Defend_R","Defend_R","Defend_R","Bash+1","Wild Strike+1","Whirlwind+1","Evolve+1","Spot Weakness","Wild Strike","Doubt"],"relics":["Burning Blood","NeowsBlessing","Counterbalance","Thread and Needle","WingedGreaves"],"acts_visited":["Exordium"],"potions_floor_usage":[],"damage_taken":[{"damage":0.0,"enemies":"Jaw Worm","floor":1.0,"turns":1.0},{"damage":0.0,"enemies":"Lagavulin","floor":6.0,"turns":1.0},{"damage":0.0,"enemies":"2 Louse","floor":8.0,"turns":1.0},{"damage":0,"enemies":"Small Slimes","floor":11,"turns":1},{"damage":35,"enemies":"3 Sentries","floor":14,"turns":5},{"damage":56,"enemies":"Fading Forest","floor":18,"turns":9}],"seed_played":"3919315256070787106","potions_obtained":[{"floor":11,"key":"GamblersBrew"},{"floor":14,"key":"ColorlessPotion"}],"is_trial":false,"path_per_floor":["M","?","$","?","?","E","R","M","T","?","M","PTL","PTL","E","?","T","R","B"],"character_chosen":"IRONCLAD","items_purchased":[],"campfire_rested":0,"item_purchase_floors":[],"current_hp_per_floor":[74,74,74,74,74,75,75,75,75,75,75,75,75,46,46,46,46,0,0],"gold":358,"neow_bonus":"THREE_ENEMY_KILL","is_daily":false,"chose_seed":false,"campfire_upgraded":2,"win_rate":0.0,"timestamp":1607650036,"path_taken":["M","?","$","?","?","E","R","M","T","?","M","PTL","PTL","E","?","?","R","BOSS"],"items_purchased_type":[],"build_version":"2020-11-30","purchased_purges":0,"victory":false,"max_hp_per_floor":[75,75,75,75,75,75,75,75,75,75,75,75,75,75,75,75,75,75,75],"card_choices":[{"not_picked":["Havoc","Burning Pact"],"picked":"Wild Strike","floor":1.0},{"not_picked":["Pummel","Run Through"],"picked":"Whirlwind","floor":6.0},{"not_picked":["Dark Embrace","ReplayTheSpireMod:Strike From Hell"],"picked":"Evolve","floor":8.0},{"not_picked":["Anger","Armaments"],"picked":"Spot Weakness","floor":11},{"not_picked":["Replay:Undeath\u0027s Touch","Body Slam"],"picked":"Wild Strike","floor":14}],"player_experience":436446,"relics_obtained":[{"floor":6.0,"key":"Counterbalance"},{"floor":14,"key":"Thread and Needle"},{"floor":16,"key":"WingedGreaves"}],"event_choices":[{"damage_healed":0.0,"max_hp_gain":0.0,"max_hp_loss":0.0,"gold_gain":0.0,"event_name":"Living Wall","player_choice":"Grow","floor":4.0,"gold_loss":0.0,"damage_taken":0.0,"cards_upgraded":["Bash"]},{"damage_healed":0,"gold_gain":0,"player_choice":"Ignored","damage_taken":0,"max_hp_gain":0,"max_hp_loss":0,"event_name":"Shining Light","floor":10,"gold_loss":0},{"damage_healed":0,"gold_gain":150,"player_choice":"AGREE","damage_taken":0,"max_hp_gain":0,"max_hp_loss":0,"event_name":"Liars Game","floor":15,"gold_loss":0,"cards_obtained":["Doubt"]}],"is_beta":false,"boss_relics":[],"items_purged_floors":[],"is_endless":false,"potions_floor_spawned":[11,14],"killed_by":"Fading Forest","ascension_level":17}}