{"host":"f1miojwxaupu79sp","time":1607718911,"event":{"mods":["BaseMod","Better Vampires","Minty Spire (QoL Compilation)","Shop Mod","StSLib"],"gold_per_floor":[116,116,116,17,33,33,43,43,43,43,63,74,74,94,94,194,194,210,110,110,110,209,209,237,255,255,286,302,302,332,347,347,450,450,465,480,480,494,494,494,822,125,149,182,182,213,213,228,228,228],"floor_reached":51,"playtime":8086,"items_purged":["Strike_G","Strike_G","Strike_G"],"score":845,"play_id":"f9628152-3f86-4d20-879b-34019b3a268c","local_time":"20201211153511","is_ascension_mode":true,"campfire_choices":[{"data":"Cloak And Dagger","floor":6.0,"key":"SMITH"},{"data":"Blade Dance","floor":8.0,"key":"SMITH"},{"data":"Venomology","floor":15.0,"key":"SMITH"},{"data":"A Thousand Cuts","floor":23.0,"key":"SMITH"},{"data":"Distraction","floor":29.0,"key":"SMITH"},{"data":"Survivor","floor":32,"key":"SMITH"},{"data":"Poisoned Stab","floor":40,"key":"SMITH"},{"data":"Apotheosis","floor":45,"key":"SMITH"},{"floor":49,"key":"REST"}],"circlet_count":0,"master_deck":["Defend_G","Defend_G","Defend_G","Defend_G","Survivor+1","Neutralize+1","Blade Dance+1","Cloak And Dagger+1","Poisoned Stab+1","Venomology+1","A Thousand Cuts+1","Distraction+1","Slice+1","Deflect+1","Tools of the Trade+1","Leg Sweep+1","Caltrops+1","Cloak And Dagger+1","Die Die Die","Apotheosis+1","Accuracy+1","Backflip+1","Outmaneuver+1"],"relics":["Ring of the Snake","Bronze Scales","Oddly Smooth Stone","Odd Mushroom","Darkstone Periapt","Black Star","Enchiridion","Meat on the Bone","Art of War","Omamori","Boot","PreservedInsect","Potion Belt","Frozen Egg 2","Runic Pyramid","Paper Crane","Old Coin","Letter Opener","Bag of Preparation","InkBottle","Molten Egg 2","Mummified Hand","Bird Faced Urn"],"acts_visited":["Exordium","TheCity","TheBeyond"],"potions_floor_usage":[31,33,36,38,41,41,44,46,48,50,50,50,50],"damage_taken":[{"damage":0.0,"enemies":"2 Louse","floor":1.0,"turns":4.0},{"damage":0.0,"enemies":"Jaw Worm","floor":5.0,"turns":3.0},{"damage":3.0,"enemies":"Small Slimes","floor":7.0,"turns":2.0},{"damage":2.0,"enemies":"The Mushroom Lair","floor":11.0,"turns":4.0},{"damage":0.0,"enemies":"2 Fungi Beasts","floor":12.0,"turns":3.0},{"damage":0.0,"enemies":"Exordium Thugs","floor":14.0,"turns":4.0},{"damage":10.0,"enemies":"Hexaghost","floor":16.0,"turns":10.0},{"damage":10.0,"enemies":"2 Thieves","floor":18.0,"turns":3.0},{"damage":13.0,"enemies":"Book of Stabbing","floor":24.0,"turns":6.0},{"damage":0.0,"enemies":"Chosen","floor":25.0,"turns":3.0},{"damage":27.0,"enemies":"Gremlin Leader","floor":27.0,"turns":5.0},{"damage":4.0,"enemies":"Snake Plant","floor":28.0,"turns":4.0},{"damage":1.0,"enemies":"Book of Stabbing","floor":30.0,"turns":3.0},{"damage":2,"enemies":"Cultist and Chosen","floor":31,"turns":4},{"damage":28,"enemies":"Automaton","floor":33,"turns":10},{"damage":3,"enemies":"Orb Walker","floor":35,"turns":3},{"damage":15,"enemies":"3 Darklings","floor":36,"turns":4},{"damage":1,"enemies":"4 Shapes","floor":38,"turns":4},{"damage":3,"enemies":"Reptomancer","floor":41,"turns":4},{"damage":5,"enemies":"Nemesis","floor":44,"turns":5},{"damage":18,"enemies":"Reptomancer","floor":46,"turns":3},{"damage":9,"enemies":"Maw","floor":48,"turns":5},{"damage":0,"enemies":"Donu and Deca","floor":50,"turns":4}],"seed_played":"-2391460449995027001","potions_obtained":[{"floor":11.0,"key":"Explosive Potion"},{"floor":12.0,"key":"SpeedPotion"},{"floor":16.0,"key":"CultistPotion"},{"floor":24.0,"key":"GhostInAJar"},{"floor":25.0,"key":"Swift Potion"},{"floor":30.0,"key":"Block Potion"},{"floor":31,"key":"Fruit Juice"},{"floor":35,"key":"GamblersBrew"},{"floor":36,"key":"Energy Potion"},{"floor":38,"key":"SkillPotion"}],"is_trial":false,"path_per_floor":["M","?","?","$","M","R","M","R","T","$","?","M","?","M","R","B",null,"M","$","?","?","?","R","E","M","T","E","M","R","E","M","R","B",null,"M","M","?","M","?","R","E","$","T","E","R","E","?","M","R","B",null],"character_chosen":"THE_SILENT","items_purchased":["Cloak And Dagger","Apotheosis","Accuracy+1","Letter Opener","CultistPotion"],"campfire_rested":1,"item_purchase_floors":[4,42,42,42,42],"current_hp_per_floor":[70,63,63,63,63,63,60,60,60,60,58,58,58,58,58,48,70,60,60,60,44,44,44,31,43,43,28,36,36,47,50,50,34,75,72,57,57,56,56,56,53,53,53,48,48,42,42,41,63,75],"gold":228,"neow_bonus":"RANDOM_COMMON_RELIC","is_daily":false,"chose_seed":false,"campfire_upgraded":8,"win_rate":0.0,"timestamp":1607718911,"path_taken":["M","?","?","$","M","R","M","R","T","?","?","M","?","M","R","BOSS","M","$","?","?","?","R","E","M","T","E","M","R","E","M","R","BOSS","M","M","?","M","?","R","E","$","T","E","R","E","?","M","R","BOSS"],"items_purchased_type":["Card","Card","Card","Relic","Potion"],"build_version":"2020-11-30","purchased_purges":3,"victory":true,"max_hp_per_floor":[70,70,70,70,70,70,70,70,70,70,70,70,70,70,70,70,70,70,70,70,70,70,70,70,70,70,70,70,70,70,75,75,75,75,75,75,75,75,75,75,75,75,75,75,75,75,75,75,75,75],"card_choices":[{"not_picked":["PiercingWail","Dodge and Roll"],"picked":"Blade Dance","floor":1.0},{"not_picked":["Dodge and Roll","Flying Knee","Backflip"],"picked":"SKIP","floor":5.0},{"not_picked":["Tactician","Heel Hook"],"picked":"Poisoned Stab","floor":7.0},{"not_picked":["Flying Knee","Dodge and Roll","Slice"],"picked":"SKIP","floor":12.0},{"not_picked":["Slice","Underhanded Strike"],"picked":"Venomology","floor":14.0},{"not_picked":["Malaise","Adrenaline"],"picked":"A Thousand Cuts","floor":16.0},{"not_picked":["Skewer","Dagger Spray","Riddle With Holes+1"],"picked":"SKIP","floor":18.0},{"not_picked":["Underhanded Strike+1","Slice","Flying Knee"],"picked":"SKIP","floor":24.0},{"not_picked":["Cloak And Dagger","Poisoned Stab+1"],"picked":"Distraction","floor":25.0},{"not_picked":["Acrobatics+1","Sucker Punch"],"picked":"Slice+1","floor":27.0},{"not_picked":["Flechettes+1","Skewer","Outmaneuver"],"picked":"SKIP","floor":28.0},{"not_picked":["Grand Finale","Terror+1","Distraction"],"picked":"SKIP","floor":30.0},{"not_picked":["Flechettes","Escape Plan"],"picked":"Deflect+1","floor":31},{"not_picked":["Glass Knife","Corpse Explosion"],"picked":"Tools of the Trade+1","floor":33},{"not_picked":["Cloak And Dagger","Dagger Throw+1"],"picked":"Leg Sweep+1","floor":35},{"not_picked":["Dagger Throw+1","Sucker Punch+1"],"picked":"Caltrops+1","floor":36},{"not_picked":["Underhanded Strike+1","Leg Sweep"],"picked":"Cloak And Dagger+1","floor":38},{"not_picked":["Flying Knee+1","Eviscerate+1"],"picked":"Die Die Die","floor":41},{"not_picked":["Masterful Stab+1","Expertise"],"picked":"Backflip+1","floor":44},{"not_picked":["Grand Finale+1","Riddle With Holes+1","Venomology"],"picked":"SKIP","floor":46},{"not_picked":["Choke+1","Bane+1"],"picked":"Outmaneuver+1","floor":48}],"player_experience":368132,"relics_obtained":[{"floor":9.0,"key":"Oddly Smooth Stone"},{"floor":11.0,"key":"Odd Mushroom"},{"floor":21.0,"key":"Enchiridion"},{"floor":24.0,"key":"Meat on the Bone"},{"floor":24.0,"key":"Art of War"},{"floor":26.0,"key":"Omamori"},{"floor":27.0,"key":"Boot"},{"floor":27.0,"key":"PreservedInsect"},{"floor":30.0,"key":"Potion Belt"},{"floor":30.0,"key":"Frozen Egg 2"},{"floor":41,"key":"Paper Crane"},{"floor":41,"key":"Old Coin"},{"floor":43,"key":"Bag of Preparation"},{"floor":44,"key":"InkBottle"},{"floor":44,"key":"Molten Egg 2"},{"floor":46,"key":"Mummified Hand"},{"floor":46,"key":"Bird Faced Urn"}],"event_choices":[{"cards_removed":["Strike_G"],"damage_healed":0.0,"max_hp_gain":0.0,"max_hp_loss":0.0,"gold_gain":0.0,"event_name":"Golden Wing","player_choice":"Card Removal","floor":2.0,"gold_loss":0.0,"damage_taken":7.0},{"cards_removed":["Strike_G"],"damage_healed":0.0,"max_hp_gain":0.0,"max_hp_loss":0.0,"gold_gain":0.0,"event_name":"Living Wall","player_choice":"Forget","floor":3.0,"gold_loss":0.0,"damage_taken":0.0},{"damage_healed":0.0,"max_hp_gain":0.0,"max_hp_loss":0.0,"gold_gain":0.0,"event_name":"Mushrooms","player_choice":"Fought Mushrooms","floor":11.0,"gold_loss":0.0,"damage_taken":0.0},{"damage_healed":0.0,"max_hp_gain":0.0,"max_hp_loss":0.0,"gold_gain":0.0,"event_name":"WeMeetAgain","player_choice":"Gave Potion","floor":13.0,"gold_loss":0.0,"damage_taken":0.0,"relics_obtained":["Darkstone Periapt"]},{"damage_healed":0.0,"max_hp_gain":0.0,"max_hp_loss":0.0,"gold_gain":0.0,"event_name":"Ghosts","player_choice":"Ignored","floor":20.0,"gold_loss":0.0,"damage_taken":0.0},{"damage_healed":0.0,"max_hp_gain":0.0,"max_hp_loss":0.0,"gold_gain":0.0,"event_name":"Cursed Tome","player_choice":"Obtained Book","floor":21.0,"gold_loss":0.0,"damage_taken":16.0},{"damage_healed":0.0,"max_hp_gain":0.0,"max_hp_loss":0.0,"gold_gain":99.0,"event_name":"Nest","player_choice":"Stole From Cult","floor":22.0,"gold_loss":0.0,"damage_taken":0.0},{"damage_healed":0,"gold_gain":0,"player_choice":"Ignored","damage_taken":0,"max_hp_gain":0,"max_hp_loss":0,"event_name":"Tomb of Lord Red Mask","floor":37,"gold_loss":0},{"cards_removed":["Defend_G"],"damage_healed":0,"gold_gain":0,"player_choice":"Removed Skill","damage_taken":0,"max_hp_gain":0,"max_hp_loss":0,"event_name":"Falling","floor":39,"gold_loss":0},{"damage_healed":0,"gold_gain":0,"player_choice":"Upgraded","damage_taken":0,"max_hp_gain":0,"max_hp_loss":0,"event_name":"Upgrade Shrine","floor":47,"gold_loss":0,"cards_upgraded":["Neutralize"]}],"is_beta":false,"boss_relics":[{"not_picked":["Coffee Dripper","Pandora\u0027s Box"],"picked":"Black Star"},{"not_picked":["Sozu","Busted Crown"],"picked":"Runic Pyramid"}],"items_purged_floors":[4,19,42],"is_endless":false,"potions_floor_spawned":[11,12,16,24,25,30,31,35,36,38],"ascension_level":1}}