{"host":"78hrz0ylpj9lzvi8","time":1607715647,"event":{"mods":["BaseMod","Bestiary","Minty Spire (QoL Compilation)","Quick Restart","Random Character Button","Relic Stats","StSLib"],"gold_per_floor":[364,364,377,377,396,396,429,429,429,443,14,14,14,14,14,14,14],"floor_reached":16,"playtime":540,"items_purged":[],"score":196,"play_id":"6b8bc046-6507-4622-b856-ae02104f4275","local_time":"20201211164047","is_ascension_mode":true,"campfire_choices":[{"data":"Sucker Punch","floor":6,"key":"SMITH"},{"floor":8,"key":"REST"},{"data":"Survivor","floor":13,"key":"SMITH"},{"data":"Blade Dance","floor":15,"key":"SMITH"}],"circlet_count":0,"master_deck":["AscendersBane","Strike_G","Strike_G","Strike_G","Strike_G","Defend_G","Defend_G","Defend_G","Defend_G","Defend_G","Survivor+1","Neutralize","Sucker Punch+1","Blade Dance+1","Deadly Poison","Predator","Adrenaline+1","Blur+1"],"relics":["Ring of the Snake","Toxic Egg 2","Incense Burner"],"acts_visited":["Exordium"],"potions_floor_usage":[7],"damage_taken":[{"damage":15,"enemies":"Jaw Worm","floor":1,"turns":5},{"damage":0,"enemies":"2 Louse","floor":3,"turns":4},{"damage":3,"enemies":"Cultist","floor":5,"turns":4},{"damage":22,"enemies":"Gremlin Nob","floor":7,"turns":4},{"damage":3,"enemies":"Looter","floor":10,"turns":3},{"damage":26,"enemies":"Slime Boss","floor":16,"turns":8}],"seed_played":"6377845499805164377","potions_obtained":[{"floor":3,"key":"SteroidPotion"},{"floor":10,"key":"SmokeBomb"}],"is_trial":false,"path_per_floor":["M","?","M","?","M","R","E","R","T","M","$","?","R","?","R","B"],"character_chosen":"THE_SILENT","items_purchased":["Incense Burner","Blur+1"],"campfire_rested":1,"item_purchase_floors":[11,11],"current_hp_per_floor":[44,49,49,31,28,28,6,25,25,22,22,22,22,22,22,0,0],"gold":14,"neow_bonus":"TWO_FIFTY_GOLD","is_daily":false,"chose_seed":false,"campfire_upgraded":3,"win_rate":0.0,"timestamp":1607715647,"path_taken":["M","?","M","?","M","R","E","R","T","M","$","?","R","?","R","BOSS"],"items_purchased_type":["Relic","Card"],"build_version":"2020-11-30","purchased_purges":0,"victory":false,"max_hp_per_floor":[60,65,65,65,65,65,65,65,65,65,65,65,65,65,65,65,65],"relic_stats":{"counters":[6,28],"obtain_stats":[{"Incense Burner":11,"Toxic Egg 2":7,"Ring of the Snake":0},{"Incense Burner":5,"Toxic Egg 2":4,"Ring of the Snake":0},{"Incense Burner":20,"Toxic Egg 2":17,"Ring of the Snake":0}],"Ring of the Snake":[12]},"card_choices":[{"not_picked":["Acrobatics","Dodge and Roll"],"picked":"Sucker Punch","floor":1},{"not_picked":["Outmaneuver","Prepared"],"picked":"Blade Dance","floor":3},{"not_picked":["Concentrate","Sucker Punch"],"picked":"Deadly Poison","floor":5},{"not_picked":["Underhanded Strike","Bane"],"picked":"Predator","floor":7},{"not_picked":["Footwork","Deadly Poison+1"],"picked":"Adrenaline+1","floor":10}],"player_experience":923035,"relics_obtained":[{"floor":7,"key":"Toxic Egg 2"}],"event_choices":[{"damage_healed":0,"gold_gain":0,"player_choice":"Donut","damage_taken":0,"max_hp_gain":5,"max_hp_loss":0,"event_name":"Big Fish","floor":2,"gold_loss":0},{"damage_healed":0,"gold_gain":0,"player_choice":"Fled","damage_taken":18,"max_hp_gain":0,"max_hp_loss":0,"event_name":"Scrap Ooze","floor":4,"gold_loss":0},{"cards_removed":["Strike_G"],"damage_healed":0,"gold_gain":0,"player_choice":"Forget","damage_taken":0,"max_hp_gain":0,"max_hp_loss":0,"event_name":"Living Wall","floor":12,"gold_loss":0},{"damage_healed":0,"gold_gain":0,"player_choice":"Ignored","damage_taken":0,"max_hp_gain":0,"max_hp_loss":0,"event_name":"Liars Game","floor":14,"gold_loss":0}],"is_beta":false,"boss_relics":[],"items_purged_floors":[],"is_endless":false,"potions_floor_spawned":[3,10],"killed_by":"Slime Boss","ascension_level":20}}