{"host":"sav7uxregyirlf69","time":1607687020,"event":{"mods":["AchievementEnabler","BaseMod","Colored Map","DeckTracker","Hermit","Keyboard Shortcuts","Minty Spire (QoL Compilation)","READ ME - Guardian Mod","StSLib","SuperFastMode"],"gold_per_floor":[112,127,141,141,141,141,167,92,92,103,118,146,146,159,159,259,259,276,276,276,292,292,292,292,292],"floor_reached":24,"playtime":384,"items_purged":["Strike_R"],"score":216,"play_id":"8f641acc-0bd9-437d-ae71-b0fcfc552069","local_time":"20201211204340","daily_mods":["Heirloom"],"is_ascension_mode":true,"campfire_choices":[{"data":"Fire Breathing","floor":6,"key":"SMITH"},{"data":"True Grit","floor":13,"key":"SMITH"},{"data":"Evolve","floor":15,"key":"SMITH"},{"data":"Blood for Blood","floor":23,"key":"SMITH"}],"circlet_count":0,"master_deck":["Strike_R","Strike_R","Strike_R","Defend_R","Defend_R","Defend_R","Defend_R","Bash","Pummel","Fire Breathing+1","Dropkick","Wild Strike","True Grit+1","Evolve+1","Demon Form","Blood for Blood+1","Shrug It Off"],"relics":["Black Blood","Turnip","Ice Cream","Dream Catcher","Mercury Hourglass","Paper Frog"],"acts_visited":["Exordium","TheCity"],"potions_floor_usage":[24],"damage_taken":[{"damage":6,"enemies":"Cultist","floor":1,"turns":3},{"damage":15,"enemies":"Jaw Worm","floor":2,"turns":4},{"damage":7,"enemies":"Small Slimes","floor":3,"turns":3},{"damage":16,"enemies":"3 Sentries","floor":7,"turns":4},{"damage":11,"enemies":"Exordium Wildlife","floor":10,"turns":4},{"damage":3,"enemies":"2 Fungi Beasts","floor":11,"turns":3},{"damage":13,"enemies":"Lagavulin","floor":12,"turns":5},{"damage":8,"enemies":"Red Slaver","floor":14,"turns":3},{"damage":22,"enemies":"Hexaghost","floor":16,"turns":8},{"damage":22,"enemies":"Shell Parasite","floor":18,"turns":5},{"damage":26,"enemies":"Spheric Guardian","floor":21,"turns":5},{"damage":56,"enemies":"Slavers","floor":24,"turns":3}],"seed_played":"-3513101073675228158","potions_obtained":[{"floor":2,"key":"AttackPotion"},{"floor":10,"key":"DuplicationPotion"},{"floor":12,"key":"Explosive Potion"}],"is_trial":true,"path_per_floor":["M","M","M","?","?","R","E","$","T","M","M","E","R","M","R","B",null,"M","?","?","M","?","R","E"],"character_chosen":"IRONCLAD","items_purchased":[],"campfire_rested":0,"item_purchase_floors":[],"current_hp_per_floor":[80,71,70,67,67,67,57,57,57,52,55,48,48,46,46,30,80,70,70,70,56,56,56,0,0],"gold":292,"neow_bonus":"","is_daily":false,"chose_seed":false,"campfire_upgraded":4,"win_rate":0.0,"timestamp":1607687020,"path_taken":["M","M","M","?","?","R","E","$","T","M","M","E","R","?","R","BOSS","M","?","?","M","?","R","E"],"items_purchased_type":[],"build_version":"2020-11-30","purchased_purges":1,"victory":false,"max_hp_per_floor":[80,80,80,80,80,80,80,80,80,80,80,80,80,80,80,80,80,80,80,80,80,80,80,80,80],"card_choices":[{"not_picked":["Armaments","Metallicize","Thunderclap"],"picked":"SKIP","floor":1},{"not_picked":["Pommel Strike","Feel No Pain"],"picked":"Pummel","floor":2},{"not_picked":["Cleave","Shrug It Off"],"picked":"Fire Breathing","floor":3},{"not_picked":["Iron Wave","Perfected Strike"],"picked":"Dropkick","floor":7},{"not_picked":["Impervious","Iron Wave"],"picked":"Wild Strike","floor":10},{"not_picked":["Flex","Pommel Strike","Clothesline"],"picked":"SKIP","floor":11},{"not_picked":["Headbutt","Reaper"],"picked":"True Grit","floor":12},{"not_picked":["Shrug It Off","Clothesline"],"picked":"Evolve","floor":14},{"not_picked":["Corruption","Bludgeon"],"picked":"Demon Form","floor":16},{"not_picked":["Twin Strike","Dark Embrace"],"picked":"Blood for Blood","floor":18},{"not_picked":["Flame Barrier","Clothesline"],"picked":"Shrug It Off","floor":21}],"player_experience":919631,"relics_obtained":[{"floor":7,"key":"Dream Catcher"},{"floor":9,"key":"Mercury Hourglass"},{"floor":12,"key":"Paper Frog"}],"event_choices":[{"damage_healed":0,"gold_gain":0,"player_choice":"Success","damage_taken":3,"relics_obtained":["Ice Cream"],"max_hp_gain":0,"max_hp_loss":0,"event_name":"Scrap Ooze","floor":4,"gold_loss":0},{"damage_healed":0,"gold_gain":0,"player_choice":"Ignored","damage_taken":0,"max_hp_gain":0,"max_hp_loss":0,"event_name":"Liars Game","floor":5,"gold_loss":0},{"damage_healed":0,"gold_gain":0,"player_choice":"Ignored","damage_taken":0,"max_hp_gain":0,"max_hp_loss":0,"event_name":"Vampires","floor":19,"gold_loss":0},{"cards_removed":["Strike_R"],"damage_healed":0,"gold_gain":0,"player_choice":"Elegance","damage_taken":0,"max_hp_gain":0,"max_hp_loss":0,"event_name":"Back to Basics","floor":20,"gold_loss":0},{"damage_healed":0,"gold_gain":0,"player_choice":"Ignored","damage_taken":0,"max_hp_gain":0,"max_hp_loss":0,"event_name":"NoteForYourself","floor":22,"gold_loss":0}],"is_beta":false,"boss_relics":[{"not_picked":["Runic Pyramid","Busted Crown"],"picked":"Black Blood"}],"items_purged_floors":[8],"is_endless":false,"potions_floor_spawned":[2,10,12,16,21],"killed_by":"Slavers","ascension_level":1}}