{"host":"2pgz2fctomabfk86","time":1607658189,"event":{"mods":["AchievementEnabler","BaseMod","Colored Map","DeckTracker","Minty Spire (QoL Compilation)","StSLib","SuperFastMode"],"gold_per_floor":[114,114,139,139,139,155,173,173,173,173,98,98,23,67,67,166,166,187,157,157],"floor_reached":19,"playtime":1126,"items_purged":["Strike_R"],"score":297,"play_id":"7fa44399-812d-45ab-b572-a823a2d7e988","local_time":"20201211124309","is_ascension_mode":true,"campfire_choices":[{"data":"Double Tap","floor":8.0,"key":"SMITH"},{"data":"Bash","floor":10.0,"key":"SMITH"},{"data":"Limit Break","floor":15,"key":"SMITH"}],"circlet_count":0,"master_deck":["AscendersBane","Strike_R","Strike_R","Strike_R","Strike_R","Defend_R","Defend_R","Defend_R","Defend_R","Bash+1","Twin Strike","Double Tap+1","Shrug It Off","Pommel Strike","Reaper","Dual Wield","Inflame","Limit Break+1","Offering","Whirlwind"],"relics":["Burning Blood","Nunchaku","Golden Idol","Singing Bowl","Dead Branch","SacredBark"],"acts_visited":["TheCity"],"potions_floor_usage":[16],"damage_taken":[{"damage":5.0,"enemies":"Small Slimes","floor":1.0,"turns":4.0},{"damage":16.0,"enemies":"2 Louse","floor":3.0,"turns":3.0},{"damage":13.0,"enemies":"Jaw Worm","floor":6.0,"turns":4.0},{"damage":13.0,"enemies":"2 Fungi Beasts","floor":7.0,"turns":3.0},{"damage":30,"enemies":"Lagavulin","floor":14,"turns":6},{"damage":30,"enemies":"Hexaghost","floor":16,"turns":9},{"damage":69,"enemies":"3 Byrds","floor":18,"turns":8},{"damage":22,"enemies":"2 Thieves","floor":19,"turns":1}],"seed_played":"985639858426380131","potions_obtained":[{"floor":6.0,"key":"LiquidBronze"},{"floor":16,"key":"BloodPotion"}],"is_trial":false,"path_per_floor":["M","?","M","?","?","M","M","R","T","R","$","?","$","E","R","B",null,"M","M"],"character_chosen":"IRONCLAD","items_purchased":["Inflame"],"campfire_rested":0,"item_purchase_floors":[13],"current_hp_per_floor":[69,43,33,33,58,51,44,44,44,44,44,44,44,29,29,9,59,21,0,0],"gold":157,"neow_bonus":"RANDOM_COMMON_RELIC","is_daily":false,"chose_seed":false,"campfire_upgraded":3,"win_rate":0.0,"timestamp":1607658189,"path_taken":["M","?","M","?","?","M","M","R","T","R","?","?","$","E","R","BOSS","M","M"],"items_purchased_type":["Card"],"build_version":"2020-11-30","purchased_purges":1,"victory":false,"max_hp_per_floor":[75,75,75,75,75,75,75,75,75,75,75,75,75,75,75,75,75,75,75,75],"card_choices":[{"not_picked":["Anger","Entrench"],"picked":"Twin Strike","floor":1.0},{"not_picked":["Rampage","Shrug It Off"],"picked":"Double Tap","floor":3.0},{"not_picked":["Cleave","True Grit"],"picked":"Shrug It Off","floor":6.0},{"not_picked":["Burning Pact","Sever Soul"],"picked":"Pommel Strike","floor":7.0},{"not_picked":["Metallicize","Reckless Charge"],"picked":"Limit Break","floor":14},{"not_picked":["Berserk","Impervious"],"picked":"Offering","floor":16},{"not_picked":["Havoc","Spot Weakness"],"picked":"Whirlwind","floor":18}],"player_experience":870404,"relics_obtained":[{"floor":9.0,"key":"Singing Bowl"},{"floor":14,"key":"Dead Branch"}],"event_choices":[{"damage_healed":0.0,"max_hp_gain":0.0,"max_hp_loss":0.0,"gold_gain":0.0,"event_name":"Golden Idol","player_choice":"Take Damage","floor":2.0,"gold_loss":0.0,"damage_taken":26.0,"relics_obtained":["Golden Idol"]},{"damage_healed":0.0,"max_hp_gain":0.0,"max_hp_loss":0.0,"gold_gain":0.0,"event_name":"Liars Game","player_choice":"Ignored","floor":4.0,"gold_loss":0.0,"damage_taken":0.0},{"damage_healed":25.0,"max_hp_gain":0.0,"max_hp_loss":0.0,"gold_gain":0.0,"event_name":"Big Fish","player_choice":"Banana","floor":5.0,"gold_loss":0.0,"damage_taken":0.0},{"damage_healed":0.0,"max_hp_gain":0.0,"max_hp_loss":0.0,"gold_gain":0.0,"event_name":"Match and Keep!","player_choice":"2 cards matched","floor":12.0,"gold_loss":0.0,"damage_taken":0.0,"cards_obtained":["Reaper","Dual Wield"]}],"is_beta":false,"boss_relics":[{"not_picked":["Sozu","Calling Bell"],"picked":"SacredBark"}],"items_purged_floors":[11],"is_endless":false,"potions_floor_spawned":[6,16],"killed_by":"2 Thieves","ascension_level":16}}