{"host":"b0dcklafnoly879c","time":1607677361,"event":{"mods":["BaseMod","Hermit","Minty Spire (QoL Compilation)","StSLib","The Jungle"],"gold_per_floor":[110,110,25,44,44,69,69,69,69,87,118,141,141,185,185,185,185],"floor_reached":16,"playtime":826,"items_purged":[],"score":124,"play_id":"ee5306de-9dd5-4fe8-9fca-7ce8466314a2","local_time":"20201211180241","is_ascension_mode":true,"campfire_choices":[{"data":"hermit:Showdown","floor":13.0,"key":"SMITH"},{"data":"hermit:CalledShot","floor":15.0,"key":"SMITH"}],"circlet_count":0,"master_deck":["hermit:Strike_Hermit","hermit:Strike_Hermit","hermit:Strike_Hermit","hermit:Strike_Hermit","hermit:Defend_Hermit","hermit:Defend_Hermit","hermit:Defend_Hermit","hermit:Defend_Hermit","hermit:Snapshot","hermit:Covet","hermit:CalledShot+1","Finesse","hermit:Showdown+1","hermit:CursedWeapon+1","Injury","hermit:Coalescence+1","hermit:Shortfuse"],"relics":["hermit:Momento","Lantern","The Courier","Bottled Lightning","Golden Idol","Toxic Egg 2","Matryoshka","Strawberry"],"acts_visited":["Exordium"],"potions_floor_usage":[16],"damage_taken":[{"damage":0.0,"enemies":"Small Slimes","floor":1.0,"turns":3.0},{"damage":1.0,"enemies":"Cultist","floor":4.0,"turns":3.0},{"damage":21.0,"enemies":"3 Sentries","floor":6.0,"turns":8.0},{"damage":2.0,"enemies":"2 Louse","floor":10.0,"turns":2.0},{"damage":36.0,"enemies":"Gremlin Nob","floor":11.0,"turns":5.0},{"damage":7.0,"enemies":"Exordium Thugs","floor":12.0,"turns":5.0},{"damage":4.0,"enemies":"3 Sentries","floor":14.0,"turns":4.0},{"damage":17,"enemies":"Slime Boss","floor":16,"turns":3}],"seed_played":"-7101773642732726367","potions_obtained":[{"floor":1.0,"key":"ColorlessPotion"},{"floor":4.0,"key":"Energy Potion"},{"floor":11.0,"key":"Explosive Potion"},{"floor":14.0,"key":"SkillPotion"}],"is_trial":false,"path_per_floor":["M","?","$","M","T","E","?","?","T","M","E","M","R","E","R","B"],"character_chosen":"HERMIT","items_purchased":["Finesse"],"campfire_rested":0,"item_purchase_floors":[3],"current_hp_per_floor":[75,75,75,74,74,53,53,53,53,51,15,8,8,11,11,0,0],"gold":185,"neow_bonus":"RANDOM_COMMON_RELIC","is_daily":false,"chose_seed":false,"campfire_upgraded":2,"win_rate":0.0,"timestamp":1607677361,"path_taken":["M","?","$","?","?","E","?","?","T","M","E","M","R","E","R","BOSS"],"items_purchased_type":["Card"],"build_version":"2020-11-30","purchased_purges":0,"victory":false,"max_hp_per_floor":[75,75,75,75,75,75,75,75,75,75,75,75,75,82,82,82,82],"card_choices":[{"not_picked":["hermit:ItchyTrigger","hermit:Coalescence"],"picked":"hermit:CalledShot","floor":1.0},{"not_picked":["hermit:Ricochet","hermit:Midnight"],"picked":"hermit:Showdown","floor":4.0},{"not_picked":["hermit:Roulette","hermit:Virtue"],"picked":"hermit:CursedWeapon","floor":6.0},{"not_picked":["hermit:ItchyTrigger","hermit:Manifest+1","hermit:Showdown"],"picked":"SKIP","floor":10.0},{"not_picked":["hermit:Feint+1","hermit:ItchyTrigger"],"picked":"hermit:Coalescence+1","floor":11.0},{"not_picked":["hermit:LoneWolf+1","hermit:Misfire","hermit:RoundhouseKick"],"picked":"SKIP","floor":12.0},{"not_picked":["hermit:Roulette","hermit:ItchyTrigger"],"picked":"hermit:Shortfuse","floor":14.0}],"player_experience":279095,"relics_obtained":[{"floor":5.0,"key":"The Courier"},{"floor":6.0,"key":"Bottled Lightning"},{"floor":9.0,"key":"Toxic Egg 2"},{"floor":11.0,"key":"Matryoshka"},{"floor":14.0,"key":"Strawberry"}],"event_choices":[{"damage_healed":0.0,"max_hp_gain":0.0,"max_hp_loss":0.0,"gold_gain":0.0,"event_name":"The Woman in Blue","player_choice":"Bought 0 Potions","floor":2.0,"gold_loss":0.0,"damage_taken":0.0},{"damage_healed":0.0,"max_hp_gain":0.0,"max_hp_loss":0.0,"gold_gain":0.0,"event_name":"Golden Idol","player_choice":"Take Wound","floor":7.0,"gold_loss":0.0,"damage_taken":0.0,"relics_obtained":["Golden Idol"],"cards_obtained":["Injury"]},{"damage_healed":0.0,"max_hp_gain":0.0,"max_hp_loss":0.0,"gold_gain":0.0,"event_name":"Living Wall","player_choice":"Grow","floor":8.0,"gold_loss":0.0,"damage_taken":0.0,"cards_upgraded":["hermit:CursedWeapon"]}],"is_beta":false,"boss_relics":[],"items_purged_floors":[],"is_endless":false,"potions_floor_spawned":[1,4,11,14],"killed_by":"Slime Boss","ascension_level":1}}