{"host":"o7j6aatxjwpw1421","time":1607696443,"event":{"mods":["2.2 Compatiblity","BaseMod","Colored Map","DeckTracker","Highlight Path","Keyboard Shortcuts","Minty Spire (QoL Compilation)","Permanent Neow","Quick Restart","StSLib","SuperFastMode","everything is the same but u backflip on backflip"],"gold_per_floor":[212,230,180,8,8,8,26,58,58,58,78,78,78,98,98,194,194,205,205,215,314,229,229,262,314,314,314,327,327,346,44,44,144,144,160,160,0,14,60,394,408,408,408,438,457,468,468,487,487,487],"floor_reached":51,"playtime":4270,"items_purged":["Defend_G"],"score":1113,"play_id":"da21b472-83bd-4f1b-937f-6b5e31124a6d","local_time":"20201211232043","is_ascension_mode":true,"campfire_choices":[{"data":"Poisoned Stab","floor":6.0,"key":"SMITH"},{"data":"Quick Slash","floor":10.0,"key":"SMITH"},{"floor":13.0,"key":"REST"},{"data":"Sadistic Nature","floor":15.0,"key":"SMITH"},{"data":"Envenom","floor":23.0,"key":"SMITH"},{"data":"Well Laid Plans","floor":27.0,"key":"SMITH"},{"floor":29.0,"key":"REST"},{"data":"Accuracy","floor":32.0,"key":"SMITH"},{"floor":42.0,"key":"REST"},{"data":"Bouncing Flask","floor":47.0,"key":"SMITH"},{"data":"Neutralize","floor":49,"key":"SMITH"}],"circlet_count":0,"master_deck":["AscendersBane","Strike_G","Strike_G","Strike_G+1","Defend_G","Defend_G","Survivor","Neutralize+1","Quick Slash+1","Poisoned Stab+1","Sadistic Nature+1","Crippling Poison+1","Bouncing Flask+1","Envenom+1","Deflect+1","Well Laid Plans+1","Backflip","Cloak And Dagger+1","Accuracy+1","Die Die Die","Backflip+1","Blur","Acrobatics","Footwork+1","Reflex+1","Prepared+1","PiercingWail","Cloak And Dagger+1"],"relics":["Ring of the Snake","White Beast Statue","Lantern","Shuriken","Empty Cage","Mummified Hand","Bag of Preparation","Mercury Hourglass","Oddly Smooth Stone","Bottled Lightning","Anchor","WristBlade","Red Mask","Torii","Old Coin","Kunai","Letter Opener"],"acts_visited":["Exordium","TheCity","TheBeyond"],"potions_floor_usage":[50,50,50],"damage_taken":[{"damage":0.0,"enemies":"Small Slimes","floor":1.0,"turns":5.0},{"damage":0.0,"enemies":"2 Louse","floor":2.0,"turns":4.0},{"damage":0.0,"enemies":"Jaw Worm","floor":7.0,"turns":3.0},{"damage":13.0,"enemies":"Gremlin Nob","floor":8.0,"turns":4.0},{"damage":12.0,"enemies":"Large Slime","floor":11.0,"turns":7.0},{"damage":0.0,"enemies":"3 Louse","floor":14.0,"turns":2.0},{"damage":11.0,"enemies":"Slime Boss","floor":16.0,"turns":6.0},{"damage":1.0,"enemies":"2 Thieves","floor":18.0,"turns":2.0},{"damage":3.0,"enemies":"3 Byrds","floor":20.0,"turns":3.0},{"damage":25.0,"enemies":"Book of Stabbing","floor":24.0,"turns":4.0},{"damage":9.0,"enemies":"Sentry and Sphere","floor":28.0,"turns":5.0},{"damage":0.0,"enemies":"Snake Plant","floor":30.0,"turns":4.0},{"damage":7.0,"enemies":"Champ","floor":33.0,"turns":5.0},{"damage":2.0,"enemies":"Orb Walker","floor":35.0,"turns":2.0},{"damage":0.0,"enemies":"3 Darklings","floor":38.0,"turns":3.0},{"damage":1.0,"enemies":"2 Orb Walkers","floor":39.0,"turns":4.0},{"damage":0.0,"enemies":"Giant Head","floor":40.0,"turns":7.0},{"damage":32.0,"enemies":"Spire Growth","floor":41.0,"turns":4.0},{"damage":0.0,"enemies":"Nemesis","floor":44.0,"turns":5.0},{"damage":0.0,"enemies":"Sphere and 2 Shapes","floor":45.0,"turns":3.0},{"damage":1.0,"enemies":"Maw","floor":46.0,"turns":5.0},{"damage":0,"enemies":"4 Shapes","floor":48,"turns":1},{"damage":43,"enemies":"Awakened One","floor":50,"turns":10}],"seed_played":"4194391418028590429","potions_obtained":[{"floor":1.0,"key":"Fire Potion"},{"floor":7.0,"key":"Explosive Potion"},{"floor":8.0,"key":"SpeedPotion"},{"floor":11.0,"key":"LiquidMemories"},{"floor":14.0,"key":"Energy Potion"},{"floor":16.0,"key":"Swift Potion"},{"floor":18.0,"key":"SteroidPotion"},{"floor":20.0,"key":"Poison Potion"},{"floor":24.0,"key":"CunningPotion"},{"floor":28.0,"key":"LiquidMemories"},{"floor":30.0,"key":"DuplicationPotion"},{"floor":33.0,"key":"SpeedPotion"},{"floor":35.0,"key":"SpeedPotion"},{"floor":38.0,"key":"PowerPotion"},{"floor":39.0,"key":"Poison Potion"},{"floor":40.0,"key":"PowerPotion"},{"floor":41.0,"key":"Swift Potion"},{"floor":44.0,"key":"DistilledChaos"},{"floor":45.0,"key":"Explosive Potion"},{"floor":46.0,"key":"Energy Potion"},{"floor":48,"key":"Dexterity Potion"}],"is_trial":false,"path_per_floor":["M","M","?","$","?","R","M","E","T","R","M","?","R","M","R","B",null,"M","?","M","?","?","R","E","T","T","R","M","R","M","$","R","B",null,"M","?","?","M","?","E","M","R","T","E","M","M","R","M","R","B",null],"character_chosen":"THE_SILENT","items_purchased":["Sadistic Nature","Accuracy","Anchor"],"campfire_rested":3,"item_purchase_floors":[4,31,31],"current_hp_per_floor":[63,63,63,63,56,56,56,43,43,43,31,17,38,38,38,27,59,58,58,55,55,55,55,30,30,30,30,21,42,42,42,42,35,61,59,59,59,59,58,58,26,47,47,47,47,46,46,46,46,3],"gold":487,"neow_bonus":"HUNDRED_GOLD","is_daily":false,"chose_seed":false,"campfire_upgraded":8,"win_rate":0.0,"timestamp":1607696443,"path_taken":["M","M","?","$","?","R","M","E","T","R","?","?","R","M","R","BOSS","M","?","?","?","?","R","E","?","T","R","M","R","M","$","R","BOSS","M","?","?","M","?","E","M","R","T","E","?","M","R","M","R","BOSS"],"items_purchased_type":["Card","Card","Relic"],"build_version":"2020-11-30","purchased_purges":1,"victory":true,"max_hp_per_floor":[70,70,70,70,70,70,70,70,70,70,70,70,70,70,70,70,70,70,70,70,70,70,70,70,70,70,70,70,70,70,70,70,70,70,70,70,70,70,70,70,70,70,70,70,70,70,70,70,70,70],"card_choices":[{"not_picked":["Infinite Blades","Blur"],"picked":"Quick Slash","floor":1.0},{"not_picked":["Flying Knee","Prepared"],"picked":"Poisoned Stab","floor":2.0},{"not_picked":["Backflip","Prepared"],"picked":"Crippling Poison","floor":7.0},{"not_picked":["Quick Slash","Cloak And Dagger"],"picked":"Bouncing Flask","floor":8.0},{"not_picked":["Eviscerate","Cloak And Dagger","Distraction"],"picked":"SKIP","floor":11.0},{"not_picked":["Concentrate","Acrobatics","Dash"],"picked":"SKIP","floor":14.0},{"not_picked":["Burst","Tools of the Trade"],"picked":"Envenom","floor":16.0},{"not_picked":["Flying Knee","Dodge and Roll"],"picked":"Deflect+1","floor":18.0},{"not_picked":["Blade Dance+1","Quick Slash"],"picked":"Well Laid Plans","floor":20.0},{"not_picked":["Deflect","Dagger Throw","Dodge and Roll"],"picked":"SKIP","floor":24.0},{"not_picked":["Deflect+1","Sucker Punch"],"picked":"Backflip","floor":28.0},{"not_picked":["Dodge and Roll+1","Deflect+1"],"picked":"Cloak And Dagger+1","floor":30.0},{"not_picked":["Glass Knife","Doppelganger"],"picked":"Die Die Die","floor":33.0},{"not_picked":["Infinite Blades+1","Sucker Punch"],"picked":"Backflip+1","floor":35.0},{"not_picked":["Prepared","Bane+1"],"picked":"Blur","floor":38.0},{"not_picked":["Terror+1","Poisoned Stab"],"picked":"Acrobatics","floor":39.0},{"not_picked":["All Out Attack+1","Corpse Explosion"],"picked":"Footwork+1","floor":40.0},{"not_picked":["Slice","Endless Agony+1"],"picked":"Reflex+1","floor":41.0},{"not_picked":["Deadly Poison","Outmaneuver+1"],"picked":"Prepared+1","floor":44.0},{"not_picked":["Bouncing Flask+1","Blur"],"picked":"PiercingWail","floor":45.0},{"not_picked":["Acrobatics+1","Deflect"],"picked":"Cloak And Dagger+1","floor":46.0},{"not_picked":["Bouncing Flask+1","Dagger Spray+1","Bane"],"picked":"SKIP","floor":48}],"player_experience":188433,"relics_obtained":[{"floor":8.0,"key":"Lantern"},{"floor":9.0,"key":"Shuriken"},{"floor":24.0,"key":"Mercury Hourglass"},{"floor":25.0,"key":"Oddly Smooth Stone"},{"floor":26.0,"key":"Bottled Lightning"},{"floor":39.0,"key":"Torii"},{"floor":40.0,"key":"Old Coin"},{"floor":43.0,"key":"Kunai"},{"floor":44.0,"key":"Letter Opener"}],"event_choices":[{"cards_removed":["Strike_G"],"damage_healed":0.0,"max_hp_gain":0.0,"max_hp_loss":0.0,"gold_gain":0.0,"event_name":"The Cleric","player_choice":"Card Removal","floor":3.0,"gold_loss":50.0,"damage_taken":0.0},{"damage_healed":0.0,"max_hp_gain":0.0,"max_hp_loss":0.0,"gold_gain":0.0,"event_name":"Scrap Ooze","player_choice":"Success","floor":5.0,"gold_loss":0.0,"damage_taken":7.0,"relics_obtained":["White Beast Statue"]},{"damage_healed":0.0,"max_hp_gain":0.0,"max_hp_loss":0.0,"gold_gain":0.0,"event_name":"Shining Light","player_choice":"Entered Light","floor":12.0,"gold_loss":0.0,"damage_taken":14.0,"cards_upgraded":["Crippling Poison","Strike_G"]},{"damage_healed":0.0,"max_hp_gain":0.0,"max_hp_loss":0.0,"gold_gain":0.0,"event_name":"WeMeetAgain","player_choice":"Gave Potion","floor":19.0,"gold_loss":0.0,"damage_taken":0.0,"relics_obtained":["Mummified Hand"]},{"damage_healed":0.0,"max_hp_gain":0.0,"max_hp_loss":0.0,"gold_gain":99.0,"event_name":"Nest","player_choice":"Stole From Cult","floor":21.0,"gold_loss":0.0,"damage_taken":0.0},{"damage_healed":0.0,"max_hp_gain":0.0,"max_hp_loss":0.0,"gold_gain":0.0,"event_name":"Addict","player_choice":"Obtained Relic","floor":22.0,"gold_loss":85.0,"damage_taken":0.0,"relics_obtained":["Bag of Preparation"]},{"cards_removed":["Defend_G"],"damage_healed":0.0,"max_hp_gain":0.0,"max_hp_loss":0.0,"gold_gain":0.0,"event_name":"Falling","player_choice":"Removed Skill","floor":36.0,"gold_loss":0.0,"damage_taken":0.0},{"damage_healed":0.0,"max_hp_gain":0.0,"max_hp_loss":0.0,"gold_gain":0.0,"event_name":"Tomb of Lord Red Mask","player_choice":"Paid","floor":37.0,"gold_loss":160.0,"damage_taken":0.0,"relics_obtained":["Red Mask"]},{"damage_healed":0.0,"max_hp_gain":0.0,"max_hp_loss":0.0,"gold_gain":0.0,"event_name":"Mysterious Sphere","player_choice":"Fight","floor":39.0,"gold_loss":0.0,"damage_taken":0.0}],"is_beta":false,"boss_relics":[{"not_picked":["Runic Dome","Philosopher\u0027s Stone"],"picked":"Empty Cage"},{"not_picked":["SlaversCollar","Calling Bell"],"picked":"WristBlade"}],"items_purged_floors":[31],"is_endless":false,"potions_floor_spawned":[1,7,8,11,14,16,18,20,24,28,30,33,35,38,39,40,41,44,45,46,48],"ascension_level":10}}