{"host":"c6uvvgqwlxq4k23y","time":1607691013,"event":{"mods":["BaseMod","CapriCore","DeckTracker","Hermit","Minty Spire (QoL Compilation)","StSLib","SuperFastMode","The Dragon Tamer"],"gold_per_floor":[114,134,84,84,102,102,136,136,162,162,183,183,198,211,211,211,211,211],"floor_reached":16,"playtime":360,"items_purged":[],"score":102,"play_id":"502b1b5b-e789-49e7-a8f3-7d26233df351","local_time":"20201211215013","is_ascension_mode":false,"metric_token":543,"campfire_choices":[{"data":"DTMod:SneakAttack","floor":6.0,"key":"SMITH"},{"data":"DTMod:BlazingStrike","floor":10.0,"key":"SMITH"},{"data":"DTMod:DoubleHit","floor":12,"key":"SMITH"},{"data":"DTMod:QuickFly","floor":15,"key":"SMITH"}],"dtmod_dragon_data":[44,50,-1,-1,0,0],"circlet_count":0,"master_deck":["DTMod:Strike","DTMod:Strike","DTMod:Strike","DTMod:DoubleHit+1","DTMod:TargetDefense","DTMod:TargetDefense","DTMod:TargetDefense","DTMod:TargetDefense","DTMod:SwitchingTactic","DTMod:TauntingStrike","DTMod:BlazingStrike+1","DTMod:SneakAttack+1","DTMod:BurningEnergy+1","DTMod:QuickFly+1"],"relics":["DTMod:PactStone","Golden Idol","Omamori","Regal Pillow"],"acts_visited":["Exordium"],"potions_floor_usage":[16],"damage_taken":[{"damage":0.0,"enemies":"Small Slimes","floor":1.0,"turns":4.0},{"damage":0.0,"enemies":"Jaw Worm","floor":2.0,"turns":4.0},{"damage":0.0,"enemies":"2 Louse","floor":5.0,"turns":1.0},{"damage":16.0,"enemies":"3 Sentries","floor":7.0,"turns":7.0},{"damage":0,"enemies":"Large Slime","floor":11,"turns":4},{"damage":0,"enemies":"Blue Slaver","floor":13,"turns":2},{"damage":0,"enemies":"2 Fungi Beasts","floor":14,"turns":2},{"damage":23,"enemies":"Hexaghost","floor":16,"turns":7}],"seed_played":"6355770698561805479","potions_obtained":[{"floor":1.0,"key":"SteroidPotion"},{"floor":7.0,"key":"ColorlessPotion"},{"floor":13,"key":"Block Potion"}],"is_trial":false,"path_per_floor":["M","M","?","?","M","R","E","?","T","R","M","R","M","M","R","B"],"character_chosen":"THE_DT","items_purchased":[],"campfire_rested":0,"item_purchase_floors":[],"current_hp_per_floor":[49,49,49,37,37,37,21,21,21,21,21,21,21,21,21,0,0,0],"gold":211,"neow_bonus":"TEN_PERCENT_HP_BONUS","is_daily":false,"chose_seed":false,"campfire_upgraded":4,"win_rate":0.0,"timestamp":1607691013,"path_taken":["M","M","?","?","M","R","E","?","T","R","M","R","M","M","R","BOSS"],"items_purchased_type":[],"build_version":"2020-11-30","purchased_purges":0,"victory":false,"max_hp_per_floor":[49,49,49,49,49,49,49,49,49,49,49,49,49,49,49,49,49,49],"card_choices":[{"not_picked":["DTMod:DragonDance","DTMod:BuildUp"],"picked":"DTMod:TauntingStrike","floor":1.0},{"not_picked":["DTMod:Adaptation","DTMod:CleansingStrike"],"picked":"DTMod:BlazingStrike","floor":2.0},{"not_picked":["DTMod:Training","DTMod:Punisher"],"picked":"DTMod:SneakAttack","floor":5.0},{"not_picked":["DTMod:ShieldDrain","DTMod:FlameSlash"],"picked":"DTMod:BurningEnergy","floor":7.0},{"not_picked":["DTMod:MasterPlan","DTMod:Observe","DTMod:Threaten"],"picked":"SKIP","floor":11},{"not_picked":["DTMod:CrossStep","DTMod:ComboAttack"],"picked":"DTMod:QuickFly","floor":13},{"not_picked":["DTMod:MagicField","DTMod:Haste","DTMod:Hide"],"picked":"SKIP","floor":14}],"player_experience":320763,"relics_obtained":[{"floor":7.0,"key":"Omamori"},{"floor":9.0,"key":"Regal Pillow"}],"event_choices":[{"cards_removed":["DTMod:Strike"],"damage_healed":0.0,"max_hp_gain":0.0,"max_hp_loss":0.0,"gold_gain":0.0,"event_name":"The Cleric","player_choice":"Card Removal","floor":3.0,"gold_loss":50.0,"damage_taken":0.0},{"damage_healed":0.0,"max_hp_gain":0.0,"max_hp_loss":0.0,"gold_gain":0.0,"event_name":"Golden Idol","player_choice":"Take Damage","floor":4.0,"gold_loss":0.0,"damage_taken":12.0,"relics_obtained":["Golden Idol"]},{"damage_healed":0.0,"max_hp_gain":0.0,"max_hp_loss":0.0,"gold_gain":0.0,"event_name":"Living Wall","player_choice":"Grow","floor":8.0,"gold_loss":0.0,"damage_taken":0.0,"cards_upgraded":["DTMod:BurningEnergy"]}],"is_beta":false,"boss_relics":[],"items_purged_floors":[],"is_endless":false,"potions_floor_spawned":[1,7,13],"killed_by":"Hexaghost","ascension_level":0}}