{"host":"51f0ad793vly1w6u","time":1607672094,"event":{"mods":["BaseMod","Colored Map","DeckTracker","Minty Spire (QoL Compilation)","StSLib","SuperFastMode"],"gold_per_floor":[119,44,44,60,4,32,32,46,70,70,70,98,110,150,162,174,174],"floor_reached":16,"playtime":222,"items_purged":["Strike_G"],"score":282,"play_id":"6f0930a1-7858-4d3b-8566-b20ab93a9fe3","local_time":"20201211163454","is_ascension_mode":true,"campfire_choices":[{"data":"Eviscerate","floor":7.0,"key":"SMITH"},{"data":"Neutralize","floor":10.0,"key":"SMITH"},{"floor":15,"key":"REST"}],"circlet_count":0,"master_deck":["AscendersBane","Strike_G","Strike_G","Strike_G","Strike_G","Defend_G","Defend_G","Defend_G+1","Defend_G","Survivor","Neutralize+1","Eviscerate+1","Underhanded Strike+1","PiercingWail","Bullet Time"],"relics":["Ring of the Snake","NeowsBlessing","Bag of Preparation","Shuriken","Happy Flower","MawBank","Ornamental Fan"],"acts_visited":["Exordium"],"potions_floor_usage":[16],"damage_taken":[{"damage":0.0,"enemies":"Small Slimes","floor":1.0,"turns":1.0},{"damage":0.0,"enemies":"Cultist","floor":4.0,"turns":1.0},{"damage":0.0,"enemies":"3 Sentries","floor":6.0,"turns":1.0},{"damage":0.0,"enemies":"2 Louse","floor":8.0,"turns":3.0},{"damage":7.0,"enemies":"Lagavulin","floor":12.0,"turns":6.0},{"damage":24,"enemies":"3 Sentries","floor":14,"turns":9},{"damage":27,"enemies":"Slime Boss","floor":16,"turns":6}],"seed_played":"3400662493337474421","potions_obtained":[{"floor":6.0,"key":"Weak Potion"},{"floor":8.0,"key":"Block Potion"}],"is_trial":false,"path_per_floor":["M","$","?","M","?","E","R","M","T","R","?","E","?","E","R","B"],"character_chosen":"THE_SILENT","items_purchased":[],"campfire_rested":1,"item_purchase_floors":[],"current_hp_per_floor":[59,59,52,52,52,52,52,52,52,52,32,25,25,1,20,0,0],"gold":174,"neow_bonus":"THREE_ENEMY_KILL","is_daily":false,"chose_seed":false,"campfire_upgraded":2,"win_rate":0.0,"timestamp":1607672094,"path_taken":["M","$","?","M","?","E","R","?","T","R","?","E","?","E","R","BOSS"],"items_purchased_type":[],"build_version":"2020-11-30","purchased_purges":1,"victory":false,"max_hp_per_floor":[66,66,66,66,66,66,66,66,66,66,66,66,66,66,66,66,66],"card_choices":[{"not_picked":["Underhanded Strike","Flying Knee"],"picked":"Eviscerate","floor":1.0},{"not_picked":["Quick Slash","Sucker Punch","Flechettes"],"picked":"SKIP","floor":4.0},{"not_picked":["Backflip","Deadly Poison"],"picked":"Underhanded Strike","floor":6.0},{"not_picked":["Underhanded Strike","Sucker Punch"],"picked":"PiercingWail","floor":8.0},{"not_picked":["Dodge and Roll","Outmaneuver"],"picked":"Bullet Time","floor":12.0},{"not_picked":["Crippling Poison","Flechettes","Underhanded Strike"],"picked":"SKIP","floor":14}],"player_experience":1361206,"relics_obtained":[{"floor":6.0,"key":"Shuriken"},{"floor":9.0,"key":"Happy Flower"},{"floor":12.0,"key":"MawBank"},{"floor":14,"key":"Ornamental Fan"}],"event_choices":[{"cards_removed":["Defend_G"],"damage_healed":0.0,"max_hp_gain":0.0,"max_hp_loss":0.0,"gold_gain":0.0,"event_name":"Golden Wing","player_choice":"Card Removal","floor":3.0,"gold_loss":0.0,"damage_taken":7.0},{"damage_healed":0.0,"max_hp_gain":0.0,"max_hp_loss":0.0,"gold_gain":0.0,"event_name":"WeMeetAgain","player_choice":"Paid Gold","floor":5.0,"gold_loss":56.0,"damage_taken":0.0,"relics_obtained":["Bag of Preparation"]},{"damage_healed":0.0,"max_hp_gain":0.0,"max_hp_loss":0.0,"gold_gain":0.0,"event_name":"Shining Light","player_choice":"Entered Light","floor":11.0,"gold_loss":0.0,"damage_taken":20.0,"cards_upgraded":["Defend_G","Underhanded Strike"]},{"damage_healed":0,"gold_gain":0,"player_choice":"Fled","damage_taken":0,"max_hp_gain":0,"max_hp_loss":0,"event_name":"Scrap Ooze","floor":13,"gold_loss":0}],"is_beta":false,"boss_relics":[],"items_purged_floors":[2],"is_endless":false,"potions_floor_spawned":[6,8],"killed_by":"Slime Boss","ascension_level":20}}