{"host":"k8gerrcpv9xe1nxe","time":1607697633,"event":{"mods":["2.2 Compatiblity","AchievementEnabler","BaseMod","Bestiary","Minty Spire (QoL Compilation)","Relic Stats","StSLib"],"gold_per_floor":[118,128,128,12,28,62,72,101,101,113,128,139,169,185,185,282,282,301,313,228,242,257,257,288,31,31,31,64,64,90,90,90,190,190,207,207,52,72,92,92,124,124,206,237,256,267,286,318,318,318,318,318,45,73,73],"floor_reached":56,"playtime":2492,"items_purged":["Pain","Infinite Blades","Strike_G"],"score":1451,"play_id":"be5a4c48-6512-4321-a8d0-4e856e7736dc","local_time":"20201211094033","is_ascension_mode":true,"campfire_choices":[{"data":"Well Laid Plans","floor":15.0,"key":"SMITH"},{"data":"Crippling Poison","floor":23.0,"key":"SMITH"},{"data":"Noxious Fumes","floor":27.0,"key":"SMITH"},{"data":"Bouncing Flask","floor":29.0,"key":"SMITH"},{"floor":32.0,"key":"REST"},{"data":"Neutralize","floor":40,"key":"SMITH"},{"floor":42,"key":"RECALL"},{"data":"Predator","floor":49,"key":"SMITH"},{"data":"Dagger Spray","floor":52,"key":"SMITH"}],"circlet_count":0,"master_deck":["Strike_G","Strike_G","Strike_G","Defend_G","Defend_G","Defend_G","Defend_G","Defend_G","Survivor","Neutralize+1","Crippling Poison+1","Noxious Fumes+1","Bouncing Flask+1","Well Laid Plans+1","Predator+1","Noxious Fumes+1","Backflip+1","Dagger Spray+1","Wraith Form v2+1","Acrobatics+1","Backflip+1","Corpse Explosion+1","CurseOfTheBell","PiercingWail+1","Catalyst+1","Caltrops+1"],"relics":["Velvet Choker","WarpedTongs","Meat on the Bone","Frozen Egg 2","Toxic Egg 2","Strawberry","Snecko Eye","Nunchaku","Mercury Hourglass","TwistedFunnel","Matryoshka","PreservedInsect","Bird Faced Urn","Calling Bell","Toy Ornithopter","Kunai","Ginger","Snake Skull","Anchor","Paper Crane","Bottled Lightning","Gambling Chip","Bag of Marbles","Shuriken"],"acts_visited":["Exordium","TheCity","TheBeyond","TheEnding"],"potions_floor_usage":[55,55,55],"damage_taken":[{"damage":4.0,"enemies":"Jaw Worm","floor":1.0,"turns":5.0},{"damage":0.0,"enemies":"Cultist","floor":2.0,"turns":4.0},{"damage":0.0,"enemies":"Small Slimes","floor":5.0,"turns":3.0},{"damage":0.0,"enemies":"3 Sentries","floor":6.0,"turns":7.0},{"damage":10.0,"enemies":"2 Fungi Beasts","floor":7.0,"turns":4.0},{"damage":8.0,"enemies":"Lagavulin","floor":8.0,"turns":7.0},{"damage":1.0,"enemies":"Large Slime","floor":10.0,"turns":4.0},{"damage":4.0,"enemies":"Gremlin Gang","floor":11.0,"turns":4.0},{"damage":12.0,"enemies":"Blue Slaver","floor":12.0,"turns":3.0},{"damage":20.0,"enemies":"Gremlin Nob","floor":13.0,"turns":5.0},{"damage":0.0,"enemies":"Looter","floor":14.0,"turns":3.0},{"damage":13.0,"enemies":"Slime Boss","floor":16.0,"turns":6.0},{"damage":0.0,"enemies":"Spheric Guardian","floor":18.0,"turns":3.0},{"damage":2.0,"enemies":"3 Byrds","floor":19.0,"turns":4.0},{"damage":3.0,"enemies":"Snake Plant","floor":21.0,"turns":5.0},{"damage":11.0,"enemies":"Sentry and Sphere","floor":22.0,"turns":4.0},{"damage":21.0,"enemies":"Slavers","floor":24.0,"turns":5.0},{"damage":5.0,"enemies":"Gremlin Leader","floor":28.0,"turns":5.0},{"damage":12.0,"enemies":"Book of Stabbing","floor":30.0,"turns":5.0},{"damage":40.0,"enemies":"Automaton","floor":33.0,"turns":10.0},{"damage":0,"enemies":"3 Shapes","floor":35,"turns":2},{"damage":7,"enemies":"3 Darklings","floor":38,"turns":2},{"damage":2,"enemies":"Maw","floor":39,"turns":6},{"damage":1,"enemies":"Giant Head","floor":41,"turns":7},{"damage":0,"enemies":"Nemesis","floor":44,"turns":5},{"damage":6,"enemies":"Writhing Mass","floor":45,"turns":5},{"damage":0,"enemies":"3 Darklings","floor":46,"turns":2},{"damage":0,"enemies":"Jaw Worm Horde","floor":47,"turns":2},{"damage":1,"enemies":"Giant Head","floor":48,"turns":5},{"damage":36,"enemies":"Donu and Deca","floor":50,"turns":5},{"damage":0,"enemies":"Shield and Spear","floor":54,"turns":2},{"damage":27,"enemies":"The Heart","floor":55,"turns":8}],"seed_played":"-8812484077593614529","potions_obtained":[{"floor":2.0,"key":"Poison Potion"},{"floor":8.0,"key":"Regen Potion"},{"floor":10.0,"key":"Swift Potion"},{"floor":13.0,"key":"Fire Potion"},{"floor":19.0,"key":"Block Potion"},{"floor":33.0,"key":"LiquidBronze"},{"floor":39,"key":"Dexterity Potion"},{"floor":44,"key":"DuplicationPotion"}],"is_trial":false,"path_per_floor":["M","M","?","$","M","E","M","E","T","M","M","M","E","M","R","B",null,"M","M","?","M","M","R","E","$","T","R","E","R","E","?","R","B",null,"M","?","$","M","M","R","E","R","T","E","M","M","M","E","R","B",null,"R","$","E","B",null],"character_chosen":"THE_SILENT","items_purchased":["Noxious Fumes","TwistedFunnel","Snake Skull","Bag of Marbles"],"campfire_rested":1,"item_purchase_floors":[4,25,37,53],"current_hp_per_floor":[66,66,66,66,66,66,56,48,48,47,43,43,44,44,44,43,77,77,75,75,72,61,61,40,40,40,40,47,47,47,47,70,50,77,77,77,77,70,75,75,77,77,77,77,73,75,75,77,77,45,77,77,77,77,56],"gold":73,"neow_bonus":"BOSS_RELIC","is_daily":false,"chose_seed":false,"campfire_upgraded":7,"win_rate":0.0,"timestamp":1607697633,"path_taken":["M","M","?","$","M","E","M","E","T","M","?","M","E","M","R","BOSS","M","?","?","M","M","R","E","$","T","R","E","R","E","?","R","BOSS","M","?","$","M","M","R","E","R","T","E","M","M","?","E","R","BOSS","R","$","E","BOSS"],"items_purchased_type":["Card","Relic","Relic","Relic"],"build_version":"2020-11-30","purchased_purges":3,"victory":true,"max_hp_per_floor":[70,70,70,70,70,70,70,70,70,70,70,70,77,77,77,77,77,77,77,77,77,77,77,77,77,77,77,77,77,77,77,77,77,77,77,77,77,77,77,77,77,77,77,77,77,77,77,77,77,77,77,77,77,77,77],"relic_stats":{"counters":[32,146],"PreservedInsect":406,"Snake Skull":[139],"Ginger":[11],"WarpedTongs":[135],"Mercury Hourglass":[249],"Nunchaku":[7],"Shuriken":[0],"Bird Faced Urn":[35],"Gambling Chip":[10],"Snecko Eye":[177,170,158,169],"Kunai":[2],"obtain_stats":[{"TwistedFunnel":25,"Snake Skull":37,"Ginger":34,"Nunchaku":20,"Matryoshka":26,"Strawberry":13,"Gambling Chip":48,"Kunai":34,"Toxic Egg 2":9,"Ring of the Snake":0,"Velvet Choker":0,"PreservedInsect":28,"Frozen Egg 2":8,"Paper Crane":43,"WarpedTongs":3,"Mercury Hourglass":24,"Calling Bell":34,"Anchor":41,"Shuriken":54,"Bird Faced Urn":30,"Snecko Eye":17,"Bag of Marbles":53,"Bottled Lightning":44,"Toy Ornithopter":34,"Meat on the Bone":6},{"TwistedFunnel":17,"Snake Skull":21,"Ginger":20,"Nunchaku":14,"Matryoshka":17,"Strawberry":10,"Gambling Chip":29,"Kunai":20,"Toxic Egg 2":6,"Ring of the Snake":0,"Velvet Choker":0,"PreservedInsect":18,"Frozen Egg 2":6,"Paper Crane":24,"WarpedTongs":2,"Mercury Hourglass":17,"Calling Bell":20,"Anchor":24,"Shuriken":31,"Bird Faced Urn":19,"Snecko Eye":12,"Bag of Marbles":30,"Bottled Lightning":25,"Toy Ornithopter":20,"Meat on the Bone":4},{"TwistedFunnel":76,"Snake Skull":97,"Ginger":95,"Nunchaku":62,"Matryoshka":76,"Strawberry":46,"Gambling Chip":131,"Kunai":95,"Toxic Egg 2":30,"Ring of the Snake":0,"Velvet Choker":0,"PreservedInsect":81,"Frozen Egg 2":30,"Paper Crane":112,"WarpedTongs":9,"Mercury Hourglass":76,"Calling Bell":95,"Anchor":112,"Shuriken":138,"Bird Faced Urn":85,"Snecko Eye":55,"Bag of Marbles":136,"Bottled Lightning":117,"Toy Ornithopter":95,"Meat on the Bone":19}],"Toy Ornithopter":0,"Meat on the Bone":60},"card_choices":[{"not_picked":["Dagger Throw","Bouncing Flask"],"picked":"Infinite Blades","floor":1.0},{"not_picked":["Dagger Throw","Sucker Punch"],"picked":"Crippling Poison","floor":2.0},{"not_picked":["All Out Attack","PiercingWail"],"picked":"Bouncing Flask","floor":5.0},{"not_picked":["Prepared","Reflex","Unload"],"picked":"SKIP","floor":6.0},{"not_picked":["Bane","Expertise"],"picked":"Well Laid Plans","floor":7.0},{"not_picked":["Distraction","Caltrops+1"],"picked":"Predator","floor":8.0},{"not_picked":["Underhanded Strike","Blade Dance+1","Bane"],"picked":"SKIP","floor":10.0},{"not_picked":["Quick Slash","Dodge and Roll+1"],"picked":"Noxious Fumes+1","floor":11.0},{"not_picked":["Bouncing Flask+1","Finisher"],"picked":"Backflip+1","floor":12.0},{"not_picked":["Blur+1","Bullet Time+1","Underhanded Strike"],"picked":"SKIP","floor":13.0},{"not_picked":["Expertise+1","Dagger Throw"],"picked":"Dagger Spray","floor":14.0},{"not_picked":["Envenom+1","Venomology+1"],"picked":"Wraith Form v2+1","floor":16.0},{"not_picked":["Choke","Dagger Throw+1","Finisher+1"],"picked":"SKIP","floor":18.0},{"not_picked":["Outmaneuver+1","Blade Dance+1"],"picked":"Acrobatics+1","floor":19.0},{"not_picked":["Blade Dance+1","Endless Agony","Deadly Poison+1"],"picked":"SKIP","floor":21.0},{"not_picked":["Dagger Throw","Slice","Poisoned Stab+1"],"picked":"SKIP","floor":22.0},{"not_picked":["Tactician+1","Quick Slash"],"picked":"Backflip+1","floor":24.0},{"not_picked":["Dagger Throw","Backflip+1","Terror+1"],"picked":"SKIP","floor":28.0},{"not_picked":["Finisher+1","Deflect+1","Poisoned Stab"],"picked":"SKIP","floor":30.0},{"not_picked":["Venomology+1","Bullet Time+1"],"picked":"Corpse Explosion+1","floor":33.0},{"not_picked":["Backstab+1","Eviscerate","Well Laid Plans+1"],"picked":"SKIP","floor":35},{"not_picked":["Dagger Spray","Deflect+1"],"picked":"PiercingWail+1","floor":38},{"not_picked":["PiercingWail+1","Slice","Blur+1"],"picked":"SKIP","floor":39},{"not_picked":["Bullet Time+1","Caltrops+1","Outmaneuver+1"],"picked":"SKIP","floor":41},{"not_picked":["Blade Dance+1","Expertise+1","Underhanded Strike"],"picked":"SKIP","floor":44},{"not_picked":["PiercingWail+1","Backflip+1","Flying Knee"],"picked":"SKIP","floor":45},{"not_picked":["Sucker Punch","Outmaneuver+1"],"picked":"Catalyst+1","floor":46},{"not_picked":["Masterful Stab","Flying Knee+1","Dodge and Roll+1"],"picked":"SKIP","floor":47},{"not_picked":["Riddle With Holes","Prepared+1"],"picked":"Caltrops+1","floor":48},{"not_picked":["Acrobatics+1","Blur+1","Dash+1"],"picked":"SKIP","floor":54}],"player_experience":27175,"relics_obtained":[{"floor":6.0,"key":"Meat on the Bone"},{"floor":8.0,"key":"Frozen Egg 2"},{"floor":9.0,"key":"Toxic Egg 2"},{"floor":13.0,"key":"Strawberry"},{"floor":24.0,"key":"Mercury Hourglass"},{"floor":26.0,"key":"Matryoshka"},{"floor":28.0,"key":"PreservedInsect"},{"floor":30.0,"key":"Bird Faced Urn"},{"floor":34,"key":"Toy Ornithopter"},{"floor":34,"key":"Kunai"},{"floor":34,"key":"Ginger"},{"floor":41,"key":"Anchor"},{"floor":43,"key":"Paper Crane"},{"floor":44,"key":"Bottled Lightning"},{"floor":48,"key":"Gambling Chip"},{"floor":54,"key":"Shuriken"}],"event_choices":[{"damage_healed":0.0,"max_hp_gain":0.0,"max_hp_loss":0.0,"gold_gain":0.0,"event_name":"Accursed Blacksmith","player_choice":"Rummage","floor":3.0,"gold_loss":0.0,"damage_taken":0.0,"relics_obtained":["WarpedTongs"],"cards_obtained":["Pain"]},{"damage_healed":0.0,"max_hp_gain":0.0,"max_hp_loss":0.0,"gold_gain":0.0,"event_name":"Addict","player_choice":"Obtained Relic","floor":20.0,"gold_loss":85.0,"damage_taken":0.0,"relics_obtained":["Nunchaku"]},{"damage_healed":0.0,"max_hp_gain":0.0,"max_hp_loss":0.0,"gold_gain":0.0,"event_name":"Ghosts","player_choice":"Ignored","floor":31.0,"gold_loss":0.0,"damage_taken":0.0},{"cards_removed":["Strike_G"],"damage_healed":0,"gold_gain":0,"player_choice":"Purged","damage_taken":0,"max_hp_gain":0,"max_hp_loss":0,"event_name":"Purifier","floor":36,"gold_loss":0}],"is_beta":false,"boss_relics":[{"not_picked":["HoveringKite","Tiny House"],"picked":"Snecko Eye"},{"not_picked":["Runic Dome","Runic Pyramid"],"picked":"Calling Bell"}],"items_purged_floors":[4,25,53],"is_endless":false,"potions_floor_spawned":[2,8,10,11,12,13,18,19,22,33,39,41,44,45,47,54],"ascension_level":1}}