{"host":"v52ntiwll8g9892u","time":1607723039,"event":{"mods":["Aspiration","BaseMod","Marisa£®ÏF”Í°°ƒß¿Ì…≥£©","Minty Spire (QoL Compilation)","StSLib","The Bug Knight"],"gold_per_floor":[115,115,128,147,147,147,174,174,174,174,184,213,232,248,248,319,319,337,337,262,272,288,317,317,343,343,343,343,358,372,391,391,466,466,485,485,496,544,286,316,191,191,191,201,201,233,248,262,262,262,262,262,262,38,68,68],"floor_reached":57,"playtime":2386,"items_purged":["Injury","Endless Agony+1","BowlingBash+1"],"score":3328,"play_id":"82ab5146-a649-41aa-884f-70d6f4c40edd","local_time":"20201212054359","is_ascension_mode":true,"campfire_choices":[{"data":"Eruption","floor":6.0,"key":"SMITH"},{"data":"Pray","floor":10.0,"key":"SMITH"},{"floor":15.0,"key":"RECALL"},{"floor":27.0,"key":"REST"},{"data":"Ghostly","floor":32.0,"key":"SMITH"},{"floor":42.0,"key":"REST"},{"floor":45.0,"key":"REST"},{"data":"1","floor":49.0,"key":"LIFT"},{"data":"2","floor":53.0,"key":"LIFT"}],"circlet_count":0,"master_deck":["AscendersBane","Vigilance+1","Slice+1","Grand Finale+1","Pray+1","Conclude+1","LessonLearned+1","Scrawl+1","Ghostly+1","Ghostly+1","Ghostly+1","Scrawl+1","Adaptation+1","Tantrum+1","Pray+1","InnerPeace"],"relics":["Runic Pyramid","Molten Egg 2","HornCleat","Letter Opener","Calling Bell","Boot","Pantograph","aspiration:HatOfInfinitePower","Bird Faced Urn","Akabeko","Kunai","Pandora\u0027s Box","CatCart","Strange Spoon","CloakClasp","Girya","DollysMirror","aspiration:StickyExplosives_weak"],"acts_visited":["Exordium","TheCity","TheBeyond","TheEnding"],"potions_floor_usage":[54],"damage_taken":[{"damage":16.0,"enemies":"Small Slimes","floor":1.0,"turns":4.0},{"damage":7.0,"enemies":"2 Louse","floor":3.0,"turns":2.0},{"damage":0.0,"enemies":"Cultist","floor":4.0,"turns":3.0},{"damage":0.0,"enemies":"Lagavulin","floor":7.0,"turns":3.0},{"damage":0.0,"enemies":"Exordium Wildlife","floor":11.0,"turns":1.0},{"damage":16.0,"enemies":"3 Sentries","floor":12.0,"turns":3.0},{"damage":5.0,"enemies":"Blue Slaver","floor":13.0,"turns":3.0},{"damage":0.0,"enemies":"2 Fungi Beasts","floor":14.0,"turns":2.0},{"damage":4.0,"enemies":"Hexaghost","floor":16.0,"turns":5.0},{"damage":12.0,"enemies":"2 Thieves","floor":18.0,"turns":3.0},{"damage":0.0,"enemies":"Chosen","floor":21.0,"turns":2.0},{"damage":0.0,"enemies":"Centurion and Healer","floor":22.0,"turns":3.0},{"damage":22.0,"enemies":"Slavers","floor":23.0,"turns":3.0},{"damage":0.0,"enemies":"Gremlin Leader","floor":25.0,"turns":3.0},{"damage":0.0,"enemies":"3 Cultists","floor":29.0,"turns":3.0},{"damage":0.0,"enemies":"Snake Plant","floor":30.0,"turns":3.0},{"damage":0.0,"enemies":"Snecko","floor":31.0,"turns":4.0},{"damage":0.0,"enemies":"Champ","floor":33.0,"turns":6.0},{"damage":0.0,"enemies":"3 Darklings","floor":35.0,"turns":1.0},{"damage":1.0,"enemies":"Orb Walker","floor":37.0,"turns":2.0},{"damage":0.0,"enemies":"Orin","floor":38.0,"turns":4.0},{"damage":3.0,"enemies":"Nemesis","floor":40.0,"turns":3.0},{"damage":0.0,"enemies":"4 Shapes","floor":44.0,"turns":5.0},{"damage":0.0,"enemies":"Giant Head","floor":46.0,"turns":3.0},{"damage":0.0,"enemies":"Writhing Mass","floor":47.0,"turns":1.0},{"damage":0.0,"enemies":"3 Darklings","floor":48.0,"turns":1.0},{"damage":0.0,"enemies":"Awakened One","floor":50.0,"turns":3.0},{"damage":0.0,"enemies":"Donu and Deca","floor":51.0,"turns":3.0},{"damage":0,"enemies":"Shield and Spear","floor":55,"turns":3},{"damage":27,"enemies":"The Heart","floor":56,"turns":8}],"seed_played":"6753569126357975354","potions_obtained":[{"floor":3.0,"key":"SkillPotion"},{"floor":4.0,"key":"Ancient Potion"},{"floor":23.0,"key":"Swift Potion"},{"floor":48.0,"key":"Fruit Juice"}],"is_trial":false,"path_per_floor":["M","?","M","M","?","R","E","?","T","R","M","E","M","M","R","B",null,"M","?","$","M","M","E","?","E","T","R","?","M","M","M","R","B",null,"M","?","M","?","$","E","$","R","T","M","R","E","M","M","R","B","B",null,"R","$","E","B",null],"character_chosen":"WATCHER","items_purchased":["Strange Spoon","SkillPotion","DollysMirror"],"campfire_rested":3,"item_purchase_floors":[39,54,54],"current_hp_per_floor":[45,45,38,38,38,38,38,38,38,38,38,22,17,17,17,13,54,42,42,42,42,42,20,1,1,1,22,22,22,22,22,22,36,36,36,36,35,36,36,33,33,36,36,36,36,36,36,36,36,36,36,36,36,41,41,14],"gold":68,"neow_bonus":"BOSS_RELIC","is_daily":false,"chose_seed":false,"campfire_upgraded":3,"win_rate":0.0,"timestamp":1607723039,"path_taken":["M","?","M","M","?","R","E","?","T","R","M","E","M","?","R","BOSS","M","?","$","M","M","E","?","E","T","R","?","M","M","M","R","BOSS","M","?","M","?","$","E","?","R","T","M","R","E","M","M","R","BOSS","BOSS","R","$","E","BOSS"],"items_purchased_type":["Relic","Potion","Relic"],"build_version":"2020-11-30","purchased_purges":3,"victory":true,"max_hp_per_floor":[68,68,68,68,68,68,68,68,68,68,68,68,68,68,68,68,68,68,68,68,68,68,68,73,73,73,73,36,36,36,36,36,36,36,36,36,36,36,36,36,36,36,36,36,36,36,36,36,36,36,36,36,36,41,41,41],"card_choices":[{"not_picked":["SashWhip","SignatureMove"],"picked":"BowlingBash","floor":1.0},{"not_picked":["FollowUp+1","Crescendo","Halt"],"picked":"SKIP","floor":3.0},{"not_picked":["PathToVictory","Sanctity","SashWhip+1"],"picked":"SKIP","floor":4.0},{"not_picked":["Crescendo","Meditate"],"picked":"Pray","floor":7.0},{"not_picked":["TalkToTheHand+1","Pray"],"picked":"LessonLearned+1","floor":11.0},{"not_picked":["Conclude+1","ClearTheMind","PathToVictory"],"picked":"SKIP","floor":12.0},{"not_picked":["Swivel","ThirdEye","EmptyFist+1"],"picked":"SKIP","floor":13.0},{"not_picked":["Crescendo","LikeWater","EmptyFist+1"],"picked":"SKIP","floor":14.0},{"not_picked":["Devotion","Judgement"],"picked":"Scrawl","floor":16.0},{"not_picked":["Evaluate","Halt","Protect"],"picked":"SKIP","floor":18.0},{"not_picked":["SashWhip+1","Indignation","Evaluate"],"picked":"SKIP","floor":21.0},{"not_picked":["FlurryOfBlows+1","ClearTheMind","SandsOfTime+1"],"picked":"SKIP","floor":22.0},{"not_picked":["Worship+1","ThirdEye","JustLucky+1"],"picked":"SKIP","floor":23.0},{"not_picked":["CarveReality+1","Collect","CutThroughFate+1"],"picked":"SKIP","floor":25.0},{"not_picked":["ReachHeaven+1","Study","FlurryOfBlows+1"],"picked":"SKIP","floor":29.0},{"not_picked":["SpiritShield","EmptyMind","BowlingBash+1"],"picked":"SKIP","floor":30.0},{"not_picked":["Wireheading","SashWhip+1","CutThroughFate+1"],"picked":"SKIP","floor":31.0},{"not_picked":["Establishment","Omniscience"],"picked":"Scrawl","floor":33.0},{"not_picked":["Prostrate+1","FollowUp+1","ClearTheMind+1"],"picked":"SKIP","floor":35.0},{"not_picked":["EmptyBody","PathToVictory"],"picked":"Adaptation","floor":37.0},{"not_picked":["SashWhip+1","Sanctity","Worship"],"picked":"SKIP","floor":40.0},{"not_picked":["FollowUp+1","Wallop+1","LikeWater+1"],"picked":"SKIP","floor":44.0},{"not_picked":["EmptyFist+1","Adaptation+1"],"picked":"Tantrum+1","floor":46.0},{"not_picked":["Meditate","EmptyBody+1","CrushJoints+1"],"picked":"SKIP","floor":47.0},{"not_picked":["EmptyBody","SashWhip+1","Protect+1"],"picked":"SKIP","floor":48.0},{"not_picked":["Protect","Worship"],"picked":"InnerPeace","floor":55}],"player_experience":1258440,"relics_obtained":[{"floor":7.0,"key":"HornCleat"},{"floor":12.0,"key":"Letter Opener"},{"floor":17.0,"key":"Boot"},{"floor":17.0,"key":"Pantograph"},{"floor":17.0,"key":"aspiration:HatOfInfinitePower"},{"floor":23.0,"key":"Bird Faced Urn"},{"floor":25.0,"key":"Akabeko"},{"floor":26.0,"key":"Kunai"},{"floor":38.0,"key":"CatCart"},{"floor":40.0,"key":"CloakClasp"},{"floor":46.0,"key":"Girya"},{"floor":55,"key":"aspiration:StickyExplosives_weak"}],"event_choices":[{"damage_healed":0.0,"max_hp_gain":0.0,"max_hp_loss":0.0,"gold_gain":0.0,"cards_transformed":["Defend_P"],"event_name":"Transmorgrifier","player_choice":"Transformed","floor":8.0,"gold_loss":0.0,"damage_taken":0.0,"cards_obtained":["Conclude"]},{"damage_healed":0.0,"max_hp_gain":0.0,"max_hp_loss":0.0,"gold_gain":0.0,"event_name":"Vampires","player_choice":"Ignored","floor":19.0,"gold_loss":0.0,"damage_taken":0.0},{"damage_healed":0.0,"max_hp_gain":5.0,"max_hp_loss":0.0,"gold_gain":0.0,"event_name":"Forgotten Altar","player_choice":"Shed Blood","floor":24.0,"gold_loss":0.0,"damage_taken":24.0},{"damage_healed":0.0,"max_hp_gain":0.0,"max_hp_loss":37.0,"gold_gain":0.0,"event_name":"Ghosts","player_choice":"Became a Ghost","floor":28.0,"gold_loss":0.0,"damage_taken":0.0,"cards_obtained":["Ghostly","Ghostly","Ghostly"]},{"cards_removed":["Eruption"],"damage_healed":0.0,"max_hp_gain":0.0,"max_hp_loss":0.0,"gold_gain":0.0,"event_name":"Falling","player_choice":"Removed Attack","floor":36.0,"gold_loss":0.0,"damage_taken":0.0},{"damage_healed":0.0,"max_hp_gain":0.0,"max_hp_loss":0.0,"gold_gain":0.0,"event_name":"OrinTheCat","player_choice":"Fight","floor":38.0,"gold_loss":0.0,"damage_taken":0.0}],"is_beta":false,"boss_relics":[{"not_picked":["aspiration:FutureDiary","Sozu"],"picked":"Calling Bell"},{"not_picked":["aspiration:SecretTechniqueScroll","aspiration:DefectSkillbook"],"picked":"Pandora\u0027s Box"}],"items_purged_floors":[20,39,41],"is_endless":false,"potions_floor_spawned":[3,4,12,16,22,23,29,30,31,37,40,46,48,55],"ascension_level":20}}