{"host":"f7i0xv5umhttwhc1","time":1607684166,"event":{"mods":["BaseMod","Better Third Choice","Colored Map","Highlight Path","Minty Spire (QoL Compilation)","Relic Stats","StSLib"],"gold_per_floor":[112,112,112,112,130,130,159,173,173,189,28,41,60,71,71,71,71],"floor_reached":16,"playtime":1061,"items_purged":["Defend_G"],"score":129,"play_id":"9cb95ae1-4d44-4b6a-9568-623e84de4b18","local_time":"20201211215606","is_ascension_mode":false,"campfire_choices":[{"data":"Neutralize","floor":6,"key":"SMITH"},{"floor":15,"key":"REST"}],"circlet_count":0,"master_deck":["Strike_G+1","Strike_G","Strike_G","Defend_G","Defend_G","Defend_G+1","Defend_G","Survivor","Neutralize+1","Slice","Strike_G","Underhanded Strike","Outmaneuver+1","Tactician+1","Prepared+1","Bandage Up+1","Expertise+1","Outmaneuver+1","Quick Slash"],"relics":["Ring of the Snake","NeowsBlessing","Toxic Egg 2","Shuriken"],"acts_visited":["Exordium"],"potions_floor_usage":[12,14,14],"damage_taken":[{"damage":0,"enemies":"Jaw Worm","floor":1,"turns":1},{"damage":0,"enemies":"2 Louse","floor":5,"turns":1},{"damage":0,"enemies":"Gremlin Nob","floor":7,"turns":1},{"damage":0,"enemies":"Cultist","floor":8,"turns":4},{"damage":2,"enemies":"Lots of Slimes","floor":10,"turns":5},{"damage":0,"enemies":"Exordium Wildlife","floor":12,"turns":2},{"damage":7,"enemies":"Exordium Thugs","floor":13,"turns":6},{"damage":23,"enemies":"Gremlin Gang","floor":14,"turns":5},{"damage":72,"enemies":"Slime Boss","floor":16,"turns":10}],"seed_played":"-187441791430013690","potions_obtained":[{"floor":5,"key":"BlessingOfTheForge"},{"floor":7,"key":"EssenceOfSteel"},{"floor":8,"key":"Fire Potion"},{"floor":12,"key":"Ancient Potion"}],"is_trial":false,"path_per_floor":["M","?","?","?","M","R","E","M","T","M","$","M","M","M","R","B"],"character_chosen":"THE_SILENT","items_purchased":["Bandage Up+1"],"campfire_rested":1,"item_purchase_floors":[11],"current_hp_per_floor":[70,70,56,56,56,56,56,56,56,54,54,60,59,42,63,0,0],"gold":71,"neow_bonus":"THREE_ENEMY_KILL","is_daily":false,"chose_seed":false,"campfire_upgraded":1,"win_rate":0.0,"timestamp":1607684166,"path_taken":["M","?","?","?","M","R","E","M","T","?","?","M","M","M","R","BOSS"],"items_purchased_type":["Undefined"],"build_version":"2020-11-30","purchased_purges":1,"victory":false,"max_hp_per_floor":[70,70,70,70,70,70,70,70,70,70,70,70,70,70,70,70,70],"relic_stats":{"counters":[9,35],"Shuriken":[12],"obtain_stats":[{"NeowsBlessing":0,"Shuriken":9,"Toxic Egg 2":7,"Ring of the Snake":0},{"NeowsBlessing":0,"Shuriken":4,"Toxic Egg 2":3,"Ring of the Snake":0},{"NeowsBlessing":0,"Shuriken":7,"Toxic Egg 2":3,"Ring of the Snake":0}],"Ring of the Snake":[18]},"card_choices":[{"not_picked":["Flechettes","Flying Knee"],"picked":"Slice","floor":1},{"not_picked":["Dash","Catalyst"],"picked":"Underhanded Strike","floor":5},{"not_picked":["Quick Slash","Choke"],"picked":"Outmaneuver+1","floor":7},{"not_picked":["Finisher","Expertise+1"],"picked":"Tactician+1","floor":8},{"not_picked":["Backflip+1","Grand Finale"],"picked":"Prepared+1","floor":10},{"not_picked":["Underhanded Strike","Backflip+1"],"picked":"Expertise+1","floor":12},{"not_picked":["Dodge and Roll+1","Deflect+1"],"picked":"Outmaneuver+1","floor":13},{"not_picked":["Poisoned Stab","Bouncing Flask+1"],"picked":"Quick Slash","floor":14}],"player_experience":164786,"relics_obtained":[{"floor":7,"key":"Toxic Egg 2"},{"floor":9,"key":"Shuriken"}],"event_choices":[{"cards_removed":["Strike_G"],"damage_healed":0,"gold_gain":0,"player_choice":"Forget","damage_taken":0,"max_hp_gain":0,"max_hp_loss":0,"event_name":"Living Wall","floor":2,"gold_loss":0},{"damage_healed":70,"gold_gain":0,"player_choice":"Upgrade","damage_taken":14,"max_hp_gain":0,"max_hp_loss":70,"event_name":"betterThird:BetterShining","floor":3,"gold_loss":0,"cards_upgraded":["Defend_G","Strike_G"]},{"cards_removed":["Strike_G"],"damage_healed":0,"gold_gain":0,"player_choice":"Took Card","damage_taken":0,"max_hp_gain":0,"max_hp_loss":0,"event_name":"NoteForYourself","floor":4,"gold_loss":0,"cards_obtained":["Strike_G"]}],"is_beta":false,"boss_relics":[],"items_purged_floors":[11],"is_endless":false,"potions_floor_spawned":[5,7,8,12],"killed_by":"Slime Boss","ascension_level":0}}