{"host":"wnbfov91sqg45vrw","time":1607671740,"event":{"mods":["BaseMod","Downfall","GifTheSpireLib","Marisa????????","Minty Spire (QoL Compilation)","StSLib","The Jungle","The Necromancer","The Servant 0.9.4"],"gold_per_floor":[115,11,11,28,48,75,99,99,99,111,127,52,52,85,85,188,188,205,89,89,54,153,153,186,186,262,262,280,292,46,74,74,74,74],"floor_reached":33,"playtime":1471,"items_purged":["Strike_W","Pain"],"score":291,"play_id":"6cf3ca65-f1f7-4d24-9d26-a2ebb6e913c6","local_time":"20201211012900","is_ascension_mode":false,"campfire_choices":[{"data":"Uncharnel","floor":13,"key":"SMITH"},{"data":"Spectral_Walk","floor":15,"key":"SMITH"},{"data":"Blood_Magic","floor":23,"key":"SMITH"},{"data":"Uncharnel","floor":25,"key":"SMITH"},{"data":"Flesh_Made_Foul","floor":32,"key":"SMITH"}],"circlet_count":0,"master_deck":["Strike_W","Strike_W","Strike_W","Defend_W","Defend_W","Defend_W","Defend_W","Negative_Energy_Arrows","Bone_Wall","Flesh_Made_Foul+1","Bone_Prison","Siphon_Strength","Negative_Energy_Burst","Spectral_Walk+1","Uncharnel+1","Shade_Step","Blood_Whip","Siphon_Strength","Blood_Magic+1","Summon_Lich+1","Blood_Shield","Blood_for_Blood","Uncharnel+1","Negative_Energy_Mist+1","Violent_Necrosis","Flesh_Made_Foul"],"relics":["Vampire_Amulet","NeowsBlessing","Bag of Marbles","Lantern","Matryoshka","Mercury Hourglass","Runic Dome","Sundial","Regal Pillow","Ornamental Fan","WarpedTongs","Boot","Mango"],"acts_visited":["Exordium","TheCity"],"potions_floor_usage":[6,6,14,14,16,24,31],"damage_taken":[{"damage":0,"enemies":"2 Louse","floor":1,"turns":1},{"damage":0,"enemies":"Cultist","floor":4,"turns":2},{"damage":0,"enemies":"Jaw Worm","floor":5,"turns":1},{"damage":24,"enemies":"Lagavulin","floor":6,"turns":7},{"damage":2,"enemies":"Large Slime","floor":10,"turns":5},{"damage":6,"enemies":"Exordium Thugs","floor":11,"turns":4},{"damage":24,"enemies":"3 Sentries","floor":14,"turns":3},{"damage":25,"enemies":"Slime Boss","floor":16,"turns":9},{"damage":2,"enemies":"Chosen","floor":18,"turns":3},{"damage":25,"enemies":"Slavers","floor":24,"turns":3},{"damage":11,"enemies":"2 Thieves","floor":28,"turns":3},{"damage":26,"enemies":"Centurion and Healer","floor":29,"turns":5},{"damage":13,"enemies":"Gremlin Leader","floor":31,"turns":6},{"damage":53,"enemies":"Automaton","floor":33,"turns":7}],"seed_played":"-355309901691919085","potions_obtained":[{"floor":1,"key":"Guardian:BlockOnCardUsePotion"},{"floor":5,"key":"Strength Potion"},{"floor":6,"key":"sneckomod:MuddlingPotion"},{"floor":8,"key":"LiquidBronze"},{"floor":8,"key":"AttackPotion"},{"floor":8,"key":"SpeedPotion"},{"floor":16,"key":"Energy Potion"},{"floor":24,"key":"Strength Potion"}],"is_trial":false,"path_per_floor":["M","$","?","M","M","E","T","?","T","M","M","$","R","E","R","B",null,"M","$","?","$","?","R","E","R","T","?","M","M","$","E","R","B"],"character_chosen":"NECROMANCER","items_purchased":["Bone_Prison","Siphon_Strength","Summon_Lich","Blood_Shield","Blood_for_Blood","Boot"],"campfire_rested":0,"item_purchase_floors":[2,2,19,19,21,30],"current_hp_per_floor":[75,75,75,75,75,53,53,53,53,55,53,53,53,35,35,18,75,75,75,75,75,75,75,56,56,56,56,49,27,27,42,42,0,0],"gold":74,"neow_bonus":"THREE_ENEMY_KILL","is_daily":false,"chose_seed":false,"campfire_upgraded":5,"win_rate":0.0,"timestamp":1607671740,"path_taken":["M","$","?","?","?","E","?","?","T","?","M","?","R","E","R","BOSS","M","$","?","?","?","R","E","R","T","?","M","M","$","E","R","BOSS"],"items_purchased_type":["Card","Card","Card","Card","Card","Relic"],"build_version":"2020-11-30","purchased_purges":2,"victory":false,"max_hp_per_floor":[75,75,75,75,75,75,75,75,75,75,75,75,75,75,75,75,75,75,75,75,75,75,75,75,75,75,75,75,75,75,89,89,89,89],"card_choices":[{"not_picked":["Negative_Energy_Mist","Necrotic_Claws"],"picked":"Flesh_Made_Foul","floor":1},{"not_picked":["Vampiric_Strike","Bone_Spikes"],"picked":"Negative_Energy_Burst","floor":4},{"not_picked":["Necrotic_Claws","Bone_Spikes"],"picked":"Spectral_Walk","floor":5},{"not_picked":["Negative_Energy_Shield","Shackles_Of_Pain"],"picked":"Uncharnel","floor":6},{"not_picked":["Bone_Spikes","Bone_Shift"],"picked":"Shade_Step","floor":10},{"not_picked":["Violent_Necrosis","Shackles_Of_Pain"],"picked":"Blood_Whip","floor":11},{"not_picked":["Negative_Energy_Sphere","Strike_from_Beyond"],"picked":"Siphon_Strength","floor":14},{"not_picked":["Blood_Wake","Reap_The_Weak"],"picked":"Blood_Magic","floor":16},{"not_picked":["Death_March_Dance","Deaths_Shadow","Bone_Bullets+1"],"picked":"SKIP","floor":18},{"not_picked":["Negative_Energy_Sphere","Life_Drain"],"picked":"Uncharnel","floor":24},{"not_picked":["Death_Coil","Negative_Energy_Sphere"],"picked":"Negative_Energy_Mist+1","floor":28},{"not_picked":["Life_Tap","Blood_Is_Power"],"picked":"Violent_Necrosis","floor":29},{"not_picked":["Negative_Energy_Javelin","Bone_Bullets"],"picked":"Flesh_Made_Foul","floor":31}],"player_experience":1722049,"relics_obtained":[{"floor":6,"key":"Bag of Marbles"},{"floor":7,"key":"Lantern"},{"floor":9,"key":"Matryoshka"},{"floor":14,"key":"Mercury Hourglass"},{"floor":24,"key":"Sundial"},{"floor":26,"key":"Regal Pillow"},{"floor":26,"key":"Ornamental Fan"},{"floor":31,"key":"Mango"}],"event_choices":[{"damage_healed":0,"gold_gain":0,"player_choice":"Ignored","damage_taken":0,"max_hp_gain":0,"max_hp_loss":0,"event_name":"NoteForYourself","floor":3,"gold_loss":0},{"damage_healed":0,"gold_gain":0,"player_choice":"Got Potions","damage_taken":0,"max_hp_gain":0,"max_hp_loss":0,"event_name":"Lab","floor":8,"gold_loss":0},{"damage_healed":0,"gold_gain":0,"player_choice":"Upgraded","damage_taken":0,"max_hp_gain":0,"max_hp_loss":0,"event_name":"Upgrade Shrine","floor":20,"gold_loss":0,"cards_upgraded":["Summon_Lich"]},{"damage_healed":0,"gold_gain":99,"player_choice":"Stole From Cult","damage_taken":0,"max_hp_gain":0,"max_hp_loss":0,"event_name":"Nest","floor":22,"gold_loss":0},{"damage_healed":0,"gold_gain":0,"player_choice":"Rummage","damage_taken":0,"relics_obtained":["WarpedTongs"],"max_hp_gain":0,"max_hp_loss":0,"event_name":"Accursed Blacksmith","floor":27,"gold_loss":0,"cards_obtained":["Pain"]}],"is_beta":false,"boss_relics":[{"not_picked":["Velvet Choker","Runic Pyramid"],"picked":"Runic Dome"}],"items_purged_floors":[12,30],"is_endless":false,"potions_floor_spawned":[1,5,6,16,24],"killed_by":"Automaton","ascension_level":0}}