{"host":"o7j6aatxjwpw1421","time":1607706059,"event":{"mods":["2.2 Compatiblity","BaseMod","Colored Map","DeckTracker","Highlight Path","Keyboard Shortcuts","Minty Spire (QoL Compilation)","Permanent Neow","Quick Restart","StSLib","SuperFastMode","everything is the same but u backflip on backflip"],"gold_per_floor":[112,37,37,37,53,63,63,63,63,63,73,84,84,184,184,184,184],"floor_reached":16,"playtime":648,"items_purged":["Strike_G"],"score":140,"play_id":"17c453a1-97d7-4dd3-8572-f6479df47e9a","local_time":"20201212020059","is_ascension_mode":true,"campfire_choices":[{"floor":7,"key":"DIG"},{"floor":10,"key":"DIG"},{"floor":13,"key":"DIG"},{"floor":15,"key":"REST"}],"circlet_count":0,"master_deck":["AscendersBane","Strike_G","Strike_G","Strike_G","Defend_G","Defend_G","Defend_G","Survivor","Neutralize","Setup","Backflip","Blade Dance"],"relics":["Ring of the Snake","Shovel","Bird Faced Urn","Juzu Bracelet","Snake Skull","Mummified Hand"],"acts_visited":["Exordium"],"potions_floor_usage":[11,12,16],"damage_taken":[{"damage":1,"enemies":"Cultist","floor":1,"turns":5},{"damage":1,"enemies":"Small Slimes","floor":5,"turns":4},{"damage":19,"enemies":"Jaw Worm","floor":6,"turns":11},{"damage":0,"enemies":"2 Fungi Beasts","floor":11,"turns":4},{"damage":4,"enemies":"3 Louse","floor":12,"turns":5},{"damage":40,"enemies":"Slime Boss","floor":16,"turns":9}],"seed_played":"-7747613180885013214","potions_obtained":[{"floor":6,"key":"DistilledChaos"},{"floor":11,"key":"Energy Potion"},{"floor":12,"key":"SpeedPotion"}],"is_trial":false,"path_per_floor":["M","$","?","?","M","M","R","?","T","R","M","M","R","?","R","B"],"character_chosen":"THE_SILENT","items_purchased":[],"campfire_rested":1,"item_purchase_floors":[],"current_hp_per_floor":[62,62,59,59,58,39,39,32,32,32,32,28,28,28,46,6,6],"gold":184,"neow_bonus":"REMOVE_TWO","is_daily":false,"chose_seed":false,"campfire_upgraded":0,"win_rate":0.0,"timestamp":1607706059,"path_taken":["M","$","?","?","?","M","R","?","T","R","M","M","R","?","R","BOSS"],"items_purchased_type":[],"build_version":"2020-11-30","purchased_purges":1,"victory":false,"max_hp_per_floor":[63,63,63,63,63,63,63,63,63,63,63,63,63,63,63,63,63],"card_choices":[{"not_picked":["Flying Knee","Cloak And Dagger","Dodge and Roll"],"picked":"SKIP","floor":1},{"not_picked":["Eviscerate","Outmaneuver"],"picked":"Setup","floor":5},{"not_picked":["Cloak And Dagger","Bane","Flying Knee"],"picked":"SKIP","floor":6},{"not_picked":["Cloak And Dagger","Setup"],"picked":"Backflip","floor":11},{"not_picked":["Dagger Throw","Venomology"],"picked":"Blade Dance","floor":12}],"player_experience":200330,"relics_obtained":[{"floor":7,"key":"Bird Faced Urn"},{"floor":9,"key":"Juzu Bracelet"},{"floor":10,"key":"Snake Skull"},{"floor":13,"key":"Mummified Hand"}],"event_choices":[{"damage_healed":0,"gold_gain":0,"player_choice":"Success","damage_taken":3,"relics_obtained":["Shovel"],"max_hp_gain":0,"max_hp_loss":0,"event_name":"Scrap Ooze","floor":3,"gold_loss":0},{"damage_healed":0,"gold_gain":0,"player_choice":"Leave","damage_taken":0,"max_hp_gain":0,"max_hp_loss":0,"event_name":"The Cleric","floor":4,"gold_loss":0},{"cards_removed":["Defend_G"],"damage_healed":0,"gold_gain":0,"player_choice":"Card Removal","damage_taken":7,"max_hp_gain":0,"max_hp_loss":0,"event_name":"Golden Wing","floor":8,"gold_loss":0},{"damage_healed":0,"gold_gain":100,"player_choice":"Pray","damage_taken":0,"max_hp_gain":0,"max_hp_loss":0,"event_name":"Golden Shrine","floor":14,"gold_loss":0}],"is_beta":false,"boss_relics":[],"items_purged_floors":[2],"is_endless":false,"potions_floor_spawned":[6,11,12],"killed_by":"Slime Boss","ascension_level":11}}