{"host":"4nqeo0vu1vuav7gg","time":1607703834,"event":{"mods":["AchievementEnabler","BaseMod","Block Reminder","Colored Map","Colored Powertips","Highlight Path","Minty Spire (QoL Compilation)","Quick Restart","Rare Cards Sparkle","Relic Relevance Reorder","StSLib"],"gold_per_floor":[115,115,115,134,152,152,185,203,203,246,22,50,70,84,84,184,184,151,151,151,164,38,67,67,93,93,113,140,240,240,240],"floor_reached":30,"playtime":1771,"items_purged":["Writhe"],"score":462,"play_id":"ca5e14ba-b81b-41cb-a604-5bd787588448","local_time":"20201211172354","is_ascension_mode":true,"campfire_choices":[{"data":"Self Repair","floor":6.0,"key":"SMITH"},{"data":"Defragment","floor":15.0,"key":"SMITH"},{"data":"Defragment","floor":24.0,"key":"SMITH"}],"circlet_count":0,"master_deck":["AscendersBane","Strike_B","Strike_B","Strike_B","Strike_B","Defend_B+1","Defend_B","Defend_B+1","Defend_B","Zap","Dualcast","Turbo","Self Repair+1","Coolheaded","Beam Cell+1","Loop","Fusion","Defragment+1","Conserve Battery","Cold Snap+1","Go for the Eyes+1","Compile Driver+1","Thunder Strike+1","Sweeping Beam+1","Hyperbeam+1","Compile Driver+1","Defragment+1","Ball Lightning+1","Doom and Gloom+1"],"relics":["Cracked Core","Pen Nib","Art of War","Nunchaku","HornCleat","Inserter","Lantern","CaptainsWheel","NeowsBlessing","Du-Vu Doll","Molten Egg 2","MawBank","Tiny Chest","Lee\u0027s Waffle","Meat on the Bone","MealTicket"],"acts_visited":["Exordium","TheCity"],"potions_floor_usage":[28,28,30],"damage_taken":[{"damage":0.0,"enemies":"Jaw Worm","floor":1.0,"turns":1.0},{"damage":0.0,"enemies":"Cultist","floor":4.0,"turns":1.0},{"damage":0.0,"enemies":"Small Slimes","floor":5.0,"turns":2.0},{"damage":34.0,"enemies":"3 Sentries","floor":7.0,"turns":12.0},{"damage":0.0,"enemies":"Exordium Thugs","floor":8.0,"turns":4.0},{"damage":24.0,"enemies":"Lagavulin","floor":10.0,"turns":8.0},{"damage":54.0,"enemies":"Gremlin Nob","floor":12.0,"turns":6.0},{"damage":11.0,"enemies":"3 Louse","floor":13.0,"turns":4.0},{"damage":5.0,"enemies":"Large Slime","floor":14.0,"turns":7.0},{"damage":4.0,"enemies":"The Guardian","floor":16.0,"turns":12.0},{"damage":19.0,"enemies":"2 Thieves","floor":18.0,"turns":5.0},{"damage":0.0,"enemies":"3 Byrds","floor":21.0,"turns":6.0},{"damage":27.0,"enemies":"Slavers","floor":23.0,"turns":4.0},{"damage":39,"enemies":"Gremlin Leader","floor":25,"turns":7},{"damage":14,"enemies":"Snecko","floor":27,"turns":4},{"damage":11,"enemies":"Book of Stabbing","floor":28,"turns":5},{"damage":3,"enemies":"Colosseum Slavers","floor":29,"turns":2},{"damage":22,"enemies":"Colosseum Nobs","floor":29,"turns":4},{"damage":11,"enemies":"Centurion and Healer","floor":30,"turns":1}],"seed_played":"-2117081314904244583","potions_obtained":[{"floor":1.0,"key":"Strength Potion"},{"floor":5.0,"key":"Block Potion"},{"floor":7.0,"key":"SkillPotion"},{"floor":8.0,"key":"LiquidBronze"},{"floor":13.0,"key":"DistilledChaos"},{"floor":14.0,"key":"Regen Potion"},{"floor":21.0,"key":"Dexterity Potion"},{"floor":23.0,"key":"FearPotion"},{"floor":28,"key":"LiquidMemories"}],"is_trial":false,"path_per_floor":["M","?","?","M","M","R","E","M","T","E","$","E","M","M","R","B",null,"M","?","?","M","$","E","R","E","T","M","E","?","M"],"character_chosen":"DEFECT","items_purchased":["Defragment","Lee\u0027s Waffle","Conserve Battery","Compile Driver+1"],"campfire_rested":0,"item_purchase_floors":[11,11,11,22],"current_hp_per_floor":[68,56,41,41,41,41,17,27,27,13,82,38,37,42,42,63,77,68,68,68,78,82,65,65,36,36,32,31,6,0,0],"gold":240,"neow_bonus":"THREE_ENEMY_KILL","is_daily":false,"chose_seed":false,"campfire_upgraded":3,"win_rate":0.0,"timestamp":1607703834,"path_taken":["M","?","?","?","M","R","E","M","T","E","$","E","M","?","R","BOSS","M","?","?","M","$","E","R","E","T","M","E","?","?"],"items_purchased_type":["Card","Relic","Card","Undefined"],"build_version":"2020-11-30","purchased_purges":1,"victory":false,"max_hp_per_floor":[75,75,75,75,75,75,75,75,75,75,82,82,82,82,82,82,82,82,82,82,82,82,82,82,82,82,82,82,82,82,82],"card_choices":[{"not_picked":["Steam","Compile Driver"],"picked":"Turbo","floor":1.0},{"not_picked":["Rip and Tear","Coolheaded"],"picked":"Self Repair","floor":4.0},{"not_picked":["Force Field","Scrape"],"picked":"Coolheaded","floor":5.0},{"not_picked":["White Noise","Leap"],"picked":"Beam Cell+1","floor":7.0},{"not_picked":["Conserve Battery","Biased Cognition"],"picked":"Loop","floor":8.0},{"not_picked":["Rip and Tear+1","Tempest"],"picked":"Fusion","floor":10.0},{"not_picked":["FTL+1","Self Repair"],"picked":"Cold Snap+1","floor":12.0},{"not_picked":["Redo","Leap"],"picked":"Go for the Eyes+1","floor":13.0},{"not_picked":["Coolheaded","Conserve Battery"],"picked":"Compile Driver+1","floor":14.0},{"not_picked":["Hyperbeam+1","Amplify"],"picked":"Thunder Strike+1","floor":16.0},{"not_picked":["Compile Driver+1","Hello World"],"picked":"Sweeping Beam+1","floor":18.0},{"not_picked":["Compile Driver+1","Fusion"],"picked":"Hyperbeam+1","floor":21.0},{"not_picked":["Undo","Steam Power+1"],"picked":"Defragment","floor":23.0},{"not_picked":["Barrage+1","FTL+1"],"picked":"Ball Lightning+1","floor":25},{"not_picked":["Conserve Battery","Streamline+1","Stack"],"picked":"SKIP","floor":27},{"not_picked":["Streamline+1","Rebound+1","Lockon+1"],"picked":"SKIP","floor":28},{"not_picked":["Rebound+1","Reinforced Body"],"picked":"Doom and Gloom+1","floor":29}],"player_experience":872918,"relics_obtained":[{"floor":7.0,"key":"Molten Egg 2"},{"floor":9.0,"key":"MawBank"},{"floor":10.0,"key":"HornCleat"},{"floor":12.0,"key":"MealTicket"},{"floor":23.0,"key":"Lantern"},{"floor":25,"key":"Nunchaku"},{"floor":26,"key":"Du-Vu Doll"},{"floor":28,"key":"Tiny Chest"},{"floor":29,"key":"CaptainsWheel"},{"floor":29,"key":"Meat on the Bone"}],"event_choices":[{"damage_healed":0.0,"max_hp_gain":0.0,"max_hp_loss":0.0,"gold_gain":0.0,"event_name":"Scrap Ooze","player_choice":"Success","floor":2.0,"gold_loss":0.0,"damage_taken":12.0,"relics_obtained":["Pen Nib"]},{"damage_healed":0.0,"max_hp_gain":0.0,"max_hp_loss":0.0,"gold_gain":0.0,"event_name":"Shining Light","player_choice":"Entered Light","floor":3.0,"gold_loss":0.0,"damage_taken":15.0,"cards_upgraded":["Defend_B","Defend_B"]},{"damage_healed":0.0,"max_hp_gain":0.0,"max_hp_loss":0.0,"gold_gain":0.0,"event_name":"The Mausoleum","player_choice":"Opened","floor":19.0,"gold_loss":0.0,"damage_taken":0.0,"relics_obtained":["Art of War"],"cards_obtained":["Writhe"]},{"damage_healed":0.0,"max_hp_gain":0.0,"max_hp_loss":0.0,"gold_gain":0.0,"event_name":"Ghosts","player_choice":"Ignored","floor":20.0,"gold_loss":0.0,"damage_taken":0.0},{"damage_healed":0,"gold_gain":0,"player_choice":"Fight","damage_taken":0,"max_hp_gain":0,"max_hp_loss":0,"event_name":"Colosseum","floor":29,"gold_loss":0},{"damage_healed":0,"gold_gain":0,"player_choice":"Fought Nobs","damage_taken":0,"max_hp_gain":0,"max_hp_loss":0,"event_name":"Colosseum","floor":29,"gold_loss":0}],"is_beta":false,"boss_relics":[{"not_picked":["Sozu","Fusion Hammer"],"picked":"Inserter"}],"items_purged_floors":[22],"is_endless":false,"potions_floor_spawned":[1,5,7,8,13,14,21,23,28,29],"killed_by":"Centurion and Healer","ascension_level":10}}