{"host":"agela5aetnmltfvm","time":1607699313,"event":{"mods":["BaseMod","Colored Map","Jorbs\u0027s Wanderer Trilogy","Lobotomy","Minty Spire (QoL Compilation)","Replay The Spire","StSLib","The Hierophant","The Jungle","The Runesmith"],"gold_per_floor":[112,112,128,148,148,148,163,163,188,186,198,209,209,94,94,84,84],"floor_reached":16,"playtime":535,"items_purged":["hierophant:Strike_Hierophant"],"score":94,"play_id":"d233ef8b-aaf3-468e-8cfc-bfb39e124ef5","local_time":"20201211230833","is_ascension_mode":false,"campfire_choices":[{"data":"hierophant:ChurchCoffers","floor":6,"key":"SMITH"},{"data":"hierophant:DivineIntervention","floor":8,"key":"SMITH"},{"data":"True Grit","floor":13,"key":"SMITH"},{"data":"hierophant:Doubloon","floor":15,"key":"SMITH"}],"circlet_count":0,"master_deck":["hierophant:Strike_Hierophant","hierophant:Strike_Hierophant","hierophant:Strike_Hierophant","hierophant:Punish","hierophant:Defend_Hierophant","hierophant:Defend_Hierophant","hierophant:Defend_Hierophant","hierophant:Defend_Hierophant","hierophant:ChurchCoffers+1","hierophant:DivineIntervention+1","hierophant:RepressedViolence+1","Replay:Hysterical Blindness","Dagger Throw","Deep Breath","Discovery","True Grit+1","hierophant:CursedGold","hierophant:Doubloon+1"],"relics":["hierophant:PropheticMaskRelic","PrismaticShard","Centennial Puzzle"],"acts_visited":["Exordium"],"potions_floor_usage":[10,16],"damage_taken":[{"damage":0,"enemies":"Small Slimes","floor":1,"turns":2},{"damage":1,"enemies":"Jaw Worm","floor":3,"turns":4},{"damage":0,"enemies":"Cultist","floor":4,"turns":3},{"damage":13,"enemies":"2 Fungi Beasts","floor":7,"turns":3},{"damage":5,"enemies":"Looter","floor":10,"turns":2},{"damage":9,"enemies":"Blue Slaver","floor":11,"turns":2},{"damage":8,"enemies":"Lots of Slimes","floor":12,"turns":2},{"damage":69,"enemies":"Slime Boss","floor":16,"turns":12}],"seed_played":"6794015494541499999","potions_obtained":[{"floor":4,"key":"DuplicationPotion"},{"floor":7,"key":"FairyPotion"},{"floor":11,"key":"BlessingOfTheForge"},{"floor":12,"key":"Dexterity Potion"}],"is_trial":false,"path_per_floor":["M","?","M","M","?","R","M","R","T","M","M","M","R","$","R","B"],"character_chosen":"HIEROPHANT","items_purchased":["hierophant:CursedGold"],"campfire_rested":0,"item_purchase_floors":[14],"current_hp_per_floor":[75,75,74,74,74,74,61,61,61,56,47,39,39,39,39,22,22],"gold":84,"neow_bonus":"ONE_RANDOM_RARE_CARD","is_daily":false,"chose_seed":false,"campfire_upgraded":4,"win_rate":0.0,"timestamp":1607699313,"path_taken":["M","?","M","M","?","R","M","R","T","M","M","M","R","$","R","BOSS"],"items_purchased_type":["Card"],"build_version":"2020-11-30","purchased_purges":1,"victory":false,"max_hp_per_floor":[75,75,75,75,75,75,75,75,75,75,75,75,75,75,75,75,75],"card_choices":[{"not_picked":["hierophant:HolyVerse","hierophant:Flagellation"],"picked":"hierophant:RepressedViolence","floor":1},{"not_picked":["Whirlwind","Skewer"],"picked":"Dagger Throw","floor":3},{"not_picked":["Steam Power","Draining Mist","Noise"],"picked":"SKIP","floor":4},{"not_picked":["Horn","FIFO Queue"],"picked":"Deep Breath","floor":7},{"not_picked":["hierophant:HammerAndAnvil","White Noise"],"picked":"Discovery","floor":10},{"not_picked":["stsjorbsmod:RefuseToForget","SashWhip","Runesmith:HammerAndChisel"],"picked":"SKIP","floor":11},{"not_picked":["hierophant:Rebuild","WreathOfFlame"],"picked":"True Grit","floor":12}],"player_experience":505431,"relics_obtained":[{"floor":9,"key":"Centennial Puzzle"}],"event_choices":[{"damage_healed":0,"gold_gain":0,"player_choice":"Grow","damage_taken":0,"max_hp_gain":0,"max_hp_loss":0,"event_name":"Living Wall","floor":5,"gold_loss":0,"cards_upgraded":["hierophant:RepressedViolence"]}],"is_beta":false,"boss_relics":[],"items_purged_floors":[14],"is_endless":false,"potions_floor_spawned":[4,7,11,12],"killed_by":"Slime Boss","ascension_level":0}}