{"host":"xr9kfrtt7uxz0mdc","time":1607653384,"event":{"mods":["AchievementEnabler","BaseMod","Highlight Path","Minty Spire (QoL Compilation)"],"gold_per_floor":[109,109,109,125,90,90,102,130,130,59,79,79,98,108,108,207,207,224,45,61,74,89,115,115,115,141,0,31,51,151,162,162,162,162],"floor_reached":33,"playtime":1487,"items_purged":[],"score":289,"play_id":"b26ec9e3-5645-4141-8f87-dc99e5446f1a","local_time":"20201211032304","is_ascension_mode":false,"campfire_choices":[{"data":"Phantasmal Killer","floor":6,"key":"SMITH"},{"data":"Infinite Blades","floor":12,"key":"SMITH"},{"data":"Defend_G","floor":15,"key":"SMITH"},{"floor":24,"key":"REST"},{"floor":32,"key":"REST"}],"circlet_count":0,"master_deck":["Strike_G","Strike_G","Strike_G","Strike_G","Strike_G","Defend_G","Defend_G+1","Defend_G","Defend_G","Defend_G","Survivor","Neutralize","Phantasmal Killer+1","Prepared","Dagger Spray+1","Dash+1","Infinite Blades+1","Backstab+1","Dagger Spray+1","Dagger Spray+1","Prepared+1","Night Terror+1","Choke+1","Violence+1","Acrobatics+1","Blade Dance+1","Tactician+1","Flying Knee+1","Reflex+1","Burst+1"],"relics":["Ring of the Snake","Molten Egg 2","Orichalcum","Toxic Egg 2","Sozu","Prayer Wheel","Oddly Smooth Stone","Question Card","Ice Cream","Pear"],"acts_visited":["Exordium","TheCity"],"potions_floor_usage":[16,30,33],"damage_taken":[{"damage":5,"enemies":"Jaw Worm","floor":1,"turns":4},{"damage":0,"enemies":"Small Slimes","floor":4,"turns":3},{"damage":0,"enemies":"Cultist","floor":7,"turns":2},{"damage":4,"enemies":"3 Sentries","floor":8,"turns":4},{"damage":4,"enemies":"2 Fungi Beasts","floor":11,"turns":3},{"damage":0,"enemies":"Large Slime","floor":13,"turns":2},{"damage":0,"enemies":"3 Louse","floor":14,"turns":3},{"damage":38,"enemies":"The Guardian","floor":16,"turns":10},{"damage":0,"enemies":"3 Byrds","floor":18,"turns":2},{"damage":9,"enemies":"2 Thieves","floor":20,"turns":3},{"damage":5,"enemies":"Cultist and Chosen","floor":21,"turns":4},{"damage":5,"enemies":"3 Cultists","floor":22,"turns":4},{"damage":10,"enemies":"Gremlin Leader","floor":23,"turns":4},{"damage":30,"enemies":"Book of Stabbing","floor":28,"turns":6},{"damage":0,"enemies":"Sentry and Sphere","floor":29,"turns":3},{"damage":19,"enemies":"Colosseum Slavers","floor":30,"turns":2},{"damage":0,"enemies":"Colosseum Nobs","floor":30,"turns":4},{"damage":19,"enemies":"Centurion and Healer","floor":31,"turns":3},{"damage":33,"enemies":"Collector","floor":33,"turns":3}],"seed_played":"-1014272476268078228","potions_obtained":[{"floor":8,"key":"DistilledChaos"},{"floor":11,"key":"SpeedPotion"},{"floor":13,"key":"SkillPotion"},{"floor":16,"key":"EntropicBrew"}],"is_trial":false,"path_per_floor":["M","?","T","M","?","R","M","E","T","$","M","R","M","M","R","B",null,"M","$","M","M","M","E","R","?","T","?","E","M","?","M","R","B"],"character_chosen":"THE_SILENT","items_purchased":["Backstab+1","Violence+1"],"campfire_rested":2,"item_purchase_floors":[10,19],"current_hp_per_floor":[44,44,44,44,61,61,61,57,57,57,53,53,53,53,53,15,70,70,70,61,56,51,41,62,62,62,62,32,32,23,4,28,0,0],"gold":162,"neow_bonus":"THREE_RARE_CARDS","is_daily":false,"chose_seed":false,"campfire_upgraded":3,"win_rate":0.0,"timestamp":1607653384,"path_taken":["M","?","?","M","?","R","M","E","T","$","M","R","?","M","R","BOSS","M","$","M","?","M","E","R","?","T","?","E","M","?","M","R","BOSS"],"items_purchased_type":["Undefined","Undefined"],"build_version":"2020-11-30","purchased_purges":0,"victory":false,"max_hp_per_floor":[70,70,70,70,70,70,70,70,70,70,70,70,70,70,70,70,70,70,70,70,70,70,70,70,70,70,70,70,70,80,80,80,80,80],"card_choices":[{"not_picked":["A Thousand Cuts","Tools of the Trade"],"picked":"Phantasmal Killer","floor":0},{"not_picked":["Cloak And Dagger","Backflip"],"picked":"Prepared","floor":1},{"not_picked":["Masterful Stab+1","Well Laid Plans"],"picked":"Dagger Spray+1","floor":4},{"not_picked":["PiercingWail","Quick Slash+1"],"picked":"Dash+1","floor":7},{"not_picked":["Catalyst","Deadly Poison"],"picked":"Infinite Blades","floor":8},{"not_picked":["Acrobatics+1","Riddle With Holes+1"],"picked":"Dagger Spray+1","floor":11},{"not_picked":["Bouncing Flask+1","Cloak And Dagger+1"],"picked":"Dagger Spray+1","floor":13},{"not_picked":["Outmaneuver+1","Heel Hook+1"],"picked":"Prepared+1","floor":14},{"not_picked":["Unload+1","Corpse Explosion+1"],"picked":"Night Terror+1","floor":16},{"not_picked":["Deadly Poison+1","Poisoned Stab+1"],"picked":"Choke+1","floor":18},{"not_picked":["Outmaneuver+1","Blur+1"],"picked":"Acrobatics+1","floor":20},{"not_picked":["PiercingWail+1","Slice+1","Prepared+1"],"picked":"SKIP","floor":21},{"not_picked":["Underhanded Strike+1","Acrobatics+1","Accuracy+1"],"picked":"SKIP","floor":22},{"not_picked":["Flechettes+1","Dash+1","Wraith Form v2"],"picked":"SKIP","floor":23},{"not_picked":["Endless Agony+1","Backstab+1"],"picked":"Blade Dance+1","floor":28},{"not_picked":["Skewer+1","Poisoned Stab+1","Dash+1"],"picked":"Tactician+1","floor":29},{"not_picked":["Dagger Throw+1","Deflect+1","Endless Agony+1"],"picked":"Flying Knee+1","floor":29},{"not_picked":["Noxious Fumes","Acrobatics+1","Backstab+1"],"picked":"Reflex+1","floor":30},{"not_picked":["Flying Knee+1","Endless Agony+1","Bane+1"],"picked":"Burst+1","floor":31},{"not_picked":["Dagger Throw+1","Dagger Spray+1","Quick Slash+1","Choke+1"],"picked":"SKIP","floor":31}],"player_experience":63024,"relics_obtained":[{"floor":3,"key":"Molten Egg 2"},{"floor":8,"key":"Orichalcum"},{"floor":9,"key":"Toxic Egg 2"},{"floor":23,"key":"Prayer Wheel"},{"floor":26,"key":"Oddly Smooth Stone"},{"floor":28,"key":"Question Card"},{"floor":30,"key":"Ice Cream"},{"floor":30,"key":"Pear"}],"event_choices":[{"damage_healed":0,"gold_gain":0,"player_choice":"Ignored","damage_taken":0,"max_hp_gain":0,"max_hp_loss":0,"event_name":"Liars Game","floor":2,"gold_loss":0},{"damage_healed":17,"gold_gain":0,"player_choice":"Healed","damage_taken":0,"max_hp_gain":0,"max_hp_loss":0,"event_name":"The Cleric","floor":5,"gold_loss":35},{"damage_healed":0,"gold_gain":0,"player_choice":"Ignored","damage_taken":0,"max_hp_gain":0,"max_hp_loss":0,"event_name":"Ghosts","floor":25,"gold_loss":0},{"damage_healed":0,"gold_gain":0,"player_choice":"Paid Fearfully","damage_taken":0,"max_hp_gain":0,"max_hp_loss":0,"event_name":"Masked Bandits","floor":27,"gold_loss":141},{"damage_healed":0,"gold_gain":0,"player_choice":"Fight","damage_taken":0,"max_hp_gain":0,"max_hp_loss":0,"event_name":"Colosseum","floor":30,"gold_loss":0},{"damage_healed":0,"gold_gain":0,"player_choice":"Fought Nobs","damage_taken":0,"max_hp_gain":0,"max_hp_loss":0,"event_name":"Colosseum","floor":30,"gold_loss":0}],"is_beta":false,"boss_relics":[{"not_picked":["Black Star","Calling Bell"],"picked":"Sozu"}],"items_purged_floors":[],"is_endless":false,"potions_floor_spawned":[8,11,13,16,18,21,28,29,30],"killed_by":"Collector","ascension_level":0}}