{"host":"kyy1kus4tsuq869y","time":1607658048,"event":{"mods":["BaseMod","Downfall","GifTheSpireLib","HololiveMod","Hubris","Jorbs\u0027s Wanderer Trilogy","Marisa£®ÏF”Í°°ƒß¿Ì…≥£©","Minty Spire (QoL Compilation)","Quick Restart","READ ME - Guardian Mod","READ ME - Snecko Mod","Reimu£®≤©¿ˆ¡È√Œ£©","Remilia£®¿Ÿ√◊¿Ú—«£©","Replay The Spire","StSLib","Td1madao Mod","The Administrix","The Animator","The Bug Knight","The Construct","The Cursed","The Hierophant","The Runesmith","The Senshi","The Servant 0.9.4","Youmu£®ªÍ∆«—˝√Œ£©"],"gold_per_floor":[110,14,14,32,107,142,142,142,142,142,142,157,178,1,1,1,1],"floor_reached":16,"playtime":246,"items_purged":[],"score":228,"play_id":"6679a33e-0b91-48df-896c-9c7dc191518c","local_time":"20201211114048","is_ascension_mode":true,"campfire_choices":[{"data":"expansioncontent:HyperBeam","floor":8,"key":"SMITH"},{"data":"Juggernaut","floor":15,"key":"SMITH"}],"circlet_count":0,"master_deck":["AscendersBane","Strike_R","Strike_R","Strike_R","Strike_R","Strike_R","Defend_R","Defend_R","Defend_R","Defend_R","Bash","Ghostly Armor","expansioncontent:HyperBeam+1","Juggernaut+1","Shrug It Off+1","Shrug It Off+1"],"relics":["Burning Blood","NeowsBlessing","Toxic Egg 2","Replay:Ringing Soul","Golden Idol","Membership Card"],"acts_visited":["Exordium"],"potions_floor_usage":[],"damage_taken":[{"damage":0.0,"enemies":"Small Slimes","floor":1.0,"turns":1.0},{"damage":0.0,"enemies":"2 Louse","floor":4.0,"turns":2.0},{"damage":0.0,"enemies":"3 Sentries","floor":6.0,"turns":1.0},{"damage":19,"enemies":"Jaw Worm","floor":12,"turns":4},{"damage":16,"enemies":"3 Louse","floor":13,"turns":2},{"damage":62,"enemies":"Hexaghost","floor":16,"turns":14}],"seed_played":"508380773963915642","potions_obtained":[{"floor":6.0,"key":"MagicPotion:ReiMu"},{"floor":12,"key":"Reflective Coating"}],"is_trial":false,"path_per_floor":["M","$","?","M","?","E","?","R","T","?","?","M","M","$","R","B"],"character_chosen":"IRONCLAD","items_purchased":["expansioncontent:HyperBeam","Membership Card","Shrug It Off+1"],"campfire_rested":0,"item_purchase_floors":[2,14,14],"current_hp_per_floor":[74,74,63,69,69,78,78,78,78,71,76,63,53,56,56,0,0],"gold":1,"neow_bonus":"THREE_ENEMY_KILL","is_daily":false,"chose_seed":false,"campfire_upgraded":2,"win_rate":0.0,"timestamp":1607658048,"path_taken":["M","$","?","M","?","E","?","R","T","?","?","?","M","$","R","BOSS"],"items_purchased_type":["Card","Relic","Undefined"],"build_version":"2020-11-30","purchased_purges":0,"victory":false,"max_hp_per_floor":[75,75,75,75,75,78,78,78,78,71,76,76,76,79,79,79,79],"card_choices":[{"not_picked":["Replay:Undeath\u0027s Touch","Heavy Blade"],"picked":"Ghostly Armor","floor":1.0},{"not_picked":["Headbutt","Cleave"],"picked":"Juggernaut","floor":4.0},{"not_picked":["Armaments+1","Wild Strike"],"picked":"Shrug It Off+1","floor":6.0},{"not_picked":["Second Wind+1","Abandon+1","Bloodletting+1"],"picked":"SKIP","floor":12},{"not_picked":["Replay:Undeath\u0027s Touch","Havoc+1","Pommel Strike"],"picked":"SKIP","floor":13}],"player_experience":440099,"relics_obtained":[{"floor":6.0,"key":"Replay:Ringing Soul"}],"event_choices":[{"damage_healed":0.0,"max_hp_gain":0.0,"max_hp_loss":0.0,"gold_gain":0.0,"event_name":"Scrap Ooze","player_choice":"Success","floor":3.0,"gold_loss":0.0,"damage_taken":11.0,"relics_obtained":["Toxic Egg 2"]},{"damage_healed":0.0,"max_hp_gain":0.0,"max_hp_loss":0.0,"gold_gain":75.0,"event_name":"Golden Wing","player_choice":"Gained Gold","floor":5.0,"gold_loss":0.0,"damage_taken":0.0},{"damage_healed":0,"gold_gain":0,"player_choice":"Lose Max HP","damage_taken":0,"relics_obtained":["Golden Idol"],"max_hp_gain":0,"max_hp_loss":7,"event_name":"Golden Idol","floor":10,"gold_loss":0},{"damage_healed":0,"gold_gain":0,"player_choice":"Donut","damage_taken":0,"max_hp_gain":5,"max_hp_loss":0,"event_name":"Big Fish","floor":11,"gold_loss":0}],"is_beta":false,"boss_relics":[],"items_purged_floors":[],"is_endless":false,"potions_floor_spawned":[6,12],"killed_by":"Hexaghost","ascension_level":17}}