{"host":"7gewg82ormp6yt4e","time":1607687186,"event":{"mods":["BaseMod","Block Reminder","Colored Map","Colored Powertips","DeckTracker","Highlight Path","Minty Spire (QoL Compilation)","Relic Stats","StSLib"],"gold_per_floor":[111,111,8,18,79,79,111,111,163,488,553,568,603,613,613,684,684,702,779,6,18,18,18],"floor_reached":22,"playtime":1299,"items_purged":["Strike_G"],"score":392,"play_id":"08f79afa-f541-4041-bf41-35c3958f1ca2","local_time":"20201211204626","is_ascension_mode":true,"campfire_choices":[{"data":"All Out Attack","floor":6,"key":"SMITH"},{"data":"Deadly Poison","floor":8,"key":"SMITH"},{"floor":15,"key":"REST"}],"circlet_count":0,"master_deck":["AscendersBane","Survivor","Neutralize","Dagger Throw","Deadly Poison+1","All Out Attack+1","Dagger Spray","PiercingWail","Dash","Bullet Time","Venomology","Outmaneuver","Escape Plan","Flying Knee","Accuracy","Blade Dance","Skewer","Dagger Throw","Crippling Poison","Blur","Footwork","Tactician"],"relics":["Busted Crown","SsserpentHead","Orichalcum","Omamori","The Courier","Pandora\u0027s Box","Red Mask","TwistedFunnel","Eternal Feather","Kunai","Juzu Bracelet"],"acts_visited":["Exordium","TheCity"],"potions_floor_usage":[7,16,16,19,19,22],"damage_taken":[{"damage":0,"enemies":"Jaw Worm","floor":1,"turns":4},{"damage":1,"enemies":"Cultist","floor":4,"turns":4},{"damage":0,"enemies":"2 Louse","floor":5,"turns":3},{"damage":10,"enemies":"3 Sentries","floor":7,"turns":6},{"damage":5,"enemies":"Exordium Thugs","floor":11,"turns":3},{"damage":3,"enemies":"Blue Slaver","floor":12,"turns":4},{"damage":21,"enemies":"Lagavulin","floor":13,"turns":8},{"damage":10,"enemies":"Exordium Wildlife","floor":14,"turns":4},{"damage":17,"enemies":"Slime Boss","floor":16,"turns":9},{"damage":24,"enemies":"Spheric Guardian","floor":18,"turns":5},{"damage":2,"enemies":"Masked Bandits","floor":19,"turns":3},{"damage":10,"enemies":"2 Thieves","floor":21,"turns":2},{"damage":16,"enemies":"Shelled Parasite and Fungi","floor":22,"turns":3}],"seed_played":"-4311552576923744731","potions_obtained":[{"floor":4,"key":"Fire Potion"},{"floor":7,"key":"Strength Potion"},{"floor":11,"key":"Swift Potion"},{"floor":18,"key":"Swift Potion"}],"is_trial":false,"path_per_floor":["M","?","$","M","M","R","E","R","T","?","M","M","E","M","R","B",null,"M","?","$","M","M"],"character_chosen":"THE_SILENT","items_purchased":["Deadly Poison","Footwork","TwistedFunnel","Eternal Feather","Kunai","Juzu Bracelet"],"campfire_rested":1,"item_purchase_floors":[3,20,20,20,20,20],"current_hp_per_floor":[59,59,59,58,58,58,48,48,48,48,43,40,19,9,28,11,52,28,26,26,16,0,0],"gold":18,"neow_bonus":"BOSS_RELIC","is_daily":false,"chose_seed":false,"campfire_upgraded":2,"win_rate":0.0,"timestamp":1607687186,"path_taken":["M","?","$","M","?","R","E","R","T","?","?","M","E","M","R","BOSS","M","?","$","M","M"],"items_purchased_type":["Card","Card","Relic","Relic","Relic","Relic"],"build_version":"2020-11-30","purchased_purges":1,"victory":false,"max_hp_per_floor":[66,66,66,66,66,66,66,66,66,66,66,66,66,66,66,66,66,66,66,66,66,66,66],"relic_stats":{"SsserpentHead":200,"Busted Crown":24,"counters":[13,58],"Pandora\u0027s Box":["Venomology","Outmaneuver","Escape Plan","Flying Knee","Accuracy","Blade Dance","Skewer","Dagger Throw","Crippling Poison"],"Eternal Feather":0,"Juzu Bracelet":0,"Kunai":[1],"Orichalcum":[114],"obtain_stats":[{"TwistedFunnel":20,"SsserpentHead":2,"Busted Crown":0,"Pandora\u0027s Box":17,"Eternal Feather":20,"The Courier":13,"Omamori":9,"Red Mask":19,"Juzu Bracelet":20,"Kunai":20,"Orichalcum":7,"Ring of the Snake":0},{"TwistedFunnel":11,"SsserpentHead":1,"Busted Crown":0,"Pandora\u0027s Box":9,"Eternal Feather":11,"The Courier":7,"Omamori":4,"Red Mask":11,"Juzu Bracelet":11,"Kunai":11,"Orichalcum":4,"Ring of the Snake":0},{"TwistedFunnel":53,"SsserpentHead":4,"Busted Crown":0,"Pandora\u0027s Box":45,"Eternal Feather":53,"The Courier":32,"Omamori":17,"Red Mask":53,"Juzu Bracelet":53,"Kunai":53,"Orichalcum":17,"Ring of the Snake":0}]},"card_choices":[{"not_picked":[],"picked":"Dagger Throw","floor":1},{"not_picked":["Flying Knee"],"picked":"SKIP","floor":4},{"not_picked":[],"picked":"All Out Attack","floor":5},{"not_picked":["Infinite Blades"],"picked":"SKIP","floor":7},{"not_picked":[],"picked":"Dagger Spray","floor":11},{"not_picked":[],"picked":"PiercingWail","floor":12},{"not_picked":["Quick Slash"],"picked":"SKIP","floor":13},{"not_picked":[],"picked":"Dash","floor":14},{"not_picked":[],"picked":"Bullet Time","floor":16},{"not_picked":[],"picked":"Blur","floor":18},{"not_picked":[],"picked":"Tactician","floor":21}],"player_experience":2306090,"relics_obtained":[{"floor":7,"key":"Orichalcum"},{"floor":9,"key":"Omamori"},{"floor":13,"key":"The Courier"},{"floor":19,"key":"Red Mask"}],"event_choices":[{"damage_healed":0,"gold_gain":0,"player_choice":"Trade","damage_taken":0,"relics_obtained":["SsserpentHead"],"max_hp_gain":0,"max_hp_loss":0,"event_name":"FaceTrader","floor":2,"gold_loss":0},{"damage_healed":0,"gold_gain":275,"player_choice":"Desecrate","damage_taken":0,"max_hp_gain":0,"max_hp_loss":0,"event_name":"Golden Shrine","floor":10,"gold_loss":0,"cards_obtained":["Regret"]},{"damage_healed":0,"gold_gain":0,"player_choice":"Fought Bandits","damage_taken":0,"max_hp_gain":0,"max_hp_loss":0,"event_name":"Masked Bandits","floor":19,"gold_loss":0}],"is_beta":false,"boss_relics":[{"not_picked":["Fusion Hammer","Tiny House"],"picked":"Pandora\u0027s Box"}],"items_purged_floors":[3],"is_endless":false,"potions_floor_spawned":[4,7,11,18],"killed_by":"Shelled Parasite and Fungi","ascension_level":20}}