{"host":"xenpv6dj5x1yxp66","time":1607724943,"event":{"mods":["AchievementEnabler","Aspiration","BaseMod","Better Altar","Better Sensory Stone","Better Skull","Better Third Choice","BetterRewards","Colored Map","Colored Powertips","Conspire","Downfall","Highlight Path","Hubris","Marisa????????","Minty Spire (QoL Compilation)","Quick Restart","READ ME - Guardian Mod","Replay The Spire","Shade Mod","StSLib","The Animator","The Bug Knight","The Construct","The Cursed","The Disciple","The Necromancer","The Runesmith","The Servant 0.9.4"],"gold_per_floor":[118,129,139,139,152,204,204,220,247,247,267,267,312,344,344,456,456,473,473,12,44,44,44,44,44,44,44,44,44],"floor_reached":28,"playtime":1135,"items_purged":["Decay"],"score":228,"play_id":"a9e49f9b-3109-4dc9-a1c0-3d5c4800fe86","local_time":"20201211231543","is_ascension_mode":false,"campfire_choices":[{"data":"PowerUp","floor":7.0,"key":"SMITH"},{"floor":10.0,"key":"REST"},{"floor":15.0,"key":"REST"},{"floor":23.0,"key":"REST"}],"circlet_count":0,"master_deck":["Strike_MRS","Strike_MRS","Strike_MRS","Strike_MRS","Defend_MRS","Defend_MRS","Defend_MRS","Defend_MRS","MasterSpark","UpSweep","PowerUp+1","MagicAbsorber","MysteriousBeam","Robbery","ShootingEcho","WitchLeyline","GravityBeat","SprinkleStarSeal","AsteroidBelt","LuminesStrike","FinalSpark","OortCloud","expansioncontent:Flail"],"relics":["MiniHakkero","conspire:TopHat","Juzu Bracelet","hubris:Towel","HollowMod:PaleOreRelic","Sozu","Lantern","MawBank","hubris:HerbalPaste","Replay:WaspNest","Enchiridion","Torii","hubris:BottledHeart"],"acts_visited":["Exordium","TheCity"],"potions_floor_usage":[],"damage_taken":[{"damage":6.0,"enemies":"Cultist","floor":1.0,"turns":3.0},{"damage":0.0,"enemies":"Small Slimes","floor":2.0,"turns":3.0},{"damage":2.0,"enemies":"Jaw Worm","floor":3.0,"turns":3.0},{"damage":9.0,"enemies":"Lots of Slimes","floor":5.0,"turns":4.0},{"damage":15.0,"enemies":"3 Sentries","floor":6.0,"turns":5.0},{"damage":17.0,"enemies":"Exordium Thugs","floor":8.0,"turns":3.0},{"damage":0.0,"enemies":"Looter","floor":11.0,"turns":2.0},{"damage":19.0,"enemies":"Gremlin Nob","floor":13.0,"turns":4.0},{"damage":9.0,"enemies":"2 Fungi Beasts","floor":14.0,"turns":3.0},{"damage":26.0,"enemies":"The Guardian","floor":16.0,"turns":11.0},{"damage":9.0,"enemies":"2 Thieves","floor":18.0,"turns":4.0},{"damage":21.0,"enemies":"Shell Parasite","floor":21.0,"turns":4.0},{"damage":0,"enemies":"Centurion and Healer","floor":28,"turns":1}],"seed_played":"-8386118499698127095","potions_obtained":[{"floor":1.0,"key":"construct:ShiftPotion"},{"floor":3.0,"key":"Weak Potion"},{"floor":5.0,"key":"Fire Potion"},{"floor":13.0,"key":"SkillPotion"},{"floor":14.0,"key":"conspire:TimeTravelPotion"}],"is_trial":false,"path_per_floor":["M","M","M","?","M","E","R","M","T","R","M","?","E","M","R","B",null,"M","?","$","M","?","R","T","?","T","?","M"],"character_chosen":"MARISA","items_purchased":["hubris:HerbalPaste","Replay:WaspNest"],"campfire_rested":3,"item_purchase_floors":[20,20],"current_hp_per_floor":[69,69,67,67,58,43,43,26,26,48,48,48,29,20,42,16,75,66,31,31,16,16,38,38,22,22,1,1,1],"gold":44,"neow_bonus":"THREE_CARDS","is_daily":false,"chose_seed":false,"campfire_upgraded":1,"win_rate":0.0,"timestamp":1607724943,"path_taken":["M","?","?","?","M","E","R","M","T","R","M","?","E","M","R","BOSS","M","?","$","M","?","R","?","?","T","?","M"],"items_purchased_type":["Relic","Relic"],"build_version":"2020-11-30","purchased_purges":1,"victory":false,"max_hp_per_floor":[75,75,75,75,75,75,75,75,75,75,75,75,75,75,75,75,75,75,75,75,75,75,75,75,75,75,1,1,1],"card_choices":[{"not_picked":["DarkMatter","WitchOfGreed"],"picked":"PowerUp","floor":0.0},{"not_picked":["EnergyRecoil","OneTimeOff"],"picked":"MagicAbsorber","floor":1.0},{"not_picked":["WitchOfGreed","Robbery"],"picked":"MysteriousBeam","floor":2.0},{"not_picked":["AsteroidBelt","GasGiant"],"picked":"Robbery","floor":3.0},{"not_picked":["MysteriousBeam","AsteroidBelt"],"picked":"ShootingEcho","floor":5.0},{"not_picked":["Robbery","AsteroidBelt"],"picked":"WitchLeyline","floor":6.0},{"not_picked":["PowerUp","StarBarrage"],"picked":"GravityBeat","floor":8.0},{"not_picked":["ChargingUp","AlicesGift"],"picked":"SprinkleStarSeal","floor":11.0},{"not_picked":["DoubleSpark","GravityBeat"],"picked":"AsteroidBelt","floor":13.0},{"not_picked":["Occultation","WitchOfGreed"],"picked":"LuminesStrike","floor":14.0},{"not_picked":["BigCrunch","SatelliteIllusion"],"picked":"FinalSpark","floor":16.0},{"not_picked":["MachineGunSpark","MagicAbsorber+1"],"picked":"OortCloud","floor":18.0},{"not_picked":["DoubleSpark","MachineGunSpark","ManaConvection"],"picked":"SKIP","floor":21.0}],"player_experience":131608,"relics_obtained":[{"floor":6.0,"key":"conspire:TopHat"},{"floor":9.0,"key":"Juzu Bracelet"},{"floor":13.0,"key":"HollowMod:PaleOreRelic"},{"floor":25.0,"key":"Enchiridion"},{"floor":26.0,"key":"Torii"}],"event_choices":[{"damage_healed":0.0,"max_hp_gain":0.0,"max_hp_loss":0.0,"gold_gain":0.0,"event_name":"Wheel of Change","player_choice":"Cursed","floor":4.0,"gold_loss":0.0,"damage_taken":0.0,"cards_obtained":["Decay"]},{"damage_healed":0.0,"max_hp_gain":0.0,"max_hp_loss":0.0,"gold_gain":0.0,"event_name":"betterSkull:BetterSkull","player_choice":"RE RE ","floor":19.0,"gold_loss":0.0,"damage_taken":39.0,"cards_upgraded":[],"relics_obtained":["Lantern","MawBank"]},{"damage_healed":0.0,"max_hp_gain":0.0,"max_hp_loss":0.0,"gold_gain":0.0,"event_name":"Match and Keep!","player_choice":"1 cards matched","floor":22.0,"gold_loss":0.0,"damage_taken":0.0,"cards_obtained":["expansioncontent:Flail"]},{"damage_healed":0.0,"max_hp_gain":0.0,"max_hp_loss":0.0,"gold_gain":0.0,"event_name":"Cursed Tome","player_choice":"Obtained Book","floor":25.0,"gold_loss":0.0,"damage_taken":16.0}],"is_beta":false,"boss_relics":[{"not_picked":["conspire:RoyalGoblet","aspiration:ServantSkillbook"],"picked":"Sozu"}],"items_purged_floors":[20],"is_endless":false,"potions_floor_spawned":[1,3,5,13,14,18],"killed_by":"Centurion and Healer","ascension_level":0}}