{"host":"9nzcajyrup44vdvf","time":1607687261,"event":{"mods":["2.2 Compatiblity","AchievementEnabler","AlwaysNeverKeys","Ascension Reborn","BaseMod","Become a monster ???","Better Note","Better Sensory Stone","Better Skull","Better Third Choice","Better Vampires","Googly Eyes","Minty Spire (QoL Compilation)","Permanent Neow","Relic Stats","Spicy Shops","StSLib","SuperFastMode","Unceasing Turn Reminder","everything is the same but u backflip on backflip","slay the spire mod where everything is the same but ironclad has a cowboy hat"],"gold_per_floor":[112,112,135,135,149,184,184,203,203,223,245,313,172,132,132,246,246,266,266,207,229,106,106,129,129,129,129,129,157,180,200,200,316,316,330,330,342,342,360,360,383,383,414,414,437,437,449,466,466,466,466],"floor_reached":50,"playtime":1637,"items_purged":[],"score":521,"play_id":"18275c9b-5886-436e-b6c3-43028faafe69","local_time":"20201211124741","is_ascension_mode":true,"campfire_choices":[{"data":"True Grit","floor":7,"key":"SMITH"},{"data":"Rampage","floor":15,"key":"SMITH"},{"data":"Limit Break","floor":23,"key":"SMITH"},{"data":"Inflame","floor":25,"key":"SMITH"},{"data":"Demon Form","floor":32,"key":"SMITH"},{"data":"Hemokinesis","floor":40,"key":"SMITH"},{"data":"Sentinel","floor":44,"key":"SMITH"},{"floor":49,"key":"REST"}],"circlet_count":0,"master_deck":["Strike_R+1","Strike_R+1","Strike_R+1","Strike_R+1","Strike_R+1","Defend_R+1","Defend_R+1","Defend_R+1","Defend_R+1","Bash+1","Impatience+1","Headbutt+1","Madness+1","Thunderclap+1","True Grit+1","Second Wind+1","Perfected Strike+1","Pommel Strike+1","Shockwave+1","Rampage+1","Perfected Strike+1","Inflame+1","Pommel Strike+1","Demon Form+1","Carnage+1","Hologram+1","Hemokinesis+1","Sentinel+1","Limit Break+1","Feel No Pain+1","Dark Embrace+1","Pommel Strike+1","Spot Weakness+1","Reaper+1","Heavy Blade+1","Inflame+1","Thunderclap+1","Heavy Blade+1"],"relics":["Burning Blood","Mark of the Bloom"],"acts_visited":["Exordium","TheCity","TheBeyond"],"potions_floor_usage":[6,18,33,33,47,50,50,50,50,50],"damage_taken":[{"damage":0,"enemies":"Small Slimes","floor":1,"turns":2},{"damage":1,"enemies":"Jaw Worm","floor":3,"turns":2},{"damage":0,"enemies":"2 Louse","floor":5,"turns":2},{"damage":14,"enemies":"Lagavulin","floor":6,"turns":3},{"damage":0,"enemies":"Blue Slaver","floor":8,"turns":2},{"damage":0,"enemies":"Large Slime","floor":10,"turns":3},{"damage":0,"enemies":"Lots of Slimes","floor":11,"turns":3},{"damage":39,"enemies":"Hexaghost","floor":16,"turns":4},{"damage":8,"enemies":"2 Thieves","floor":18,"turns":2},{"damage":8,"enemies":"Shell Parasite","floor":21,"turns":3},{"damage":4,"enemies":"Snecko","floor":24,"turns":3},{"damage":16,"enemies":"Sentry and Sphere","floor":30,"turns":4},{"damage":4,"enemies":"Centurion and Healer","floor":31,"turns":4},{"damage":58,"enemies":"Automaton","floor":33,"turns":8},{"damage":14,"enemies":"3 Shapes","floor":35,"turns":5},{"damage":3,"enemies":"Orb Walker","floor":37,"turns":3},{"damage":44,"enemies":"Writhing Mass","floor":39,"turns":5},{"damage":22,"enemies":"Jaw Worm Horde","floor":41,"turns":4},{"damage":9,"enemies":"Transient","floor":45,"turns":5},{"damage":34,"enemies":"4 Shapes","floor":47,"turns":4},{"damage":15,"enemies":"Maw","floor":48,"turns":8},{"damage":46,"enemies":"Time Eater","floor":50,"turns":5}],"seed_played":"7043748659897639543","potions_obtained":[{"floor":1,"key":"SmokeBomb"},{"floor":1,"key":"SkillPotion"},{"floor":3,"key":"EntropicBrew"},{"floor":5,"key":"EntropicBrew"},{"floor":6,"key":"Swift Potion"},{"floor":11,"key":"LiquidMemories"},{"floor":18,"key":"Fire Potion"},{"floor":35,"key":"HeartOfIron"},{"floor":35,"key":"PowerPotion"},{"floor":47,"key":"AttackPotion"}],"is_trial":false,"path_per_floor":["M","?","M","T","M","E","R","M","T","M","M","?","$","$","R","B",null,"M","?","$","M","$","R","M","R","T","?","?","T","M","M","R","B",null,"M","$","M","?","M","R","M","T","T","R","M","?","M","M","R","B"],"character_chosen":"IRONCLAD","items_purchased":["Rampage","Perfected Strike","Inflame","Pommel Strike","Hemokinesis","Limit Break"],"campfire_rested":1,"item_purchase_floors":[13,13,13,14,20,22],"current_hp_per_floor":[85,85,85,85,85,79,79,85,85,85,85,85,85,85,85,61,90,90,90,90,90,90,90,90,90,90,90,90,90,82,86,86,43,95,89,89,94,94,58,58,71,71,71,71,95,95,61,46,46,0,0],"gold":466,"neow_bonus":"RANDOM_COLORLESS","is_daily":false,"chose_seed":false,"campfire_upgraded":7,"win_rate":0.0,"timestamp":1607687261,"path_taken":["M","?","M","?","M","E","R","M","T","M","M","?","?","$","R","BOSS","M","?","$","M","$","R","M","R","T","?","?","?","M","M","R","BOSS","M","$","M","?","M","R","M","?","T","R","M","?","M","M","R","BOSS"],"items_purchased_type":["Card","Card","Card","Card","Card","Card"],"build_version":"2020-11-30","purchased_purges":0,"victory":false,"max_hp_per_floor":[85,85,85,85,85,85,85,85,85,85,85,85,85,85,85,90,90,90,90,90,90,90,90,90,90,90,90,90,90,90,90,90,95,95,95,95,95,95,95,95,95,95,95,95,95,95,95,95,95,95,95],"relic_stats":{"Mark of the Bloom":103,"counters":[22,84],"obtain_stats":[{"Mark of the Bloom":46,"Burning Blood":0},{"Mark of the Bloom":19,"Burning Blood":0},{"Mark of the Bloom":67,"Burning Blood":0}],"Burning Blood":105},"card_choices":[{"not_picked":["Trip","Forethought"],"picked":"Impatience","floor":0},{"not_picked":["Twin Strike","Anger"],"picked":"Headbutt","floor":1},{"not_picked":["Enlightenment","Trip"],"picked":"Madness","floor":2},{"not_picked":["Wild Strike","Warcry"],"picked":"Thunderclap","floor":3},{"not_picked":["Spot Weakness","Rupture"],"picked":"True Grit","floor":5},{"not_picked":["Sword Boomerang","Flex"],"picked":"Second Wind","floor":6},{"not_picked":["Brutality","Reckless Charge","Iron Wave"],"picked":"SKIP","floor":6},{"not_picked":["Flex","Combust+1"],"picked":"Perfected Strike","floor":8},{"not_picked":["Armaments","Twin Strike"],"picked":"Pommel Strike","floor":10},{"not_picked":["Twin Strike","Ghostly Armor"],"picked":"Shockwave+1","floor":11},{"not_picked":["Double Tap","Feed"],"picked":"Demon Form","floor":16},{"not_picked":["True Grit+1","Cleave"],"picked":"Carnage","floor":18},{"not_picked":["Iron Wave+1","Ghostly Armor"],"picked":"Sentinel","floor":21},{"not_picked":["Iron Wave+1","Armaments+1"],"picked":"Feel No Pain+1","floor":24},{"not_picked":["Hemokinesis","True Grit"],"picked":"Pommel Strike+1","floor":30},{"not_picked":["Fiend Fire","Headbutt+1"],"picked":"Spot Weakness+1","floor":31},{"not_picked":["Fiend Fire","Impervious"],"picked":"Reaper","floor":33},{"not_picked":["Ghostly Armor+1","Rampage+1","Anger+1"],"picked":"SKIP","floor":35},{"not_picked":["Wild Strike","Clash+1"],"picked":"Heavy Blade+1","floor":37},{"not_picked":["Clothesline+1","Armaments+1"],"picked":"Inflame+1","floor":39},{"not_picked":["Headbutt","Bludgeon"],"picked":"Thunderclap+1","floor":41},{"not_picked":["Hemokinesis+1","Fire Breathing","Flex+1"],"picked":"SKIP","floor":45},{"not_picked":["True Grit+1","Thunderclap"],"picked":"Heavy Blade+1","floor":47},{"not_picked":["Perfected Strike+1","Armaments+1","Iron Wave"],"picked":"SKIP","floor":48}],"player_experience":431640,"relics_obtained":[],"event_choices":[{"damage_healed":0,"gold_gain":1,"player_choice":"1","damage_taken":0,"max_hp_gain":0,"max_hp_loss":0,"event_name":"betterStone:BetterStone","floor":2,"gold_loss":0},{"damage_healed":0,"gold_gain":57,"player_choice":"Gained Gold","damage_taken":0,"max_hp_gain":0,"max_hp_loss":0,"event_name":"Golden Wing","floor":12,"gold_loss":0},{"cards_removed":["Rampage"],"damage_healed":0,"gold_gain":0,"player_choice":"Take \u0026 Give","damage_taken":0,"max_hp_gain":0,"max_hp_loss":0,"event_name":"betterNote:BetterNote","floor":19,"gold_loss":0,"cards_obtained":["Hologram"]},{"damage_healed":0,"gold_gain":0,"player_choice":"Read","damage_taken":0,"max_hp_gain":0,"max_hp_loss":0,"event_name":"The Library","floor":27,"gold_loss":0,"cards_obtained":["Dark Embrace"]},{"damage_healed":0,"gold_gain":0,"player_choice":"Simplicity","damage_taken":0,"max_hp_gain":0,"max_hp_loss":0,"event_name":"betterThird:BetterWriting","floor":28,"gold_loss":0},{"damage_healed":0,"gold_gain":0,"player_choice":"Ignored","damage_taken":0,"max_hp_gain":0,"max_hp_loss":0,"event_name":"Tomb of Lord Red Mask","floor":38,"gold_loss":0},{"damage_healed":0,"gold_gain":0,"player_choice":"Upgrade","damage_taken":0,"relics_obtained":["Mark of the Bloom"],"max_hp_gain":0,"max_hp_loss":0,"event_name":"MindBloom","floor":46,"gold_loss":0,"cards_upgraded":["Impatience","Headbutt","Madness","Thunderclap","Second Wind","Perfected Strike","Pommel Strike","Perfected Strike","Pommel Strike","Carnage","Dark Embrace","Reaper"]}],"is_beta":false,"boss_relics":[{"not_picked":["Calling Bell","Tiny House","Pandora\u0027s Box"]},{"not_picked":["Coffee Dripper","Velvet Choker","SacredBark"]}],"items_purged_floors":[],"is_endless":false,"potions_floor_spawned":[1,5,11,16,18,31,35,39,47,48],"killed_by":"Time Eater","ascension_level":0}}