{"host":"kqqjvufdj6ouyvqb","time":1607694444,"event":{"mods":["BaseMod","HololiveMod","LagranYue(拉格朗・月)","Lobotomy","LobotomyExtend","Minty Spire (QoL Compilation)","Prisma Mod","Quick Restart","Replay The Spire","Shop Mod","StSLib","WarShipGirlsR/战舰少女R mod","[IsaacMod]以撒尖塔"],"gold_per_floor":[123,273,233,269,323,425,540,540,540,587,662,387,387,387,387,718,718,768,529,270,270,270,351,457,558,558,651,739,856,856,1156,1156,1498,1498,1565,1565,1319,1358,796,881,1000,1000,1000,1215,805,901,1008,1076,1076,1437,1537,1579,1529,1529,1311,1311,1434,1434,1525,1525,1078,1163,1199,1199,1310,1310,1338,1338],"floor_reached":67,"playtime":5468,"items_purged":["Hololive_Strike","Hololive_Strike","Hololive_Defend","Pain","Hololive_LuckPotion","Hololive_CallAkiRosenthal"],"score":2928,"play_id":"73da0cd0-0890-46d4-b284-c7f2d1fe14ee","local_time":"20201211214724","daily_mods":["Heirloom","Flight","Midas"],"is_ascension_mode":true,"campfire_choices":[{"floor":32,"key":"REST"},{"floor":49,"key":"REST"},{"floor":58,"key":"REST"},{"floor":64,"key":"REST"},{"floor":66,"key":"DIG"}],"circlet_count":0,"master_deck":["AscendersBane","Hololive_Defend","Hololive_Rebound","Hololive_CallAmaneKanata","Hololive_CallAiraniIofifteen+1","Hololive_CallAZKi","Hololive_CallOkamiMio+1","Hololive_CallRoboco","Hololive_DurableLive","Hololive_CallFriendA+1","Hololive_CallSpadeEcho","Hololive_CallNatsuiroMatsuri","Hololive_FlyingPonyTail","Hololive_Thief","Hololive_CallMurasakiShion","Hololive_CallShiroganeNoel","Hololive_CallMinatoAqua","Hololive_Rebirth","Hololive_CallAkiRosenthal","Hololive_CallUruhaRushia+1","Hololive_CallOzoraSubaru","Hololive_CallYuzukiChoco","Hololive_Watashimo+1","Hololive_HighAtkLowDef","Hololive_Rebound","Hololive_Yoholoon","Hololive_CallShirakamiFubuki","Hololive_IdolExercise+1","Hololive_IdolExercise+1","Hololive_CallTokoyamiTowa+1","Hololive_SoulCatcher+1","Hololive_MaximGun","Hololive_RevenueBasedLive+1","Hololive_FlyingPonyTail+1","Hololive_CallMomosuzuNene+6","Hololive_Recruit+1","Hololive_CallInugamiKorone+1","Hololive_CallAkaiHaato+1","Mimicry+1","ReplayTheSpireMod:Speed Training+1","Hololive_CallYukihanaLamy+1","Hololive_DevilCharm+1","Specialist+1","Consecrate","Hololive_HuntDinosaur+1","rmod:firesupport"],"relics":["Hololive_TheStar","HushsDoor","SteamSale","Calipers","LetterFromLob","DoctorsRemote","Bottled Lightning","Divine Protection","InkBottle","Replay:Rubber Ducky","SatanicBible","Golden Idol","Replay:Baseball","Pen Nib","Anchor","Lee\u0027s Waffle","WarpedTongs","Turnip","Centennial Puzzle","TheBible","Ornamental Fan","Garlic","LagranYue:GuideDeadRelic","Philosopher\u0027s Stone","MerchantsRug","Quantum Egg","Mercury Hourglass","Toxic Egg 2","Shuriken","HandDrill","Frozen Egg 2","Gremlin Horn","Replay:Bottled Snecko","BloodDonationMachine","Question Card","Boot","TuHaoJin","Medical Kit","Oddly Smooth Stone","Bronze Scales","Replay:Wanted Poster","PrismaticShard","Hololive_FriedShrimpLion","Tiny Chest","TheAbacus","Replay:Bottled Eggs","DeadEye","Mirror","Strange Spoon","Strawberry"],"acts_visited":["Exordium","TheCity","TheBeyond","Exordium"],"potions_floor_usage":[5,16,16,27,44,67,67,67,67],"damage_taken":[{"damage":0,"enemies":"Jaw Worm","floor":1,"turns":5},{"damage":17,"enemies":"Hiden Room Battle","floor":2,"turns":3},{"damage":0,"enemies":"Cultist","floor":4,"turns":4},{"damage":0,"enemies":"Small Slimes","floor":5,"turns":4},{"damage":2,"enemies":"Gremlin Nob","floor":6,"turns":5},{"damage":0,"enemies":"Lagavulin","floor":7,"turns":7},{"damage":0,"enemies":"Gremlin Gang","floor":10,"turns":2},{"damage":0,"enemies":"Slime Boss","floor":16,"turns":9},{"damage":0,"enemies":"Spheric Guardian","floor":18,"turns":7},{"damage":0,"enemies":"Book of Stabbing","floor":23,"turns":4},{"damage":0,"enemies":"Slavers","floor":24,"turns":4},{"damage":0,"enemies":"Book of Stabbing","floor":25,"turns":4},{"damage":0,"enemies":"Gremlin Leader","floor":27,"turns":5},{"damage":0,"enemies":"Book of Stabbing","floor":28,"turns":5},{"damage":0,"enemies":"Gremlin Leader","floor":29,"turns":5},{"damage":0,"enemies":"Pondfish","floor":33,"turns":9},{"damage":0,"enemies":"3 Shapes","floor":35,"turns":3},{"damage":0,"enemies":"Orb Walker","floor":38,"turns":2},{"damage":0,"enemies":"Reptomancer","floor":40,"turns":6},{"damage":0,"enemies":"R_Hoarder","floor":41,"turns":5},{"damage":0,"enemies":"Giant Head","floor":44,"turns":7},{"damage":0,"enemies":"R_Hoarder","floor":46,"turns":5},{"damage":0,"enemies":"Giant Head","floor":47,"turns":8},{"damage":0,"enemies":"Transient","floor":48,"turns":5},{"damage":0,"enemies":"Time Eater","floor":50,"turns":9},{"damage":0,"enemies":"Jaw Worm","floor":52,"turns":2},{"damage":0,"enemies":"Lagavulin","floor":57,"turns":3},{"damage":0,"enemies":"Gremlin Nob","floor":59,"turns":3},{"damage":0,"enemies":"3 Sentries","floor":62,"turns":3},{"damage":0,"enemies":"Small Slimes","floor":63,"turns":2},{"damage":0,"enemies":"Gremlin Nob","floor":65,"turns":3},{"damage":65,"enemies":"LittleHush","floor":67,"turns":18}],"seed_played":"-1394159596649528831","potions_obtained":[{"floor":3,"key":"Adrenaline Potion"},{"floor":3,"key":"Reflective Coating"},{"floor":3,"key":"Regen Potion"},{"floor":6,"key":"Swift Potion"},{"floor":16,"key":"Fruit Juice"},{"floor":23,"key":"Languid Potion"},{"floor":24,"key":"SpeedPotion"},{"floor":25,"key":"LifebloodPotion"},{"floor":29,"key":"SpeedPotion"},{"floor":46,"key":"EssenceOfSteel"},{"floor":56,"key":"Explosive Potion"}],"is_trial":true,"path_per_floor":["M","?","?","M","M","E","E","?","T","M","?","$","E","?","R","B",null,"M","$","$","?","?","E","E","E","T","E","E","E","?","?","R","B",null,"M","?","$","M","$","E","E","T","T","E","$","E","E","M","R","B",null,"M","?","?","$","?","E","R","E","T","$","E","M","R","E","R","B"],"character_chosen":"Hololive_HololiveCharacter","items_purchased":["Replay:Rubber Ducky","SatanicBible","Hololive_FlyingPonyTail","Replay:Baseball","Pen Nib","Hololive_CallShiroganeNoel","Anchor","Lee\u0027s Waffle","Hololive_CallTsunomakiWatame","MerchantsRug","Quantum Egg","Mercury Hourglass","Hololive_Yoholoon","Toxic Egg 2","Shuriken","HandDrill","Hololive_CallShirakamiFubuki","Hololive_IdolExercise+1","Bomb","Hololive_MaximGun","Boot","TuHaoJin","Medical Kit","Hololive_CallInugamiKorone+1","Hololive_FriedShrimpLion","Tiny Chest","TheAbacus","DeadEye","Mirror","Strange Spoon","Hololive_CallYukihanaLamy+1","Hololive_DevilCharm+1","Specialist+1"],"campfire_rested":4,"item_purchase_floors":[12,12,12,19,19,19,20,20,20,37,37,37,37,39,39,39,39,39,39,45,45,45,45,51,55,55,55,61,61,61,61,61,61],"current_hp_per_floor":[32,15,15,15,27,25,25,25,25,25,14,14,14,14,7,12,32,32,32,45,45,45,45,45,45,45,45,45,45,45,45,45,45,45,45,43,43,43,43,43,43,43,43,30,30,30,30,30,42,42,40,40,40,40,40,40,40,40,40,40,40,40,40,40,40,47,0,0],"gold":1338,"neow_bonus":"","is_daily":false,"chose_seed":false,"campfire_upgraded":0,"win_rate":0.0,"timestamp":1607694444,"path_taken":["M","?","?","?","M","E","E","?","T","?","?","$","E","?","R","BOSS","M","$","$","?","?","E","E","E","T","E","E","E","?","?","R","BOSS","M","?","$","?","$","E","E","?","T","E","$","E","E","?","R","BOSS","M","?","?","$","?","E","R","E","T","$","E","?","R","?","R","BOSS"],"items_purchased_type":["Relic","Relic","Card","Relic","Relic","Card","Relic","Relic","Card","Relic","Relic","Relic","Card","Relic","Relic","Relic","Card","Undefined","Card","Card","Relic","Relic","Relic","Undefined","Relic","Relic","Relic","Relic","Relic","Relic","Undefined","Undefined","Undefined"],"build_version":"2020-11-30","purchased_purges":6,"victory":false,"max_hp_per_floor":[35,35,35,35,35,35,35,35,35,35,35,35,35,33,33,38,38,38,38,45,45,45,45,45,45,45,45,45,45,45,45,45,45,45,45,43,43,43,43,43,43,43,43,43,43,43,43,43,43,43,40,40,40,40,40,40,40,40,40,40,40,40,40,40,40,47,47,47],"card_choices":[{"not_picked":[],"picked":"Bomb","floor":0},{"not_picked":["Hololive_CocoNews","Hololive_SoulCatcher","Hololive_Sequa"],"picked":"Bomb","floor":1},{"not_picked":["Hololive_CallTsunomakiWatame","Hololive_HuntDinosaur","Hololive_Psychosis"],"picked":"Hololive_DurableLive","floor":2},{"not_picked":["Hololive_CallHoushouMarine","Hololive_Breathe","Hololive_StrengthChampion"],"picked":"Hololive_CallFriendA","floor":4},{"not_picked":["Hololive_FlyingPonyTail","Hololive_HuntDinosaur","Hololive_OvertimeWork"],"picked":"Bomb","floor":5},{"not_picked":["Hololive_CallTokoyamiTowa","Hololive_CallYuzukiChoco","Hololive_Trident"],"picked":"Hololive_CallSpadeEcho","floor":6},{"not_picked":["Hololive_Breathe","Hololive_ManjiGathering","Hololive_Drill"],"picked":"Hololive_LuckPotion","floor":7},{"not_picked":["Hololive_CallRosalyn","Hololive_BringToTrial","Hololive_Trident"],"picked":"Hololive_CallNatsuiroMatsuri","floor":10},{"not_picked":["Hololive_AWSL","Hololive_BeCareful","Hololive_IdolExercise"],"picked":"Hololive_Thief","floor":16},{"not_picked":["Hololive_RevenueBasedLive","Hololive_StrengthChampion+1","Hololive_CallYuzukiChoco","Hololive_CocoNews+1"],"picked":"Hololive_CallMurasakiShion","floor":18},{"not_picked":["Hololive_RevenueBasedLive","Hololive_CallNekomataOkayu+1","Hololive_CallKiryuuCoco+1","Hololive_FlyingPonyTail"],"picked":"Hololive_CallMinatoAqua","floor":23},{"not_picked":["Hololive_Rebound","Hololive_StrengthChampion","Hololive_LuckPotion+1","Hololive_AWSL"],"picked":"Hololive_Rebirth","floor":24},{"not_picked":["Hololive_CallTokoyamiTowa","Hololive_Psychosis","Hololive_RevenueBasedLive+1","Hololive_SummonFox+1"],"picked":"Hololive_Recruit","floor":25},{"not_picked":["Hololive_CallSakuraMiko","Hololive_Teleport","Hololive_CallKiryuuCoco+1","Hololive_LuckPotion"],"picked":"Hololive_CallAkiRosenthal","floor":27},{"not_picked":["Hololive_LuckPotion","Hololive_Breathe","Hololive_CallShiranuiFlare","Hololive_FlyingPonyTail"],"picked":"Hololive_CallUruhaRushia+1","floor":28},{"not_picked":["Hololive_Trident","Hololive_Teleport+1","Hololive_CallUsadaPekora","Hololive_CallUruhaRushia"],"picked":"Hololive_CallOzoraSubaru","floor":29},{"not_picked":["Hololive_StrengthChampion","Hololive_Trident","Hololive_FlyingPonyTail","Hololive_Sequa+1"],"picked":"Hololive_Watashimo+1","floor":32},{"not_picked":["Hololive_DurableLive","Hololive_FlareMind","Hololive_OpenUp","Hololive_WolfAndLamb"],"picked":"Hololive_HighAtkLowDef","floor":33},{"not_picked":["Hololive_LuckPotion+1","Hololive_FlyingPonyTail+1","Hololive_Breathe+1","Hololive_Drill"],"picked":"Hololive_Rebound","floor":35},{"not_picked":["Hololive_StrengthChampion+1","Hololive_Yoholoon+1","Hololive_Rebound"],"picked":"Hololive_CallAkiRosenthal","floor":38},{"not_picked":["Hololive_HuntDinosaur+1","Hololive_BeCareful+1","Hololive_FlyingPonyTail+1"],"picked":"Hololive_CallTokoyamiTowa+1","floor":40},{"not_picked":["Hololive_Trident+1","Hololive_CallShiroganeNoel+1","Hololive_CallNatsuiroMatsuri+1"],"picked":"Hololive_SoulCatcher+1","floor":41},{"not_picked":["Hololive_CocoNews","Hololive_CallNatsuiroMatsuri+1","Hololive_Trident","Hololive_Breathe+1"],"picked":"SKIP","floor":44},{"not_picked":["Hololive_Psychosis+1","Hololive_Rebound+1","Hololive_Sequa+1","Hololive_FlareMind+1"],"picked":"Hololive_RevenueBasedLive+1","floor":46},{"not_picked":["Hololive_RevenueBasedLive+1","Hololive_Sequa","Hololive_Psychosis+1","Hololive_OvertimeWork"],"picked":"Hololive_FlyingPonyTail+1","floor":47},{"not_picked":["Hololive_StrengthChampion","Hololive_Teleport+1","Hololive_Sequa+1","Hololive_Psychosis+1"],"picked":"Hololive_CallMomosuzuNene+1","floor":48},{"not_picked":["Hololive_ScarfAndHalo","Hololive_BeCareful+1","Hololive_DiamondStrike","Hololive_IdolExercise+1"],"picked":"Hololive_Recruit+1","floor":50},{"not_picked":["Hololive_Trident","Hololive_Breathe+1","Hololive_Drill","Hololive_CocoNews"],"picked":"Hololive_CallAkaiHaato+1","floor":52},{"not_picked":["PrismaMod:ChloeDiscardRecovery+1","Consume+1","Seeing Red+1","FearNoEvil"],"picked":"Mimicry+1","floor":57},{"not_picked":["Beak","ReplayTheSpireMod:Calculation Training+1","SolemnVow","Crippling Poison+1"],"picked":"ReplayTheSpireMod:Speed Training+1","floor":59},{"not_picked":["PrismaMod:IllyaCheapAttack","Panic Button+1","PrismaMod:IllyaPoisonBlock+1","Underhanded Strike"],"picked":"Consecrate","floor":62},{"not_picked":["PrismaMod:ChloeDiscardRecovery+1","Heel Hook","BasicCrystalCard+1","Searing Blow"],"picked":"Hololive_HuntDinosaur+1","floor":63},{"not_picked":["rmod:generalist","EmptyBody+1","Thunderclap","EpicFetus+1"],"picked":"rmod:firesupport","floor":65}],"player_experience":154010,"relics_obtained":[{"floor":1,"key":"LetterFromLob"},{"floor":2,"key":"DoctorsRemote"},{"floor":2,"key":"Dream Catcher"},{"floor":6,"key":"Bottled Lightning"},{"floor":7,"key":"Divine Protection"},{"floor":9,"key":"InkBottle"},{"floor":23,"key":"LagranYue:GuidanceLightRelic"},{"floor":24,"key":"Turnip"},{"floor":25,"key":"Centennial Puzzle"},{"floor":26,"key":"TheBible"},{"floor":27,"key":"Ornamental Fan"},{"floor":28,"key":"Garlic"},{"floor":29,"key":"LagranYue:GuideDeadRelic"},{"floor":40,"key":"Frozen Egg 2"},{"floor":41,"key":"Gremlin Horn"},{"floor":42,"key":"Replay:Bottled Snecko"},{"floor":43,"key":"BloodDonationMachine"},{"floor":44,"key":"Question Card"},{"floor":46,"key":"Oddly Smooth Stone"},{"floor":47,"key":"Bronze Scales"},{"floor":60,"key":"Replay:Bottled Eggs"},{"floor":66,"key":"Strawberry"}],"event_choices":[{"damage_healed":0,"gold_gain":0,"player_choice":"Fight","damage_taken":0,"max_hp_gain":0,"max_hp_loss":0,"event_name":"HidenRoomEvent","floor":2,"gold_loss":0},{"damage_healed":0,"gold_gain":0,"player_choice":"Bought 3 Potions","damage_taken":0,"max_hp_gain":0,"max_hp_loss":0,"event_name":"The Woman in Blue","floor":3,"gold_loss":0},{"damage_healed":0,"gold_gain":75,"player_choice":"Gather Gold","damage_taken":11,"max_hp_gain":0,"max_hp_loss":0,"event_name":"World of Goop","floor":11,"gold_loss":0},{"damage_healed":0,"gold_gain":0,"player_choice":"Lose Max HP","damage_taken":0,"relics_obtained":["Golden Idol"],"max_hp_gain":0,"max_hp_loss":2,"event_name":"Golden Idol","floor":14,"gold_loss":0},{"damage_healed":0,"gold_gain":0,"player_choice":"Entered Light","damage_taken":7,"max_hp_gain":0,"max_hp_loss":0,"event_name":"Shining Light","floor":15,"gold_loss":0,"cards_upgraded":["Hololive_CallFriendA","Hololive_CallOkamiMio"]},{"cards_removed":["Hololive_CallTsunomakiWatame"],"damage_healed":0,"gold_gain":0,"player_choice":"Elegance","damage_taken":0,"max_hp_gain":0,"max_hp_loss":0,"event_name":"Back to Basics","floor":21,"gold_loss":0},{"damage_healed":0,"gold_gain":0,"player_choice":"Rummage","damage_taken":0,"relics_obtained":["WarpedTongs"],"max_hp_gain":0,"max_hp_loss":0,"event_name":"Accursed Blacksmith","floor":22,"gold_loss":0,"cards_obtained":["Pain"]},{"damage_healed":0,"gold_gain":0,"player_choice":"1 cards matched","damage_taken":0,"max_hp_gain":0,"max_hp_loss":0,"event_name":"Match and Keep!","floor":30,"gold_loss":0,"cards_obtained":["Hololive_CallYuzukiChoco"]},{"damage_healed":0,"gold_gain":0,"player_choice":"Max HP","damage_taken":0,"max_hp_gain":0,"max_hp_loss":2,"event_name":"Winding Halls","floor":36,"gold_loss":0},{"cards_removed":["Hololive_Recruit"],"damage_healed":0,"gold_gain":0,"player_choice":"Card Removal","damage_taken":0,"max_hp_gain":0,"max_hp_loss":0,"event_name":"The Cleric","floor":53,"gold_loss":50},{"damage_healed":0,"gold_gain":0,"player_choice":"Got Potions","damage_taken":0,"max_hp_gain":0,"max_hp_loss":0,"event_name":"Lab","floor":56,"gold_loss":0}],"is_beta":false,"boss_relics":[{"not_picked":["ChampionBelt","Cursed Key"],"picked":"Honey Jar"},{"not_picked":[]},{"not_picked":["Kintsugi","SacredBark"],"picked":"Philosopher\u0027s Stone"},{"not_picked":[]},{"not_picked":["Black Star","Painkiller Herb"],"picked":"Replay:Wanted Poster"},{"not_picked":[]}],"items_purged_floors":[12,19,20,37,39,45],"is_endless":true,"potions_floor_spawned":[6,7,16,23,24,25,29,38,41,46,50,59,62,65],"killed_by":"LittleHush","ascension_level":10}}