{"host":"kyy1kus4tsuq869y","time":1607701887,"event":{"mods":["BaseMod","Downfall","GifTheSpireLib","HololiveMod","Hubris","Jorbs\u0027s Wanderer Trilogy","Marisa£®ÏF”Í°°ƒß¿Ì…≥£©","Minty Spire (QoL Compilation)","Quick Restart","READ ME - Guardian Mod","READ ME - Snecko Mod","Reimu£®≤©¿ˆ¡È√Œ£©","Remilia£®¿Ÿ√◊¿Ú—«£©","Replay The Spire","StSLib","Td1madao Mod","The Administrix","The Animator","The Bug Knight","The Construct","The Cursed","The Hierophant","The Runesmith","The Senshi","The Servant 0.9.4","Youmu£®ªÍ∆«—˝√Œ£©"],"gold_per_floor":[114,114,114,134,409,449,88,88,88,119,142,142,182,20,20,30,30],"floor_reached":16,"playtime":343,"items_purged":["Regret"],"score":264,"play_id":"80ced8bf-b302-4802-939a-375eaca164e6","local_time":"20201211235127","is_ascension_mode":true,"campfire_choices":[{"data":"Whirlwind","floor":8,"key":"SMITH"},{"floor":12,"key":"REST"},{"floor":15,"key":"REST"}],"circlet_count":0,"master_deck":["AscendersBane","Strike_R","Strike_R","Strike_R","Strike_R","Strike_R","Defend_R","Defend_R","Defend_R","Defend_R","Bash","Whirlwind+1","Fire Breathing","Shrug It Off","Immolate","Evolve","Reckless Charge"],"relics":["Burning Blood","NeowsBlessing","Golden Idol","Omamori","Dream Catcher","Centennial Puzzle","Bag of Preparation","Replay:Bandana","Sling"],"acts_visited":["Exordium"],"potions_floor_usage":[10,10,16],"damage_taken":[{"damage":0.0,"enemies":"Jaw Worm","floor":1.0,"turns":1.0},{"damage":0,"enemies":"2 Louse","floor":4,"turns":2},{"damage":0,"enemies":"3 Sentries","floor":6,"turns":2},{"damage":62,"enemies":"Lagavulin","floor":10,"turns":7},{"damage":12,"enemies":"3 Sentries","floor":13,"turns":3},{"damage":39,"enemies":"Hexaghost","floor":16,"turns":9}],"seed_played":"2586489089223535842","potions_obtained":[{"floor":1.0,"key":"hexamod:EctoCoolerPotion"},{"floor":4,"key":"PowerPotion"},{"floor":10,"key":"Languid Potion"}],"is_trial":false,"path_per_floor":["M","?","?","M","?","E","$","R","T","E","T","R","E","$","R","B"],"character_chosen":"IRONCLAD","items_purchased":["Fire Breathing","Shrug It Off","Dream Catcher","Sling"],"campfire_rested":2,"item_purchase_floors":[7,7,7,14],"current_hp_per_floor":[74,68,68,68,68,68,68,68,68,12,12,32,26,26,46,7,7],"gold":30,"neow_bonus":"THREE_ENEMY_KILL","is_daily":false,"chose_seed":false,"campfire_upgraded":1,"win_rate":0.0,"timestamp":1607701887,"path_taken":["M","?","?","?","?","E","?","R","T","E","?","R","E","$","R","BOSS"],"items_purchased_type":["Card","Card","Relic","Relic"],"build_version":"2020-11-30","purchased_purges":1,"victory":false,"max_hp_per_floor":[75,68,68,68,68,68,68,68,68,68,68,68,68,68,68,68,68],"card_choices":[{"not_picked":["Abandon","Wild Strike"],"picked":"Whirlwind","floor":1.0},{"not_picked":["hubris:SharpeningStone","Replay:Undeath\u0027s Touch","Anger"],"picked":"SKIP","floor":4},{"not_picked":["Warcry","Dual Wield","Armaments"],"picked":"SKIP","floor":6},{"not_picked":["Metallicize","ReplayTheSpireMod:Stacked"],"picked":"Immolate","floor":10},{"not_picked":["Sword Boomerang","Run Through"],"picked":"Evolve","floor":12},{"not_picked":["Sword Boomerang","Searing Blow","Life Link"],"picked":"SKIP","floor":13},{"not_picked":["Sword Boomerang","Havoc"],"picked":"Reckless Charge","floor":15}],"player_experience":445485,"relics_obtained":[{"floor":6,"key":"Omamori"},{"floor":10,"key":"Centennial Puzzle"},{"floor":11,"key":"Bag of Preparation"},{"floor":13,"key":"Replay:Bandana"}],"event_choices":[{"damage_healed":0.0,"max_hp_gain":0.0,"max_hp_loss":7.0,"gold_gain":0.0,"event_name":"Golden Idol","player_choice":"Lose Max HP","floor":2.0,"gold_loss":0.0,"damage_taken":0.0,"relics_obtained":["Golden Idol"]},{"damage_healed":0,"gold_gain":0,"player_choice":"0 cards matched","damage_taken":0,"max_hp_gain":0,"max_hp_loss":0,"event_name":"Match and Keep!","floor":3,"gold_loss":0,"cards_obtained":[]},{"damage_healed":0,"gold_gain":275,"player_choice":"Desecrate","damage_taken":0,"max_hp_gain":0,"max_hp_loss":0,"event_name":"Golden Shrine","floor":5,"gold_loss":0,"cards_obtained":["Regret"]}],"is_beta":false,"boss_relics":[],"items_purged_floors":[7],"is_endless":false,"potions_floor_spawned":[1,4,6,10],"killed_by":"Hexaghost","ascension_level":18}}