{"host":"p7j7o00jacnw7qzt","time":1607722821,"event":{"mods":["BaseMod","Colored Map","Colored Powertips","DeckTracker","Highlight Path","Minty Spire (QoL Compilation)","Relic Stats"],"gold_per_floor":[118,118,43,43,143,173,173,205,275,290,304,318,348,362,362,437,437,450,467,467,204,41,41,56,56,81,81,81,100,131,150,150,229,229,248,261,275,150,150,150,150,150],"floor_reached":41,"playtime":1743,"items_purged":["Strike_R","Strike_R","Strike_R"],"score":1012,"play_id":"a00a602c-1ea6-4501-8983-37a0d3cac4f6","local_time":"20201211164021","is_ascension_mode":true,"campfire_choices":[{"floor":7.0,"key":"RECALL"},{"data":"Whirlwind","floor":15.0,"key":"SMITH"},{"data":"Limit Break","floor":23.0,"key":"SMITH"},{"floor":25.0,"key":"REST"},{"data":"Battle Trance","floor":28.0,"key":"SMITH"},{"data":"Pommel Strike","floor":32.0,"key":"SMITH"},{"floor":40,"key":"REST"}],"circlet_count":0,"master_deck":["AscendersBane","Strike_R","Strike_R","Defend_R","Defend_R","Defend_R","Defend_R","Bash","Armaments+1","Impervious","Pommel Strike+1","Battle Trance+1","Perfected Strike","Whirlwind+1","Limit Break+1","CurseOfTheBell","Shame","Battle Trance","Fiend Fire","Shockwave","Reaper"],"relics":["Burning Blood","NeowsBlessing","Happy Flower","Blood Vial","Letter Opener","Pantograph","Calling Bell","Nunchaku","Question Card","Prayer Wheel","Pear","Vajra","Akabeko","Red Skull","Potion Belt","Fusion Hammer"],"acts_visited":["Exordium","TheCity","TheBeyond"],"potions_floor_usage":[],"damage_taken":[{"damage":0.0,"enemies":"Jaw Worm","floor":1.0,"turns":1.0},{"damage":0.0,"enemies":"3 Sentries","floor":6.0,"turns":1.0},{"damage":0.0,"enemies":"Gremlin Nob","floor":8.0,"turns":1.0},{"damage":0.0,"enemies":"Cultist","floor":10.0,"turns":2.0},{"damage":4.0,"enemies":"Small Slimes","floor":11.0,"turns":5.0},{"damage":11.0,"enemies":"Looter","floor":12.0,"turns":2.0},{"damage":15.0,"enemies":"Lagavulin","floor":13.0,"turns":6.0},{"damage":5.0,"enemies":"Lots of Slimes","floor":14.0,"turns":3.0},{"damage":30.0,"enemies":"Slime Boss","floor":16.0,"turns":8.0},{"damage":25.0,"enemies":"Spheric Guardian","floor":18.0,"turns":6.0},{"damage":35.0,"enemies":"Chosen","floor":19.0,"turns":5.0},{"damage":39.0,"enemies":"Shelled Parasite and Fungi","floor":24.0,"turns":4.0},{"damage":7.0,"enemies":"Centurion and Healer","floor":29.0,"turns":4.0},{"damage":0.0,"enemies":"Gremlin Leader","floor":30.0,"turns":4.0},{"damage":16.0,"enemies":"Snecko","floor":31.0,"turns":6.0},{"damage":50.0,"enemies":"Champ","floor":33.0,"turns":10.0},{"damage":0.0,"enemies":"3 Darklings","floor":35.0,"turns":2.0},{"damage":3.0,"enemies":"Orb Walker","floor":36.0,"turns":3.0},{"damage":66.0,"enemies":"Writhing Mass","floor":37.0,"turns":6.0},{"damage":59,"enemies":"Giant Head","floor":41,"turns":5}],"seed_played":"353781447272703579","potions_obtained":[{"floor":6.0,"key":"PowerPotion"},{"floor":13.0,"key":"Explosive Potion"},{"floor":16.0,"key":"ColorlessPotion"},{"floor":29.0,"key":"EssenceOfSteel"},{"floor":31.0,"key":"Explosive Potion"},{"floor":35.0,"key":"Fire Potion"},{"floor":36.0,"key":"Ancient Potion"}],"is_trial":false,"path_per_floor":["M","?","$","?","?","E","R","E","T","M","M","M","E","M","R","B",null,"M","M","T","$","$","R","M","R","T","?","R","M","E","M","R","B",null,"M","M","M","$","?","R","E"],"character_chosen":"IRONCLAD","items_purchased":["Vajra","Akabeko"],"campfire_rested":2,"item_purchase_floors":[21,22],"current_hp_per_floor":[74,74,74,79,79,80,80,80,80,80,80,75,68,71,71,56,74,57,30,40,40,40,40,9,36,36,36,36,37,45,37,37,20,73,81,86,28,28,28,55,0,0],"gold":150,"neow_bonus":"THREE_ENEMY_KILL","is_daily":false,"chose_seed":false,"campfire_upgraded":4,"win_rate":0.0,"timestamp":1607722821,"path_taken":["M","?","?","?","?","E","R","E","T","M","M","M","E","M","R","BOSS","M","?","?","?","$","R","M","R","T","?","R","M","E","M","R","BOSS","M","M","M","$","?","R","E"],"items_purchased_type":["Relic","Relic"],"build_version":"2020-11-30","purchased_purges":3,"victory":false,"max_hp_per_floor":[75,75,75,80,80,80,80,80,80,80,80,80,80,80,80,80,80,80,80,90,90,90,90,90,90,90,90,90,90,90,90,90,90,90,90,90,90,90,90,90,90,90],"relic_stats":{"Blood Vial":26,"Nunchaku":[6],"Happy Flower":[27],"counters":[20,84],"Pantograph":34,"Prayer Wheel":8,"Letter Opener":[35],"Question Card":19,"obtain_stats":[{"Potion Belt":30,"Pear":20,"NeowsBlessing":0,"Happy Flower":6,"Vajra":21,"Letter Opener":9,"Question Card":17,"Burning Blood":0,"Akabeko":22,"Blood Vial":8,"Calling Bell":17,"Nunchaku":17,"Pantograph":13,"Prayer Wheel":17,"Fusion Hammer":34,"Red Skull":27},{"Potion Belt":14,"Pear":11,"NeowsBlessing":0,"Happy Flower":2,"Vajra":11,"Letter Opener":3,"Question Card":9,"Burning Blood":0,"Akabeko":11,"Blood Vial":3,"Calling Bell":9,"Nunchaku":9,"Pantograph":7,"Prayer Wheel":9,"Fusion Hammer":16,"Red Skull":12},{"Potion Belt":52,"Pear":40,"NeowsBlessing":0,"Happy Flower":2,"Vajra":40,"Letter Opener":3,"Question Card":29,"Burning Blood":0,"Akabeko":40,"Blood Vial":3,"Calling Bell":29,"Nunchaku":29,"Pantograph":18,"Prayer Wheel":29,"Fusion Hammer":68,"Red Skull":44}],"Burning Blood":95},"card_choices":[{"not_picked":["Anger","Inflame"],"picked":"Armaments","floor":1.0},{"not_picked":["Inflame","Headbutt"],"picked":"Impervious","floor":6.0},{"not_picked":["Thunderclap","Sword Boomerang"],"picked":"Pommel Strike","floor":8.0},{"not_picked":["Searing Blow","Rupture"],"picked":"Battle Trance","floor":10.0},{"not_picked":["Clash","Iron Wave"],"picked":"Perfected Strike","floor":11.0},{"not_picked":["Clothesline","Warcry","Headbutt"],"picked":"SKIP","floor":12.0},{"not_picked":["Impervious","Sword Boomerang"],"picked":"Whirlwind","floor":13.0},{"not_picked":["Wild Strike","Pommel Strike","Rampage"],"picked":"SKIP","floor":14.0},{"not_picked":["Brutality","Berserk"],"picked":"Limit Break","floor":16.0},{"not_picked":["Cleave","Disarm+1","Fire Breathing","Wild Strike"],"picked":"SKIP","floor":18.0},{"not_picked":["Flex","Rampage","Power Through","Havoc"],"picked":"SKIP","floor":18.0},{"not_picked":["Iron Wave","Body Slam","Thunderclap","Pommel Strike"],"picked":"SKIP","floor":19.0},{"not_picked":["Brutality","Thunderclap","Havoc","Reckless Charge"],"picked":"SKIP","floor":19.0},{"not_picked":["Entrench","Ghostly Armor","Twin Strike","Flex"],"picked":"SKIP","floor":24.0},{"not_picked":["Carnage","Whirlwind","Clash","Perfected Strike"],"picked":"SKIP","floor":24.0},{"not_picked":["Rage","Clash","Intimidate"],"picked":"Battle Trance","floor":29.0},{"not_picked":["Metallicize","Armaments","Reckless Charge","Flex"],"picked":"SKIP","floor":29.0},{"not_picked":["Pommel Strike","Intimidate+1","Anger+1","Wild Strike"],"picked":"SKIP","floor":30.0},{"not_picked":["True Grit","Combust","Rage+1","Flex"],"picked":"SKIP","floor":31.0},{"not_picked":["Anger","Clothesline","Spot Weakness","Sword Boomerang"],"picked":"SKIP","floor":31.0},{"not_picked":["Offering","Demon Form","Brutality"],"picked":"Fiend Fire","floor":33.0},{"not_picked":["Headbutt+1","Flex","Cleave"],"picked":"Shockwave","floor":35.0},{"not_picked":["Heavy Blade","True Grit+1","Sword Boomerang","Clothesline+1"],"picked":"SKIP","floor":35.0},{"not_picked":["Cleave+1","Reckless Charge","Fire Breathing","Iron Wave"],"picked":"SKIP","floor":36.0},{"not_picked":["Armaments+1","Headbutt","Pommel Strike","Heavy Blade"],"picked":"SKIP","floor":36.0},{"not_picked":["Clothesline","Cleave","Sword Boomerang"],"picked":"Reaper","floor":37.0},{"not_picked":["Body Slam+1","Perfected Strike+1","True Grit+1","Hemokinesis"],"picked":"SKIP","floor":37.0}],"player_experience":781264,"relics_obtained":[{"floor":6.0,"key":"Happy Flower"},{"floor":8.0,"key":"Blood Vial"},{"floor":9.0,"key":"Letter Opener"},{"floor":13.0,"key":"Pantograph"},{"floor":17.0,"key":"Nunchaku"},{"floor":17.0,"key":"Question Card"},{"floor":17.0,"key":"Prayer Wheel"},{"floor":20.0,"key":"Pear"},{"floor":30.0,"key":"Potion Belt"}],"event_choices":[{"damage_healed":0.0,"max_hp_gain":0.0,"max_hp_loss":0.0,"gold_gain":0.0,"event_name":"Upgrade Shrine","player_choice":"Upgraded","floor":2.0,"gold_loss":0.0,"damage_taken":0.0,"cards_upgraded":["Armaments"]},{"damage_healed":0.0,"max_hp_gain":5.0,"max_hp_loss":0.0,"gold_gain":0.0,"event_name":"Big Fish","player_choice":"Donut","floor":4.0,"gold_loss":0.0,"damage_taken":0.0},{"damage_healed":0.0,"max_hp_gain":0.0,"max_hp_loss":0.0,"gold_gain":100.0,"event_name":"Wheel of Change","player_choice":"Gold","floor":5.0,"gold_loss":0.0,"damage_taken":0.0},{"damage_healed":0.0,"max_hp_gain":0.0,"max_hp_loss":0.0,"gold_gain":0.0,"event_name":"Addict","player_choice":"Stole Relic","floor":27.0,"gold_loss":0.0,"damage_taken":0.0,"relics_obtained":["Red Skull"],"cards_obtained":["Shame"]},{"damage_healed":0,"gold_gain":0,"player_choice":"Memory 1","damage_taken":0,"max_hp_gain":0,"max_hp_loss":0,"event_name":"SensoryStone","floor":39,"gold_loss":0}],"is_beta":false,"boss_relics":[{"not_picked":["Runic Pyramid","Tiny House"],"picked":"Calling Bell"},{"not_picked":["SlaversCollar","Astrolabe"],"picked":"Fusion Hammer"}],"items_purged_floors":[3,21,38],"is_endless":false,"potions_floor_spawned":[6,13,14,16,29,31,35,36],"killed_by":"Giant Head","ascension_level":20}}