{"host":"dntw6kil9p09eemm","time":1607649442,"event":{"mods":["2.2 Compatiblity","Aspiration","BaseMod","Become a monster €›?Œ÷","Colored Powertips","Downfall","Hubris","Minty Spire (QoL Compilation)","Replay The Spire","Shop Mod","StSLib"],"gold_per_floor":[99,99,99,99,119,131,131,145,164,182,50,50,50,50,50,50,64,92,92,104,104,203,203,223,107,182,197,197,197,207,219,219,219,242,252,264,277,277,375,375,389,389,130,140,140,172,172,191,191,191,210,229,246,265,265,265,265],"floor_reached":56,"playtime":3179,"items_purged":["Strike_R"],"score":537,"play_id":"c5c445b3-e540-42f1-aad2-f073efa51e7a","local_time":"20201211101722","is_ascension_mode":false,"campfire_choices":[{"floor":12.0,"key":"REST"},{"data":"Sever Soul","floor":14.0,"key":"SMITH"},{"data":"Anger","floor":21.0,"key":"SMITH"},{"data":"Thunderclap","floor":29.0,"key":"SMITH"},{"data":"Thunderclap","floor":33.0,"key":"SMITH"},{"floor":38.0,"key":"REST"},{"floor":47.0,"key":"REST"},{"floor":50.0,"key":"REST"},{"data":"Strike_R","floor":55.0,"key":"PURGE"}],"circlet_count":0,"master_deck":["Strike_R","Defend_R","Defend_R","Bash","Sever Soul+1","Cleave+1","Sword Boomerang","Thunderclap+1","Inflame","Thunderclap+1","Pot Of Greed","Pot Of Greed","Infernal Blade","Anger+1","Demon Form","ReplayTheSpireMod:Strike From Hell","Run Through","Cleave","hubris:CleavingFinish+1","Berserk","Life Link","Bouncing Flask","Blur","Flying Knee","Hemokinesis","hubris:ReadiedAction+1","hubris:ReadiedAction+1","Blood for Blood+1"],"relics":["Burning Blood","MerchantsRug","hubris:VirtuousBlindfold","aspiration:Nostalgia","PureWater","Paper Frog","hubris:TenFootPole","Mark of Pain","Toxic Egg 2","Juzu Bracelet","hubris:SphereOfDissonance"],"acts_visited":["Exordium","TheCity","TheBeyond"],"potions_floor_usage":[],"damage_taken":[{"damage":0.0,"enemies":"3 Shapes","floor":5.0,"turns":1.0},{"damage":0.0,"enemies":"Small Slimes","floor":6.0,"turns":3.0},{"damage":1.0,"enemies":"Cultist","floor":8.0,"turns":4.0},{"damage":6.0,"enemies":"Red Slaver","floor":9.0,"turns":4.0},{"damage":49.0,"enemies":"Exordium Thugs","floor":10.0,"turns":7.0},{"damage":12.0,"enemies":"2 Fungi Beasts","floor":17.0,"turns":4.0},{"damage":22.0,"enemies":"Replay:BlueRogue","floor":18.0,"turns":5.0},{"damage":3.0,"enemies":"Large Slime","floor":20.0,"turns":4.0},{"damage":7.0,"enemies":"Slime Boss","floor":22.0,"turns":6.0},{"damage":20.0,"enemies":"2 Thieves","floor":24.0,"turns":4.0},{"damage":0.0,"enemies":"Chosen","floor":27.0,"turns":3.0},{"damage":3.0,"enemies":"Centurion and Healer","floor":30.0,"turns":3.0},{"damage":20.0,"enemies":"3 Cultists","floor":31.0,"turns":4.0},{"damage":11.0,"enemies":"Cultist and Chosen","floor":35.0,"turns":3.0},{"damage":8.0,"enemies":"Snecko","floor":36.0,"turns":3.0},{"damage":22.0,"enemies":"Snake Plant","floor":37.0,"turns":4.0},{"damage":60.0,"enemies":"Automaton","floor":39.0,"turns":7.0},{"damage":33.0,"enemies":"3 Darklings","floor":41.0,"turns":3.0},{"damage":23.0,"enemies":"Orb Walker","floor":44.0,"turns":3.0},{"damage":71.0,"enemies":"Giant Head","floor":46.0,"turns":7.0},{"damage":31.0,"enemies":"4 Shapes","floor":48.0,"turns":3.0},{"damage":19.0,"enemies":"Sphere and 2 Shapes","floor":51.0,"turns":3.0},{"damage":4.0,"enemies":"3 Darklings","floor":52.0,"turns":2.0},{"damage":0.0,"enemies":"Transient","floor":53.0,"turns":5.0},{"damage":20.0,"enemies":"Jaw Worm Horde","floor":54.0,"turns":3.0},{"damage":25,"enemies":"Replay:Hell Engine","floor":56,"turns":1}],"seed_played":"6649265958934075887","potions_obtained":[{"floor":5.0,"key":"LiquidMemories"},{"floor":9.0,"key":"PowerPotion"},{"floor":10.0,"key":"Explosive Potion"},{"floor":17.0,"key":"Flashbang"},{"floor":24.0,"key":"FearPotion"},{"floor":30.0,"key":"Toxic Potion"},{"floor":35.0,"key":"ColorlessPotion"},{"floor":39.0,"key":"SpeedPotion"},{"floor":44.0,"key":"FairyPotion"},{"floor":46.0,"key":"AttackPotion"},{"floor":48.0,"key":"SkillPotion"},{"floor":52.0,"key":"Reflective Coating"}],"is_trial":false,"path_per_floor":["M","M","M","M","M","M","?","M","M","M","$","R","T","R","PTL","PTL","M","E","?","M","R","B",null,"M","$","?","M","$","R","M","M","T","R","T","M","M","M","R","B",null,"M","?","$","M","?","E","R","M","T","R","M","M","M","M","R","B"],"character_chosen":"IRONCLAD","items_purchased":["MerchantsRug","aspiration:Nostalgia","Toxic Egg 2"],"campfire_rested":4,"item_purchase_floors":[11,25,43],"current_hp_per_floor":[88,88,88,88,88,88,88,88,88,45,45,71,71,71,71,71,65,49,49,52,52,51,88,74,74,66,72,72,72,75,61,61,61,61,56,54,38,64,10,88,61,61,61,44,44,7,33,8,8,34,21,23,29,15,15,0,0],"gold":265,"neow_bonus":"TEN_PERCENT_HP_BONUS","is_daily":false,"chose_seed":false,"campfire_upgraded":4,"win_rate":0.0,"timestamp":1607649442,"path_taken":["M","M","?","M","M","M","$","R","T","R","PTL","PTL","M","E","?","?","R","BOSS","M","$","?","M","$","R","M","?","T","R","?","M","M","M","R","BOSS","M","?","$","M","?","E","R","M","T","R","M","M","M","M","R","BOSS"],"items_purchased_type":["Relic","Relic","Relic"],"build_version":"2020-11-30","purchased_purges":1,"victory":false,"max_hp_per_floor":[88,88,88,88,88,88,88,88,88,88,88,88,88,88,88,88,88,88,88,88,88,88,88,88,88,88,88,88,88,88,88,88,88,88,88,88,88,88,88,88,88,88,88,88,88,88,88,88,88,88,88,88,88,88,88,88,88],"card_choices":[{"not_picked":["Dropkick","ReplayTheSpireMod:Corrosion Curse"],"picked":"Sever Soul","floor":5.0},{"not_picked":["Ghostly Armor","ReplayTheSpireMod:Limb From Limb"],"picked":"Cleave","floor":6.0},{"not_picked":["hubris:ReadiedAction","Dark Embrace"],"picked":"Sword Boomerang","floor":8.0},{"not_picked":["Body Slam","Inflame"],"picked":"Thunderclap","floor":9.0},{"not_picked":["Perfected Strike","Impervious"],"picked":"Inflame","floor":10.0},{"not_picked":["hubris:ReadiedAction","Shrug It Off"],"picked":"Thunderclap","floor":17.0},{"not_picked":["Bludgeon","Replay:Undeath\u0027s Touch"],"picked":"Infernal Blade","floor":18.0},{"not_picked":["Rampage","Shrug It Off"],"picked":"Anger","floor":20.0},{"not_picked":["hubris:StunningStrike","Corruption"],"picked":"Demon Form","floor":22.0},{"not_picked":["Metallicize","Pummel"],"picked":"ReplayTheSpireMod:Strike From Hell","floor":24.0},{"not_picked":["Clash","Clothesline","Abandon"],"picked":"SKIP","floor":27.0},{"not_picked":["Armaments","Anger"],"picked":"Run Through","floor":30.0},{"not_picked":["Intimidate","Iron Wave+1","Barricade"],"picked":"SKIP","floor":31.0},{"not_picked":["Combust","Clash","Twin Strike+1"],"picked":"SKIP","floor":35.0},{"not_picked":["ReplayTheSpireMod:Muscle Training","Disarm+1"],"picked":"Cleave","floor":36.0},{"not_picked":["Clash+1","Replay:Undeath\u0027s Touch"],"picked":"hubris:CleavingFinish+1","floor":37.0},{"not_picked":["Eclipse","Demonic Infusion"],"picked":"Berserk","floor":39.0},{"not_picked":["Clothesline+1","Twin Strike+1"],"picked":"Life Link","floor":41.0},{"not_picked":["ReplayReversal+1","Body Slam"],"picked":"Hemokinesis","floor":44.0},{"not_picked":["Pommel Strike+1","Fiend Fire"],"picked":"hubris:ReadiedAction+1","floor":46.0},{"not_picked":["Clothesline+1","Clash+1","True Grit+1"],"picked":"SKIP","floor":48.0},{"not_picked":["Sword Boomerang","Twin Strike+1"],"picked":"hubris:ReadiedAction+1","floor":51.0},{"not_picked":["ReplayTheSpireMod:Strike From Hell+1","Rage+1","Feel No Pain"],"picked":"SKIP","floor":52.0},{"not_picked":["Armaments+1","Perfected Strike+1"],"picked":"Blood for Blood+1","floor":53.0},{"not_picked":["Fiend Fire","Anger","Body Slam+1"],"picked":"SKIP","floor":54.0}],"player_experience":265433,"relics_obtained":[{"floor":13.0,"key":"InkBottle"},{"floor":18.0,"key":"Grinning Jar"},{"floor":32.0,"key":"Paper Frog"},{"floor":34.0,"key":"hubris:TenFootPole"},{"floor":46.0,"key":"Juzu Bracelet"},{"floor":49.0,"key":"hubris:SphereOfDissonance"}],"event_choices":[{"damage_healed":0.0,"max_hp_gain":0.0,"max_hp_loss":0.0,"gold_gain":0.0,"event_name":"Shining Light","player_choice":"Ignored","floor":7.0,"gold_loss":0.0,"damage_taken":0.0},{"cards_removed":["Strike_R"],"damage_healed":0.0,"max_hp_gain":0.0,"max_hp_loss":0.0,"gold_gain":0.0,"event_name":"Purifier","player_choice":"Purged","floor":19.0,"gold_loss":0.0,"damage_taken":0.0},{"damage_healed":0.0,"max_hp_gain":0.0,"max_hp_loss":0.0,"gold_gain":75.0,"event_name":"FaceTrader","player_choice":"Touch","floor":26.0,"gold_loss":0.0,"damage_taken":8.0}],"is_beta":false,"boss_relics":[{"not_picked":["Coffee Dripper","hubris:BlackHole"],"picked":"hubris:VirtuousBlindfold"},{"not_picked":["Empty Cage","Busted Crown"],"picked":"Mark of Pain"}],"items_purged_floors":[25],"is_endless":false,"potions_floor_spawned":[5,9,10,17,20,24,30,31,35,39,44,46,48,52],"killed_by":"Replay:Hell Engine","ascension_level":0}}