{"host":"kntpungskobv1jqb","time":1607697099,"event":{"mods":["BaseMod","Minty Spire (QoL Compilation)","Replay The Spire","StSLib","SuperFastMode"],"gold_per_floor":[116,127,127,143,143,143,176,176,176,54,66,66,80,120,120,111,111,32,32,45,45,45],"floor_reached":21,"playtime":740,"items_purged":[],"score":353,"play_id":"23c3c731-f2ad-4d87-a38c-f9a5940b253d","local_time":"20201211223139","is_ascension_mode":true,"campfire_choices":[{"data":"Cleave","floor":6,"key":"SMITH"},{"floor":8,"key":"REST"},{"data":"Barricade","floor":15,"key":"SMITH"}],"circlet_count":0,"master_deck":["AscendersBane","Strike_R","Strike_R","Strike_R","Strike_R","Strike_R","Defend_R","Defend_R","Defend_R","Defend_R","Bash","Cleave+1","Flex","ReplayTheSpireMod:Limb From Limb","Regret","Barricade+1","ReplayTheSpireMod:Stacked","Injury","Rage","Replay:Undeath\u0027s Touch","Replay:Many Hands","Headbutt","Languid","Twin Strike+1"],"relics":["Burning Blood","StoneCalendar","Garlic","Magic Flower","Replay:Wax Seal","CaptainsWheel","Golden Idol","Nunchaku","Ring of Chaos","Ring of Misfortune","Ring of Panic"],"acts_visited":["Exordium","TheCity"],"potions_floor_usage":[16,16],"damage_taken":[{"damage":2,"enemies":"2 Louse","floor":1,"turns":3},{"damage":4,"enemies":"Jaw Worm","floor":2,"turns":4},{"damage":12,"enemies":"Small Slimes","floor":4,"turns":3},{"damage":43,"enemies":"3 Sentries","floor":7,"turns":7},{"damage":5,"enemies":"Exordium Wildlife","floor":11,"turns":4},{"damage":17,"enemies":"3 Louse","floor":13,"turns":6},{"damage":1,"enemies":"Lagavulin","floor":14,"turns":8},{"damage":26,"enemies":"Fading Forest","floor":16,"turns":11},{"damage":43,"enemies":"Chosen","floor":18,"turns":7},{"damage":4,"enemies":"Shell Parasite","floor":20,"turns":4},{"damage":57,"enemies":"Snake Plant","floor":21,"turns":5}],"seed_played":"880963937067098406","potions_obtained":[{"floor":7,"key":"DuplicationPotion"},{"floor":11,"key":"Strength Potion"},{"floor":18,"key":"Strength Potion"}],"is_trial":false,"path_per_floor":["M","M","?","M","?","R","E","R","T","$","M","?","M","E","R","B",null,"M","?","M","M"],"character_chosen":"IRONCLAD","items_purchased":["Replay:Wax Seal","CaptainsWheel"],"campfire_rested":1,"item_purchase_floors":[10,10],"current_hp_per_floor":[84,86,86,80,80,80,43,69,69,69,73,73,65,73,73,56,80,46,46,51,0,0],"gold":45,"neow_bonus":"TEN_PERCENT_HP_BONUS","is_daily":false,"chose_seed":false,"campfire_upgraded":2,"win_rate":0.0,"timestamp":1607697099,"path_taken":["M","M","?","M","?","R","E","R","T","?","?","?","M","E","R","BOSS","M","?","M","M"],"items_purchased_type":["Relic","Relic"],"build_version":"2020-11-30","purchased_purges":0,"victory":false,"max_hp_per_floor":[88,88,88,88,88,88,88,88,88,88,88,88,88,88,88,88,88,88,88,88,88,88],"card_choices":[{"not_picked":["Twin Strike","Thunderclap"],"picked":"Cleave","floor":1},{"not_picked":["Dual Wield","Body Slam"],"picked":"Flex","floor":2},{"not_picked":["Sentinel","Warcry"],"picked":"ReplayTheSpireMod:Limb From Limb","floor":4},{"not_picked":["Headbutt","True Grit"],"picked":"Barricade","floor":7},{"not_picked":["Thunderclap","Inflame"],"picked":"ReplayTheSpireMod:Stacked","floor":11},{"not_picked":["Pommel Strike","Clothesline"],"picked":"Rage","floor":13},{"not_picked":["Flex","Sword Boomerang"],"picked":"Replay:Undeath\u0027s Touch","floor":14},{"not_picked":["Demonic Infusion","Double Tap"],"picked":"Replay:Many Hands","floor":16},{"not_picked":["Warcry","Thunderclap"],"picked":"Headbutt","floor":18},{"not_picked":["Sentinel","Cleave"],"picked":"Twin Strike+1","floor":20}],"player_experience":445991,"relics_obtained":[{"floor":7,"key":"Garlic"},{"floor":9,"key":"Magic Flower"},{"floor":14,"key":"Nunchaku"},{"floor":19,"key":"Ring of Misfortune"},{"floor":19,"key":"Ring of Panic"}],"event_choices":[{"damage_healed":0,"gold_gain":0,"player_choice":"Leave","damage_taken":0,"max_hp_gain":0,"max_hp_loss":0,"event_name":"The Cleric","floor":3,"gold_loss":0},{"damage_healed":0,"gold_gain":0,"player_choice":"Box","damage_taken":0,"relics_obtained":["StoneCalendar"],"max_hp_gain":0,"max_hp_loss":0,"event_name":"Big Fish","floor":5,"gold_loss":0,"cards_obtained":["Regret"]},{"damage_healed":0,"gold_gain":0,"player_choice":"Take Wound","damage_taken":0,"relics_obtained":["Golden Idol"],"max_hp_gain":0,"max_hp_loss":0,"event_name":"Golden Idol","floor":12,"gold_loss":0,"cards_obtained":["Injury"]}],"is_beta":false,"boss_relics":[{"not_picked":["Runic Dome","Fusion Hammer"],"picked":"Ring of Chaos"}],"items_purged_floors":[],"is_endless":false,"potions_floor_spawned":[7,11,13,18],"killed_by":"Snake Plant","ascension_level":13}}