{"host":"71m6b5pyuze2esq2","time":1607706513,"event":{"mods":["2.2 Compatiblity","AchievementEnabler","Act Like it!","Aspiration","Astrologer","BaseMod","Better Note","Better Sensory Stone","Better Third Choice","CapriCore","Chat Monstrosity","Colored Powertips","Conjunction","Conspire","Defective Defect","Dota2Spire","EXCEPTION","Ekko","Elementarium","Energized Spire","Friendly Minions","Gensokyo","GifTheSpireLib","Googly Eyes","Halation","Hallownest","Hermit","HexUI Lib","HololiveMod","Hubris","Infinite Spire","Ironclad Rager","Jedi Mod","Mad Scientist","Marisa（霧雨　魔理沙）","Melee Mod","Menagerie","Mimic Mod","Minty Spire (QoL Compilation)","MostiFishMod","Permanent Neow","Quarter Circle Forward PUNCH!","Random Character Button","Rare Cards Sparkle","RatMod","Replay The Spire","Robot Space Explorer","Ryuuou龙王","Shade Mod","Shedinja","Shop Mod","Small Relic Pack","Somnambulant","Spicy Shops","Spikes Relics","StSLib","The Animator","The Blackbeard","The Bladedancer","The Blue Laboratory","The Bug Knight","The Construct","The Cursed","The Edgeheg","The Elementalist","The Gatherer","The Hayseed","The Hierophant","The Immortal","The Mystic","The Necromancer","The Poker Player","The Runesmith","The Servant 0.9.4","The Valiant","The Wild Card","TheFirefly","Trackpad","Uncapped","Useless Jewels Mod","Waifu the Spire","Wandering Minibosses","WarShipGirlsR/战舰少女R mod","egg","everything is the same but u backflip on backflip","slay the spire mod where everything is the same but ironclad has a cowboy hat","vexMod","【遗物卡牌】REMEMod"],"gold_per_floor":[111,111,111,36,36,36,36,36,36,36,52,67,78,109,109,210,210,229,229,229,240,42,42,76,76,76,86,101,120,137,157,157,252,252,262,292,292,309,359,372,458,458,491,491,408,441,459,476,476,476,476,476,202,228,228,228],"floor_reached":55,"playtime":6071,"items_purged":["ReplayTheSpireMod:Restless Dread"],"score":907,"play_id":"2f922a55-2015-42c4-94c1-9377a7ae1a39","local_time":"20201211110833","is_ascension_mode":false,"campfire_choices":[{"floor":6.0,"key":"RECALL"},{"data":"Neutralize","floor":8.0,"key":"SMITH"},{"data":"WindmillStrike","floor":10.0,"key":"SMITH"},{"floor":15,"key":"DIG"},{"data":"MostiFishMod:Neurotoxin","floor":23,"key":"SMITH"},{"data":"jedi:poisonivy","floor":25,"key":"SMITH"},{"floor":32,"key":"REST"},{"floor":42,"key":"REST"},{"data":"Infinite Blades","floor":42,"key":"SMITH"},{"floor":49,"key":"REST"},{"data":"Riddle With Holes","floor":49,"key":"SMITH"},{"data":"Crippling Poison","floor":52,"key":"SMITH"}],"circlet_count":0,"master_deck":["Strike_G","Strike_G","Strike_G","Strike_G","Defend_G","Defend_G","Defend_G+2","Defend_G","Defend_G+1","Survivor","WindmillStrike+1","Caltrops","vexMod:EmailVexCard","Cloak And Dagger","MostiFishMod:Neurotoxin+1","Flying Knee","jedi:poisonivy+1","rat:SilverCoating","Dagger Throw","Replay:Bag of Tricks","Tactician+1","hubris:DuctTapeCard","CutThroughFate","Acrobatics","Parasite","Leap","rat:FanOfKnives","Flex","Prepared","Infinite Blades+1","Riddle With Holes+1","MostiFishMod:Volcan","rat:FanOfKnives","Outmaneuver+1","Crippling Poison+1","rat:Shadowstep","Cloak And Dagger","conspire:NecroticWound","Dagger Throw+1","MostiFishMod:PoisonShield+1","Accuracy+1","Replay:Poison Smokescreen","Pride","rat:FanOfKnives","Backflip+1","Dodge and Roll","Poisoned Stab","Poisoned Stab","Slice"],"relics":["DaveBox","REME_ComplimentaryCards","Membership Card","ChiXiaoBlade","Question Card","halation:PinkSoulGem","Blue Doll","Dota2Spire:EchoSabre","halation:AfternoonTea","ImportantClient","Cursed Key","qcfpunch:School_Backpack","Quantum Egg","hubris:DuctTape","Simple Rune","Letter Opener","Sandwich","REME_HourglassOfDeath","Hallownest:DreamNailRelic","infinitespire:Magic Flask","DianPoetry","trackpad:PocketGalaxy","Dota2Spire:HeartOfTarrasque","LugNut","SpikesRelics:DaevaFist","infinitespire:WardingShard","Bag of Preparation"],"acts_visited":["TheCity","TheBeyond","TheEnding"],"potions_floor_usage":[14,30,40,50,50,50,55],"damage_taken":[{"damage":0.0,"enemies":"Hallownest:2_MossCreeps","floor":1.0,"turns":7.0},{"damage":0.0,"enemies":"Hallownest:2_Tiktiks_and_1_Crawlid","floor":11.0,"turns":5.0},{"damage":1,"enemies":"Hallownest:2_Baldur","floor":12,"turns":3},{"damage":12,"enemies":"Hallownest:1_Ooma_and_2_Uuma","floor":13,"turns":7},{"damage":0,"enemies":"Hallownest:monsterFoolEater","floor":14,"turns":4},{"damage":32,"enemies":"Hallownest:BossBrokenVessel","floor":16,"turns":9},{"damage":0,"enemies":"conspire:FuzzyDice","floor":18,"turns":5},{"damage":5,"enemies":"Spheric Guardian","floor":21,"turns":3},{"damage":0,"enemies":"conspire:Head Lice","floor":24,"turns":4},{"damage":5,"enemies":"conspire:HollyBat","floor":27,"turns":4},{"damage":14,"enemies":"Centurion and Healer","floor":28,"turns":4},{"damage":10,"enemies":"Sentry and Sphere","floor":29,"turns":3},{"damage":11,"enemies":"Snake Plant","floor":30,"turns":4},{"damage":9,"enemies":"Centurion and Healer","floor":31,"turns":3},{"damage":20,"enemies":"hubris:MusketHawk","floor":33,"turns":5},{"damage":8,"enemies":"3 Shapes","floor":35,"turns":3},{"damage":0,"enemies":"conspire:MimicChest","floor":36,"turns":3},{"damage":10,"enemies":"Orb Walker","floor":38,"turns":4},{"damage":6,"enemies":"Mind Bloom Boss Battle","floor":39,"turns":3},{"damage":10,"enemies":"Spire Growth","floor":40,"turns":2},{"damage":2,"enemies":"Sphere and 2 Shapes","floor":43,"turns":5},{"damage":9,"enemies":"Giant Head","floor":46,"turns":3},{"damage":12,"enemies":"Sphere and 2 Shapes","floor":47,"turns":2},{"damage":12,"enemies":"Writhing Mass","floor":48,"turns":3},{"damage":4,"enemies":"Donu and Deca","floor":50,"turns":4},{"damage":0,"enemies":"Shield and Spear","floor":54,"turns":1},{"damage":80,"enemies":"The Heart","floor":55,"turns":3}],"seed_played":"2652387161846865450","potions_obtained":[{"floor":1.0,"key":"blueLaboratory:PyrophylliteBrew"},{"floor":13,"key":"blueLaboratory:FruitPunch"},{"floor":18,"key":"blueLaboratory:ArtistsPotion"},{"floor":28,"key":"blueLaboratory:NinjaPotion"},{"floor":30,"key":"FearPotion"},{"floor":47,"key":"blueLaboratory:ArtistsPotion"},{"floor":48,"key":"PowerPotion"},{"floor":54,"key":"Explosive Potion"}],"is_trial":false,"path_per_floor":["M","?","?","$","?","R","?","R","T","R","M","M","M","MIM","R","B",null,"M","?","AVR","M","$","R","E","R","T","M","M","M","M","M","R","B",null,"M","?","?","M","?","M","?","R","MIM","?","$","E","M","M","R","B",null,"R","$","E","B"],"character_chosen":"THE_SILENT","items_purchased":["Blue Doll","Quantum Egg","hubris:DuctTape","trackpad:PocketGalaxy","LugNut","SpikesRelics:DaevaFist","infinitespire:WardingShard","Poisoned Stab"],"campfire_rested":3,"item_purchase_floors":[4,22,22,45,53,53,53,53],"current_hp_per_floor":[70,70,70,70,70,70,70,70,70,70,70,69,57,59,59,27,72,72,72,72,67,67,67,67,67,67,62,48,38,27,18,39,34,72,64,64,64,54,48,38,38,59,71,71,71,70,58,46,70,76,80,80,80,80,0,0],"gold":228,"neow_bonus":"BOSS_RELIC","is_daily":false,"chose_seed":false,"campfire_upgraded":7,"win_rate":0.0,"timestamp":1607706513,"path_taken":["M","?","?","$","?","R","?","R","T","R","?","M","M","?","R","BOSS","M","?","AVR","M","$","R","E","R","T","?","M","?","M","M","R","BOSS","M","?","?","?","?","M","?","R","MIM","?","$","E","?","M","R","BOSS","R","$","E","BOSS"],"items_purchased_type":["Relic","Relic","Relic","Relic","Relic","Relic","Relic","Card"],"build_version":"2020-11-30","purchased_purges":1,"victory":false,"max_hp_per_floor":[70,70,70,70,70,70,70,70,70,70,70,70,70,72,72,72,72,72,72,72,72,72,72,72,72,72,72,72,72,72,72,72,72,72,72,72,72,72,72,72,72,72,72,72,72,80,80,80,80,80,80,80,80,80,80,80],"card_choices":[{"not_picked":["rat:Garrote","Blur"],"picked":"Caltrops","floor":1.0},{"not_picked":["Purity","theEdgeheg:OkSo8","Mind Blast"],"picked":"vexMod:EmailVexCard","floor":3.0},{"not_picked":["Hidden Blade","Outmaneuver","Sucker Punch"],"picked":"Cloak And Dagger","floor":11.0},{"not_picked":["Dagger Throw","Blade Dance","rat:Shadowstep"],"picked":"MostiFishMod:Neurotoxin","floor":12},{"not_picked":["rat:DextrousStrike","Poisoned Stab","Blade Dance"],"picked":"Flying Knee","floor":13},{"not_picked":["Flying Knee","Finisher","ShadowRift"],"picked":"jedi:poisonivy","floor":14},{"not_picked":["REME_CopyPotion","MostiFishMod:ShivMaster","MostiFishMod:VineMother"],"picked":"rat:SilverCoating","floor":16},{"not_picked":["Finisher+1","Predator+1","MostiFishMod:FrostNova"],"picked":"Dagger Throw","floor":18},{"not_picked":["Storm","jedi:hex","DiskWipe+1"],"picked":"FTL+1","floor":21},{"not_picked":["Acrobatics+1","rat:EchoingStrikes","Blade Dance"],"picked":"Tactician+1","floor":21},{"not_picked":["BowlingBash","MostiFishMod:Adaptation","Halt"],"picked":"CutThroughFate","floor":24},{"not_picked":["Dagger Throw","MostiFishMod:ShivMaster","MostiFishMod:FrostNova"],"picked":"Acrobatics","floor":24},{"not_picked":["MostiFishMod:ReprogramOld","jedi:BurstFrost","MostiFishMod:IceShield"],"picked":"Leap","floor":27},{"not_picked":["Underhanded Strike","Dagger Spray","rat:Garrote"],"picked":"rat:FanOfKnives","floor":27},{"not_picked":["Thunderclap","Combust","infinitespire:OneForAll"],"picked":"Flex","floor":28},{"not_picked":["Expertise","Skewer","rat:DextrousStrike"],"picked":"Prepared","floor":28},{"not_picked":["jedi:pocketpoison","Backflip+1","Dagger Throw"],"picked":"Infinite Blades","floor":29},{"not_picked":["EmptyFist+1","FollowUp","Replay:AllIn","Prostrate"],"picked":"SKIP","floor":29},{"not_picked":["ShadowRift","Sucker Punch","Bane+1"],"picked":"Riddle With Holes","floor":30},{"not_picked":["Deadly Poison","Bouncing Flask","MostiFishMod:InvigoratingSolution","rat:EchoingStrikes"],"picked":"SKIP","floor":31},{"not_picked":["Night Terror","ReplayTheSpireMod:From All Sides","MostiFishMod:ShivMaster"],"picked":"MostiFishMod:Volcan","floor":33},{"not_picked":["Calculated Gamble+1","Dodge and Roll+1","MostiFishMod:PerfectParry+1"],"picked":"rat:FanOfKnives","floor":35},{"not_picked":["Backflip","conspire:DoublingDagger","ReplayTheSpireMod:The Works"],"picked":"Outmaneuver+1","floor":36},{"not_picked":["rat:VenomousWounds","InfectiousVector+1","Tactician+1"],"picked":"Crippling Poison","floor":38},{"not_picked":["rat:RuptureArtery","ReplayTheSpireMod:Exploit Weakness","Flying Knee"],"picked":"rat:Shadowstep","floor":39},{"not_picked":["Eviscerate","MostiFishMod:PerfectParry+1","Escape Plan"],"picked":"Cloak And Dagger","floor":40},{"not_picked":["jedi:collectorvenom+1","REME_ShadowStrike+1","Terror"],"picked":"Dagger Throw+1","floor":41},{"not_picked":["rat:DextrousStrike","Slice","Endless Agony"],"picked":"MostiFishMod:PoisonShield+1","floor":41},{"not_picked":["Dash+1","Blur","ReplayTheSpireMod:Shiv Toss"],"picked":"Accuracy+1","floor":41},{"not_picked":["jedi:pocketpoison+1","Dodge and Roll","Bouncing Flask+1"],"picked":"Replay:Poison Smokescreen","floor":43},{"not_picked":["Backstab","rat:RuptureArtery+1","Flying Knee+1"],"picked":"rat:FanOfKnives","floor":46},{"not_picked":["All Out Attack+1","jedi:unstablefumes+1","REME_GreenPollution"],"picked":"Backflip+1","floor":47},{"not_picked":["Deflect","rat:Disembowel","rat:Garrote+1"],"picked":"Dodge and Roll","floor":48},{"not_picked":["Calculated Gamble+1","Hidden Blade","Grand Finale"],"picked":"Slice","floor":54}],"player_experience":476627,"relics_obtained":[{"floor":1.0,"key":"Question Card"},{"floor":14,"key":"Dota2Spire:EchoSabre"},{"floor":15,"key":"halation:AfternoonTea"},{"floor":16,"key":"ImportantClient"},{"floor":24,"key":"Simple Rune"},{"floor":26,"key":"Letter Opener"},{"floor":36,"key":"REME_HourglassOfDeath"},{"floor":39,"key":"infinitespire:Magic Flask"},{"floor":43,"key":"DianPoetry"},{"floor":46,"key":"Dota2Spire:HeartOfTarrasque"},{"floor":54,"key":"Bag of Preparation"}],"event_choices":[{"damage_healed":0.0,"max_hp_gain":0.0,"max_hp_loss":0.0,"gold_gain":1.0,"event_name":"betterStone:BetterStone","player_choice":"1","floor":3.0,"gold_loss":0.0,"damage_taken":0.0},{"damage_healed":0,"gold_gain":0,"cards_transformed":["Strike_G"],"player_choice":"Transformed","damage_taken":0,"max_hp_gain":0,"max_hp_loss":0,"event_name":"Transmorgrifier","floor":19,"gold_loss":0,"cards_obtained":["Replay:Bag of Tricks"]},{"damage_healed":0,"gold_gain":0,"player_choice":"Fight","damage_taken":0,"max_hp_gain":0,"max_hp_loss":0,"event_name":"MindBloom","floor":39,"gold_loss":0}],"is_beta":false,"boss_relics":[{"not_picked":["relicPack:KazumaCape","TakeMeEscape"],"picked":"Cursed Key"},{"not_picked":["GuanYuAspect","Replay:Drink Me"],"picked":"Sandwich"}],"items_purged_floors":[45],"is_endless":false,"potions_floor_spawned":[1,13,18,28,30,33,35,36,47,48,54],"killed_by":"The Heart","ascension_level":0}}