{"host":"21mhjgzknki7xfa8","time":1607682034,"event":{"mods":["BaseMod","Minty Spire (QoL Compilation)","StSLib","The Servant 0.9.4","WarShipGirlsR/’ΩΩ¢…Ÿ≈ÆR mod"],"gold_per_floor":[114,133,151,169,169,169,169,169,169,187,187,207,220,231,231,333,333,353,367,25,43,59,59,22,22,22,40,68,80,80,95,95,193,193,213,213,223,223,223,223,233,233,259,309,334,350,350,368,368,368],"floor_reached":51,"playtime":2406,"items_purged":["Fiend Fire"],"score":715,"play_id":"27529580-29e5-443a-a244-f63772986f69","local_time":"20201211182034","daily_mods":["SealedDeck","Heirloom","Flight","Elite Swarm"],"is_ascension_mode":false,"campfire_choices":[{"data":"Body Slam","floor":6,"key":"SMITH"},{"data":"Body Slam","floor":7,"key":"SMITH"},{"data":"Shrug It Off","floor":8,"key":"SMITH"},{"data":"Inflame","floor":11,"key":"SMITH"},{"data":"Brutality","floor":15,"key":"SMITH"},{"data":"Demon Form","floor":23,"key":"SMITH"},{"floor":25,"key":"REST"},{"data":"Flame Barrier","floor":30,"key":"SMITH"},{"floor":32,"key":"REST"},{"floor":40,"key":"REST"},{"floor":47,"key":"REST"},{"floor":49,"key":"REST"}],"circlet_count":0,"master_deck":["Anger","Headbutt","Pommel Strike","Headbutt","Warcry","Body Slam+1","Pommel Strike","Shrug It Off+1","Warcry+1","Body Slam+1","Flame Barrier+1","Pommel Strike","Inflame+1","Armaments+1","Brutality+1","Armaments+1","Demon Form+1","Anger","Flame Barrier+1","Carnage","Double Tap+1","Seeing Red+1","Corruption","Shrug It Off+1","Parasite","Intimidate+1","Body Slam"],"relics":["Burning Blood","Torii","Toxic Egg 2","SlaversCollar","Meat on the Bone","Happy Flower","Pear","Philosopher\u0027s Stone","Red Skull","FossilizedHelix","Boot"],"acts_visited":["Exordium","TheCity","TheBeyond"],"potions_floor_usage":[21,44,50,50,50],"damage_taken":[{"damage":1,"enemies":"2 Louse","floor":1,"turns":2},{"damage":6,"enemies":"Cultist","floor":2,"turns":3},{"damage":0,"enemies":"Jaw Worm","floor":3,"turns":3},{"damage":2,"enemies":"Red Slaver","floor":4,"turns":5},{"damage":0,"enemies":"Looter","floor":10,"turns":3},{"damage":12,"enemies":"Blue Slaver","floor":12,"turns":2},{"damage":1,"enemies":"Exordium Wildlife","floor":13,"turns":3},{"damage":11,"enemies":"Looter","floor":14,"turns":3},{"damage":3,"enemies":"Slime Boss","floor":16,"turns":4},{"damage":34,"enemies":"3 Byrds","floor":18,"turns":5},{"damage":23,"enemies":"2 Thieves","floor":19,"turns":3},{"damage":16,"enemies":"Centurion and Healer","floor":21,"turns":6},{"damage":10,"enemies":"Snecko","floor":22,"turns":6},{"damage":6,"enemies":"3 Cultists","floor":27,"turns":5},{"damage":36,"enemies":"Slavers","floor":28,"turns":5},{"damage":24,"enemies":"Cultist and Chosen","floor":29,"turns":6},{"damage":20,"enemies":"Snecko","floor":31,"turns":6},{"damage":25,"enemies":"Automaton","floor":33,"turns":5},{"damage":20,"enemies":"3 Shapes","floor":35,"turns":4},{"damage":48,"enemies":"3 Darklings","floor":37,"turns":4},{"damage":33,"enemies":"Writhing Mass","floor":41,"turns":5},{"damage":8,"enemies":"Mind Bloom Boss Battle","floor":44,"turns":5},{"damage":0,"enemies":"4 Shapes","floor":46,"turns":7},{"damage":56,"enemies":"Sphere and 2 Shapes","floor":48,"turns":8},{"damage":51,"enemies":"Donu and Deca","floor":50,"turns":7}],"seed_played":"8819598336803479332","potions_obtained":[{"floor":2,"key":"SkillPotion"},{"floor":4,"key":"Dexterity Potion"},{"floor":10,"key":"SteroidPotion"},{"floor":19,"key":"Fire Potion"},{"floor":28,"key":"DuplicationPotion"},{"floor":31,"key":"ColorlessPotion"},{"floor":48,"key":"DistilledChaos"}],"is_trial":true,"path_per_floor":["M","M","M","M","?","R","R","R","T","M","R","M","M","M","R","B",null,"M","M","$","M","M","R","$","R","T","M","E","M","R","M","R","B",null,"M","$","M","$","?","R","M","$","T","?","T","M","R","M","R","B",null],"character_chosen":"IRONCLAD","items_purchased":["Meat on the Bone","Anger","Carnage"],"campfire_rested":5,"item_purchase_floors":[20,20,24],"current_hp_per_floor":[80,80,80,80,80,80,80,80,80,80,80,74,79,74,74,77,80,52,35,35,37,45,45,45,69,69,69,61,55,55,53,80,61,90,76,76,46,46,46,73,58,58,58,56,56,62,89,51,78,45],"gold":368,"neow_bonus":"","is_daily":false,"chose_seed":false,"campfire_upgraded":7,"win_rate":0.0,"timestamp":1607682034,"path_taken":["M","M","M","M","?","R","R","R","T","M","R","M","?","M","R","BOSS","M","M","$","M","?","R","$","R","T","M","E","M","R","M","R","BOSS","M","$","M","$","?","R","M","?","T","?","?","M","R","M","R","BOSS"],"items_purchased_type":["Relic","Card","Card"],"build_version":"2020-11-30","purchased_purges":1,"victory":true,"max_hp_per_floor":[80,80,80,80,80,80,80,80,80,80,80,80,80,80,80,80,80,80,80,80,80,80,80,80,80,80,80,90,90,90,90,90,90,90,90,90,90,90,90,90,90,90,90,90,90,90,90,90,90,90],"card_choices":[{"not_picked":["Wild Strike","Havoc","Clothesline"],"picked":"SKIP","floor":1},{"not_picked":["Disarm","Bloodletting"],"picked":"Flame Barrier","floor":2},{"not_picked":["Thunderclap","Havoc"],"picked":"Pommel Strike","floor":3},{"not_picked":["Headbutt","Anger"],"picked":"Fiend Fire","floor":4},{"not_picked":["True Grit+1","Perfected Strike"],"picked":"Inflame","floor":10},{"not_picked":["True Grit+1","Headbutt"],"picked":"Armaments+1","floor":12},{"not_picked":["Clothesline","Thunderclap"],"picked":"Brutality","floor":13},{"not_picked":["Rampage","Havoc+1"],"picked":"Armaments+1","floor":14},{"not_picked":["Corruption","Exhume+1"],"picked":"Demon Form","floor":16},{"not_picked":["Flex+1","True Grit+1","Sword Boomerang"],"picked":"SKIP","floor":18},{"not_picked":["Iron Wave","Clothesline","Spot Weakness+1"],"picked":"SKIP","floor":19},{"not_picked":["Heavy Blade+1","Pummel","Headbutt+1"],"picked":"SKIP","floor":21},{"not_picked":["Seeing Red+1","Reckless Charge"],"picked":"Flame Barrier+1","floor":22},{"not_picked":["Cleave","Dual Wield+1","Clash"],"picked":"SKIP","floor":27},{"not_picked":["Corruption","Offering+1"],"picked":"Double Tap+1","floor":28},{"not_picked":["Perfected Strike","Pommel Strike"],"picked":"Seeing Red+1","floor":29},{"not_picked":["Carnage","Searing Blow","Clash"],"picked":"SKIP","floor":31},{"not_picked":["Brutality","Feed"],"picked":"Corruption","floor":33},{"not_picked":["Flex+1","Heavy Blade+1"],"picked":"Shrug It Off+1","floor":35},{"not_picked":["Wild Strike+1","Cleave","Immolate"],"picked":"SKIP","floor":37},{"not_picked":["Carnage","Cleave","Headbutt+1"],"picked":"SKIP","floor":41},{"not_picked":["Warcry+1","Combust"],"picked":"Intimidate+1","floor":44},{"not_picked":["Disarm+1","True Grit+1"],"picked":"Body Slam","floor":46},{"not_picked":["Twin Strike","Clothesline","Heavy Blade"],"picked":"SKIP","floor":48}],"player_experience":64934,"relics_obtained":[{"floor":9,"key":"Toxic Egg 2"},{"floor":26,"key":"Happy Flower"},{"floor":28,"key":"Pear"},{"floor":43,"key":"Red Skull"},{"floor":44,"key":"FossilizedHelix"},{"floor":45,"key":"Boot"}],"event_choices":[{"damage_healed":0,"gold_gain":0,"player_choice":"Ignored","damage_taken":0,"max_hp_gain":0,"max_hp_loss":0,"event_name":"NoteForYourself","floor":5,"gold_loss":0},{"damage_healed":0,"gold_gain":0,"player_choice":"Forge","damage_taken":0,"max_hp_gain":0,"max_hp_loss":0,"event_name":"Accursed Blacksmith","floor":39,"gold_loss":0,"cards_upgraded":["Warcry"]},{"damage_healed":0,"gold_gain":0,"player_choice":"Fight","damage_taken":0,"max_hp_gain":0,"max_hp_loss":0,"event_name":"MindBloom","floor":44,"gold_loss":0}],"is_beta":false,"boss_relics":[{"not_picked":["Black Star","Black Blood"],"picked":"SlaversCollar"},{"not_picked":["Calling Bell","Sozu"],"picked":"Philosopher\u0027s Stone"}],"items_purged_floors":[20],"is_endless":false,"potions_floor_spawned":[2,4,10,16,19,28,31,35,37,48],"ascension_level":0}}