{"host":"8a3g9edf69u3epoz","time":1607698782,"event":{"mods":["BaseMod","Minty Spire (QoL Compilation)","MostiFishMod","Relic Stats","Remilia_Scarlet Moed（蕾米莉亚・斯卡雷特）3.3.5","Spicy Shops","StSLib","WarShipGirlsR/战舰少女R mod"],"gold_per_floor":[112,112,125,125,125,157,175,192,192,192,192,162,162,195,195,295,295,312,195,215,228,238,238,271,288,288,320,340,360,360,148,148,246,246,261,272,272,272,272],"floor_reached":38,"playtime":2207,"items_purged":["Shame"],"score":651,"play_id":"5ea05aba-b6e6-4d47-96a0-a77013f0f591","local_time":"20201211225942","is_ascension_mode":false,"campfire_choices":[{"data":"RemiliaMod:CNLCSZL","floor":10,"key":"SMITH"},{"floor":13,"key":"RECALL"},{"data":"RemiliaMod:CPFWZL","floor":15,"key":"SMITH"},{"data":"RemiliaMod:CJNWYXD3","floor":23,"key":"SMITH"},{"data":"RemiliaMod:CMODSq","floor":32,"key":"SMITH"}],"circlet_count":0,"master_deck":["RemiliaMod:Scratch","RemiliaMod:Scratch","RemiliaMod:Scratch","RemiliaMod:Defend","RemiliaMod:Defend","RemiliaMod:Defend","RemiliaMod:Defend","RemiliaMod:CNLCSZL+1","RemiliaMod:CAattack","RemiliaMod:CPFWZL+1","RemiliaMod:CD6B","RemiliaMod:CYYRS","RemiliaMod:CJNWYXD3+1","RemiliaMod:CXXSJ","RemiliaMod:CJNWYXD","RemiliaMod:CJNWYXD","RemiliaMod:CPXRNL","RemiliaMod:CMODSq+1","RemiliaMod:CFHGJ+1","RemiliaMod:CNLCSZL+1","RemiliaMod:CPXsg","RemiliaMod:CMADBY"],"relics":["RemiliaMod:RXiangDui","RemiliaMod:RFkXt","RemiliaMod:RWYXT","Juzu Bracelet","DaveBox","Membership Card","Question Card","CombinedTypeHook","Ornamental Fan","Bronze Scales","ImportantClient","RhineCircuit","Pantograph","RemiliaMod:RLLDDJ","Boot","Blue Candle","Toy Ornithopter","DollysMirror","Calipers","DiscerningMonocle","Lantern","Oddly Smooth Stone","Orrery","MealTicket","PreservedInsect","Frozen Eye"],"acts_visited":["Exordium","TheCity","TheBeyond"],"potions_floor_usage":[38],"damage_taken":[{"damage":12,"enemies":"2 Louse","floor":1,"turns":2},{"damage":0,"enemies":"Small Slimes","floor":3,"turns":3},{"damage":0,"enemies":"Gremlin Nob","floor":6,"turns":3},{"damage":0,"enemies":"Cultist","floor":7,"turns":3},{"damage":9,"enemies":"Blue Slaver","floor":8,"turns":3},{"damage":0,"enemies":"Lagavulin","floor":14,"turns":4},{"damage":0,"enemies":"Slime Boss","floor":16,"turns":3},{"damage":22,"enemies":"2 Thieves","floor":18,"turns":3},{"damage":0,"enemies":"Spheric Guardian","floor":20,"turns":3},{"damage":4,"enemies":"Centurion and Healer","floor":21,"turns":4},{"damage":13,"enemies":"Snake Plant","floor":22,"turns":3},{"damage":1,"enemies":"Gremlin Leader","floor":24,"turns":4},{"damage":9,"enemies":"Shelled Parasite and Fungi","floor":25,"turns":2},{"damage":12,"enemies":"Book of Stabbing","floor":27,"turns":4},{"damage":0,"enemies":"Cultist and Chosen","floor":28,"turns":3},{"damage":24,"enemies":"Snake Plant","floor":29,"turns":2},{"damage":0,"enemies":"Automaton","floor":33,"turns":4},{"damage":50,"enemies":"3 Shapes","floor":35,"turns":4},{"damage":17,"enemies":"Orb Walker","floor":36,"turns":3},{"damage":36,"enemies":"2 Orb Walkers","floor":38,"turns":2}],"seed_played":"-4503788309815590730","potions_obtained":[{"floor":7,"key":"AttackPotion"},{"floor":12,"key":"Block Potion"},{"floor":12,"key":"LiquidMemories"},{"floor":29,"key":"FairyPotion"}],"is_trial":false,"path_per_floor":["M","?","M","?","?","E","M","M","T","R","?","?","R","E","R","B",null,"M","$","M","M","M","R","E","M","T","E","M","M","?","$","R","B",null,"M","M","$","?"],"character_chosen":"Remilia_Scarlet_Modee","items_purchased":["RemiliaMod:CJNWYXD","Pantograph","Toy Ornithopter","DollysMirror","Calipers","Lantern","Oddly Smooth Stone","Orrery","MealTicket","PreservedInsect","Frozen Eye"],"campfire_rested":0,"item_purchase_floors":[19,19,31,31,31,37,37,37,37,37,37],"current_hp_per_floor":[71,68,81,81,81,82,82,74,74,74,74,74,74,82,82,82,82,62,62,79,82,72,72,82,77,77,77,82,61,61,61,61,82,82,47,35,35,19,19],"gold":272,"neow_bonus":"TEN_PERCENT_HP_BONUS","is_daily":false,"chose_seed":false,"campfire_upgraded":4,"win_rate":0.0,"timestamp":1607698782,"path_taken":["M","?","M","?","?","E","M","M","T","R","?","?","R","E","R","BOSS","M","$","M","M","M","R","E","M","T","E","M","M","?","$","R","BOSS","M","M","$","?"],"items_purchased_type":["Card","Relic","Relic","Relic","Relic","Relic","Relic","Relic","Relic","Relic","Relic"],"build_version":"2020-11-30","purchased_purges":1,"victory":false,"max_hp_per_floor":[82,82,82,82,82,82,82,82,82,82,82,82,82,82,82,82,82,82,82,82,82,82,82,82,82,82,82,82,82,82,82,82,82,82,82,82,82,82,82],"relic_stats":{"counters":[20,54],"Ornamental Fan":[184],"Bronze Scales":[115],"Pantograph":21,"Blue Candle":[0],"MealTicket":0,"PreservedInsect":0,"Juzu Bracelet":2,"Question Card":23,"Boot":[1],"obtain_stats":[{"CombinedTypeHook":2,"Lantern":37,"RemiliaMod:RLLDDJ":24,"Calipers":31,"DaveBox":0,"DiscerningMonocle":34,"Juzu Bracelet":0,"Boot":26,"Frozen Eye":37,"DollysMirror":31,"RemiliaMod:RWYXT":0,"Pantograph":19,"MealTicket":37,"ImportantClient":16,"Blue Candle":27,"Oddly Smooth Stone":37,"RemiliaMod:RFkXt":0,"PreservedInsect":37,"RemiliaMod:RXiangDui":0,"Question Card":1,"RhineCircuit":17,"Ornamental Fan":6,"Bronze Scales":14,"Orrery":37,"Membership Card":0,"Toy Ornithopter":31},{"CombinedTypeHook":1,"Lantern":19,"RemiliaMod:RLLDDJ":12,"Calipers":16,"DaveBox":0,"DiscerningMonocle":17,"Juzu Bracelet":0,"Boot":13,"Frozen Eye":19,"DollysMirror":16,"RemiliaMod:RWYXT":0,"Pantograph":8,"MealTicket":19,"ImportantClient":7,"Blue Candle":14,"Oddly Smooth Stone":19,"RemiliaMod:RFkXt":0,"PreservedInsect":19,"RemiliaMod:RXiangDui":0,"Question Card":1,"RhineCircuit":7,"Ornamental Fan":3,"Bronze Scales":6,"Orrery":19,"Membership Card":0,"Toy Ornithopter":16},{"CombinedTypeHook":2,"Lantern":53,"RemiliaMod:RLLDDJ":34,"Calipers":43,"DaveBox":0,"DiscerningMonocle":47,"Juzu Bracelet":0,"Boot":36,"Frozen Eye":53,"DollysMirror":43,"RemiliaMod:RWYXT":0,"Pantograph":22,"MealTicket":53,"ImportantClient":20,"Blue Candle":39,"Oddly Smooth Stone":53,"RemiliaMod:RFkXt":0,"PreservedInsect":53,"RemiliaMod:RXiangDui":0,"Question Card":2,"RhineCircuit":20,"Ornamental Fan":8,"Bronze Scales":17,"Orrery":53,"Membership Card":0,"Toy Ornithopter":43}],"Toy Ornithopter":5},"card_choices":[{"not_picked":["RemiliaMod:CFPLL","RemiliaMod:CJNGSYD","RemiliaMod:CJNLLFZ"],"picked":"SKIP","floor":1},{"not_picked":["RemiliaMod:CDB","RemiliaMod:CJNLLFZ","RemiliaMod:CD6B"],"picked":"RemiliaMod:CPFWZL","floor":3},{"not_picked":["RemiliaMod:CJNGSYD","RemiliaMod:CJNSJDF","RemiliaMod:CXXSJ"],"picked":"RemiliaMod:CD6B","floor":6},{"not_picked":["RemiliaMod:CFPLL","RemiliaMod:CPFWZL","RemiliaMod:CFPDMJ"],"picked":"RemiliaMod:CYYRS","floor":7},{"not_picked":["RemiliaMod:CJNGSYD","RemiliaMod:CMABianfuzhen","RemiliaMod:CJNLLFZ","RemiliaMod:CPFPDLL"],"picked":"SKIP","floor":8},{"not_picked":["RemiliaMod:CPFPDLL","RemiliaMod:CJNLLFZ","RemiliaMod:CJDB","RemiliaMod:CJNGSYD"],"picked":"SKIP","floor":14},{"not_picked":["RemiliaMod:CFx","RemiliaMod:CFHFY","RemiliaMod:CFTAttack"],"picked":"RemiliaMod:CJNWYXD3","floor":16},{"not_picked":["RemiliaMod:CFPLL","RemiliaMod:CFxAttack","RemiliaMod:CJNMJFZ"],"picked":"RemiliaMod:CXXSJ","floor":18},{"not_picked":["RemiliaMod:CMPA","RemiliaMod:CFPLL+1","RemiliaMod:CJNLLFZ"],"picked":"RemiliaMod:CJNWYXD","floor":20},{"not_picked":["RemiliaMod:CSlAttack","RemiliaMod:CD6B+1","RemiliaMod:CFPMJ","RemiliaMod:CMABianfuzhen"],"picked":"SKIP","floor":21},{"not_picked":["RemiliaMod:CFPMJ","RemiliaMod:CJNYSFZ+1","RemiliaMod:CPJHZZ"],"picked":"RemiliaMod:CPXRNL","floor":22},{"not_picked":["RemiliaMod:CJNGSYD+1","RemiliaMod:CD6B","RemiliaMod:CJNLLFZ","RemiliaMod:CPFWZL"],"picked":"SKIP","floor":24},{"not_picked":["RemiliaMod:CFPLL","RemiliaMod:CFxAttack","RemiliaMod:CJNXRFZ+1"],"picked":"RemiliaMod:CMODSq","floor":25},{"not_picked":["RemiliaMod:CFPMJ","RemiliaMod:CJNWYXD","RemiliaMod:CDB+1","RemiliaMod:CD6B"],"picked":"SKIP","floor":27},{"not_picked":["RemiliaMod:CDB","RemiliaMod:CZXSJ","RemiliaMod:CD6B+1"],"picked":"RemiliaMod:CFHGJ+1","floor":28},{"not_picked":["RemiliaMod:CJNSJDF+1","RemiliaMod:CJNYSFZ","RemiliaMod:CPXRNL","RemiliaMod:CJDB"],"picked":"SKIP","floor":29},{"not_picked":["RemiliaMod:CJNCJFJ","RemiliaMod:CDXSJ","RemiliaMod:CGJM"],"picked":"RemiliaMod:CPXsg","floor":33},{"not_picked":["RemiliaMod:CFPMJ+1","RemiliaMod:CPFWZL","RemiliaMod:CFxAttack","RemiliaMod:CMADc"],"picked":"SKIP","floor":35},{"not_picked":["RemiliaMod:CPJHZZ","RemiliaMod:CDB+1","RemiliaMod:CPXRNL+1","RemiliaMod:CMABianfuzhen"],"picked":"SKIP","floor":36},{"not_picked":["RemiliaMod:CJNXRFZ+1","RemiliaMod:CFHGJ","RemiliaMod:CMPC"],"picked":"RemiliaMod:CMPA+1","floor":37},{"not_picked":["RemiliaMod:CJNSJDF","RemiliaMod:CPJHZZ","RemiliaMod:CPFWZL+1"],"picked":"RemiliaMod:CMADBY","floor":37}],"player_experience":187524,"relics_obtained":[{"floor":1,"key":"Question Card"},{"floor":6,"key":"Ornamental Fan"},{"floor":14,"key":"Bronze Scales"},{"floor":16,"key":"ImportantClient"},{"floor":24,"key":"RemiliaMod:RLLDDJ"},{"floor":26,"key":"Boot"},{"floor":27,"key":"Blue Candle"}],"event_choices":[{"damage_healed":0,"gold_gain":0,"player_choice":"Success","damage_taken":3,"relics_obtained":["CombinedTypeHook"],"max_hp_gain":0,"max_hp_loss":0,"event_name":"Scrap Ooze","floor":2,"gold_loss":0},{"cards_removed":["RemiliaMod:Scratch"],"damage_healed":0,"gold_gain":0,"player_choice":"Purged","damage_taken":0,"max_hp_gain":0,"max_hp_loss":0,"event_name":"Purifier","floor":4,"gold_loss":0},{"damage_healed":0,"gold_gain":0,"player_choice":"Leave","damage_taken":0,"max_hp_gain":0,"max_hp_loss":0,"event_name":"The Cleric","floor":5,"gold_loss":0},{"damage_healed":0,"gold_gain":0,"player_choice":"Ignored","damage_taken":0,"max_hp_gain":0,"max_hp_loss":0,"event_name":"Golden Wing","floor":11,"gold_loss":0},{"damage_healed":0,"gold_gain":0,"player_choice":"Bought 2 Potions","damage_taken":0,"max_hp_gain":0,"max_hp_loss":0,"event_name":"The Woman in Blue","floor":12,"gold_loss":0},{"damage_healed":0,"gold_gain":0,"player_choice":"Ignored","damage_taken":0,"max_hp_gain":0,"max_hp_loss":0,"event_name":"Beggar","floor":30,"gold_loss":0},{"damage_healed":0,"gold_gain":0,"player_choice":"Fight","damage_taken":0,"max_hp_gain":0,"max_hp_loss":0,"event_name":"Mysterious Sphere","floor":38,"gold_loss":0}],"is_beta":false,"boss_relics":[{"not_picked":["SacredBark","BloodWine"],"picked":"RhineCircuit"},{"not_picked":["HereWithMe","Coffee Dripper"],"picked":"DiscerningMonocle"}],"items_purged_floors":[37],"is_endless":false,"potions_floor_spawned":[7,14,16,18,21,28,29],"killed_by":"2 Orb Walkers","ascension_level":0}}