{"host":"v0byp44r5syn346h","time":1607717993,"event":{"mods":["2.2 Compatiblity","AchievementEnabler","Act Like it!","AlwaysNeverKeys","Aspiration","BaseMod","Bestiary","Better Match","Better Note","Better Skull","Better Third Choice","Better Vampires","BetterRewards","Card Filter","Colored Map","Colored Powertips","Conspire","Defuse TimeMaze Blight","Displayed Cursed Tome","Downfall","Friendly Minions","Gremlin Skip","Halation","Highlight Path","Hubris","Infinite Spire","Minty Spire (QoL Compilation)","Pale of the Ancients","Quarter Circle Forward PUNCH!","Quick Restart","Random Character Button","Rare Cards Sparkle","Relic Filter","Relic Stats","Reorder Act Four","Replay The Spire","Reworked Bosses","Shop Mod","Spicy Shops","Spikes Relics","StSLib","SuperFastMode","The Blue Laboratory","The Construct","The Cursed","The Hierophant","The Jungle","Thieving Mod","Trackpad","Unknown Chances","egg","vexMod"],"gold_per_floor":[115,115,177,6,24,24,24],"floor_reached":6,"playtime":166,"items_purged":["Strike_P","Languid"],"score":46,"play_id":"69d263f7-d5d0-4457-8434-e30035aee586","local_time":"20201211211953","is_ascension_mode":true,"campfire_choices":[],"circlet_count":0,"master_deck":["Strike_P","Strike_P","Strike_P+1","Defend_P","Defend_P","Defend_P+1","Defend_P","Eruption","Vigilance","LessonLearned","ReplayTheSpireMod:IOU","Collect"],"relics":["PureWater","hubris:Spice","vexMod:RedPlottingStone","ReplayTheSpireMod:Ring of Challenge","Ring of Panic","TheAbacus"],"acts_visited":["Exordium"],"potions_floor_usage":[],"damage_taken":[{"damage":0,"enemies":"Jaw Worm","floor":1,"turns":5},{"damage":0,"enemies":"conspire:RoseBush","floor":5,"turns":2},{"damage":51,"enemies":"Lagavulin","floor":6,"turns":3}],"seed_played":"-2521677959246262835","potions_obtained":[],"is_trial":false,"path_per_floor":["M","?","?","$","M","E"],"character_chosen":"WATCHER","items_purchased":["LessonLearned","vexMod:RedPlottingStone","TheAbacus"],"campfire_rested":0,"item_purchase_floors":[0,0,4],"current_hp_per_floor":[50,50,50,50,50,0,0],"gold":24,"neow_bonus":"","is_daily":false,"chose_seed":false,"campfire_upgraded":0,"win_rate":0.0,"timestamp":1607717993,"path_taken":["M","?","?","$","M","E"],"items_purchased_type":["Card","Relic","Relic"],"build_version":"2020-11-30","purchased_purges":2,"victory":false,"max_hp_per_floor":[80,80,80,80,80,80,80],"relic_stats":{"TheAbacus":[12],"counters":[32,124],"obtain_stats":[{"Golden Egg":9,"trackpad:Mousetrap":7,"vexMod:MemoryStick":13,"Cursed Key":17,"halation:RedSoulGem":2,"Replay:Ringing Soul":9,"TheAbacus":4,"Strawberry":30,"vexMod:RedPlottingStone":0,"Necronomicon":22,"trackpad:AdjectivePendant":3,"Ring of Panic":2,"NeowsBlessing":0,"trackpad:Trackpad":17,"vexMod:MysteryBossChallenge":17,"Oddly Smooth Stone":22,"infinitespire:Joker Card":8,"PreservedInsect":0,"aspiration:HiddenCompartment":6,"Question Card":26,"Pondfish Scales":0,"Snack Pack":23,"halation:AfternoonTea":13,"PureWater":0,"ReplayTheSpireMod:Ring of Challenge":2},{"Golden Egg":4,"trackpad:Mousetrap":16,"vexMod:MemoryStick":18,"Cursed Key":20,"halation:RedSoulGem":1,"Replay:Ringing Soul":16,"TheAbacus":30,"Strawberry":27,"vexMod:RedPlottingStone":29,"Necronomicon":23,"trackpad:AdjectivePendant":1,"Ring of Panic":30,"NeowsBlessing":0,"trackpad:Trackpad":8,"vexMod:MysteryBossChallenge":8,"Oddly Smooth Stone":11,"infinitespire:Joker Card":4,"PreservedInsect":12,"aspiration:HiddenCompartment":3,"Question Card":25,"Pondfish Scales":12,"Snack Pack":24,"halation:AfternoonTea":6,"PureWater":0,"ReplayTheSpireMod:Ring of Challenge":30},{"Golden Egg":6,"trackpad:Mousetrap":57,"vexMod:MemoryStick":63,"Cursed Key":73,"halation:RedSoulGem":1,"Replay:Ringing Soul":57,"TheAbacus":119,"Strawberry":105,"vexMod:RedPlottingStone":114,"Necronomicon":88,"trackpad:AdjectivePendant":1,"Ring of Panic":119,"NeowsBlessing":0,"trackpad:Trackpad":22,"vexMod:MysteryBossChallenge":22,"Oddly Smooth Stone":35,"infinitespire:Joker Card":6,"PreservedInsect":38,"aspiration:HiddenCompartment":3,"Question Card":96,"Pondfish Scales":38,"Snack Pack":92,"halation:AfternoonTea":12,"PureWater":0,"ReplayTheSpireMod:Ring of Challenge":119}]},"card_choices":[{"not_picked":["ClearTheMind","Prostrate","EmptyBody"],"picked":"SKIP","floor":1},{"not_picked":["CrushJoints","Study"],"picked":"Collect","floor":5}],"player_experience":815993,"relics_obtained":[{"floor":2,"key":"ReplayTheSpireMod:Ring of Challenge"},{"floor":2,"key":"Ring of Panic"}],"event_choices":[{"damage_healed":0,"gold_gain":62,"player_choice":"Gained Gold","damage_taken":0,"max_hp_gain":0,"max_hp_loss":0,"event_name":"Golden Wing","floor":3,"gold_loss":0}],"is_beta":false,"boss_relics":[],"items_purged_floors":[0,4],"is_endless":false,"potions_floor_spawned":[],"killed_by":"Lagavulin","ascension_level":7}}