{"host":"bq442wlpwbozasgc","time":1607680753,"event":{"mods":["BaseMod","Minty Spire (QoL Compilation)","Quick Restart","Replay The Spire","StSLib","SuperFastMode"],"gold_per_floor":[113,138,154,20,20,55,55,55,55,71,71,71,71,89,89,118,118,222,222,232,252,167,14,32,67,67,113,113,140,140,140,140,154,154,257,257,268,49,65,115,132,164,184,184,184,184,199,219,184,184,184,184],"floor_reached":53,"playtime":5380,"items_purged":[],"score":958,"play_id":"95c9f4a6-6844-4606-8904-bbb53ff08180","local_time":"20201211185913","is_ascension_mode":false,"campfire_choices":[{"data":"Armaments","floor":8.0,"key":"SMITH"},{"data":"Armaments","floor":11.0,"key":"SMITH"},{"data":"Abandon","floor":15.0,"key":"SMITH"},{"data":"Corruption","floor":17.0,"key":"SMITH"},{"data":"Battle Trance","floor":26.0,"key":"SMITH"},{"floor":31.0,"key":"REST"},{"data":"Pot Of Greed","floor":34.0,"key":"SMITH"},{"floor":44,"key":"REST"},{"floor":46,"key":"REST"},{"floor":51,"key":"REST"}],"circlet_count":0,"master_deck":["Strike_R","Strike_R","Strike_R+1","Strike_R+1","Strike_R+1","Defend_R","Defend_R+1","Defend_R","Bash","Battle Trance+1","Armaments+1","Armaments+1","Flex+1","Corruption+1","Flame Barrier","Reaper","Uppercut","Burning Pact+1","Pot Of Greed+1","Pot Of Greed","Defy Death","Iron Wave+1","Perfected Strike","Second Wind+1","Feed","Bloodletting","Flex","Double Tap","Clothesline+1","Brutality+1","Feel No Pain+1","Flex","ReplayReversal","Rage","Burning Pact","Pot Of Greed","Pommel Strike+1","Flex+1","ReplayTheSpireMod:Muscle Training+1","Rage+1","ReplayReversal+1","Rupture+1","Power Through","Impervious","Shrug It Off","Whirlwind"],"relics":["Burning Blood","NeowsBlessing","Pen Nib","Question Card","Kunai","Shuriken","Ooze Armor","Grinning Jar","Frozen Eye","Quantum Egg","Simple Rune","Mummified Hand","Bag of Preparation","Astrolabe","Orrery","Charon\u0027s Ashes","Gremlin Horn","Darkstone Periapt"],"acts_visited":["Exordium","TheCity","TheBeyond"],"potions_floor_usage":[43,48,52,52],"damage_taken":[{"damage":0.0,"enemies":"Cultist","floor":1.0,"turns":1.0},{"damage":0.0,"enemies":"Small Slimes","floor":3.0,"turns":1.0},{"damage":0.0,"enemies":"3 Sentries","floor":6.0,"turns":1.0},{"damage":6.0,"enemies":"Jaw Worm","floor":10.0,"turns":3.0},{"damage":9.0,"enemies":"Large Slime","floor":14.0,"turns":7.0},{"damage":16.0,"enemies":"Gremlin Nob","floor":16.0,"turns":5.0},{"damage":63.0,"enemies":"Fading Forest","floor":18.0,"turns":11.0},{"damage":14.0,"enemies":"Shell Parasite","floor":20.0,"turns":4.0},{"damage":10.0,"enemies":"2 Thieves","floor":21.0,"turns":4.0},{"damage":27.0,"enemies":"3 Cultists","floor":24.0,"turns":6.0},{"damage":24.0,"enemies":"Gremlin Leader","floor":25.0,"turns":6.0},{"damage":36.0,"enemies":"Book of Stabbing","floor":29.0,"turns":9.0},{"damage":6.0,"enemies":"Snake Plant","floor":33.0,"turns":3.0},{"damage":62.0,"enemies":"Pondfish","floor":35.0,"turns":11.0},{"damage":28,"enemies":"3 Darklings","floor":37,"turns":9},{"damage":5,"enemies":"Orb Walker","floor":39,"turns":2},{"damage":10,"enemies":"Mind Bloom Boss Battle","floor":40,"turns":7},{"damage":19,"enemies":"Transient","floor":41,"turns":5},{"damage":90,"enemies":"Reptomancer","floor":42,"turns":5},{"damage":3,"enemies":"Sphere and 2 Shapes","floor":43,"turns":3},{"damage":17,"enemies":"4 Shapes","floor":47,"turns":6},{"damage":14,"enemies":"Writhing Mass","floor":48,"turns":7},{"damage":43,"enemies":"Awakened One","floor":52,"turns":8}],"seed_played":"-7402656201819745616","potions_obtained":[{"floor":3.0,"key":"Elixir"},{"floor":14.0,"key":"HeartOfIron"},{"floor":24.0,"key":"Doom Potion"},{"floor":25.0,"key":"DuplicationPotion"},{"floor":27.0,"key":"Flashbang"},{"floor":29.0,"key":"Milkshake"},{"floor":41,"key":"AttackPotion"},{"floor":43,"key":"BloodPotion"},{"floor":47,"key":"Doom Potion"},{"floor":48,"key":"Adrenaline Potion"}],"is_trial":false,"path_per_floor":["M","T","M","$","?","E","?","R","T","M","R","PTL","PTL","M","R","E","R","B",null,"M","M","?","$","M","E","R","?","T","E","?","R","?","M","R","B",null,"M","$","M","?","M","E","M","R","T","R","M","M","$","?","R","B",null],"character_chosen":"IRONCLAD","items_purchased":["Armaments","Flex+1","Replay:Undeath\u0027s Touch","Frozen Eye","ReplayReversal","Orrery","Whirlwind"],"campfire_rested":4,"item_purchase_floors":[4,4,4,23,38,38,49],"current_hp_per_floor":[80,80,80,80,64,70,75,75,75,75,75,75,75,72,72,62,62,17,85,83,81,81,81,64,64,64,64,64,49,49,74,74,74,74,27,88,67,67,68,82,69,9,36,62,62,88,80,72,72,72,91,54],"gold":184,"neow_bonus":"THREE_ENEMY_KILL","is_daily":false,"chose_seed":false,"campfire_upgraded":6,"win_rate":0.0,"timestamp":1607680753,"path_taken":["M","?","M","$","?","E","?","R","T","M","R","PTL","PTL","M","R","E","R","BOSS","M","M","?","$","M","E","R","?","T","E","?","R","?","M","R","BOSS","M","$","M","?","M","E","M","R","T","R","M","M","$","?","R","BOSS"],"items_purchased_type":["Card","Undefined","Card","Relic","Card","Relic","Card"],"build_version":"2020-11-30","purchased_purges":0,"victory":true,"max_hp_per_floor":[80,80,80,80,80,80,85,85,85,85,85,85,85,85,85,85,85,85,85,85,85,85,85,85,85,85,85,85,85,85,85,85,85,85,88,88,88,88,88,88,88,88,88,88,88,88,91,91,91,91,91,91],"card_choices":[{"not_picked":["Flex","Blood for Blood"],"picked":"Battle Trance","floor":1.0},{"not_picked":["Clash","ReplayTheSpireMod:Strike From Hell"],"picked":"Armaments","floor":3.0},{"not_picked":["Pommel Strike","Thunderclap"],"picked":"Corruption","floor":6.0},{"not_picked":["Clash","Armaments","Iron Wave","Anger"],"picked":"SKIP","floor":10.0},{"not_picked":["Hemokinesis","Clash","Flame Barrier"],"picked":"Abandon","floor":14.0},{"not_picked":["ReplayTheSpireMod:Stacked","Combust","Anger"],"picked":"Flame Barrier","floor":16.0},{"not_picked":["Feed","Corruption","Replay:Many Hands"],"picked":"Reaper","floor":18.0},{"not_picked":["Defy Death","Sword Boomerang","Clash"],"picked":"Uppercut","floor":20.0},{"not_picked":["Cleave","Thunderclap+1","Combust"],"picked":"Burning Pact+1","floor":21.0},{"not_picked":["Defy Death","ReplayTheSpireMod:Limb From Limb+1","Iron Wave","Second Wind"],"picked":"SKIP","floor":24.0},{"not_picked":["ReplayTheSpireMod:Limb From Limb+1","Iron Wave","Second Wind"],"picked":"Defy Death","floor":24.0},{"not_picked":["ReplayTheSpireMod:Stacked","Sever Soul","Twin Strike+1"],"picked":"Iron Wave+1","floor":25.0},{"not_picked":["Headbutt","Demonic Infusion","Intimidate"],"picked":"Perfected Strike","floor":27.0},{"not_picked":["Thunderclap","Flex","Clash+1"],"picked":"Second Wind+1","floor":27.0},{"not_picked":["Pommel Strike","Reckless Charge","Clash+1"],"picked":"Feed","floor":29.0},{"not_picked":["Intimidate","Anger","Armaments"],"picked":"Flex","floor":33.0},{"not_picked":["Reaper","Bludgeon","Feed"],"picked":"Double Tap","floor":35.0},{"not_picked":["Iron Wave+1","Second Wind","Fire Breathing+1"],"picked":"Flex","floor":37},{"not_picked":["Corruption","ReplayTheSpireMod:Limb From Limb+1","Massacre+1"],"picked":"Rage","floor":38},{"not_picked":["ReplayTheSpireMod:Corrosion Curse+1","Pummel+1","Disarm"],"picked":"Burning Pact","floor":38},{"not_picked":["Twin Strike+1","Shockwave+1","Armaments+1"],"picked":"Pommel Strike+1","floor":38},{"not_picked":["Flame Barrier","ReplayTheSpireMod:Corrosion Curse","Rampage"],"picked":"Flex+1","floor":38},{"not_picked":["Clash+1","Flex","Shockwave+1"],"picked":"ReplayTheSpireMod:Muscle Training+1","floor":38},{"not_picked":["Thunderclap+1","Run Through","Clash"],"picked":"Rage+1","floor":39},{"not_picked":["True Grit+1","Warcry+1","Perfected Strike+1"],"picked":"ReplayReversal+1","floor":40},{"not_picked":["Cleave+1","Headbutt+1","Clash+1"],"picked":"Rupture+1","floor":41},{"not_picked":["Sword Boomerang","Thunderclap+1","Warcry"],"picked":"Power Through","floor":42},{"not_picked":["Ghostly Armor","Cleave","True Grit"],"picked":"Impervious","floor":43},{"not_picked":["Warcry","Perfected Strike","Thunderclap+1"],"picked":"Shrug It Off","floor":47},{"not_picked":["ReplayTheSpireMod:Stacked","ReplayTheSpireMod:Corrosion Curse","Flex","Armaments"],"picked":"SKIP","floor":48}],"player_experience":10827,"relics_obtained":[{"floor":2.0,"key":"Pen Nib"},{"floor":6.0,"key":"Question Card"},{"floor":9.0,"key":"Kunai"},{"floor":16.0,"key":"Shuriken"},{"floor":25.0,"key":"Quantum Egg"},{"floor":27.0,"key":"Simple Rune"},{"floor":28.0,"key":"Mummified Hand"},{"floor":29.0,"key":"Bag of Preparation"},{"floor":40,"key":"Charon\u0027s Ashes"},{"floor":42,"key":"Gremlin Horn"},{"floor":45,"key":"Darkstone Periapt"}],"event_choices":[{"damage_healed":0.0,"max_hp_gain":0.0,"max_hp_loss":0.0,"gold_gain":0.0,"event_name":"Shining Light","player_choice":"Entered Light","floor":5.0,"gold_loss":0.0,"damage_taken":16.0,"cards_upgraded":["Strike_R","Strike_R"]},{"damage_healed":0.0,"max_hp_gain":5.0,"max_hp_loss":0.0,"gold_gain":0.0,"event_name":"Big Fish","player_choice":"Donut","floor":7.0,"gold_loss":0.0,"damage_taken":0.0},{"damage_healed":0.0,"max_hp_gain":0.0,"max_hp_loss":0.0,"gold_gain":0.0,"event_name":"Addict","player_choice":"Obtained Relic","floor":22.0,"gold_loss":85.0,"damage_taken":0.0,"relics_obtained":["Grinning Jar"]},{"damage_healed":0.0,"max_hp_gain":0.0,"max_hp_loss":0.0,"gold_gain":0.0,"event_name":"Ghosts","player_choice":"Ignored","floor":30.0,"gold_loss":0.0,"damage_taken":0.0},{"damage_healed":0.0,"max_hp_gain":0.0,"max_hp_loss":0.0,"gold_gain":0.0,"event_name":"The Library","player_choice":"Read","floor":32.0,"gold_loss":0.0,"damage_taken":0.0,"cards_obtained":["Bloodletting"]},{"damage_healed":0,"gold_gain":0,"player_choice":"Fight","damage_taken":0,"max_hp_gain":0,"max_hp_loss":0,"event_name":"MindBloom","floor":40,"gold_loss":0},{"cards_removed":["Pot Of Greed"],"damage_healed":0,"gold_gain":0,"player_choice":"Removed Skill","damage_taken":0,"max_hp_gain":0,"max_hp_loss":0,"event_name":"Falling","floor":50,"gold_loss":0}],"is_beta":false,"boss_relics":[{"not_picked":["Ectoplasm","Runic Cube"],"picked":"Ooze Armor"},{"not_picked":["Velvet Choker","Replay:Wanted Poster"],"picked":"Astrolabe"}],"items_purged_floors":[],"is_endless":false,"potions_floor_spawned":[3,14,24,25,29,41,43,47,48],"ascension_level":0}}