{"host":"fq9q35as5g8xdsoo","time":1607662154,"event":{"mods":["2.2 Compatiblity","AchievementEnabler","Act Like it!","Aspiration","BaseMod","Beaked The Cultist","Better Skull","Card Forge","Colored Map","Colored Powertips","Conspire","Dota2Spire","Energized Spire","Gensokyo","Halation","Hermit","Hubris","Marked Mod","Menagerie","Minty Spire (QoL Compilation)","Pale of the Ancients","Permanent Neow","Quick Restart","Relic Filter","Replay The Spire","Robot Space Explorer","Spicy Shops","Spikes Relics","StSLib","SuperFastMode","The Blue Laboratory","The Construct","The Disciple","The Factory","The Gatherer","The Jungle","The Runesmith","The Servant 0.9.4","Trackpad","WarShipGirlsR/????R mod","vexMod"],"gold_per_floor":[119,152,152,172,172,204,204,233,233,42,42,42,63,611,611,713,713,728,750,750,766,791,825,825,846,846,864,881,881,897,931,931,1026,1026,1051,963,999,999,999],"floor_reached":38,"playtime":3604,"items_purged":[],"score":433,"play_id":"488b478c-41a5-4e7b-b6d5-fe85a3823019","local_time":"20201210204914","is_ascension_mode":false,"campfire_choices":[{"data":"hermit:WideOpen","floor":7.0,"key":"SMITH"},{"data":"Apotheosis","floor":15.0,"key":"SMITH"},{"floor":24,"key":"REST"},{"floor":29,"key":"REST"},{"floor":32,"key":"REST"}],"circlet_count":0,"master_deck":["hermit:Strike_Hermit","hermit:Strike_Hermit","hermit:Strike_Hermit","hermit:Defend_Hermit","hermit:Defend_Hermit","hermit:Defend_Hermit","hermit:Defend_Hermit","hermit:Snapshot","hermit:Covet","hermit:WideOpen+1","hermit:HighNoon+1","hermit:Headshot","hermit:Horror","Apotheosis+1","hermit:TakeCover+1","hermit:Magnum","hermit:Maintenance+1","hermit:ShadowCloak","hermit:Shortfuse","hermit:GoldenBullet+1","hermit:Determination+1","hermit:Brawl+1","hermit:Misfire+1"],"relics":["hermit:Momento","Hammer of Thor","Seething Fire","Anvil of the Gods","MealTicket","Menagerie:HuntersKnife","ReplayTheSpireMod:TigerMarble","Boot","RoseTintedShades","Replay:Wax Seal","Fusion Hammer","halation:AfternoonTea","conspire:BottledYoYo","aspiration:FutureDiary","hubris:Potato"],"acts_visited":["Menagerie:Menagerie","TheCity","theFactory:Factory"],"potions_floor_usage":[16,28,31,31],"damage_taken":[{"damage":0.0,"enemies":"Menagerie:WhisperingWraith","floor":1.0,"turns":4.0},{"damage":0.0,"enemies":"Menagerie:2_RABBITS","floor":4.0,"turns":3.0},{"damage":19.0,"enemies":"Menagerie:Hydra","floor":6.0,"turns":6.0},{"damage":28.0,"enemies":"Menagerie:MaskedSummoner","floor":8.0,"turns":6.0},{"damage":0.0,"enemies":"Menagerie:StygianBoar","floor":13.0,"turns":2.0},{"damage":2,"enemies":"Menagerie:Suneater","floor":16,"turns":10},{"damage":2,"enemies":"Chosen","floor":18,"turns":3},{"damage":2,"enemies":"Spheric Guardian","floor":19,"turns":3},{"damage":0,"enemies":"Snecko","floor":21,"turns":4},{"damage":22,"enemies":"Sentry and Sphere","floor":22,"turns":6},{"damage":25,"enemies":"Gremlin Leader","floor":23,"turns":7},{"damage":8,"enemies":"Chosen and Byrds","floor":25,"turns":6},{"damage":14,"enemies":"conspire:HollyBat","floor":27,"turns":8},{"damage":33,"enemies":"Snecko","floor":28,"turns":8},{"damage":21,"enemies":"Sentry and Sphere","floor":30,"turns":8},{"damage":13,"enemies":"3 Cultists","floor":31,"turns":6},{"damage":14,"enemies":"Automaton","floor":33,"turns":11},{"damage":0,"enemies":"theFactory:BigBot","floor":35,"turns":3},{"damage":25,"enemies":"theFactory:4_Mini-Bots","floor":37,"turns":5},{"damage":0,"enemies":"theFactory:Personnel_and_Mini-Bots","floor":38,"turns":1}],"seed_played":"6259884015084553641","potions_obtained":[{"floor":2.0,"key":"blueLaboratory:BottledHope"},{"floor":2.0,"key":"blueLaboratory:TrueEctoplasm"},{"floor":2.0,"key":"Dota2Spire:HealingSalve"},{"floor":22,"key":"blueLaboratory:BubblePotion"},{"floor":27,"key":"PowerPotion"},{"floor":28,"key":"blueLaboratory:ForbiddenFruitJuice"},{"floor":31,"key":"Weak Potion"},{"floor":33,"key":"PowerPotion"},{"floor":37,"key":"Block Potion"}],"is_trial":false,"path_per_floor":["M","?","?","M","?","E","R","E","T","$","$","T","M","?","R","B",null,"M","M","?","M","M","E","R","M","T","M","M","R","M","M","R","B",null,"M","$","M","M"],"character_chosen":"HERMIT","items_purchased":["Apotheosis","hubris:Potato"],"campfire_rested":3,"item_purchase_floors":[10,36],"current_hp_per_floor":[75,75,69,69,69,50,50,22,22,37,52,52,52,3,3,1,69,67,65,65,65,43,18,38,45,45,31,7,27,21,8,28,29,69,69,69,44,44,44],"gold":999,"neow_bonus":"RANDOM_COMMON_RELIC","is_daily":false,"chose_seed":false,"campfire_upgraded":2,"win_rate":0.0,"timestamp":1607662154,"path_taken":["M","?","?","?","?","E","R","E","T","?","$","?","M","?","R","BOSS","M","?","?","M","?","E","R","M","T","M","M","R","M","M","R","BOSS","M","$","M","M"],"items_purchased_type":["Card","Relic"],"build_version":"2020-11-30","purchased_purges":0,"victory":false,"max_hp_per_floor":[75,75,69,69,69,69,69,69,69,69,69,69,69,69,69,69,69,69,69,69,69,69,69,69,69,69,69,69,69,69,69,69,69,69,69,69,69,69,69],"card_choices":[{"not_picked":["hermit:CalledShot","hermit:ItchyTrigger","hermit:LoneWolf"],"picked":"SKIP","floor":1.0},{"not_picked":["hermit:Malice","hermit:Misfire"],"picked":"hermit:WideOpen","floor":2.0},{"not_picked":["hermit:Spite","hermit:Roulette"],"picked":"hermit:HighNoon","floor":4.0},{"not_picked":["hermit:Horror","hermit:BodyArmor"],"picked":"hermit:Headshot","floor":6.0},{"not_picked":["hermit:Headshot","hermit:Spite"],"picked":"hermit:Horror","floor":8.0},{"not_picked":["hermit:BodyArmor","hermit:Snipe"],"picked":"hermit:TakeCover","floor":13.0},{"not_picked":["hermit:Dissolve","hermit:HighNoon"],"picked":"hermit:Magnum","floor":16},{"not_picked":["hermit:Headshot","hermit:HighCaliber"],"picked":"hermit:Maintenance","floor":18},{"not_picked":["hermit:CursedWeapon","hermit:Manifest","hermit:WideOpen"],"picked":"SKIP","floor":19},{"not_picked":["hermit:Glare","hermit:Snipe"],"picked":"hermit:ShadowCloak","floor":21},{"not_picked":["hermit:Horror+1","hermit:ItchyTrigger+1"],"picked":"hermit:Shortfuse","floor":22},{"not_picked":["hermit:WideOpen","hermit:TrackingShot","hermit:HoleUp"],"picked":"SKIP","floor":23},{"not_picked":["hermit:Determination","hermit:LowProfile+1"],"picked":"hermit:GoldenBullet","floor":25},{"not_picked":["hermit:Roulette+1","hermit:TrackingShot","hermit:WideOpen"],"picked":"SKIP","floor":27},{"not_picked":["hermit:Roulette+1","hermit:TrackingShot","hermit:WideOpen"],"picked":"SKIP","floor":27},{"not_picked":["hermit:Showdown","hermit:Headshot+1"],"picked":"hermit:Determination+1","floor":28},{"not_picked":["hermit:Feint","hermit:Grudge","hermit:Horror"],"picked":"SKIP","floor":30},{"not_picked":["hermit:BodyArmor+1","hermit:Roughhouse","hermit:LowProfile"],"picked":"SKIP","floor":31},{"not_picked":["hermit:Vantage+1","hermit:LowProfile"],"picked":"hermit:Brawl+1","floor":35},{"not_picked":["hermit:TrackingShot+1","hermit:ItchyTrigger"],"picked":"hermit:Misfire+1","floor":37}],"player_experience":924874,"relics_obtained":[{"floor":6.0,"key":"ReplayTheSpireMod:TigerMarble"},{"floor":8.0,"key":"Boot"},{"floor":12.0,"key":"RoseTintedShades"},{"floor":23,"key":"halation:AfternoonTea"},{"floor":26,"key":"conspire:BottledYoYo"}],"event_choices":[{"damage_healed":0.0,"max_hp_gain":0.0,"max_hp_loss":6.0,"gold_gain":0.0,"event_name":"Menagerie:BigGameHunter","player_choice":"Take","floor":3.0,"gold_loss":0.0,"damage_taken":0.0,"relics_obtained":["Menagerie:HuntersKnife"]},{"damage_healed":0.0,"max_hp_gain":0.0,"max_hp_loss":0.0,"gold_gain":548.0,"event_name":"betterSkull:BetterSkull","player_choice":"RE GO GO GO GO GO ","floor":14.0,"gold_loss":0.0,"damage_taken":56.0,"cards_upgraded":[],"relics_obtained":["Replay:Wax Seal"]},{"cards_removed":["hermit:Strike_Hermit"],"damage_healed":0,"gold_gain":0,"player_choice":"Purged","damage_taken":0,"max_hp_gain":0,"max_hp_loss":0,"event_name":"Purifier","floor":20,"gold_loss":0}],"is_beta":false,"boss_relics":[{"not_picked":["Runesmith:UraniumAnvil","construct:WeddingRing"],"picked":"Fusion Hammer"},{"not_picked":["beaked:MawFillet","trackpad:StolenKidneys"],"picked":"aspiration:FutureDiary"}],"items_purged_floors":[],"is_endless":false,"potions_floor_spawned":[4,13,22,23,27,28,31,33,37],"killed_by":"theFactory:Personnel_and_Mini-Bots","ascension_level":0}}