{"host":"jwbw4f4imxd0v0b0","time":1607678003,"event":{"mods":["BaseMod","Colored Map","Highlight Path","Minty Spire (QoL Compilation)","Relic Stats","StSLib"],"gold_per_floor":[114,114,129,144,144,174,189,204,204,219,219,219,249,279,279,379,379,394,409,424,34,49,79,79,178,178,178,178,203,218,248,248,348,348,363,296,326,141,141,141,171,171,171,201,201,216,231,246,246,246],"floor_reached":51,"playtime":2683,"items_purged":["Strike_P"],"score":920,"play_id":"229c05a6-491f-4e01-9c60-0e95f32150e6","local_time":"20201211031323","daily_mods":["Heirloom","Green Cards","DeadlyEvents"],"is_ascension_mode":false,"campfire_choices":[{"data":"Crippling Poison","floor":11.0,"key":"SMITH"},{"data":"Blade Dance","floor":15.0,"key":"SMITH"},{"data":"Tantrum","floor":24.0,"key":"SMITH"},{"data":"Choke","floor":28.0,"key":"SMITH"},{"data":"Vigilance","floor":32,"key":"SMITH"},{"data":"Malaise","floor":40,"key":"SMITH"},{"data":"Perseverance","floor":42,"key":"SMITH"},{"data":"Eruption","floor":45,"key":"SMITH"},{"data":"FlurryOfBlows","floor":49,"key":"SMITH"}],"circlet_count":0,"master_deck":["Strike_P","Strike_P+1","Strike_P+1","Defend_P","Defend_P","Defend_P","Defend_P","Eruption+1","Vigilance+1","Blade Dance+1","Crippling Poison+1","Tantrum+1","ClearTheMind","Perseverance+1","Malaise+1","CurseOfTheBell","SashWhip+1","FlurryOfBlows+1","Choke+1","Panache+1","MentalFortress+1","Wireheading+1","Halt+1","Footwork+1","After Image+1","CrushJoints+1","Accuracy+1","MentalFortress+1","Wallop+1","WreathOfFlame+1"],"relics":["PureWater","Mango","Matryoshka","Bag of Marbles","Mummified Hand","Frozen Egg 2","Orichalcum","Singing Bowl","Ornamental Fan","Thread and Needle","Calling Bell","MealTicket","TeardropLocket","Lizard Tail","CaptainsWheel","Shuriken","Akabeko","Dream Catcher","Sozu","Anchor","Whetstone","Chemical X","Smiling Mask","Bottled Flame","Lantern"],"acts_visited":["Exordium","TheCity","TheBeyond"],"potions_floor_usage":[31,47,50],"damage_taken":[{"damage":0.0,"enemies":"2 Louse","floor":1.0,"turns":2.0},{"damage":0.0,"enemies":"Small Slimes","floor":3.0,"turns":1.0},{"damage":5.0,"enemies":"Jaw Worm","floor":4.0,"turns":4.0},{"damage":31.0,"enemies":"Lagavulin","floor":6.0,"turns":7.0},{"damage":0.0,"enemies":"Looter","floor":7.0,"turns":3.0},{"damage":2.0,"enemies":"3 Louse","floor":8.0,"turns":3.0},{"damage":0.0,"enemies":"Large Slime","floor":10.0,"turns":3.0},{"damage":16.0,"enemies":"3 Sentries","floor":13.0,"turns":4.0},{"damage":3.0,"enemies":"Gremlin Nob","floor":14.0,"turns":3.0},{"damage":25.0,"enemies":"The Guardian","floor":16.0,"turns":7.0},{"damage":3.0,"enemies":"3 Byrds","floor":18.0,"turns":4.0},{"damage":0.0,"enemies":"Chosen","floor":19.0,"turns":3.0},{"damage":11.0,"enemies":"Sentry and Sphere","floor":20.0,"turns":4.0},{"damage":3.0,"enemies":"Centurion and Healer","floor":22.0,"turns":6.0},{"damage":8.0,"enemies":"Book of Stabbing","floor":23.0,"turns":4.0},{"damage":0,"enemies":"Shelled Parasite and Fungi","floor":30,"turns":3},{"damage":9,"enemies":"Gremlin Leader","floor":31,"turns":5},{"damage":18,"enemies":"Automaton","floor":33,"turns":8},{"damage":0,"enemies":"Orb Walker","floor":35,"turns":4},{"damage":0,"enemies":"Giant Head","floor":37,"turns":6},{"damage":23,"enemies":"Nemesis","floor":41,"turns":7},{"damage":0,"enemies":"Giant Head","floor":44,"turns":7},{"damage":0,"enemies":"3 Darklings","floor":46,"turns":5},{"damage":0,"enemies":"Sphere and 2 Shapes","floor":47,"turns":3},{"damage":0,"enemies":"Maw","floor":48,"turns":5},{"damage":60,"enemies":"Awakened One","floor":50,"turns":10}],"seed_played":"-551933171069321123","potions_obtained":[{"floor":6.0,"key":"Regen Potion"},{"floor":10.0,"key":"Fire Potion"},{"floor":13.0,"key":"Dexterity Potion"},{"floor":14.0,"key":"SteroidPotion"},{"floor":16.0,"key":"SkillPotion"},{"floor":22.0,"key":"Swift Potion"},{"floor":23.0,"key":"Explosive Potion"},{"floor":30,"key":"Energy Potion"},{"floor":33,"key":"Explosive Potion"}],"is_trial":false,"path_per_floor":["M","?","M","M","?","E","M","M","T","M","R","T","E","E","R","B",null,"M","M","M","$","M","E","R","?","T","?","R","T","M","E","R","B",null,"M","?","E","$","?","R","E","R","T","E","R","M","M","M","R","B",null],"character_chosen":"WATCHER","items_purchased":["Panache+1","MentalFortress+1","Dexterity Potion","Chemical X","MentalFortress+1"],"campfire_rested":0,"item_purchase_floors":[21,21,21,38,38],"current_hp_per_floor":[86,83,83,78,78,47,47,45,45,45,45,45,29,28,28,3,88,85,85,74,88,87,79,79,79,79,79,79,79,79,70,70,52,90,90,90,90,90,90,90,69,69,69,71,71,73,73,73,73,13],"gold":246,"neow_bonus":"","is_daily":true,"chose_seed":false,"campfire_upgraded":9,"win_rate":0.0,"timestamp":1607678003,"path_taken":["M","?","M","M","?","E","?","M","T","M","R","?","?","E","R","BOSS","M","M","M","$","M","E","R","?","T","?","R","?","M","E","R","BOSS","M","?","?","$","?","R","E","R","T","E","R","M","?","M","R","BOSS"],"items_purchased_type":["Undefined","Undefined","Potion","Relic","Undefined"],"build_version":"2020-11-30","purchased_purges":1,"victory":true,"max_hp_per_floor":[86,86,86,86,86,86,86,86,86,86,86,86,86,88,88,88,88,88,88,88,88,90,90,90,90,90,90,90,90,90,90,90,90,90,90,90,90,90,90,90,92,92,92,94,94,96,96,96,96,96],"relic_stats":{"Singing Bowl":10,"counters":[26,121],"Whetstone":["Strike_P","Strike_P"],"Orichalcum":[84],"Smiling Mask":0,"Sozu":3,"Lizard Tail":0,"Dream Catcher":0,"Mummified Hand":[59],"Ornamental Fan":[192],"Shuriken":[30],"MealTicket":14,"Chemical X":[3],"obtain_stats":[{"Lantern":44,"Singing Bowl":12,"Mango":0,"TeardropLocket":17,"Whetstone":37,"Smiling Mask":41,"Sozu":34,"Lizard Tail":17,"Dream Catcher":31,"Matryoshka":2,"Mummified Hand":9,"MealTicket":17,"Chemical X":38,"Thread and Needle":14,"Frozen Egg 2":9,"Orichalcum":12,"Akabeko":29,"Calling Bell":17,"CaptainsWheel":23,"Anchor":36,"Bottled Flame":43,"Ornamental Fan":13,"Shuriken":26,"Bag of Marbles":6,"PureWater":0},{"Lantern":22,"Singing Bowl":7,"Mango":0,"TeardropLocket":10,"Whetstone":20,"Smiling Mask":21,"Sozu":18,"Lizard Tail":10,"Dream Catcher":17,"Matryoshka":1,"Mummified Hand":6,"MealTicket":10,"Chemical X":20,"Thread and Needle":9,"Frozen Egg 2":6,"Orichalcum":7,"Akabeko":15,"Calling Bell":10,"CaptainsWheel":15,"Anchor":19,"Bottled Flame":21,"Ornamental Fan":8,"Shuriken":15,"Bag of Marbles":4,"PureWater":0},{"Lantern":98,"Singing Bowl":23,"Mango":0,"TeardropLocket":37,"Whetstone":84,"Smiling Mask":91,"Sozu":74,"Lizard Tail":37,"Dream Catcher":66,"Matryoshka":2,"Mummified Hand":20,"MealTicket":37,"Chemical X":84,"Thread and Needle":30,"Frozen Egg 2":20,"Orichalcum":23,"Akabeko":58,"Calling Bell":37,"CaptainsWheel":58,"Anchor":78,"Bottled Flame":91,"Ornamental Fan":27,"Shuriken":58,"Bag of Marbles":14,"PureWater":0}]},"card_choices":[{"not_picked":["Prostrate","SashWhip"],"picked":"Blade Dance","floor":1.0},{"not_picked":["Outmaneuver","EmptyFist","Collect"],"picked":"SKIP","floor":3.0},{"not_picked":["Adaptation","Dash"],"picked":"ReachHeaven","floor":4.0},{"not_picked":["Sucker Punch","Backstab","WreathOfFlame"],"picked":"SKIP","floor":6.0},{"not_picked":["Adaptation","BowlingBash"],"picked":"Crippling Poison","floor":7.0},{"not_picked":["DeceiveReality","EmptyBody"],"picked":"Tantrum","floor":8.0},{"not_picked":["Concentrate","EmptyFist"],"picked":"ClearTheMind","floor":10.0},{"not_picked":["All Out Attack","Deadly Poison"],"picked":"Perseverance","floor":13.0},{"not_picked":["EmptyFist","ReachHeaven","Predator"],"picked":"Singing Bowl","floor":14.0},{"not_picked":["Establishment+1","Tools of the Trade+1"],"picked":"Malaise","floor":16.0},{"not_picked":["Dodge and Roll+1","Deadly Poison"],"picked":"SashWhip+1","floor":18.0},{"not_picked":["Crescendo","SandsOfTime"],"picked":"FlurryOfBlows","floor":19.0},{"not_picked":["Swivel","Worship"],"picked":"Choke","floor":20.0},{"not_picked":["Deadly Poison","Cloak And Dagger","Collect"],"picked":"Singing Bowl","floor":22.0},{"not_picked":["Worship","SignatureMove"],"picked":"Wireheading+1","floor":23.0},{"not_picked":["Predator","Vengeance"],"picked":"Halt+1","floor":30},{"not_picked":["WheelKick","Terror"],"picked":"Footwork+1","floor":31},{"not_picked":["LessonLearned","Blasphemy"],"picked":"After Image+1","floor":33},{"not_picked":["Underhanded Strike","Halt"],"picked":"CrushJoints+1","floor":35},{"not_picked":["Dodge and Roll","ClearTheMind"],"picked":"Accuracy+1","floor":37},{"not_picked":["FlyingSleeves+1","DeceiveReality","Slice"],"picked":"Singing Bowl","floor":41},{"not_picked":["EmptyBody","Backstab","Dash+1"],"picked":"Singing Bowl","floor":44},{"not_picked":["Flying Knee+1","Distraction+1","BowlingBash"],"picked":"Singing Bowl","floor":46},{"not_picked":["BowlingBash","Catalyst+1"],"picked":"Wallop+1","floor":47},{"not_picked":["Pray+1","Sucker Punch+1"],"picked":"WreathOfFlame+1","floor":48}],"player_experience":911683,"relics_obtained":[{"floor":6.0,"key":"Bag of Marbles"},{"floor":9.0,"key":"Mummified Hand"},{"floor":9.0,"key":"Frozen Egg 2"},{"floor":12.0,"key":"Orichalcum"},{"floor":12.0,"key":"Singing Bowl"},{"floor":13.0,"key":"Ornamental Fan"},{"floor":14.0,"key":"Thread and Needle"},{"floor":17.0,"key":"MealTicket"},{"floor":17.0,"key":"TeardropLocket"},{"floor":17.0,"key":"Lizard Tail"},{"floor":23.0,"key":"CaptainsWheel"},{"floor":26.0,"key":"Shuriken"},{"floor":29.0,"key":"Akabeko"},{"floor":31,"key":"Dream Catcher"},{"floor":37,"key":"Whetstone"},{"floor":41,"key":"Smiling Mask"},{"floor":43,"key":"Bottled Flame"},{"floor":44,"key":"Lantern"}],"event_choices":[{"damage_healed":0.0,"max_hp_gain":0.0,"max_hp_loss":0.0,"gold_gain":0.0,"event_name":"Scrap Ooze","player_choice":"Success","floor":2.0,"gold_loss":0.0,"damage_taken":3.0,"relics_obtained":["Matryoshka"]},{"damage_healed":0.0,"max_hp_gain":0.0,"max_hp_loss":0.0,"gold_gain":0.0,"event_name":"Liars Game","player_choice":"Ignored","floor":5.0,"gold_loss":0.0,"damage_taken":0.0},{"damage_healed":0.0,"max_hp_gain":0.0,"max_hp_loss":0.0,"gold_gain":99.0,"event_name":"Nest","player_choice":"Stole From Cult","floor":25.0,"gold_loss":0.0,"damage_taken":0.0},{"damage_healed":0.0,"max_hp_gain":0.0,"max_hp_loss":0.0,"gold_gain":0.0,"event_name":"Vampires","player_choice":"Ignored","floor":27.0,"gold_loss":0.0,"damage_taken":0.0},{"damage_healed":0,"gold_gain":0,"player_choice":"Paid Gold","damage_taken":0,"relics_obtained":["Anchor"],"max_hp_gain":0,"max_hp_loss":0,"event_name":"WeMeetAgain","floor":36,"gold_loss":67},{"cards_removed":["ReachHeaven"],"damage_healed":0,"gold_gain":0,"player_choice":"Removed Attack","damage_taken":0,"max_hp_gain":0,"max_hp_loss":0,"event_name":"Falling","floor":39,"gold_loss":0}],"is_beta":false,"boss_relics":[{"not_picked":["Black Star","Empty Cage"],"picked":"Calling Bell"},{"not_picked":["Snecko Eye","Busted Crown"],"picked":"Sozu"}],"items_purged_floors":[21],"is_endless":false,"potions_floor_spawned":[6,10,13,14,16,22,23,30,33,41,47,48],"ascension_level":0}}