{"host":"qtjyrnym4cekytpy","time":1607710594,"event":{"mods":["BaseMod","Hermit","Minty Spire (QoL Compilation)","StSLib"],"gold_per_floor":[211,64,77,93,104,104,132,144,144,319,333,352,370,384,384,481,481,499,509,137,137,137,137,153,153,153,153,172,172,190,255,255,352,352,372,1421,1471,1487,608,622,28,28,28,28,78,92,92,0,0,0,0,0,0,35,35,35],"floor_reached":55,"playtime":2908,"items_purged":["Normality"],"score":723,"play_id":"d54b003e-cbcc-4e0f-8227-441f70332e29","local_time":"20201211161634","is_ascension_mode":false,"campfire_choices":[{"floor":6,"key":"RECALL"},{"floor":15,"key":"REST"},{"floor":23,"key":"REST"},{"floor":25,"key":"REST"},{"floor":32,"key":"REST"},{"floor":42,"key":"REST"},{"data":"hermit:Desperado","floor":44,"key":"SMITH"},{"floor":47,"key":"REST"},{"floor":49,"key":"REST"},{"data":"hermit:Dissolve","floor":52,"key":"SMITH"}],"circlet_count":0,"master_deck":["hermit:Strike_Hermit","hermit:Strike_Hermit","hermit:Strike_Hermit","hermit:Strike_Hermit","hermit:Defend_Hermit","hermit:Defend_Hermit","hermit:Defend_Hermit","hermit:Defend_Hermit","hermit:Snapshot","hermit:Covet","hermit:LowProfile","hermit:Headshot","hermit:CalledShot","hermit:Quickdraw","hermit:Glare","hermit:Glare","Doubt","hermit:Ricochet","hermit:EyeOfTheStorm","hermit:LowProfile","hermit:Ricochet","hermit:Dissolve+1","CurseOfTheBell","hermit:WideOpen+1","hermit:Roulette+1","hermit:Quickdraw","hermit:Desperado+1","hermit:HighCaliber","hermit:BodyArmor+1","hermit:TrackingShot+1","hermit:Gambit","hermit:BlackWind+1","hermit:Grudge+1","Normality","Writhe","hermit:Ricochet+1","hermit:Gambit","hermit:Ricochet+1","hermit:Snipe","hermit:Grudge+1","hermit:Ricochet+1","hermit:Spite+1","hermit:EyeOfTheStorm+1","hermit:Roughhouse+1"],"relics":["hermit:Momento","Nunchaku","Ice Cream","Calling Bell","Akabeko","Letter Opener","Incense Burner","Lee\u0027s Waffle","Art of War","Enchiridion","Molten Egg 2","SsserpentHead","Sozu","Frozen Egg 2","DollysMirror","Bottled Lightning","Turnip","Boot","Sling","FossilizedHelix","Red Mask","Shuriken"],"acts_visited":["Exordium","TheCity","TheBeyond","TheEnding"],"potions_floor_usage":[7,13,16,28,33,33,33,33,33,33,46],"damage_taken":[{"damage":0,"enemies":"Small Slimes","floor":1,"turns":3},{"damage":0,"enemies":"Jaw Worm","floor":3,"turns":4},{"damage":1,"enemies":"Cultist","floor":4,"turns":3},{"damage":9,"enemies":"Red Slaver","floor":5,"turns":5},{"damage":5,"enemies":"Gremlin Nob","floor":7,"turns":3},{"damage":7,"enemies":"3 Louse","floor":8,"turns":3},{"damage":6,"enemies":"Exordium Wildlife","floor":11,"turns":4},{"damage":0,"enemies":"Blue Slaver","floor":12,"turns":2},{"damage":1,"enemies":"3 Louse","floor":13,"turns":4},{"damage":6,"enemies":"Exordium Wildlife","floor":14,"turns":4},{"damage":44,"enemies":"Hexaghost","floor":16,"turns":10},{"damage":0,"enemies":"Spheric Guardian","floor":18,"turns":3},{"damage":2,"enemies":"2 Thieves","floor":19,"turns":3},{"damage":15,"enemies":"Snake Plant","floor":24,"turns":3},{"damage":19,"enemies":"Centurion and Healer","floor":28,"turns":4},{"damage":0,"enemies":"Chosen and Byrds","floor":30,"turns":4},{"damage":4,"enemies":"Sentry and Sphere","floor":31,"turns":4},{"damage":65,"enemies":"Automaton","floor":33,"turns":10},{"damage":14,"enemies":"Orb Walker","floor":35,"turns":3},{"damage":25,"enemies":"3 Shapes","floor":38,"turns":5},{"damage":17,"enemies":"Maw","floor":40,"turns":6},{"damage":30,"enemies":"Jaw Worm Horde","floor":46,"turns":4},{"damage":59,"enemies":"Donu and Deca","floor":50,"turns":8},{"damage":25,"enemies":"Shield and Spear","floor":54,"turns":5},{"damage":62,"enemies":"The Heart","floor":55,"turns":4}],"seed_played":"6818554034301000781","potions_obtained":[{"floor":3,"key":"FearPotion"},{"floor":4,"key":"Ancient Potion"},{"floor":8,"key":"Regen Potion"},{"floor":11,"key":"hermit:Eclipse"},{"floor":12,"key":"Weak Potion"},{"floor":16,"key":"SteroidPotion"},{"floor":30,"key":"SkillPotion"},{"floor":31,"key":"EntropicBrew"},{"floor":33,"key":"PowerPotion"}],"is_trial":false,"path_per_floor":["M","$","M","M","M","R","E","M","T","?","M","M","M","M","R","B",null,"M","M","$","?","?","R","M","R","T","?","M","?","M","M","R","B",null,"M","?","?","M","$","M","$","R","T","R","$","M","R","?","R","B",null,"R","$","E","B"],"character_chosen":"HERMIT","items_purchased":["Nunchaku","Lee\u0027s Waffle","hermit:Quickdraw","hermit:Desperado","Art of War","Frozen Egg 2","DollysMirror","Bottled Lightning","hermit:Ricochet+1","hermit:Snipe","hermit:Grudge+1","Turnip","Boot","Sling","hermit:Spite+1"],"campfire_rested":7,"item_purchase_floors":[2,20,20,20,20,39,39,39,39,39,39,41,41,41,41],"current_hp_per_floor":[75,75,75,74,65,65,60,53,53,53,47,47,58,52,74,30,75,75,73,82,66,50,76,61,87,87,87,68,68,68,64,87,22,87,73,73,87,62,62,45,45,71,71,71,71,41,67,67,87,28,87,87,87,62,0,0],"gold":35,"neow_bonus":"HUNDRED_GOLD","is_daily":false,"chose_seed":false,"campfire_upgraded":2,"win_rate":0.0,"timestamp":1607710594,"path_taken":["M","$","M","M","M","R","E","M","T","?","M","M","M","M","R","BOSS","M","M","$","?","?","R","?","R","T","?","M","?","M","?","R","BOSS","M","?","?","M","$","M","?","R","T","R","?","M","R","?","R","BOSS","R","$","E","BOSS"],"items_purchased_type":["Relic","Relic","Card","Card","Relic","Relic","Relic","Relic","Card","Card","Card","Relic","Relic","Relic","Card"],"build_version":"2020-11-30","purchased_purges":1,"victory":false,"max_hp_per_floor":[75,75,75,75,75,75,75,75,75,75,75,75,75,75,75,75,75,75,75,82,87,87,87,87,87,87,87,87,87,87,87,87,87,87,87,87,87,87,87,87,87,87,87,87,87,87,87,87,87,87,87,87,87,87,87,87],"card_choices":[{"not_picked":["hermit:Coalescence","hermit:Determination"],"picked":"hermit:LowProfile","floor":1},{"not_picked":["hermit:Dive","hermit:Malice"],"picked":"hermit:Headshot","floor":3},{"not_picked":["hermit:Roulette","hermit:LuckOfTheDraw"],"picked":"hermit:CalledShot","floor":4},{"not_picked":["hermit:WideOpen","hermit:CalledShot"],"picked":"hermit:Quickdraw","floor":5},{"not_picked":["hermit:Spite","hermit:Combo"],"picked":"hermit:Glare","floor":7},{"not_picked":["hermit:GhostlyPresence","hermit:Midnight"],"picked":"hermit:Glare","floor":8},{"not_picked":["hermit:FlashPowder","hermit:FromBeyond"],"picked":"hermit:Ricochet","floor":11},{"not_picked":["hermit:LowProfile","hermit:Snipe"],"picked":"hermit:EyeOfTheStorm","floor":12},{"not_picked":["hermit:Roulette","hermit:Determination"],"picked":"hermit:LowProfile","floor":13},{"not_picked":["hermit:GoldenBullet","hermit:Manifest"],"picked":"hermit:Ricochet","floor":14},{"not_picked":["hermit:FatalDesire","hermit:Adapt"],"picked":"hermit:Dissolve","floor":16},{"not_picked":["hermit:Desperado","hermit:GoldenBullet"],"picked":"hermit:WideOpen+1","floor":18},{"not_picked":["hermit:PistolWhip","hermit:Midnight"],"picked":"hermit:Roulette+1","floor":19},{"not_picked":["hermit:Spite","hermit:Coalescence"],"picked":"hermit:HighCaliber","floor":24},{"not_picked":["hermit:Glare","hermit:HoleUp+1"],"picked":"hermit:BodyArmor+1","floor":28},{"not_picked":["hermit:Scavenge","hermit:Maintenance"],"picked":"hermit:TrackingShot+1","floor":30},{"not_picked":["hermit:Gestalt","hermit:BodyArmor"],"picked":"hermit:Gambit","floor":31},{"not_picked":["hermit:HeroicBravado","hermit:EternalForm"],"picked":"hermit:BlackWind+1","floor":33},{"not_picked":["hermit:NoHoldsBarred+1","hermit:Coalescence+1"],"picked":"hermit:Grudge+1","floor":35},{"not_picked":["hermit:Roulette+1","hermit:FullyLoaded"],"picked":"hermit:Ricochet+1","floor":38},{"not_picked":["hermit:Snipe","hermit:Spite+1"],"picked":"hermit:Ricochet+1","floor":40},{"not_picked":["hermit:HoleUp","hermit:Scavenge"],"picked":"hermit:EyeOfTheStorm+1","floor":46},{"not_picked":["hermit:Enervate+1","hermit:Feint"],"picked":"hermit:Roughhouse+1","floor":54}],"player_experience":167514,"relics_obtained":[{"floor":7,"key":"Ice Cream"},{"floor":17,"key":"Akabeko"},{"floor":17,"key":"Letter Opener"},{"floor":17,"key":"Incense Burner"},{"floor":22,"key":"Enchiridion"},{"floor":26,"key":"Molten Egg 2"},{"floor":43,"key":"FossilizedHelix"},{"floor":54,"key":"Shuriken"}],"event_choices":[{"damage_healed":0,"gold_gain":175,"player_choice":"AGREE","damage_taken":0,"max_hp_gain":0,"max_hp_loss":0,"event_name":"Liars Game","floor":10,"gold_loss":0,"cards_obtained":["Doubt"]},{"damage_healed":0,"gold_gain":0,"player_choice":"Shed Blood","damage_taken":21,"max_hp_gain":5,"max_hp_loss":0,"event_name":"Forgotten Altar","floor":21,"gold_loss":0},{"damage_healed":0,"gold_gain":0,"player_choice":"Obtained Book","damage_taken":16,"max_hp_gain":0,"max_hp_loss":0,"event_name":"Cursed Tome","floor":22,"gold_loss":0},{"damage_healed":0,"gold_gain":0,"player_choice":"Ignored","damage_taken":0,"max_hp_gain":0,"max_hp_loss":0,"event_name":"Ghosts","floor":27,"gold_loss":0},{"damage_healed":0,"gold_gain":0,"player_choice":"Trade","damage_taken":0,"relics_obtained":["SsserpentHead"],"max_hp_gain":0,"max_hp_loss":0,"event_name":"FaceTrader","floor":29,"gold_loss":0},{"damage_healed":0,"gold_gain":999,"player_choice":"Gold","damage_taken":0,"max_hp_gain":0,"max_hp_loss":0,"event_name":"MindBloom","floor":36,"gold_loss":0,"cards_obtained":["Normality","Normality"]},{"damage_healed":22,"gold_gain":0,"player_choice":"Writhe","damage_taken":0,"max_hp_gain":0,"max_hp_loss":0,"event_name":"Winding Halls","floor":37,"gold_loss":0,"cards_obtained":["Writhe"]},{"damage_healed":0,"gold_gain":0,"player_choice":"Paid","damage_taken":0,"relics_obtained":["Red Mask"],"max_hp_gain":0,"max_hp_loss":0,"event_name":"Tomb of Lord Red Mask","floor":48,"gold_loss":142}],"is_beta":false,"boss_relics":[{"not_picked":["Cursed Key","Tiny House"],"picked":"Calling Bell"},{"not_picked":["Runic Dome","Coffee Dripper"],"picked":"Sozu"}],"items_purged_floors":[39],"is_endless":false,"potions_floor_spawned":[3,4,8,11,12,16,30,31,33,35],"killed_by":"The Heart","ascension_level":0}}