{"host":"1t0llcfp0lo7rmr4","time":1607686058,"event":{"mods":["AchievementEnabler","Aspiration","BaseMod","Beaked The Cultist","Better Note","Block Reminder","Colored Powertips","Downfall","GifTheSpireLib","Hermit","Hubris","Jorbs\u0027s Wanderer Trilogy","Minty Spire (QoL Compilation)","Permanent Neow","Potionbrewer","Quick Restart","Relic Filter","Replay The Spire","StSLib","SuperFastMode","The Bladedancer","The Bug Knight","The Cursed","The Death Knight","The Druid","The Elementalist","The Exalted","The Forsaken","The Judge","The Poker Player","The Runesmith","vexMod"],"gold_per_floor":[112,122,122,142,142,173,3,15,42,42,71,88,120,45,45,144,810,822,489,489,300,313,313,333,333,333,351,371,371,388,313,313,411,411,423,423,435,454,454,454,454],"floor_reached":40,"playtime":1869,"items_purged":["blademaster:Strike","blademaster:Strike"],"score":501,"play_id":"5253c4e9-cc21-4b2a-ad47-c95d57076339","local_time":"20201211222738","is_ascension_mode":true,"campfire_choices":[{"floor":10.0,"key":"REST"},{"floor":23,"key":"REST"},{"floor":25,"key":"RECALL"},{"floor":32,"key":"REST"}],"circlet_count":0,"master_deck":["blademaster:Strike","blademaster:Defend","blademaster:Defend","blademaster:RagingBlow","blademaster:HighVoltage","Apotheosis","blademaster:TraverseCut","blademaster:DeadlyDance","blademaster:Breeze","Mayhem","blademaster:AspectOfLightning+1","blademaster:Flurry","blademaster:FuryOfTheElements+1","blademaster:EyeOfTheStorm","blademaster:Thrust+1","blademaster:ThunderSlash","blademaster:Reversal","blademaster:Reversal","blademaster:Momentum","blademaster:FuryOfTheElements","blademaster:Safeguard","blademaster:SlyStabs+1","blademaster:SlyStabs+1","blademaster:ColdBlood","blademaster:SharpBlades+1","blademaster:FuriousStrike+1","Chrysalis"],"relics":["blademaster:DancersAmulet","Orichalcum","Blue Candle","HollowMod:QueensCombRelic","Blue Doll","vexMod:RockOfEvil","Pet Ghost","theForsaken:HumbleEgg","hubris:Icosahedron","Fusion Hammer"],"acts_visited":["TheCity","TheBeyond"],"potions_floor_usage":[16,28],"damage_taken":[{"damage":4.0,"enemies":"Jaw Worm","floor":1.0,"turns":3.0},{"damage":10.0,"enemies":"Small Slimes","floor":2.0,"turns":4.0},{"damage":0.0,"enemies":"Cultist","floor":4.0,"turns":3.0},{"damage":16.0,"enemies":"Replay:BlueRogue","floor":6.0,"turns":7.0},{"damage":1.0,"enemies":"Looter","floor":8.0,"turns":3.0},{"damage":0.0,"enemies":"Lagavulin","floor":11.0,"turns":6.0},{"damage":9.0,"enemies":"Exordium Thugs","floor":12.0,"turns":4.0},{"damage":5,"enemies":"Replay:BlueRogue","floor":13,"turns":5},{"damage":22,"enemies":"The Guardian","floor":16,"turns":5},{"damage":16,"enemies":"3 Byrds","floor":18,"turns":5},{"damage":12,"enemies":"Shell Parasite","floor":22,"turns":7},{"damage":1,"enemies":"Snecko","floor":24,"turns":4},{"damage":7,"enemies":"Centurion and Healer","floor":27,"turns":4},{"damage":16,"enemies":"Snake Plant","floor":28,"turns":6},{"damage":14,"enemies":"Shelled Parasite and Fungi","floor":30,"turns":4},{"damage":48,"enemies":"Collector","floor":33,"turns":8},{"damage":0,"enemies":"3 Shapes","floor":35,"turns":3},{"damage":0,"enemies":"Orb Walker","floor":37,"turns":2},{"damage":4,"enemies":"3 Darklings","floor":38,"turns":3},{"damage":55,"enemies":"Reptomancer","floor":40,"turns":2}],"seed_played":"-7471028555123443463","potions_obtained":[{"floor":2.0,"key":"Adrenaline Potion"},{"floor":4.0,"key":"potionbrewer:AcidPotion"},{"floor":8.0,"key":"Elixir"},{"floor":12.0,"key":"potionbrewer:NoxiousPotion"},{"floor":16,"key":"potionbrewer:DiscountPotion"},{"floor":33,"key":"BlessingOfTheForge"},{"floor":38,"key":"Milkshake"}],"is_trial":false,"path_per_floor":["M","M","?","M","?","E","$","M","T","R","E","M","E","$","R","B",null,"M","$","?","$","M","R","M","R","T","M","M","?","M","?","R","B",null,"M","?","M","M","?","E"],"character_chosen":"THE_BLADEMASTER","items_purchased":["Mayhem","blademaster:Thrust+1","blademaster:ThunderSlash","Pet Ghost","blademaster:Reversal","blademaster:Momentum","blademaster:FuryOfTheElements"],"campfire_rested":3,"item_purchase_floors":[7,19,19,19,21,21,21],"current_hp_per_floor":[50,40,40,40,28,12,12,11,11,33,33,28,35,35,50,28,50,34,34,34,34,26,41,48,48,48,43,34,34,24,24,39,2,50,50,50,50,46,46,0,0],"gold":454,"neow_bonus":"RANDOM_COLORLESS_2","is_daily":false,"chose_seed":false,"campfire_upgraded":0,"win_rate":0.0,"timestamp":1607686058,"path_taken":["M","M","?","M","?","E","$","?","T","R","E","M","E","?","R","BOSS","M","$","?","?","?","R","?","R","T","M","M","?","M","?","R","BOSS","M","?","M","?","?","E"],"items_purchased_type":["Card","Potion","Card","Relic","Card","Card","Card"],"build_version":"2020-11-30","purchased_purges":2,"victory":false,"max_hp_per_floor":[75,75,75,75,75,75,75,75,75,75,50,50,50,50,50,50,50,50,50,50,50,50,50,50,50,50,50,50,50,50,50,50,50,50,50,50,50,50,50,50,50],"card_choices":[{"not_picked":["expansioncontent:Corrupt","expansioncontent:StudyTheSpire"],"picked":"Apotheosis","floor":0.0},{"not_picked":["blademaster:Thrust","blademaster:DaggerAndCloak"],"picked":"blademaster:TraverseCut","floor":1.0},{"not_picked":["blademaster:AirSlash","blademaster:Safeguard"],"picked":"blademaster:DeadlyDance","floor":2.0},{"not_picked":["blademaster:BrainBloom","blademaster:CombatPrep"],"picked":"blademaster:Breeze","floor":4.0},{"not_picked":["blademaster:OneTrickPony","blademaster:Cut","blademaster:Sunder"],"picked":"SKIP","floor":6.0},{"not_picked":["blademaster:AwakeningStrike","blademaster:Frenzy"],"picked":"blademaster:AspectOfLightning","floor":8.0},{"not_picked":["blademaster:AspectOfLightning","blademaster:CombatPrep"],"picked":"blademaster:Flurry","floor":11.0},{"not_picked":["blademaster:BladeMastery","blademaster:Quickness","blademaster:Stormstrike"],"picked":"SKIP","floor":12.0},{"not_picked":["blademaster:Momentum","blademaster:Sharpen","blademaster:Breeze"],"picked":"SKIP","floor":13},{"not_picked":["blademaster:EnchantedCuirass","blademaster:UnrelentingWind"],"picked":"blademaster:FuryOfTheElements","floor":16},{"not_picked":["blademaster:SlyStabs","blademaster:OneTrickPony+1"],"picked":"blademaster:EyeOfTheStorm","floor":18},{"not_picked":["blademaster:LightningCrash+1","blademaster:Cut+1","blademaster:AirSlash"],"picked":"SKIP","floor":22},{"not_picked":["blademaster:Sunder","blademaster:Frenzy"],"picked":"blademaster:Safeguard","floor":24},{"not_picked":["blademaster:DragonStrike+1","blademaster:Meditate"],"picked":"blademaster:SlyStabs+1","floor":27},{"not_picked":["blademaster:Vortex+1","blademaster:FuriousStrike+1","blademaster:LeechingStrike+1"],"picked":"SKIP","floor":28},{"not_picked":["blademaster:BladeMastery+1","blademaster:FuriousStrike+1"],"picked":"blademaster:SlyStabs+1","floor":30},{"not_picked":["blademaster:HighVoltage","blademaster:FlockOfBlades"],"picked":"blademaster:ColdBlood","floor":33},{"not_picked":["blademaster:SlyStabs+1","blademaster:AspectOfLightning+1"],"picked":"blademaster:SharpBlades+1","floor":35},{"not_picked":["blademaster:AwakeningStrike+1","blademaster:SlyStabs+1","blademaster:Reversal"],"picked":"SKIP","floor":37},{"not_picked":["blademaster:DaggerAndCloak+1","blademaster:Flurry+1"],"picked":"blademaster:FuriousStrike+1","floor":38},{"not_picked":["expansioncontent:TimeRipple","ReplayTheSpireMod:Private Reserves"],"picked":"Chrysalis","floor":39}],"player_experience":891325,"relics_obtained":[{"floor":6.0,"key":"Blue Candle"},{"floor":6.0,"key":"blademaster:LightningChargePerk"},{"floor":11.0,"key":"HollowMod:QueensCombRelic"},{"floor":11.0,"key":"blademaster:RandomBladePerk"},{"floor":13,"key":"Blue Doll"},{"floor":13,"key":"blademaster:OnAttackedChargePerk"},{"floor":26,"key":"theForsaken:HumbleEgg"}],"event_choices":[{"damage_healed":0.0,"max_hp_gain":0.0,"max_hp_loss":0.0,"gold_gain":0.0,"event_name":"Scrap Ooze","player_choice":"Success","floor":5.0,"gold_loss":0.0,"damage_taken":12.0,"relics_obtained":["Orichalcum"]},{"damage_healed":0,"gold_gain":0,"player_choice":"Upgraded","damage_taken":0,"max_hp_gain":0,"max_hp_loss":0,"event_name":"Upgrade Shrine","floor":20,"gold_loss":0,"cards_upgraded":["blademaster:FuryOfTheElements"]},{"cards_removed":["blademaster:Defend"],"damage_healed":0,"gold_gain":0,"player_choice":"Gave Gold","damage_taken":0,"max_hp_gain":0,"max_hp_loss":0,"event_name":"Beggar","floor":31,"gold_loss":75},{"cards_removed":["blademaster:Defend"],"damage_healed":0,"gold_gain":0,"player_choice":"Purged","damage_taken":0,"max_hp_gain":0,"max_hp_loss":0,"event_name":"Purifier","floor":36,"gold_loss":0},{"damage_healed":0,"gold_gain":0,"player_choice":"Memory 1","damage_taken":0,"max_hp_gain":0,"max_hp_loss":0,"event_name":"SensoryStone","floor":39,"gold_loss":0}],"is_beta":false,"boss_relics":[{"not_picked":["potionbrewer:BhaskarasWheel","vexMod:TanglingVine"],"picked":"vexMod:RockOfEvil"},{"not_picked":["Honey Jar","Replay:Ancient Bell"],"picked":"Fusion Hammer"}],"items_purged_floors":[14,19],"is_endless":false,"potions_floor_spawned":[2,4,8,12,16,18,22,33,37,38],"killed_by":"Reptomancer","ascension_level":2}}