{"host":"fq1bpa5mgr3rtgnr","time":1607673767,"event":{"mods":["AchievementEnabler","BaseMod","Colored Map","Colored Powertips","Highlight Path","Minty Spire (QoL Compilation)","Relic Stats","StSLib"],"gold_per_floor":[16,16,16,40,55,55,85,115,140,140,140,170,170,170,170,269,269,287,300,310,310,310,338,338,338,338],"floor_reached":25,"playtime":833,"items_purged":[],"score":360,"play_id":"5195d0cb-3402-4227-8f77-25bbebb1ece8","local_time":"20201211030247","is_ascension_mode":true,"campfire_choices":[{"data":"Zap","floor":6.0,"key":"SMITH"},{"data":"Dualcast","floor":10.0,"key":"SMITH"},{"data":"Rebound","floor":13.0,"key":"SMITH"},{"data":"Ball Lightning","floor":15.0,"key":"SMITH"}],"circlet_count":0,"master_deck":["Strike_B","Strike_B","Defend_B","Defend_B","Defend_B","Defend_B","Zap+1","Dualcast+1","Rebound+1","Streamline","White Noise","Electrodynamics","Ball Lightning+1","Multi-Cast","Stack+1","Necronomicurse","Coolheaded"],"relics":["Cracked Core","Incense Burner","MealTicket","Centennial Puzzle","DataDisk","Mummified Hand","Juzu Bracelet","Black Star","Necronomicon","Akabeko","Omamori"],"acts_visited":["Exordium","TheCity"],"potions_floor_usage":[],"damage_taken":[{"damage":1.0,"enemies":"Cultist","floor":1.0,"turns":3.0},{"damage":0.0,"enemies":"2 Louse","floor":5.0,"turns":1.0},{"damage":20.0,"enemies":"Gremlin Nob","floor":7.0,"turns":4.0},{"damage":5.0,"enemies":"3 Sentries","floor":12.0,"turns":2.0},{"damage":0.0,"enemies":"Slime Boss","floor":16.0,"turns":4.0},{"damage":22.0,"enemies":"2 Thieves","floor":18.0,"turns":3.0},{"damage":0.0,"enemies":"Chosen","floor":19.0,"turns":3.0},{"damage":23.0,"enemies":"Centurion and Healer","floor":20.0,"turns":2.0},{"damage":0,"enemies":"Gremlin Leader","floor":23,"turns":5},{"damage":15,"enemies":"Slavers","floor":25,"turns":1}],"seed_played":"-3819875002826990675","potions_obtained":[{"floor":5.0,"key":"Strength Potion"},{"floor":7.0,"key":"Energy Potion"},{"floor":18.0,"key":"CultistPotion"}],"is_trial":false,"path_per_floor":["M","?","?","T","M","R","E","?","T","R","T","E","R","?","R","B",null,"M","M","M","?","?","E","?","E"],"character_chosen":"DEFECT","items_purchased":[],"campfire_rested":0,"item_purchase_floors":[],"current_hp_per_floor":[74,74,74,74,74,74,54,54,54,54,54,49,49,42,42,42,75,53,53,30,14,14,14,14,0,0],"gold":338,"neow_bonus":"ONE_RARE_RELIC","is_daily":false,"chose_seed":false,"campfire_upgraded":4,"win_rate":0.0,"timestamp":1607673767,"path_taken":["M","?","?","?","?","R","E","?","T","R","?","E","R","?","R","BOSS","M","M","M","?","?","E","?","E"],"items_purchased_type":[],"build_version":"2020-11-30","purchased_purges":0,"victory":false,"max_hp_per_floor":[75,75,75,75,75,75,75,75,75,75,75,75,75,75,75,75,75,75,75,75,75,75,75,75,75,75],"relic_stats":{"Centennial Puzzle":[12],"counters":[10,28],"Mummified Hand":[11],"MealTicket":0,"Juzu Bracelet":2,"Black Star":1,"Necronomicon":[1],"obtain_stats":[{"Centennial Puzzle":8,"DataDisk":9,"Mummified Hand":11,"MealTicket":7,"Incense Burner":0,"Juzu Bracelet":12,"Black Star":17,"Necronomicon":21,"Omamori":23,"Cracked Core":0,"Akabeko":23},{"Centennial Puzzle":3,"DataDisk":3,"Mummified Hand":3,"MealTicket":3,"Incense Burner":0,"Juzu Bracelet":4,"Black Star":5,"Necronomicon":8,"Omamori":9,"Cracked Core":0,"Akabeko":9},{"Centennial Puzzle":8,"DataDisk":8,"Mummified Hand":8,"MealTicket":8,"Incense Burner":0,"Juzu Bracelet":10,"Black Star":14,"Necronomicon":22,"Omamori":27,"Cracked Core":0,"Akabeko":27}]},"card_choices":[{"not_picked":["Turbo","Streamline"],"picked":"Rebound","floor":1.0},{"not_picked":["Compile Driver","Sweeping Beam"],"picked":"White Noise","floor":5.0},{"not_picked":["Capacitor","Machine Learning"],"picked":"Electrodynamics","floor":7.0},{"not_picked":["Leap","Barrage"],"picked":"Ball Lightning","floor":12.0},{"not_picked":["Rainbow","Amplify"],"picked":"Multi-Cast","floor":16.0},{"not_picked":["Stack","Cold Snap","Genetic Algorithm"],"picked":"SKIP","floor":18.0},{"not_picked":["Stack","Barrage+1","Compile Driver+1"],"picked":"SKIP","floor":19.0},{"not_picked":["Static Discharge+1","Compile Driver"],"picked":"Stack+1","floor":20.0},{"not_picked":["Sweeping Beam","Stack"],"picked":"Coolheaded","floor":23}],"player_experience":351056,"relics_obtained":[{"floor":7.0,"key":"MealTicket"},{"floor":9.0,"key":"DataDisk"},{"floor":11.0,"key":"Mummified Hand"},{"floor":12.0,"key":"Juzu Bracelet"},{"floor":21.0,"key":"Necronomicon"},{"floor":23,"key":"Akabeko"},{"floor":23,"key":"Omamori"}],"event_choices":[{"damage_healed":0.0,"max_hp_gain":0.0,"max_hp_loss":0.0,"gold_gain":0.0,"cards_transformed":["Strike_B"],"event_name":"Living Wall","player_choice":"Change","floor":2.0,"gold_loss":0.0,"damage_taken":0.0,"cards_obtained":["Streamline"]},{"damage_healed":0.0,"max_hp_gain":0.0,"max_hp_loss":0.0,"gold_gain":0.0,"event_name":"Liars Game","player_choice":"Ignored","floor":3.0,"gold_loss":0.0,"damage_taken":0.0},{"damage_healed":0.0,"max_hp_gain":0.0,"max_hp_loss":0.0,"gold_gain":30.0,"event_name":"Dead Adventurer","player_choice":"Searched \u00273\u0027 times","floor":8.0,"gold_loss":0.0,"damage_taken":0.0,"relics_obtained":["Centennial Puzzle"]},{"cards_removed":["Strike_B"],"damage_healed":0.0,"max_hp_gain":0.0,"max_hp_loss":0.0,"gold_gain":0.0,"event_name":"Golden Wing","player_choice":"Card Removal","floor":14.0,"gold_loss":0.0,"damage_taken":7.0},{"damage_healed":0.0,"max_hp_gain":0.0,"max_hp_loss":0.0,"gold_gain":0.0,"event_name":"Cursed Tome","player_choice":"Obtained Book","floor":21.0,"gold_loss":0.0,"damage_taken":16.0},{"damage_healed":0.0,"max_hp_gain":0.0,"max_hp_loss":0.0,"gold_gain":0.0,"event_name":"Match and Keep!","player_choice":"0 cards matched","floor":22.0,"gold_loss":0.0,"damage_taken":0.0,"cards_obtained":[]},{"damage_healed":0,"gold_gain":0,"player_choice":"Cursed","damage_taken":0,"max_hp_gain":0,"max_hp_loss":0,"event_name":"Wheel of Change","floor":24,"gold_loss":0,"cards_obtained":["Decay"]}],"is_beta":false,"boss_relics":[{"not_picked":["Runic Pyramid","Calling Bell"],"picked":"Black Star"}],"items_purged_floors":[],"is_endless":false,"potions_floor_spawned":[5,7,18],"killed_by":"Slavers","ascension_level":4}}