{"host":"0msxzbajcl1c78mb","time":1607658698,"event":{"mods":["AchievementEnabler","BaseMod","Colored Map","Colored Powertips","Highlight Path","Minty Spire (QoL Compilation)","Relic Sorter","Relic Stats","StSLib","The Jungle","everything is the same but u backflip on backflip"],"gold_per_floor":[113,133,133,133,63,107,57,73,120,132,183,195,207,250,262,394,406,433,445,482,517,155,155,189,189,212,112,112,112,112,112],"floor_reached":30,"playtime":1480,"items_purged":["Strike_G","Strike_G"],"score":387,"play_id":"90a85ceb-10bc-48e2-b814-7708c2fb6509","local_time":"20201210225138","is_ascension_mode":true,"campfire_choices":[{"data":"Skewer","floor":10,"key":"SMITH"},{"data":"Neutralize","floor":13,"key":"SMITH"},{"data":"Dagger Spray","floor":15,"key":"SMITH"},{"data":"After Image","floor":23,"key":"SMITH"},{"data":"A Thousand Cuts","floor":25,"key":"SMITH"}],"circlet_count":0,"master_deck":["Strike_G","Defend_G","Defend_G","Defend_G","Defend_G","Survivor","Neutralize+1","Cloak And Dagger","Cloak And Dagger","Crippling Poison","Skewer+1","Cloak And Dagger","Dagger Spray+1","Skewer","Finisher","A Thousand Cuts+1","Distraction+1","Backflip","Footwork","After Image+1","Writhe"],"relics":["Ring of the Snake","NeowsBlessing","Golden Idol","Bag of Preparation","MawBank","Centennial Puzzle","Blood Vial","HoveringKite","Sling","Orichalcum","Tiny Chest","Shovel"],"acts_visited":["Exordium","Exordium"],"potions_floor_usage":[16,21,21,24],"damage_taken":[{"damage":0,"enemies":"Cultist","floor":1,"turns":1},{"damage":0,"enemies":"2 Louse","floor":2,"turns":1},{"damage":0,"enemies":"3 Sentries","floor":6,"turns":1},{"damage":0,"enemies":"Small Slimes","floor":8,"turns":5},{"damage":27,"enemies":"Lagavulin","floor":11,"turns":8},{"damage":13,"enemies":"3 Sentries","floor":14,"turns":5},{"damage":22,"enemies":"Slime Boss","floor":16,"turns":10},{"damage":13,"enemies":"Shell Parasite","floor":18,"turns":6},{"damage":11,"enemies":"theJungle:5_Spyders","floor":20,"turns":8},{"damage":30,"enemies":"theJungle:SlimyTreeVines","floor":21,"turns":8},{"damage":14,"enemies":"theJungle:Cassacara","floor":24,"turns":8},{"damage":27,"enemies":"theJungle:Snecko_Cultist_And_Trap","floor":30,"turns":2}],"seed_played":"-1418319911639247622","potions_obtained":[{"floor":8,"key":"EssenceOfSteel"},{"floor":11,"key":"EssenceOfSteel"},{"floor":14,"key":"Explosive Potion"},{"floor":16,"key":"Regen Potion"},{"floor":20,"key":"CunningPotion"}],"is_trial":false,"path_per_floor":["M","M","?","?","$","E","?","M","T","R","E","?","R","E","R","B",null,"M","?","M","M","$","R","E","R","T","$","?","?","M"],"character_chosen":"THE_SILENT","items_purchased":["Skewer","After Image","Sling"],"campfire_rested":0,"item_purchase_floors":[5,22,22],"current_hp_per_floor":[63,63,63,46,46,46,46,46,46,46,19,42,42,29,29,9,55,44,44,35,22,22,22,10,10,10,10,10,19,0,0],"gold":112,"neow_bonus":"THREE_ENEMY_KILL","is_daily":false,"chose_seed":false,"campfire_upgraded":5,"win_rate":0.0,"timestamp":1607658698,"path_taken":["M","M","?","?","$","E","?","M","T","R","E","?","R","E","R","BOSS","M","?","?","M","$","R","E","R","T","?","?","?","M"],"items_purchased_type":["Card","Card","Relic"],"build_version":"2020-11-30","purchased_purges":2,"victory":false,"max_hp_per_floor":[70,70,70,70,70,70,70,70,70,70,70,70,70,70,70,70,70,70,70,70,70,70,70,70,70,70,70,70,70,70,70],"relic_stats":{"Blood Vial":12,"Centennial Puzzle":[21],"Shovel":0,"counters":[12,63],"Golden Idol":70,"HoveringKite":[6],"Tiny Chest":0,"Bag of Preparation":[18],"Orichalcum":[0],"MawBank":156,"obtain_stats":[{"Blood Vial":14,"Centennial Puzzle":11,"Shovel":28,"NeowsBlessing":0,"Golden Idol":4,"HoveringKite":17,"Tiny Chest":26,"Bag of Preparation":6,"Orichalcum":24,"MawBank":9,"Sling":22,"Ring of the Snake":0},{"Blood Vial":6,"Centennial Puzzle":5,"Shovel":11,"NeowsBlessing":0,"Golden Idol":2,"HoveringKite":7,"Tiny Chest":11,"Bag of Preparation":3,"Orichalcum":11,"MawBank":4,"Sling":10,"Ring of the Snake":0},{"Blood Vial":21,"Centennial Puzzle":16,"Shovel":61,"NeowsBlessing":0,"Golden Idol":2,"HoveringKite":31,"Tiny Chest":61,"Bag of Preparation":3,"Orichalcum":61,"MawBank":8,"Sling":53,"Ring of the Snake":0}],"Ring of the Snake":[24]},"card_choices":[{"not_picked":["Sucker Punch","PiercingWail"],"picked":"Cloak And Dagger","floor":1},{"not_picked":["Underhanded Strike","Poisoned Stab"],"picked":"Cloak And Dagger","floor":2},{"not_picked":["Deflect","Poisoned Stab"],"picked":"Cloak And Dagger","floor":6},{"not_picked":["Slice","Deflect"],"picked":"Dagger Spray","floor":8},{"not_picked":["Reflex","Sucker Punch"],"picked":"Skewer","floor":11},{"not_picked":["Masterful Stab","Sucker Punch"],"picked":"Finisher","floor":14},{"not_picked":["Envenom","Corpse Explosion"],"picked":"A Thousand Cuts","floor":16},{"not_picked":["All Out Attack","Dagger Spray"],"picked":"Distraction+1","floor":18},{"not_picked":["Cloak And Dagger","Underhanded Strike"],"picked":"Backflip","floor":20},{"not_picked":["Slice+1","Accuracy"],"picked":"Footwork","floor":21},{"not_picked":["Tactician","Blur","Dagger Spray"],"picked":"SKIP","floor":24}],"player_experience":235563,"relics_obtained":[{"floor":6,"key":"Bag of Preparation"},{"floor":9,"key":"MawBank"},{"floor":11,"key":"Centennial Puzzle"},{"floor":14,"key":"Blood Vial"},{"floor":24,"key":"Orichalcum"},{"floor":26,"key":"Tiny Chest"}],"event_choices":[{"damage_healed":0,"gold_gain":0,"cards_transformed":["Defend_G"],"player_choice":"Change","damage_taken":0,"max_hp_gain":0,"max_hp_loss":0,"event_name":"Living Wall","floor":3,"gold_loss":0,"cards_obtained":["Crippling Poison"]},{"damage_healed":0,"gold_gain":0,"player_choice":"Take Damage","damage_taken":17,"relics_obtained":["Golden Idol"],"max_hp_gain":0,"max_hp_loss":0,"event_name":"Golden Idol","floor":4,"gold_loss":0},{"cards_removed":["Strike_G"],"damage_healed":0,"gold_gain":0,"player_choice":"Card Removal","damage_taken":0,"max_hp_gain":0,"max_hp_loss":0,"event_name":"The Cleric","floor":7,"gold_loss":50},{"damage_healed":23,"gold_gain":0,"player_choice":"Banana","damage_taken":0,"max_hp_gain":0,"max_hp_loss":0,"event_name":"Big Fish","floor":12,"gold_loss":0},{"cards_removed":["Strike_G"],"damage_healed":0,"gold_gain":0,"player_choice":"Purged","damage_taken":0,"max_hp_gain":0,"max_hp_loss":0,"event_name":"Purifier","floor":19,"gold_loss":0}],"is_beta":false,"boss_relics":[{"not_picked":["Astrolabe","Ectoplasm"],"picked":"HoveringKite"}],"items_purged_floors":[22,27],"is_endless":false,"potions_floor_spawned":[8,11,14,16,20],"killed_by":"theJungle:Snecko_Cultist_And_Trap","ascension_level":7}}