{"host":"usrgk25etjl0nf5i","time":1607664514,"event":{"mods":["2.2 Compatiblity","BaseMod","Downfall","Hermit","Hubris","Minty Spire (QoL Compilation)","StSLib","SuperFastMode","The Disciple","The Hierophant"],"gold_per_floor":[119,138,138,88,163,163,193,205,217,209,236,277,309,321,333,449,461,462,474,474],"floor_reached":19,"playtime":846,"items_purged":[],"score":326,"play_id":"5e12f4d2-2d0c-4649-9ddf-37db8e12c3b9","local_time":"20201210212834","is_ascension_mode":true,"campfire_choices":[{"data":"Fusion","floor":6,"key":"SMITH"},{"floor":8,"key":"REST"},{"floor":15,"key":"REST"}],"circlet_count":0,"master_deck":["Strike_B","Defend_B","Defend_B","Defend_B","Zap","Dualcast","Hologram","Fusion+1","Beam Cell","White Noise","Streamline","Rebound","Core Surge","Reinforced Body+1","All For One+1","Multi-Cast+1","White Noise"],"relics":["Cracked Core","hubris:Icosahedron","MawBank","hubris:Zylophone","hubris:Towel","Astrolabe"],"acts_visited":["Exordium","TheCity"],"potions_floor_usage":[12,12,16,18],"damage_taken":[{"damage":3,"enemies":"2 Louse","floor":1,"turns":3},{"damage":0,"enemies":"Small Slimes","floor":2,"turns":3},{"damage":44,"enemies":"Lagavulin","floor":7,"turns":9},{"damage":1,"enemies":"Cultist","floor":11,"turns":4},{"damage":37,"enemies":"3 Sentries","floor":12,"turns":9},{"damage":0,"enemies":"Large Slime","floor":13,"turns":3},{"damage":0,"enemies":"Slime Boss","floor":16,"turns":7},{"damage":22,"enemies":"2 Thieves","floor":18,"turns":4},{"damage":47,"enemies":"3 Byrds","floor":19,"turns":4}],"seed_played":"-5520383104471555678","potions_obtained":[{"floor":2,"key":"LiquidMemories"},{"floor":10,"key":"Strength Potion"},{"floor":11,"key":"BlessingOfTheForge"},{"floor":13,"key":"Guardian:BlockOnCardUsePotion"}],"is_trial":false,"path_per_floor":["M","M","?","?","?","R","E","R","T","?","M","E","M","?","R","B",null,"M","M"],"character_chosen":"DEFECT","items_purchased":[],"campfire_rested":2,"item_purchase_floors":[],"current_hp_per_floor":[72,72,72,72,61,61,17,41,41,41,40,3,3,3,27,27,68,46,0,0],"gold":474,"neow_bonus":"TEN_PERCENT_HP_BONUS","is_daily":false,"chose_seed":false,"campfire_upgraded":1,"win_rate":0.0,"timestamp":1607664514,"path_taken":["M","M","?","?","?","R","E","R","T","?","M","E","?","?","R","BOSS","M","M"],"items_purchased_type":[],"build_version":"2020-11-30","purchased_purges":0,"victory":false,"max_hp_per_floor":[82,82,82,82,82,82,82,82,82,82,82,82,82,82,82,82,82,82,82,82],"card_choices":[{"not_picked":["Sweeping Beam","Ball Lightning"],"picked":"Hologram","floor":1},{"not_picked":["Undo","Conserve Battery"],"picked":"Fusion","floor":2},{"not_picked":["Biased Cognition","Cold Snap"],"picked":"Beam Cell","floor":7},{"not_picked":["Aggregate","Rebound"],"picked":"White Noise","floor":11},{"not_picked":["hubris:PowerSurge","Ball Lightning"],"picked":"Streamline","floor":12},{"not_picked":["Thunder Strike","Steam"],"picked":"Rebound","floor":13},{"not_picked":["Creative AI","Electrodynamics"],"picked":"Core Surge","floor":16},{"not_picked":["Coolheaded","Chill"],"picked":"White Noise","floor":18}],"player_experience":629055,"relics_obtained":[{"floor":7,"key":"MawBank"},{"floor":12,"key":"hubris:Zylophone"}],"event_choices":[{"cards_removed":["Strike_B"],"damage_healed":0,"gold_gain":0,"player_choice":"Card Removal","damage_taken":0,"max_hp_gain":0,"max_hp_loss":0,"event_name":"The Cleric","floor":4,"gold_loss":50},{"damage_healed":0,"gold_gain":75,"player_choice":"Gather Gold","damage_taken":11,"max_hp_gain":0,"max_hp_loss":0,"event_name":"World of Goop","floor":5,"gold_loss":0},{"damage_healed":0,"gold_gain":0,"player_choice":"Bought 1 Potion","damage_taken":0,"max_hp_gain":0,"max_hp_loss":0,"event_name":"The Woman in Blue","floor":10,"gold_loss":0}],"is_beta":false,"boss_relics":[{"not_picked":["Coffee Dripper","hubris:VirtuousBlindfold"],"picked":"Astrolabe"}],"items_purged_floors":[],"is_endless":false,"potions_floor_spawned":[2,11,13],"killed_by":"3 Byrds","ascension_level":9}}