{"host":"1tl36azeqm6yhdgj","time":1607647896,"event":{"mods":["AchievementEnabler","BaseMod","Minty Spire (QoL Compilation)","StSLib","The IronCluck","everything is the same but u backflip on backflip"],"gold_per_floor":[119,139,155,105,105,105,138,148,148,179,179,194,194,10,10,108,108,122,134,134,134],"floor_reached":20,"playtime":660,"items_purged":[],"score":310,"play_id":"6e1e5ac3-4dd2-4346-839f-28b6827e1953","local_time":"20201210195136","is_ascension_mode":true,"campfire_choices":[{"data":"Whirlwind","floor":6.0,"key":"SMITH"},{"data":"Feed","floor":11.0,"key":"SMITH"},{"floor":15.0,"key":"REST"}],"circlet_count":0,"master_deck":["AscendersBane","Strike_R","Strike_R","Defend_R","Defend_R","Defend_R","Defend_R","Bash","Twin Strike","Clash","Whirlwind+1","Disarm","Feed+1","Anger","Pummel","Inflame","Barricade","Shrug It Off+1"],"relics":["Black Blood","Unceasing Top","Letter Opener","Self Forming Clay","Boot"],"acts_visited":["Exordium","TheCity"],"potions_floor_usage":[20],"damage_taken":[{"damage":0.0,"enemies":"Small Slimes","floor":1.0,"turns":3.0},{"damage":9.0,"enemies":"2 Louse","floor":2.0,"turns":2.0},{"damage":1.0,"enemies":"Cultist","floor":3.0,"turns":3.0},{"damage":39.0,"enemies":"Lagavulin","floor":7.0,"turns":7.0},{"damage":8.0,"enemies":"Blue Slaver","floor":8.0,"turns":5.0},{"damage":34.0,"enemies":"Gremlin Nob","floor":10.0,"turns":4.0},{"damage":11.0,"enemies":"Gremlin Gang","floor":12.0,"turns":4.0},{"damage":35.0,"enemies":"Hexaghost","floor":16.0,"turns":12.0},{"damage":59.0,"enemies":"Chosen","floor":18.0,"turns":9.0},{"damage":23.0,"enemies":"Spheric Guardian","floor":19.0,"turns":5.0},{"damage":36,"enemies":"Cultist and Chosen","floor":20,"turns":6}],"seed_played":"-7854083674587628220","potions_obtained":[{"floor":2.0,"key":"Strength Potion"},{"floor":10.0,"key":"ColorlessPotion"},{"floor":12.0,"key":"Dexterity Potion"},{"floor":18.0,"key":"PowerPotion"}],"is_trial":false,"path_per_floor":["M","M","M","?","?","R","E","M","T","E","R","M","?","$","R","B",null,"M","M","M"],"character_chosen":"IRONCLAD","items_purchased":["Boot","Inflame"],"campfire_rested":1,"item_purchase_floors":[14,14],"current_hp_per_floor":[86,83,88,88,88,88,55,56,56,28,28,27,27,27,55,26,78,35,24,0,0],"gold":134,"neow_bonus":"TEN_PERCENT_HP_BONUS","is_daily":false,"chose_seed":false,"campfire_upgraded":2,"win_rate":0.0,"timestamp":1607647896,"path_taken":["M","M","M","?","?","R","E","M","T","E","R","?","?","$","R","BOSS","M","M","M"],"items_purchased_type":["Relic","Card"],"build_version":"2020-11-30","purchased_purges":0,"victory":false,"max_hp_per_floor":[88,88,88,88,88,88,88,91,91,91,91,95,95,95,95,95,95,99,99,103,103],"card_choices":[{"not_picked":["Shrug It Off","Power Through"],"picked":"Twin Strike","floor":1.0},{"not_picked":["Shockwave","Iron Wave"],"picked":"Clash","floor":2.0},{"not_picked":["Perfected Strike","Wild Strike"],"picked":"Whirlwind","floor":3.0},{"not_picked":["Twin Strike","Uppercut"],"picked":"Feed","floor":7.0},{"not_picked":["Clothesline","Rampage"],"picked":"Anger","floor":8.0},{"not_picked":["Sentinel","Blood for Blood","Wild Strike"],"picked":"SKIP","floor":10.0},{"not_picked":["Havoc","Clash"],"picked":"Pummel","floor":12.0},{"not_picked":["Immolate","Corruption"],"picked":"Barricade","floor":16.0},{"not_picked":["Searing Blow","Twin Strike"],"picked":"Shrug It Off+1","floor":18.0},{"not_picked":["Iron Wave+1","Shrug It Off","Evolve+1"],"picked":"SKIP","floor":19.0}],"player_experience":1907695,"relics_obtained":[{"floor":7.0,"key":"Unceasing Top"},{"floor":9.0,"key":"Letter Opener"},{"floor":10.0,"key":"Self Forming Clay"}],"event_choices":[{"cards_removed":["Strike_R"],"damage_healed":0.0,"max_hp_gain":0.0,"max_hp_loss":0.0,"gold_gain":0.0,"event_name":"The Cleric","player_choice":"Card Removal","floor":4.0,"gold_loss":50.0,"damage_taken":0.0},{"damage_healed":0.0,"max_hp_gain":0.0,"max_hp_loss":0.0,"gold_gain":0.0,"cards_transformed":["Strike_R"],"event_name":"Transmorgrifier","player_choice":"Transformed","floor":5.0,"gold_loss":0.0,"damage_taken":0.0,"cards_obtained":["Disarm"]},{"cards_removed":["Strike_R"],"damage_healed":0.0,"max_hp_gain":0.0,"max_hp_loss":0.0,"gold_gain":0.0,"event_name":"Purifier","player_choice":"Purged","floor":13.0,"gold_loss":0.0,"damage_taken":0.0}],"is_beta":false,"boss_relics":[{"not_picked":["Philosopher\u0027s Stone","Busted Crown"],"picked":"Black Blood"}],"items_purged_floors":[],"is_endless":false,"potions_floor_spawned":[2,10,12,18],"killed_by":"Cultist and Chosen","ascension_level":11}}