{"host":"euxu1mievofb6v1l","time":1607716769,"event":{"mods":["AchievementEnabler","BaseMod","DeckTracker","KOR Keyword Fix","Minty Spire (QoL Compilation)","Permanent Neow","Quick Restart","StSLib","everything is the same but u backflip on backflip"],"gold_per_floor":[2117,2117,1367,1317,1337,1368,1386,1386,1411,1436,755,772,790,577,577,680,680,696,713,736,119,136,161,178,128,155,170,201,201,233,250,250,352,352,370,380,418,418,428,459,471,483,495,507,589,19,39,56,56,56],"floor_reached":51,"playtime":3102,"items_purged":["Strike_B","Strike_B","Defend_B","Defend_B","Static Discharge+1"],"score":1047,"play_id":"2027bec3-4eb6-4d1b-8d9a-b900fab97ab2","local_time":"20201212045929","is_ascension_mode":false,"campfire_choices":[{"data":"Genetic Algorithm","floor":15,"key":"SMITH"},{"data":"The Bomb","floor":29,"key":"SMITH"},{"data":"Double Energy","floor":32,"key":"SMITH"},{"data":"Reboot","floor":41,"key":"SMITH"},{"data":"Apotheosis","floor":49,"key":"SMITH"}],"circlet_count":0,"master_deck":["Zap+1","Dualcast","FTL","Genetic Algorithm+1","Go for the Eyes","Compile Driver","Go for the Eyes","Coolheaded","Genetic Algorithm","Genetic Algorithm+1","The Bomb+1","Gash","Double Energy+1","Reboot","Gash","Coolheaded","Redo","Gash","Melter+1","Loop","Capacitor+1","Reboot+1","Doom and Gloom+1","Darkness+1","Cold Snap+1","Loop+1","Cold Snap","Coolheaded","Defragment","Redo+1","Lockon","Dark Shackles","Apotheosis+1","Transmutation","Gash","Double Energy","Blizzard+1"],"relics":["Cracked Core","NeowsBlessing","Tiny Chest","Blood Vial","Chemical X","Smiling Mask","Vajra","Eternal Feather","Oddly Smooth Stone","Nunchaku","Sling","Meat on the Bone","Anchor","Frozen Eye","Black Star","Pen Nib","Ornamental Fan","Gremlin Horn","Boot","Bronze Scales","Centennial Puzzle","Sundial","Bag of Preparation","Darkstone Periapt","Art of War","Astrolabe","Thread and Needle","CaptainsWheel","Toolbox","Shuriken","MawBank","Pocketwatch","Bottled Lightning","Mercury Hourglass","Girya","Frozen Egg 2"],"acts_visited":["Exordium","TheCity","TheBeyond"],"potions_floor_usage":[3,10,12,14,14,16,16,23,24,28,33,35,39,40,50],"damage_taken":[{"damage":0,"enemies":"Small Slimes","floor":1,"turns":1},{"damage":0,"enemies":"2 Louse","floor":5,"turns":1},{"damage":0,"enemies":"Gremlin Nob","floor":6,"turns":1},{"damage":0,"enemies":"Jaw Worm","floor":7,"turns":3},{"damage":28,"enemies":"Lagavulin","floor":10,"turns":6},{"damage":0,"enemies":"Exordium Wildlife","floor":12,"turns":4},{"damage":1,"enemies":"Exordium Thugs","floor":13,"turns":4},{"damage":16,"enemies":"Slime Boss","floor":16,"turns":7},{"damage":9,"enemies":"3 Byrds","floor":18,"turns":3},{"damage":0,"enemies":"Chosen","floor":19,"turns":4},{"damage":10,"enemies":"3 Cultists","floor":22,"turns":3},{"damage":9,"enemies":"Gremlin Leader","floor":23,"turns":4},{"damage":0,"enemies":"Cultist and Chosen","floor":24,"turns":5},{"damage":0,"enemies":"Centurion and Healer","floor":27,"turns":5},{"damage":0,"enemies":"Slavers","floor":28,"turns":2},{"damage":16,"enemies":"Book of Stabbing","floor":30,"turns":4},{"damage":0,"enemies":"Snecko","floor":31,"turns":4},{"damage":21,"enemies":"Champ","floor":33,"turns":8},{"damage":0,"enemies":"3 Darklings","floor":35,"turns":4},{"damage":7,"enemies":"Orb Walker","floor":36,"turns":2},{"damage":12,"enemies":"3 Darklings","floor":39,"turns":3},{"damage":0,"enemies":"Giant Head","floor":40,"turns":7},{"damage":0,"enemies":"Transient","floor":47,"turns":5},{"damage":0,"enemies":"Writhing Mass","floor":48,"turns":2},{"damage":73,"enemies":"Awakened One","floor":50,"turns":9}],"seed_played":"3716944707998675974","potions_obtained":[{"floor":5,"key":"Strength Potion"},{"floor":6,"key":"DuplicationPotion"},{"floor":13,"key":"Swift Potion"},{"floor":18,"key":"Fire Potion"},{"floor":23,"key":"DistilledChaos"},{"floor":27,"key":"AttackPotion"},{"floor":31,"key":"ColorlessPotion"},{"floor":33,"key":"Block Potion"},{"floor":35,"key":"Fruit Juice"},{"floor":39,"key":"FocusPotion"},{"floor":47,"key":"Regen Potion"}],"is_trial":false,"path_per_floor":["M","?","$","?","M","E","M","?","T","E","$","M","M","$","R","B",null,"M","M","T","$","M","E","M","?","T","M","E","R","E","M","R","B",null,"M","M","$","T","M","E","R","?","T","?","T","$","M","M","R","B",null],"character_chosen":"DEFECT","items_purchased":["Tiny Chest","Blood Vial","Chemical X","Genetic Algorithm","Go for the Eyes","Fruit Juice","Oddly Smooth Stone","Nunchaku","Sling","FairyPotion","Go for the Eyes","Coolheaded","The Bomb","Meat on the Bone","Anchor","Frozen Eye","Gash","Fruit Juice","Fruit Juice","Double Energy","Self Repair","Ancient Potion","Ornamental Fan","Gremlin Horn","Coolheaded","Thread and Needle","Cold Snap","Coolheaded","CaptainsWheel","Toolbox","Defragment","Gash","Girya","Frozen Egg 2"],"campfire_rested":0,"item_purchase_floors":[3,3,3,3,3,3,11,11,11,11,11,11,14,14,14,14,14,14,14,14,14,14,21,21,21,37,37,37,37,37,37,46,46,46],"current_hp_per_floor":[75,75,80,80,80,80,80,64,64,38,38,40,41,51,60,53,90,88,90,90,90,80,80,89,89,89,90,90,90,81,90,90,69,90,95,88,88,88,85,94,95,95,95,85,85,85,87,89,95,42],"gold":56,"neow_bonus":"THREE_ENEMY_KILL","is_daily":false,"chose_seed":false,"campfire_upgraded":5,"win_rate":0.0,"timestamp":1607716769,"path_taken":["M","?","$","?","M","E","M","?","T","E","$","M","M","?","R","BOSS","M","M","?","?","M","E","M","?","T","M","E","R","E","?","R","BOSS","M","M","$","?","?","E","R","?","T","?","?","?","M","?","R","BOSS"],"items_purchased_type":["Relic","Relic","Relic","Card","Card","Potion","Relic","Relic","Relic","Potion","Card","Card","Card","Relic","Relic","Relic","Card","Potion","Potion","Card","Card","Potion","Relic","Relic","Card","Relic","Card","Card","Relic","Relic","Card","Card","Relic","Relic"],"build_version":"2020-11-30","purchased_purges":5,"victory":true,"max_hp_per_floor":[75,75,80,80,80,80,80,80,80,80,80,80,80,90,90,90,90,90,90,90,90,90,90,90,90,90,90,90,90,90,90,90,90,90,95,95,95,95,95,95,95,95,95,95,95,95,95,95,95,95],"card_choices":[{"not_picked":["Conserve Battery","Sweeping Beam"],"picked":"FTL","floor":1},{"not_picked":["Rebound","Auto Shields","White Noise"],"picked":"SKIP","floor":5},{"not_picked":["Static Discharge","Heatsinks"],"picked":"Compile Driver","floor":6},{"not_picked":["Sweeping Beam","Ball Lightning"],"picked":"Blizzard","floor":7},{"not_picked":["Sweeping Beam","Undo","Doom and Gloom"],"picked":"SKIP","floor":10},{"not_picked":["Hologram","Streamline"],"picked":"Genetic Algorithm","floor":12},{"not_picked":["Barrage","Stack"],"picked":"Genetic Algorithm","floor":13},{"not_picked":["Creative AI","Core Surge"],"picked":"Reboot","floor":16},{"not_picked":["Reinforced Body+1","Conserve Battery","Streamline"],"picked":"SKIP","floor":18},{"not_picked":["Storm","Streamline+1"],"picked":"Gash","floor":19},{"not_picked":["Compile Driver","Sweeping Beam"],"picked":"Redo","floor":22},{"not_picked":["Static Discharge","Lockon","Meteor Strike"],"picked":"SKIP","floor":23},{"not_picked":["Sweeping Beam","Rip and Tear"],"picked":"Gash","floor":24},{"not_picked":["Cold Snap+1","Sweeping Beam"],"picked":"Melter+1","floor":27},{"not_picked":["Ball Lightning","Beam Cell"],"picked":"Loop","floor":28},{"not_picked":["Reprogram","Rebound","Conserve Battery"],"picked":"SKIP","floor":30},{"not_picked":["Barrage","Sweeping Beam"],"picked":"Capacitor+1","floor":31},{"not_picked":["Electrodynamics","Amplify"],"picked":"Reboot","floor":33},{"not_picked":["Ball Lightning","Steam"],"picked":"Cold Snap+1","floor":35},{"not_picked":["Hologram+1","Streamline"],"picked":"Loop+1","floor":36},{"not_picked":["Self Repair+1","Defragment+1"],"picked":"Redo+1","floor":39},{"not_picked":["Storm","Sweeping Beam+1"],"picked":"Lockon","floor":40},{"not_picked":["Mayhem","Blind"],"picked":"Dark Shackles","floor":44},{"not_picked":["Dark Shackles","Panacea"],"picked":"Apotheosis","floor":44},{"not_picked":["Dark Shackles","Secret Weapon"],"picked":"Transmutation","floor":44},{"not_picked":["Beam Cell","Streamline"],"picked":"Double Energy","floor":47},{"not_picked":["Redo","Conserve Battery"],"picked":"Blizzard+1","floor":48}],"player_experience":101711,"relics_obtained":[{"floor":6,"key":"Smiling Mask"},{"floor":9,"key":"Vajra"},{"floor":10,"key":"Eternal Feather"},{"floor":20,"key":"Pen Nib"},{"floor":23,"key":"Boot"},{"floor":23,"key":"Bronze Scales"},{"floor":26,"key":"Centennial Puzzle"},{"floor":28,"key":"Sundial"},{"floor":28,"key":"Bag of Preparation"},{"floor":30,"key":"Darkstone Periapt"},{"floor":30,"key":"Art of War"},{"floor":38,"key":"Shuriken"},{"floor":40,"key":"MawBank"},{"floor":40,"key":"Pocketwatch"},{"floor":43,"key":"Bottled Lightning"},{"floor":45,"key":"Mercury Hourglass"}],"event_choices":[{"cards_removed":["Strike_B"],"damage_healed":0,"gold_gain":0,"player_choice":"Forget","damage_taken":0,"max_hp_gain":0,"max_hp_loss":0,"event_name":"Living Wall","floor":2,"gold_loss":0},{"cards_removed":["Strike_B"],"damage_healed":0,"gold_gain":0,"player_choice":"Card Removal","damage_taken":0,"max_hp_gain":0,"max_hp_loss":0,"event_name":"The Cleric","floor":4,"gold_loss":50},{"damage_healed":0,"gold_gain":0,"player_choice":"Entered Light","damage_taken":16,"max_hp_gain":0,"max_hp_loss":0,"event_name":"Shining Light","floor":8,"gold_loss":0,"cards_upgraded":["Zap","Genetic Algorithm"]},{"damage_healed":0,"gold_gain":0,"player_choice":"Bet on Murderer","damage_taken":0,"max_hp_gain":0,"max_hp_loss":0,"event_name":"The Joust","floor":25,"gold_loss":50},{"cards_removed":["Self Repair"],"damage_healed":0,"gold_gain":0,"player_choice":"Removed Power","damage_taken":0,"max_hp_gain":0,"max_hp_loss":0,"event_name":"Falling","floor":42,"gold_loss":0},{"damage_healed":0,"gold_gain":0,"player_choice":"Memory 3","damage_taken":10,"max_hp_gain":0,"max_hp_loss":0,"event_name":"SensoryStone","floor":44,"gold_loss":0}],"is_beta":false,"boss_relics":[{"not_picked":["Empty Cage","Coffee Dripper"],"picked":"Black Star"},{"not_picked":["Runic Pyramid","Runic Dome"],"picked":"Astrolabe"}],"items_purged_floors":[3,11,14,21,37],"is_endless":false,"potions_floor_spawned":[5,6,13,18,23,27,31,33,35,39,47],"ascension_level":0}}