{"host":"9mnb7pbo3pfmmmyl","time":1607723130,"event":{"mods":["Aspiration","BaseMod","Highlight Path","Lobotomy","Minty Spire (QoL Compilation)","MostiFishMod","Shop Mod","StSLib","TestMod","¡¾ÒÅÎï¿¨ÅÆ¡¿REMEMod","óô»ðÖ¸ÄÏ"],"gold_per_floor":[-1290,-1290,-1271,-1271,-1256,-1224,-1205,-1189,-1189,-1162,-1162,-1128,-1128,-1096,-1096,-985,-985,-952,-940,-841,-823,-823,-784,-762,-721,-721,-680,-616,-583,-583,-562,-562,-457,-457,-433,-433,-417,-399,-399,-367,-339,-310,-287,-265,-226,-203,-203,-181,-181,-172,-172],"floor_reached":50,"playtime":1757,"items_purged":[],"score":1121,"play_id":"c525332f-892a-4f21-9e03-1f87617ce3a5","local_time":"20201212054530","is_ascension_mode":true,"campfire_choices":[{"floor":11.0,"key":"REST"},{"data":"GrinderMk4","floor":15.0,"key":"SMITH"},{"floor":30.0,"key":"RECALL"},{"data":"Cloak And Dagger","floor":32.0,"key":"SMITH"},{"data":"Vigilance","floor":49,"key":"SMITH"}],"circlet_count":0,"master_deck":["Eruption+1","Vigilance+1","GrinderMk4+1","Injury","MostiFishMod:LegendTransform","Pommel Strike+1","MostiFishMod:FourSeasons+1","Tactician+1","Cloak And Dagger+1","Bane+1","Hypocrisy+1","Ecstasy+1","TalkToTheHand+1","Poisoned Stab+1","WristCuter+1"],"relics":["PureWater","testmod-TestBox","DaveBox","REME_ComplimentaryCards","SynthV:MejaisSoulstealer","testmod-BatchProcessingSystem","CogitoBucket","RabbitCall","Question Card","PrismaticShard","Molten Egg 2","Centennial Puzzle","Unceasing Top","REME_HandOfSuture","testmod-IndustrialRevolution","testmod-TheFather","ImportantClient","Pandora\u0027s Box","AspirationHeart","Gambling Chip","Bag of Preparation","Pen Nib","aspiration:SneckoTail","HellTrain","testmod-Justice","RhineSuit","Blood Vial","Darkstone Periapt","StrikeDummy"],"acts_visited":["Exordium","TheCity","TheBeyond"],"potions_floor_usage":[],"damage_taken":[{"damage":1.0,"enemies":"Cultist","floor":1.0,"turns":4.0},{"damage":0.0,"enemies":"Small Slimes","floor":3.0,"turns":2.0},{"damage":0.0,"enemies":"2 Louse","floor":5.0,"turns":2.0},{"damage":7.0,"enemies":"Gremlin Nob","floor":6.0,"turns":3.0},{"damage":0.0,"enemies":"Gremlin Gang","floor":7.0,"turns":2.0},{"damage":32.0,"enemies":"Blue Slaver","floor":8.0,"turns":4.0},{"damage":7.0,"enemies":"3 Sentries","floor":10.0,"turns":4.0},{"damage":0.0,"enemies":"Lagavulin","floor":12.0,"turns":2.0},{"damage":0.0,"enemies":"Gremlin Nob","floor":14.0,"turns":1.0},{"damage":0.0,"enemies":"The Guardian","floor":16.0,"turns":2.0},{"damage":7.0,"enemies":"2 Thieves","floor":18.0,"turns":2.0},{"damage":0.0,"enemies":"Shell Parasite","floor":19.0,"turns":1.0},{"damage":0.0,"enemies":"Snake Plant","floor":21.0,"turns":1.0},{"damage":0.0,"enemies":"Slavers","floor":23.0,"turns":1.0},{"damage":0.0,"enemies":"Cultist and Chosen","floor":24.0,"turns":1.0},{"damage":0.0,"enemies":"Gremlin Leader","floor":25.0,"turns":1.0},{"damage":0.0,"enemies":"Slavers","floor":27.0,"turns":1.0},{"damage":0.0,"enemies":"Sentry and Sphere","floor":28.0,"turns":2.0},{"damage":0.0,"enemies":"Book of Stabbing","floor":29.0,"turns":1.0},{"damage":0.0,"enemies":"3 Cultists","floor":31.0,"turns":1.0},{"damage":4.0,"enemies":"Automaton","floor":33.0,"turns":1.0},{"damage":0.0,"enemies":"3 Darklings","floor":35.0,"turns":1.0},{"damage":1.0,"enemies":"3 Shapes","floor":37.0,"turns":1.0},{"damage":0.0,"enemies":"3 Darklings","floor":38.0,"turns":1.0},{"damage":0.0,"enemies":"Giant Head","floor":40.0,"turns":1.0},{"damage":0.0,"enemies":"Transient","floor":41.0,"turns":2.0},{"damage":0.0,"enemies":"Nemesis","floor":42.0,"turns":1.0},{"damage":0.0,"enemies":"4 Shapes","floor":44.0,"turns":1.0},{"damage":0.0,"enemies":"Giant Head","floor":45.0,"turns":1.0},{"damage":0.0,"enemies":"Maw","floor":46.0,"turns":1.0},{"damage":0,"enemies":"Jaw Worm Horde","floor":48,"turns":1},{"damage":158,"enemies":"FixerMidnight","floor":50,"turns":1}],"seed_played":"652183889040246689","potions_obtained":[{"floor":7.0,"key":"Swift Potion"},{"floor":10.0,"key":"SteroidPotion"},{"floor":14.0,"key":"Ambrosia"},{"floor":16.0,"key":"Swift Potion"},{"floor":28.0,"key":"PowerPotion"}],"is_trial":false,"path_per_floor":["M","?","M","?","M","E","M","M","T","E","R","E","?","E","R","B",null,"M","M","?","M","?","E","M","E","T","E","M","E","R","M","R","B",null,"M","$","M","M","?","E","M","E","T","M","E","M","?","M","R","B"],"character_chosen":"WATCHER","items_purchased":[],"campfire_rested":1,"item_purchase_floors":[],"current_hp_per_floor":[71,57,57,57,57,50,50,18,18,11,32,32,32,32,32,32,72,75,75,75,75,75,75,75,75,75,75,75,75,75,75,75,71,82,82,82,81,81,81,81,82,82,82,82,82,82,82,82,82,0,0],"gold":-172,"neow_bonus":"","is_daily":false,"chose_seed":false,"campfire_upgraded":3,"win_rate":0.0,"timestamp":1607723130,"path_taken":["M","?","M","?","M","E","M","M","T","E","R","E","?","E","R","BOSS","M","M","?","M","?","E","M","E","T","E","M","E","R","M","R","BOSS","M","?","M","?","?","E","M","E","T","?","E","?","?","M","R","BOSS"],"items_purchased_type":[],"build_version":"2020-11-30","purchased_purges":0,"victory":false,"max_hp_per_floor":[72,72,72,72,72,72,72,72,72,72,72,72,72,72,72,72,72,82,82,82,82,82,82,82,82,82,82,82,82,82,82,82,82,82,82,82,82,82,82,82,82,82,82,82,82,82,82,82,82,82,82],"card_choices":[{"not_picked":["EmptyBody","Crescendo","MostiFishMod:Clarity"],"picked":"SKIP","floor":1.0},{"not_picked":["testmod-TemporaryDeletion","MostiFishMod:PerfectForm","Bouncing Flask","Searing Blow"],"picked":"SKIP","floor":3.0},{"not_picked":["Gash+1","LifeForTheDareDevil","CUTE"],"picked":"MostiFishMod:LegendTransform","floor":5.0},{"not_picked":["Cleave+1","Poisoned Stab+1","Quick Slash+1"],"picked":"Pommel Strike+1","floor":6.0},{"not_picked":["Noise","Wingbeat","MostiFishMod:BrandingRite"],"picked":"MostiFishMod:FourSeasons+1","floor":7.0},{"not_picked":["Perfected Strike+1","Choke+1","Poisoned Stab+1","REME_ShortnessOfBreath"],"picked":"SKIP","floor":8.0},{"not_picked":["Lamp+1","Heatsinks","MostiFishMod:ChineseTea","MostiFishMod:ThornCasing"],"picked":"SKIP","floor":10.0},{"not_picked":["All Out Attack+1","Iron Wave+1","Cold Snap+1","Conserve Battery"],"picked":"SKIP","floor":12.0},{"not_picked":["REME_ShortnessOfBreath","Barrage+1","Prostrate","Carnage+1"],"picked":"SKIP","floor":14.0},{"not_picked":["Galaxy","Reinforced Body+1","FlurryOfBlows+1","Havoc"],"picked":"SKIP","floor":18.0},{"not_picked":["Crescendo","Accuracy","Tough+1"],"picked":"Hypocrisy+1","floor":19.0},{"not_picked":["Go for the Eyes+1","Fire Breathing+1","REME_Whirling+1"],"picked":"Ecstasy+1","floor":21.0},{"not_picked":["Laetitia_ego","Carnage+1","Thunderclap+1","Amplify"],"picked":"SKIP","floor":23.0},{"not_picked":["MentalFortress","MostiFishMod:Clarity","Prepared","Evolve"],"picked":"SKIP","floor":24.0},{"not_picked":["Dagger Spray+1","Ball Lightning+1","Uppercut+1","Deadly Poison+1"],"picked":"SKIP","floor":25.0},{"not_picked":["Demon Form","Barrage+1","Halt"],"picked":"Poisoned Stab+1","floor":27.0},{"not_picked":["Poisoned Stab+1","Turbo","Horn+1","MostiFishMod:InvigoratingSolution"],"picked":"SKIP","floor":28.0},{"not_picked":["Redo","Static Discharge","Coolheaded","Blur"],"picked":"SKIP","floor":29.0},{"not_picked":["testmod-Collector+1","SwordSharpenedByTears+1","Coolheaded","BowlingBash+1"],"picked":"SKIP","floor":31.0},{"not_picked":["Thunderclap+1","Deadly Poison+1","Steam+1"],"picked":"WristCuter+1","floor":35.0},{"not_picked":["Nirvana+1","Madness","Redo+1","CutThroughFate+1"],"picked":"SKIP","floor":37.0},{"not_picked":["Predator+1","Reinforced Body","testmod-FightingIntention","Dark Shackles"],"picked":"SKIP","floor":38.0},{"not_picked":["Cold Snap+1","Consume","Defragment","Blizzard+1"],"picked":"SKIP","floor":40.0},{"not_picked":["Shrug It Off+1","Outmaneuver+1","Vengeance+1","Body Slam+1"],"picked":"SKIP","floor":41.0},{"not_picked":["PiercingWail+1","Crippling Poison+1","Heavy Blade+1","Thunderclap+1"],"picked":"SKIP","floor":42.0},{"not_picked":["Consecrate+1","Pummel+1","FourthMatchFlame+1","Rebound+1"],"picked":"SKIP","floor":44.0},{"not_picked":["Blood for Blood+1","Choke+1","Hologram+1","Aggregate+1"],"picked":"SKIP","floor":45.0},{"not_picked":["Loneliness+1","CrushJoints+1","Coolheaded","MostiFishMod:LegendTransform"],"picked":"SKIP","floor":46.0},{"not_picked":["REME_Repentance+1","CrushJoints+1","testmod-TradeIn","BlackSwan_ego"],"picked":"SKIP","floor":48}],"player_experience":472379,"relics_obtained":[{"floor":1.0,"key":"Question Card"},{"floor":1.0,"key":"PrismaticShard"},{"floor":6.0,"key":"Centennial Puzzle"},{"floor":9.0,"key":"Unceasing Top"},{"floor":10.0,"key":"REME_HandOfSuture"},{"floor":12.0,"key":"testmod-IndustrialRevolution"},{"floor":14.0,"key":"testmod-TheFather"},{"floor":16.0,"key":"ImportantClient"},{"floor":23.0,"key":"Gambling Chip"},{"floor":25.0,"key":"Bag of Preparation"},{"floor":26.0,"key":"Pen Nib"},{"floor":27.0,"key":"aspiration:SneckoTail"},{"floor":29.0,"key":"testmod-Justice"},{"floor":40.0,"key":"Blood Vial"},{"floor":42.0,"key":"Darkstone Periapt"},{"floor":45.0,"key":"StrikeDummy"}],"event_choices":[{"damage_healed":0.0,"max_hp_gain":0.0,"max_hp_loss":0.0,"gold_gain":0.0,"event_name":"Shining Light","player_choice":"Entered Light","floor":2.0,"gold_loss":0.0,"damage_taken":14.0,"cards_upgraded":["Strike_P","Eruption"]},{"damage_healed":0.0,"max_hp_gain":0.0,"max_hp_loss":0.0,"gold_gain":99.0,"event_name":"Nest","player_choice":"Stole From Cult","floor":20.0,"gold_loss":0.0,"damage_taken":0.0},{"damage_healed":0.0,"max_hp_gain":0.0,"max_hp_loss":0.0,"gold_gain":0.0,"event_name":"Match and Keep!","player_choice":"1 cards matched","floor":22.0,"gold_loss":0.0,"damage_taken":0.0,"cards_obtained":["TalkToTheHand"]},{"damage_healed":0.0,"max_hp_gain":0.0,"max_hp_loss":0.0,"gold_gain":0.0,"event_name":"Transmorgrifier","player_choice":"Ignored","floor":39.0,"gold_loss":0.0,"damage_taken":0.0},{"damage_healed":0,"gold_gain":0,"player_choice":"Upgraded","damage_taken":0,"max_hp_gain":0,"max_hp_loss":0,"event_name":"Upgrade Shrine","floor":47,"gold_loss":0,"cards_upgraded":["Tactician"]}],"is_beta":false,"boss_relics":[{"not_picked":["Transparent","REME_DuelDisc"],"picked":"Pandora\u0027s Box"},{"not_picked":["Sozu","MetatronsCube"],"picked":"RhineSuit"}],"items_purged_floors":[],"is_endless":false,"potions_floor_spawned":[7,10,14,16,18,23,28,35,37,41,44],"killed_by":"FixerMidnight","ascension_level":1}}