{"host":"9z9bilz90zy1bfdt","time":1607680480,"event":{"mods":["BaseMod","Minty Spire (QoL Compilation)","StSLib","SuperFastMode"],"gold_per_floor":[113,288,288,288,288,322,112,128,128,145,145,145,145,162,162,260,260,271,291,176,188,199,199,199],"floor_reached":23,"playtime":542,"items_purged":["Strike_P"],"score":339,"play_id":"e132ab29-2333-47d5-a17a-b77142fac86a","local_time":"20201211185440","is_ascension_mode":true,"campfire_choices":[{"data":"Eruption","floor":11,"key":"SMITH"},{"data":"CrushJoints","floor":15,"key":"SMITH"}],"circlet_count":0,"master_deck":["AscendersBane","Strike_P","Strike_P+1","Defend_P","Defend_P+1","Defend_P+1","Defend_P","Eruption+1","Vigilance+1","EmptyBody","EmptyMind+1","CrushJoints+1","Vault","Conclude","LessonLearned","MentalFortress"],"relics":["PureWater","NeowsBlessing","Meat on the Bone","Strawberry","Pen Nib","Vajra","Fusion Hammer"],"acts_visited":["Exordium","TheCity"],"potions_floor_usage":[12,19,23],"damage_taken":[{"damage":0,"enemies":"Jaw Worm","floor":1,"turns":1},{"damage":0,"enemies":"Lagavulin","floor":6,"turns":1},{"damage":0,"enemies":"Small Slimes","floor":8,"turns":1},{"damage":9,"enemies":"2 Louse","floor":10,"turns":2},{"damage":0,"enemies":"Gremlin Nob","floor":12,"turns":3},{"damage":6,"enemies":"Blue Slaver","floor":14,"turns":5},{"damage":29,"enemies":"Hexaghost","floor":16,"turns":9},{"damage":10,"enemies":"Shell Parasite","floor":18,"turns":7},{"damage":0,"enemies":"3 Byrds","floor":19,"turns":6},{"damage":11,"enemies":"Snecko","floor":21,"turns":6},{"damage":14,"enemies":"3 Cultists","floor":22,"turns":5},{"damage":45,"enemies":"Slavers","floor":23,"turns":4}],"seed_played":"7339701062853213757","potions_obtained":[{"floor":6,"key":"SmokeBomb"},{"floor":10,"key":"Fire Potion"},{"floor":21,"key":"PowerPotion"},{"floor":22,"key":"SpeedPotion"}],"is_trial":false,"path_per_floor":["M","?","?","?","?","E","$","M","T","M","R","E","?","M","R","B",null,"M","M","$","M","M","E"],"character_chosen":"WATCHER","items_purchased":["CrushJoints","Pen Nib","MentalFortress"],"campfire_rested":0,"item_purchase_floors":[7,7,20],"current_hp_per_floor":[65,65,51,48,41,48,48,48,48,51,51,51,51,45,45,28,66,56,56,56,45,43,0,0],"gold":199,"neow_bonus":"THREE_ENEMY_KILL","is_daily":false,"chose_seed":false,"campfire_upgraded":2,"win_rate":0.0,"timestamp":1607680480,"path_taken":["M","?","?","?","?","E","?","?","T","M","R","E","?","?","R","BOSS","M","?","$","M","M","E"],"items_purchased_type":["Card","Relic","Card"],"build_version":"2020-11-30","purchased_purges":1,"victory":false,"max_hp_per_floor":[72,72,72,72,72,79,79,79,79,79,79,79,79,79,79,79,79,79,79,79,79,79,79,79],"card_choices":[{"not_picked":["JustLucky","ThirdEye"],"picked":"EmptyBody","floor":1},{"not_picked":["Protect","Halt"],"picked":"EmptyMind","floor":6},{"not_picked":["JustLucky","CarveReality"],"picked":"Vault","floor":8},{"not_picked":["Nirvana","PathToVictory","CutThroughFate"],"picked":"SKIP","floor":10},{"not_picked":["ForeignInfluence","EmptyFist"],"picked":"Conclude","floor":14},{"not_picked":["Judgement","SpiritShield"],"picked":"LessonLearned","floor":16},{"not_picked":["Evaluate+1","Nirvana","Consecrate+1"],"picked":"SKIP","floor":18},{"not_picked":["ThirdEye","Wireheading","SashWhip"],"picked":"SKIP","floor":19},{"not_picked":["ThirdEye","Swivel","BowlingBash"],"picked":"SKIP","floor":21},{"not_picked":["ThirdEye+1","Conclude","Protect"],"picked":"SKIP","floor":22}],"player_experience":313475,"relics_obtained":[{"floor":6,"key":"Strawberry"},{"floor":9,"key":"Vajra"}],"event_choices":[{"damage_healed":0,"gold_gain":175,"player_choice":"AGREE","damage_taken":0,"max_hp_gain":0,"max_hp_loss":0,"event_name":"Liars Game","floor":2,"gold_loss":0,"cards_obtained":["Doubt"]},{"damage_healed":0,"gold_gain":0,"player_choice":"Entered Light","damage_taken":14,"max_hp_gain":0,"max_hp_loss":0,"event_name":"Shining Light","floor":3,"gold_loss":0,"cards_upgraded":["Defend_P","Strike_P"]},{"damage_healed":0,"gold_gain":0,"player_choice":"Success","damage_taken":3,"relics_obtained":["Meat on the Bone"],"max_hp_gain":0,"max_hp_loss":0,"event_name":"Scrap Ooze","floor":4,"gold_loss":0},{"cards_removed":["Doubt"],"damage_healed":0,"gold_gain":0,"player_choice":"Card Removal","damage_taken":7,"max_hp_gain":0,"max_hp_loss":0,"event_name":"Golden Wing","floor":5,"gold_loss":0},{"cards_removed":["Strike_P"],"damage_healed":0,"gold_gain":0,"player_choice":"Purged","damage_taken":0,"max_hp_gain":0,"max_hp_loss":0,"event_name":"Purifier","floor":13,"gold_loss":0}],"is_beta":false,"boss_relics":[{"not_picked":["Coffee Dripper","Velvet Choker"],"picked":"Fusion Hammer"}],"items_purged_floors":[20],"is_endless":false,"potions_floor_spawned":[6,10,12,21,22],"killed_by":"Slavers","ascension_level":10}}