{"host":"8jwif9mna8ud19ho","time":1607667965,"event":{"mods":["BaseMod","Better Vampires","Marisa£¨ìFÓê¡¡Ä§ÀíÉ³£©","Minty Spire (QoL Compilation)","Reimu£¨²©ÀöÁéÃÎ£©","RumiaBox-Â¶Ã×æ«µÄÉñÃØºÐ×Ó","StSLib","¡¾ÒÅÎï¿¨ÅÆ¡¿REMEMod"],"gold_per_floor":[115,115,115,115,128,128,164,164,188,188,22,63,81,105,105,203,203,226,239,289,55,75,75,75],"floor_reached":23,"playtime":917,"items_purged":["Strike_R"],"score":473,"play_id":"ef85d495-756b-4e32-91d6-9ef0324f1619","local_time":"20201211142605","is_ascension_mode":true,"campfire_choices":[{"data":"Armaments","floor":6.0,"key":"SMITH"},{"data":"Body Slam","floor":8.0,"key":"SMITH"},{"data":"Disarm","floor":10.0,"key":"SMITH"},{"data":"Barricade","floor":15.0,"key":"SMITH"}],"circlet_count":0,"master_deck":["AscendersBane","Strike_R","Strike_R","Defend_R","Defend_R","Defend_R","Defend_R","Bash","Feed","Second Wind","Disarm+1","Armaments+1","Body Slam+1","Power Through","Exhume","REME_SingleHolding","Barricade+1","Shrug It Off","Impervious","Feel No Pain","Burning Pact","Warcry+1"],"relics":["Burning Blood","REME_ComplimentaryCards","NeowsBlessing","Golden Idol","Gambling Chip","Orrery","GodSword5","Black Star"],"acts_visited":["Exordium","TheCity"],"potions_floor_usage":[23],"damage_taken":[{"damage":2.0,"enemies":"Jaw Worm","floor":1.0,"turns":2.0},{"damage":0.0,"enemies":"Small Slimes","floor":5.0,"turns":2.0},{"damage":0.0,"enemies":"Gremlin Nob","floor":7.0,"turns":2.0},{"damage":20.0,"enemies":"Lagavulin","floor":12.0,"turns":11.0},{"damage":16.0,"enemies":"2 Louse","floor":13.0,"turns":8.0},{"damage":3.0,"enemies":"Looter","floor":14.0,"turns":4.0},{"damage":36.0,"enemies":"The Guardian","floor":16.0,"turns":14.0},{"damage":0.0,"enemies":"Chosen","floor":18.0,"turns":13.0},{"damage":15.0,"enemies":"Spheric Guardian","floor":19.0,"turns":14.0},{"damage":10.0,"enemies":"Snake Plant","floor":22.0,"turns":7.0},{"damage":49,"enemies":"Slavers","floor":23,"turns":6}],"seed_played":"-3221058954135024194","potions_obtained":[{"floor":5.0,"key":"BlessingOfTheForge"},{"floor":14.0,"key":"Block Potion"},{"floor":19.0,"key":"Swift Potion"}],"is_trial":false,"path_per_floor":["M","?","?","?","M","R","E","R","T","R","$","E","M","M","R","B",null,"M","M","?","$","M","E"],"character_chosen":"IRONCLAD","items_purchased":["Orrery","Feel No Pain","Burning Pact"],"campfire_rested":0,"item_purchase_floors":[11,21,21],"current_hp_per_floor":[75,68,68,68,74,74,78,78,78,78,78,68,64,73,73,49,91,98,95,95,95,97,48,48],"gold":75,"neow_bonus":"THREE_ENEMY_KILL","is_daily":false,"chose_seed":false,"campfire_upgraded":4,"win_rate":0.0,"timestamp":1607667965,"path_taken":["M","?","?","?","M","R","E","R","T","R","?","E","M","M","R","BOSS","M","M","?","$","M","E"],"items_purchased_type":["Relic","Card","Card"],"build_version":"2020-11-30","purchased_purges":1,"victory":false,"max_hp_per_floor":[78,78,78,71,74,74,78,78,78,78,78,82,86,90,90,94,94,98,102,102,102,106,106,106],"card_choices":[{"not_picked":["Havoc","Thunderclap"],"picked":"Second Wind","floor":1.0},{"not_picked":["Twin Strike","Reckless Charge"],"picked":"Armaments","floor":5.0},{"not_picked":["Iron Wave","Havoc"],"picked":"Body Slam","floor":7.0},{"not_picked":["Combust","Wild Strike"],"picked":"Power Through","floor":11.0},{"not_picked":["Heavy Blade","True Grit"],"picked":"Exhume","floor":11.0},{"not_picked":["Clothesline","Pommel Strike"],"picked":"REME_SingleHolding","floor":11.0},{"not_picked":["Headbutt","Twin Strike"],"picked":"Barricade","floor":12.0},{"not_picked":["Reckless Charge","Iron Wave"],"picked":"Shrug It Off","floor":13.0},{"not_picked":["Intimidate","Reckless Charge","Wild Strike"],"picked":"SKIP","floor":14.0},{"not_picked":["Reaper","Corruption"],"picked":"Impervious","floor":16.0},{"not_picked":["Iron Wave","Perfected Strike","Clash"],"picked":"SKIP","floor":18.0},{"not_picked":["Pommel Strike","Clothesline","Power Through"],"picked":"SKIP","floor":19.0},{"not_picked":["Rupture","Shrug It Off"],"picked":"Warcry+1","floor":22.0}],"player_experience":1087163,"relics_obtained":[{"floor":7.0,"key":"Gambling Chip"},{"floor":12.0,"key":"GodSword5"}],"event_choices":[{"cards_removed":["Strike_R"],"damage_healed":0.0,"max_hp_gain":0.0,"max_hp_loss":0.0,"gold_gain":0.0,"event_name":"Golden Wing","player_choice":"Card Removal","floor":2.0,"gold_loss":0.0,"damage_taken":7.0},{"damage_healed":0.0,"max_hp_gain":0.0,"max_hp_loss":0.0,"gold_gain":0.0,"cards_transformed":["Strike_R"],"event_name":"Living Wall","player_choice":"Change","floor":3.0,"gold_loss":0.0,"damage_taken":0.0,"cards_obtained":["Disarm"]},{"damage_healed":0.0,"max_hp_gain":0.0,"max_hp_loss":7.0,"gold_gain":0.0,"event_name":"Golden Idol","player_choice":"Lose Max HP","floor":4.0,"gold_loss":0.0,"damage_taken":0.0,"relics_obtained":["Golden Idol"]},{"damage_healed":0.0,"max_hp_gain":0.0,"max_hp_loss":0.0,"gold_gain":50.0,"event_name":"Nest","player_choice":"Stole From Cult","floor":20.0,"gold_loss":0.0,"damage_taken":0.0}],"is_beta":false,"boss_relics":[{"not_picked":["EasyGame_NEW","Black Blood"],"picked":"Black Star"}],"items_purged_floors":[21],"is_endless":false,"potions_floor_spawned":[5,14,16,19],"killed_by":"Slavers","ascension_level":20}}