{"host":"wshh0nphwn6jv7vj","time":1607646289,"event":{"mods":["BaseMod","Bestiary","Minty Spire (QoL Compilation)"],"gold_per_floor":[109,126,138,138,152,182,192,225,249,261,261,411,157,211,211,289,289,288,2,2,2,2,29,29,82,82,82,82,177,230,230,230],"floor_reached":31,"playtime":2204,"items_purged":["Doubt","Strike_R"],"score":555,"play_id":"d8b9f9f3-cd23-4cdd-8461-75ab3385600b","local_time":"20201210192449","is_ascension_mode":true,"campfire_choices":[{"data":"HandOfGreed","floor":15.0,"key":"SMITH"},{"floor":28,"key":"REST"}],"circlet_count":0,"master_deck":["AscendersBane","Strike_R","Defend_R","Defend_R","Defend_R+1","Defend_R+1","Bash","Anger","Cleave","Battle Trance","Reckless Charge","Metallicize","Headbutt","Demon Form+1","Shrug It Off","HandOfGreed+1","Metallicize","Reaper","Metallicize","Evolve","Limit Break+1","Fire Breathing","Cleave","Burning Pact","Dark Embrace+1","Metallicize","Writhe"],"relics":["Burning Blood","NeowsBlessing","Ice Cream","Magic Flower","Centennial Puzzle","SlaversCollar","Toy Ornithopter","Boot","War Paint","Red Skull"],"acts_visited":["Exordium","TheCity"],"potions_floor_usage":[25],"damage_taken":[{"damage":0.0,"enemies":"Cultist","floor":1.0,"turns":1.0},{"damage":0.0,"enemies":"Jaw Worm","floor":2.0,"turns":1.0},{"damage":0.0,"enemies":"Small Slimes","floor":3.0,"turns":1.0},{"damage":6.0,"enemies":"Blue Slaver","floor":5.0,"turns":3.0},{"damage":30.0,"enemies":"3 Sentries","floor":6.0,"turns":8.0},{"damage":7.0,"enemies":"Looter","floor":7.0,"turns":4.0},{"damage":14.0,"enemies":"Lagavulin","floor":8.0,"turns":7.0},{"damage":4.0,"enemies":"2 Fungi Beasts","floor":10.0,"turns":3.0},{"damage":5.0,"enemies":"Gremlin Gang","floor":14.0,"turns":3.0},{"damage":15.0,"enemies":"Hexaghost","floor":16.0,"turns":7.0},{"damage":22,"enemies":"2 Thieves","floor":18,"turns":5},{"damage":40,"enemies":"Book of Stabbing","floor":23,"turns":7},{"damage":63,"enemies":"Slavers","floor":25,"turns":6},{"damage":12,"enemies":"3 Byrds","floor":29,"turns":9},{"damage":38,"enemies":"Book of Stabbing","floor":30,"turns":7},{"damage":35,"enemies":"Centurion and Healer","floor":31,"turns":4}],"seed_played":"-7147561291429989791","potions_obtained":[{"floor":3.0,"key":"BloodPotion"},{"floor":6.0,"key":"Dexterity Potion"},{"floor":8.0,"key":"EntropicBrew"},{"floor":14.0,"key":"BlessingOfTheForge"},{"floor":18,"key":"EssenceOfSteel"},{"floor":25,"key":"Explosive Potion"}],"is_trial":false,"path_per_floor":["M","M","M","?","M","E","M","E","T","M","?","?","$","M","R","B",null,"M","$","?","$","?","E","$","E","T","?","R","M","E","M"],"character_chosen":"IRONCLAD","items_purchased":["HandOfGreed","Evolve","Limit Break"],"campfire_rested":1,"item_purchase_floors":[13,19,19],"current_hp_per_floor":[74,75,75,75,75,51,50,57,57,62,39,39,39,43,43,37,66,53,53,53,53,53,33,33,19,19,19,41,38,29,0,0],"gold":230,"neow_bonus":"THREE_ENEMY_KILL","is_daily":false,"chose_seed":false,"campfire_upgraded":1,"win_rate":0.0,"timestamp":1607646289,"path_taken":["M","M","?","?","M","E","M","E","T","M","?","?","$","M","R","BOSS","BOSS","M","$","?","$","?","E","$","E","T","?","R","M","E","M"],"items_purchased_type":["Card","Card","Card"],"build_version":"2020-11-30","purchased_purges":2,"victory":false,"max_hp_per_floor":[75,75,75,75,75,75,75,75,75,75,75,75,75,75,75,75,75,75,75,75,75,75,75,75,75,75,75,75,75,75,75,75],"card_choices":[{"not_picked":["Thunderclap","Twin Strike"],"picked":"Anger","floor":1.0},{"not_picked":["Hemokinesis","Infernal Blade"],"picked":"Cleave","floor":2.0},{"not_picked":["Rage","Iron Wave"],"picked":"Battle Trance","floor":3.0},{"not_picked":["Rupture","Armaments"],"picked":"Reckless Charge","floor":5.0},{"not_picked":["Pommel Strike","Wild Strike"],"picked":"Metallicize","floor":6.0},{"not_picked":["Warcry","Entrench"],"picked":"Headbutt","floor":7.0},{"not_picked":["Battle Trance","Perfected Strike"],"picked":"Demon Form","floor":8.0},{"not_picked":["Clothesline","Bloodletting"],"picked":"Shrug It Off","floor":10.0},{"not_picked":["Heavy Blade","Combust"],"picked":"Metallicize","floor":14.0},{"not_picked":["Corruption","Feed"],"picked":"Reaper","floor":16},{"not_picked":["Perfected Strike","Twin Strike"],"picked":"Metallicize","floor":18},{"not_picked":["Hemokinesis","Wild Strike"],"picked":"Dark Embrace+1","floor":23},{"not_picked":["Uppercut","Sword Boomerang"],"picked":"Metallicize","floor":25},{"not_picked":["Thunderclap","Pommel Strike","Spot Weakness+1"],"picked":"SKIP","floor":29},{"not_picked":["Clothesline","Whirlwind","Wild Strike+1"],"picked":"SKIP","floor":30}],"player_experience":1366663,"relics_obtained":[{"floor":6.0,"key":"Ice Cream"},{"floor":8.0,"key":"Magic Flower"},{"floor":9.0,"key":"Centennial Puzzle"},{"floor":23,"key":"Toy Ornithopter"},{"floor":25,"key":"Boot"},{"floor":30,"key":"Red Skull"}],"event_choices":[{"cards_removed":["Strike_R"],"damage_healed":0.0,"max_hp_gain":0.0,"max_hp_loss":0.0,"gold_gain":0.0,"event_name":"Living Wall","player_choice":"Forget","floor":4.0,"gold_loss":0.0,"damage_taken":0.0},{"damage_healed":0.0,"max_hp_gain":0.0,"max_hp_loss":0.0,"gold_gain":0.0,"event_name":"Shining Light","player_choice":"Entered Light","floor":11.0,"gold_loss":0.0,"damage_taken":23.0,"cards_upgraded":["Defend_R","Demon Form"]},{"damage_healed":0.0,"max_hp_gain":0.0,"max_hp_loss":0.0,"gold_gain":150.0,"event_name":"Liars Game","player_choice":"AGREE","floor":12.0,"gold_loss":0.0,"damage_taken":0.0,"cards_obtained":["Doubt"]},{"damage_healed":0,"gold_gain":0,"player_choice":"Read","damage_taken":0,"max_hp_gain":0,"max_hp_loss":0,"event_name":"The Library","floor":20,"gold_loss":0,"cards_obtained":["Fire Breathing"]},{"damage_healed":0,"gold_gain":0,"cards_transformed":["Strike_R","Strike_R"],"player_choice":"Became Test Subject","damage_taken":0,"max_hp_gain":0,"max_hp_loss":0,"event_name":"Drug Dealer","floor":22,"gold_loss":0,"cards_obtained":["Cleave","Burning Pact"]},{"damage_healed":0,"gold_gain":0,"player_choice":"Opened","damage_taken":0,"relics_obtained":["War Paint"],"max_hp_gain":0,"max_hp_loss":0,"event_name":"The Mausoleum","floor":27,"gold_loss":0,"cards_obtained":["Writhe"]}],"is_beta":false,"boss_relics":[{"not_picked":["Coffee Dripper","Ectoplasm"],"picked":"SlaversCollar"}],"items_purged_floors":[13,19],"is_endless":false,"potions_floor_spawned":[3,6,7,8,14,18,25],"killed_by":"Centurion and Healer","ascension_level":15}}