{"host":"p4yrwepmrl4g8pul","time":1607684830,"event":{"mods":["Act Like it!","BaseMod","BetterRewards","Colored Map","Custom Start","Gensokyo","Marisa£®ÏF”Í°°ƒß¿Ì…≥£©","Minty Spire (QoL Compilation)","Quick Restart","Rare Cards Sparkle","Reimu£®≤©¿ˆ¡È√Œ£©","Remilia£®¿Ÿ√◊¿Ú—«£©","Remove Card Discount Mod","Shop Mod","StSLib","The Jungle","TheWitcher"],"gold_per_floor":[116,135,5,19,36,36,63,73,96,96,96,129,129,154,154,231,231,247,8,20,20,30,30,57,57,57,57,57,87,87,114,114,187,187,201,201,252,527,537,571,586,586,586,613,275,275,308,323,323,323,323,323,323,79,105,105],"floor_reached":57,"playtime":1073,"items_purged":["Strike_R","Bash","Defend_R","Strike_R","Strike_R","Strike_R","Strike_R","Defend_R","Defend_R","Defend_R","Armaments+1","Shrug It Off"],"score":4053,"play_id":"210f1e57-a2cc-47e1-b48f-8e3abce5a10b","local_time":"20201211190710","is_ascension_mode":true,"campfire_choices":[{"data":"1","floor":6.0,"key":"LIFT"},{"data":"2","floor":11.0,"key":"LIFT"},{"data":"3","floor":15.0,"key":"LIFT"},{"data":"Limit Break","floor":23.0,"key":"SMITH"},{"data":"Flex","floor":27.0,"key":"SMITH"},{"floor":30.0,"key":"RECALL"},{"data":"Shrug It Off","floor":32.0,"key":"SMITH"},{"floor":49,"key":"REST"},{"floor":53,"key":"REST"}],"circlet_count":0,"master_deck":["AscendersBane","Whirlwind+1","Limit Break+1","Shrug It Off+1","Flex+1","Shrug It Off+1","Offering+1","Impatience+1"],"relics":["Burning Blood","Chemical X","Ginger","Medical Kit","PreservedInsect","Girya","Gremlin Horn","HandDrill","Lantern","Sling","Incense Burner","MerchantsRug","Omamori","Akabeko","Tiny Chest","Cursed Key","CrazyTorch:ReiMu","ScarletDevilRocket","Busted Crown","Centennial Puzzle","Oddly Smooth Stone","Calipers","Singing Bowl","Ice Cream","White Beast Statue"],"acts_visited":["Gensokyo:Gensokyo","Gensokyo:Gensokyoer","TheBeyond","TheEnding"],"potions_floor_usage":[56,56,56],"damage_taken":[{"damage":0.0,"enemies":"Gensokyo:Python","floor":1.0,"turns":1.0},{"damage":0.0,"enemies":"Gensokyo:Gryphon","floor":2.0,"turns":1.0},{"damage":0.0,"enemies":"Gensokyo:2_Kodama","floor":4.0,"turns":1.0},{"damage":0.0,"enemies":"Gensokyo:Kitsune","floor":5.0,"turns":1.0},{"damage":0.0,"enemies":"Gensokyo:Aya","floor":7.0,"turns":1.0},{"damage":0.0,"enemies":"Gensokyo:5_Fairies","floor":8.0,"turns":2.0},{"damage":0.0,"enemies":"Gensokyo:Cirno","floor":14.0,"turns":4.0},{"damage":5.0,"enemies":"Gensokyo:Yukari","floor":16.0,"turns":4.0},{"damage":0.0,"enemies":"Gensokyo:3_Dogs","floor":18.0,"turns":1.0},{"damage":0.0,"enemies":"Gensokyo:Chomper","floor":20.0,"turns":1.0},{"damage":0.0,"enemies":"Gensokyo:Mirror_and_Dog","floor":22.0,"turns":1.0},{"damage":0.0,"enemies":"Gensokyo:Koishi","floor":24.0,"turns":3.0},{"damage":0.0,"enemies":"Gensokyo:Reisen","floor":29.0,"turns":1.0},{"damage":0.0,"enemies":"Gensokyo:Tenshi","floor":31.0,"turns":1.0},{"damage":10.0,"enemies":"Gensokyo:Eternal_Rivals","floor":33.0,"turns":3.0},{"damage":0.0,"enemies":"3 Shapes","floor":35.0,"turns":1.0},{"damage":6.0,"enemies":"2 Orb Walkers","floor":37.0,"turns":1.0},{"damage":6.0,"enemies":"Orb Walker","floor":39.0,"turns":1.0},{"damage":1.0,"enemies":"Reptomancer","floor":40.0,"turns":1.0},{"damage":6.0,"enemies":"Writhing Mass","floor":41.0,"turns":1.0},{"damage":6,"enemies":"Nemesis","floor":44,"turns":1},{"damage":0,"enemies":"Giant Head","floor":47,"turns":2},{"damage":0,"enemies":"Spire Growth","floor":48,"turns":1},{"damage":1,"enemies":"Awakened One","floor":50,"turns":2},{"damage":6,"enemies":"Donu and Deca","floor":51,"turns":1},{"damage":6,"enemies":"Shield and Spear","floor":55,"turns":1},{"damage":38,"enemies":"The Heart","floor":56,"turns":5}],"seed_played":"-5990662978412716553","potions_obtained":[{"floor":7.0,"key":"Fire Potion"},{"floor":14.0,"key":"Fire Potion"},{"floor":16.0,"key":"Regen Potion"},{"floor":18.0,"key":"BloodPotion"},{"floor":20.0,"key":"Weak Potion"},{"floor":24.0,"key":"Block Potion"},{"floor":37.0,"key":"ElixirPotion"}],"is_trial":false,"path_per_floor":["M","M","$","M","M","R","E","M","T","?","R","$","$","E","R","B",null,"M","$","M","?","M","R","E","?","T","R","T","E","R","E","R","B",null,"M","?","?","?","M","E","M","T","T","E","$","?","E","M","R","B","B",null,"R","$","E","B",null],"character_chosen":"IRONCLAD","items_purchased":["Armaments","Trip","War Paint","Chemical X","Potion Belt","Ginger","Whirlwind","Orrery","Medical Kit","PreservedInsect","Gremlin Horn","HandDrill","Lantern","Whetstone","Sling","Incense Burner","Block Potion","MerchantsRug","Omamori","CrazyTorch:ReiMu","Calipers","Ice Cream","Impatience+1"],"campfire_rested":2,"item_purchase_floors":[0,0,0,0,0,0,0,0,0,0,0,0,0,0,0,0,0,0,3,19,45,54,54],"current_hp_per_floor":[27,33,33,39,45,45,51,57,57,57,57,57,57,63,63,64,72,75,75,75,75,75,75,75,75,75,75,75,75,75,75,75,71,74,75,75,75,75,75,75,75,75,75,75,75,75,77,79,79,79,79,79,79,79,81,49],"gold":105,"neow_bonus":"","is_daily":false,"chose_seed":false,"campfire_upgraded":3,"win_rate":0.0,"timestamp":1607684830,"path_taken":["M","?","?","M","M","R","E","?","T","?","R","?","$","E","R","BOSS","M","$","M","?","?","R","E","?","T","R","?","E","R","E","R","BOSS","M","?","?","?","M","E","M","?","T","E","$","?","E","M","R","BOSS","BOSS","R","$","E","BOSS"],"items_purchased_type":["Card","Card","Relic","Relic","Relic","Relic","Card","Relic","Relic","Relic","Relic","Relic","Relic","Relic","Relic","Relic","Potion","Relic","Relic","Relic","Relic","Relic","Undefined"],"build_version":"2020-11-30","purchased_purges":12,"victory":true,"max_hp_per_floor":[75,75,75,75,75,75,75,75,75,75,75,75,75,75,75,75,75,75,75,75,75,75,75,75,75,75,75,75,75,75,75,75,75,75,75,75,75,75,75,75,75,75,75,75,75,75,77,79,79,79,79,79,79,79,81,81],"card_choices":[{"not_picked":["Clash","Sword Boomerang"],"picked":"Limit Break","floor":0.0},{"not_picked":["Sword Boomerang","Dark Embrace"],"picked":"Shrug It Off","floor":0.0},{"not_picked":["Wild Strike","Juggernaut"],"picked":"Flex","floor":0.0},{"not_picked":["Entrench","Clothesline","Battle Trance"],"picked":"SKIP","floor":1.0},{"not_picked":["Thunderclap","Body Slam","Sever Soul"],"picked":"SKIP","floor":2.0},{"not_picked":["Armaments","Infernal Blade","Havoc"],"picked":"SKIP","floor":4.0},{"not_picked":["Sentinel","Headbutt","Seeing Red"],"picked":"SKIP","floor":5.0},{"not_picked":["Reaper","Clash"],"picked":"Shrug It Off","floor":7.0},{"not_picked":["Sword Boomerang","Clothesline","Anger"],"picked":"SKIP","floor":8.0},{"not_picked":["Cleave","Dropkick","Clothesline"],"picked":"SKIP","floor":14.0},{"not_picked":["Armaments","Cleave","Disarm"],"picked":"SKIP","floor":18.0},{"not_picked":["Dual Wield","Perfected Strike","Havoc"],"picked":"SKIP","floor":20.0},{"not_picked":["Armaments","Uppercut","Shrug It Off"],"picked":"SKIP","floor":22.0},{"not_picked":["Infernal Blade","True Grit","Feed"],"picked":"SKIP","floor":24.0},{"not_picked":["Warcry","Dropkick","Wild Strike+1"],"picked":"SKIP","floor":29.0},{"not_picked":["Warcry+1","True Grit+1"],"picked":"Shrug It Off+1","floor":31.0},{"not_picked":["Juggernaut","Fiend Fire"],"picked":"Offering+1","floor":33.0},{"not_picked":["Havoc+1"],"picked":"SKIP","floor":35.0},{"not_picked":["Warcry+1"],"picked":"SKIP","floor":39.0},{"not_picked":["Twin Strike"],"picked":"SKIP","floor":40.0},{"not_picked":["Sword Boomerang"],"picked":"SKIP","floor":41.0},{"not_picked":["Hemokinesis"],"picked":"SKIP","floor":44},{"not_picked":["Second Wind+1"],"picked":"Singing Bowl","floor":47},{"not_picked":["Havoc+1"],"picked":"Singing Bowl","floor":48},{"not_picked":["Spot Weakness+1"],"picked":"Singing Bowl","floor":55}],"player_experience":708069,"relics_obtained":[{"floor":7.0,"key":"Akabeko"},{"floor":14.0,"key":"Tiny Chest"},{"floor":24.0,"key":"ScarletDevilRocket"},{"floor":29.0,"key":"Smiling Mask"},{"floor":31.0,"key":"Toxic Egg 2"},{"floor":37.0,"key":"StoneCalendar"},{"floor":40.0,"key":"Centennial Puzzle"},{"floor":44,"key":"Oddly Smooth Stone"},{"floor":47,"key":"Singing Bowl"},{"floor":55,"key":"White Beast Statue"}],"event_choices":[{"damage_healed":0.0,"max_hp_gain":0.0,"max_hp_loss":0.0,"gold_gain":0.0,"event_name":"Tomb of Lord Red Mask","player_choice":"Ignored","floor":36.0,"gold_loss":0.0,"damage_taken":0.0},{"damage_healed":0.0,"max_hp_gain":0.0,"max_hp_loss":0.0,"gold_gain":0.0,"event_name":"Mysterious Sphere","player_choice":"Fight","floor":37.0,"gold_loss":0.0,"damage_taken":0.0},{"damage_healed":0.0,"max_hp_gain":0.0,"max_hp_loss":0.0,"gold_gain":275.0,"event_name":"Golden Shrine","player_choice":"Desecrate","floor":38.0,"gold_loss":0.0,"damage_taken":0.0,"cards_obtained":["Regret"]},{"damage_healed":0,"gold_gain":0,"player_choice":"Memory 1","damage_taken":0,"max_hp_gain":0,"max_hp_loss":0,"event_name":"SensoryStone","floor":46,"gold_loss":0}],"is_beta":false,"boss_relics":[{"not_picked":["Runic Pyramid","Runic Cube"],"picked":"Cursed Key"},{"not_picked":["Pandora\u0027s Box","SlaversCollar"],"picked":"Busted Crown"}],"items_purged_floors":[0,0,0,0,0,0,0,0,0,0,45,45],"is_endless":false,"potions_floor_spawned":[7,14,16,18,20,24,37,40,47,55],"ascension_level":20}}