{"host":"kh6fvhxn285ncg0o","time":1607664600,"event":{"mods":["Act Like it!","BaseMod","Colored Map","Friendly Minions","Keyboard Shortcuts","Minty Spire (QoL Compilation)","Quick Restart","Relic Stats","StSLib","SuperFastMode"],"gold_per_floor":[118,43,43,193,118,145,145,180,180,191,219,234,234,252,252,324,324,304,318,330,349,264,290,87,114,114,114,114,126,126,159,159,235,235,255,235,250,89,101,135,135,165,165,65,94,119,119,151,151,151,151,151,151,43,68,68],"floor_reached":57,"playtime":2302,"items_purged":["Doubt","Strike_R"],"score":3538,"play_id":"1d573524-f412-4b31-86fb-2e0d99d3d9e8","local_time":"20201211143000","is_ascension_mode":true,"campfire_choices":[{"data":"Bash","floor":7.0,"key":"SMITH"},{"data":"Power Through","floor":13.0,"key":"SMITH"},{"data":"Evolve","floor":15.0,"key":"SMITH"},{"data":"Fire Breathing","floor":30,"key":"SMITH"},{"floor":32,"key":"RECALL"},{"data":"Body Slam","floor":41,"key":"SMITH"},{"data":"Seeing Red","floor":47,"key":"SMITH"},{"data":"Burning Pact","floor":49,"key":"SMITH"},{"data":"Impervious","floor":53,"key":"SMITH"}],"circlet_count":0,"master_deck":["AscendersBane","Defend_R","Defend_R","Defend_R","Defend_R","Bash+1","Power Through+1","Ghostly Armor","Evolve+1","Burning Pact+1","Impervious+1","Burning Pact+1","Barricade+1","Exhume+1","Shrug It Off","Armaments+1","Seeing Red+1","Immolate","Fire Breathing+1","Havoc+1","Berserk","Impervious+1","Body Slam+1","Offering+1","Shockwave+1","Dual Wield+1","Warcry+1","Discovery+1"],"relics":["Burning Blood","NeowsBlessing","Art of War","Dead Branch","InkBottle","Pear","Astrolabe","Blue Candle","Bronze Scales","OrangePellets","Lantern","Toxic Egg 2","Nilry\u0027s Codex","Dream Catcher","SlaversCollar","Bag of Preparation","Du-Vu Doll","Akabeko","Darkstone Periapt","Girya","Mummified Hand","Bag of Marbles"],"acts_visited":["Exordium","TheCity","TheBeyond","TheEnding"],"potions_floor_usage":[25,31,35,39,56,56],"damage_taken":[{"damage":0.0,"enemies":"Jaw Worm","floor":1.0,"turns":1.0},{"damage":0.0,"enemies":"Lagavulin","floor":6.0,"turns":1.0},{"damage":0.0,"enemies":"Gremlin Nob","floor":8.0,"turns":1.0},{"damage":4.0,"enemies":"2 Louse","floor":10.0,"turns":3.0},{"damage":5.0,"enemies":"3 Sentries","floor":11.0,"turns":8.0},{"damage":1.0,"enemies":"Cultist","floor":12.0,"turns":3.0},{"damage":12.0,"enemies":"Looter","floor":14.0,"turns":4.0},{"damage":61.0,"enemies":"Slime Boss","floor":16.0,"turns":17.0},{"damage":4.0,"enemies":"2 Thieves","floor":18.0,"turns":5.0},{"damage":0.0,"enemies":"Spheric Guardian","floor":19.0,"turns":6.0},{"damage":36.0,"enemies":"Cultist and Chosen","floor":20.0,"turns":6.0},{"damage":0.0,"enemies":"Snake Plant","floor":21.0,"turns":12.0},{"damage":0.0,"enemies":"Book of Stabbing","floor":23.0,"turns":10.0},{"damage":5,"enemies":"Gremlin Leader","floor":25,"turns":5},{"damage":0,"enemies":"Sentry and Sphere","floor":29,"turns":6},{"damage":11,"enemies":"Slavers","floor":31,"turns":5},{"damage":22,"enemies":"Champ","floor":33,"turns":8},{"damage":31,"enemies":"3 Darklings","floor":35,"turns":6},{"damage":2,"enemies":"3 Shapes","floor":37,"turns":4},{"damage":0,"enemies":"Writhing Mass","floor":39,"turns":7},{"damage":4,"enemies":"Reptomancer","floor":40,"turns":2},{"damage":0,"enemies":"Nemesis","floor":42,"turns":5},{"damage":0,"enemies":"Giant Head","floor":45,"turns":6},{"damage":0,"enemies":"Mind Bloom Boss Battle","floor":46,"turns":4},{"damage":0,"enemies":"Reptomancer","floor":48,"turns":1},{"damage":0,"enemies":"Donu and Deca","floor":50,"turns":4},{"damage":12,"enemies":"Awakened One","floor":51,"turns":8},{"damage":6,"enemies":"Shield and Spear","floor":55,"turns":2},{"damage":12,"enemies":"The Heart","floor":56,"turns":6}],"seed_played":"6039641363137671879","potions_obtained":[{"floor":1.0,"key":"ElixirPotion"},{"floor":8.0,"key":"Ancient Potion"},{"floor":12.0,"key":"Fire Potion"},{"floor":14.0,"key":"Dexterity Potion"},{"floor":16.0,"key":"AttackPotion"},{"floor":21.0,"key":"SneckoOil"},{"floor":23.0,"key":"Dexterity Potion"},{"floor":29,"key":"DistilledChaos"},{"floor":33,"key":"Fire Potion"},{"floor":36,"key":"Fire Potion"},{"floor":37,"key":"HeartOfIron"},{"floor":42,"key":"Dexterity Potion"},{"floor":46,"key":"ElixirPotion"}],"is_trial":false,"path_per_floor":["M","?","?","?","$","E","R","E","T","M","E","M","R","M","R","B",null,"M","M","M","M","?","E","$","E","T","?","?","M","R","E","R","B",null,"M","?","M","$","M","E","R","E","T","$","E","?","R","E","R","B","B",null,"R","$","E","B",null],"character_chosen":"IRONCLAD","items_purchased":["Fire Breathing","OrangePellets","Bag of Preparation","Discovery+1"],"campfire_rested":0,"item_purchase_floors":[24,24,38,54],"current_hp_per_floor":[74,74,79,79,79,80,80,80,80,80,90,90,90,84,84,29,75,77,83,53,59,59,65,65,66,66,45,45,51,51,46,46,30,75,50,50,54,54,60,62,62,68,68,68,74,80,80,86,86,90,84,89,89,89,89,83],"gold":68,"neow_bonus":"THREE_ENEMY_KILL","is_daily":false,"chose_seed":false,"campfire_upgraded":8,"win_rate":0.0,"timestamp":1607664600,"path_taken":["M","?","?","?","?","E","R","E","T","M","E","M","R","M","R","BOSS","M","?","M","M","?","E","$","E","T","?","?","?","R","E","R","BOSS","M","?","M","$","M","E","R","E","T","?","E","?","R","E","R","BOSS","BOSS","R","$","E","BOSS"],"items_purchased_type":["Card","Relic","Relic","Undefined"],"build_version":"2020-11-30","purchased_purges":2,"victory":true,"max_hp_per_floor":[75,75,80,80,80,80,80,80,80,80,90,90,90,90,90,90,90,90,90,90,90,90,90,90,90,90,90,90,90,90,90,90,90,90,90,90,90,90,90,90,90,90,90,90,90,90,90,90,90,90,90,90,90,90,90,90],"relic_stats":{"Darkstone Periapt":0,"counters":[29,156],"Dead Branch":[453],"Astrolabe":["Burning Pact","Barricade","Exhume"],"Blue Candle":[1],"Bag of Preparation":[20],"Burning Blood":153,"OrangePellets":[30],"Dream Catcher":0,"Mummified Hand":[43],"Bronze Scales":[276],"Art of War":[60],"obtain_stats":[{"Darkstone Periapt":45,"Girya":46,"Lantern":25,"Pear":11,"NeowsBlessing":0,"Nilry\u0027s Codex":27,"Dead Branch":8,"Astrolabe":17,"Blue Candle":22,"Bag of Preparation":38,"Burning Blood":0,"Akabeko":42,"Du-Vu Doll":40,"OrangePellets":24,"SlaversCollar":34,"Dream Catcher":31,"Mummified Hand":48,"Bronze Scales":23,"Art of War":6,"Bag of Marbles":55,"Toxic Egg 2":26,"InkBottle":9},{"Darkstone Periapt":23,"Girya":24,"Lantern":14,"Pear":5,"NeowsBlessing":0,"Nilry\u0027s Codex":14,"Dead Branch":3,"Astrolabe":8,"Blue Candle":12,"Bag of Preparation":19,"Burning Blood":0,"Akabeko":22,"Du-Vu Doll":21,"OrangePellets":13,"SlaversCollar":17,"Dream Catcher":16,"Mummified Hand":25,"Bronze Scales":13,"Art of War":2,"Bag of Marbles":28,"Toxic Egg 2":14,"InkBottle":3},{"Darkstone Periapt":131,"Girya":135,"Lantern":82,"Pear":14,"NeowsBlessing":0,"Nilry\u0027s Codex":82,"Dead Branch":3,"Astrolabe":38,"Blue Candle":67,"Bag of Preparation":111,"Burning Blood":0,"Akabeko":125,"Du-Vu Doll":120,"OrangePellets":77,"SlaversCollar":101,"Dream Catcher":93,"Mummified Hand":136,"Bronze Scales":77,"Art of War":2,"Bag of Marbles":150,"Toxic Egg 2":82,"InkBottle":3}],"InkBottle":[68]},"card_choices":[{"not_picked":["Clothesline","Clash","Iron Wave"],"picked":"SKIP","floor":1.0},{"not_picked":["Perfected Strike","Headbutt"],"picked":"Power Through","floor":6.0},{"not_picked":["Disarm","Armaments"],"picked":"Ghostly Armor","floor":8.0},{"not_picked":["True Grit","Power Through","Cleave"],"picked":"SKIP","floor":10.0},{"not_picked":["Sentinel","Demon Form","Wild Strike"],"picked":"SKIP","floor":11.0},{"not_picked":["Warcry","Clothesline"],"picked":"Evolve","floor":12.0},{"not_picked":["Shrug It Off","Headbutt"],"picked":"Burning Pact","floor":14.0},{"not_picked":["Demon Form","Bludgeon"],"picked":"Impervious","floor":16.0},{"not_picked":["Power Through","Blood for Blood"],"picked":"Shrug It Off","floor":18.0},{"not_picked":["Twin Strike","Armaments","Flex+1"],"picked":"SKIP","floor":19.0},{"not_picked":["Carnage","Flex"],"picked":"Armaments+1","floor":20.0},{"not_picked":["Dark Embrace","Cleave"],"picked":"Seeing Red","floor":21.0},{"not_picked":["Evolve","Wild Strike"],"picked":"Immolate","floor":23.0},{"not_picked":["Immolate","Pommel Strike","Thunderclap"],"picked":"SKIP","floor":25},{"not_picked":["Headbutt+1","Uppercut"],"picked":"Havoc+1","floor":29},{"not_picked":["Twin Strike","Power Through+1"],"picked":"Berserk","floor":31},{"not_picked":["Feed","Barricade"],"picked":"Impervious+1","floor":33},{"not_picked":["Wild Strike+1","Pummel"],"picked":"Body Slam","floor":35},{"not_picked":["Wild Strike","Carnage","Havoc+1"],"picked":"SKIP","floor":37},{"not_picked":["Dropkick","Thunderclap","Armaments+1"],"picked":"SKIP","floor":39},{"not_picked":["Iron Wave","Armaments+1"],"picked":"Offering+1","floor":40},{"not_picked":["Rage+1","Sword Boomerang+1"],"picked":"Shockwave+1","floor":42},{"not_picked":["Clothesline","Combust","Hemokinesis+1"],"picked":"SKIP","floor":45},{"not_picked":["Havoc+1","Inflame"],"picked":"Dual Wield+1","floor":46},{"not_picked":["Armaments+1","Cleave"],"picked":"Warcry+1","floor":48},{"not_picked":["Flex+1","Shockwave+1","Whirlwind+1"],"picked":"SKIP","floor":55}],"player_experience":3138628,"relics_obtained":[{"floor":6.0,"key":"Art of War"},{"floor":8.0,"key":"Dead Branch"},{"floor":9.0,"key":"InkBottle"},{"floor":11.0,"key":"Pear"},{"floor":23.0,"key":"Bronze Scales"},{"floor":25,"key":"Lantern"},{"floor":26,"key":"Toxic Egg 2"},{"floor":27,"key":"Nilry\u0027s Codex"},{"floor":31,"key":"Dream Catcher"},{"floor":40,"key":"Du-Vu Doll"},{"floor":42,"key":"Akabeko"},{"floor":45,"key":"Darkstone Periapt"},{"floor":46,"key":"Girya"},{"floor":48,"key":"Mummified Hand"},{"floor":55,"key":"Bag of Marbles"}],"event_choices":[{"cards_removed":["Strike_R"],"damage_healed":0.0,"max_hp_gain":0.0,"max_hp_loss":0.0,"gold_gain":0.0,"event_name":"The Cleric","player_choice":"Card Removal","floor":2.0,"gold_loss":75.0,"damage_taken":0.0},{"damage_healed":0.0,"max_hp_gain":5.0,"max_hp_loss":0.0,"gold_gain":0.0,"event_name":"Big Fish","player_choice":"Donut","floor":3.0,"gold_loss":0.0,"damage_taken":0.0},{"damage_healed":0.0,"max_hp_gain":0.0,"max_hp_loss":0.0,"gold_gain":150.0,"event_name":"Liars Game","player_choice":"AGREE","floor":4.0,"gold_loss":0.0,"damage_taken":0.0,"cards_obtained":["Doubt"]},{"damage_healed":0.0,"max_hp_gain":0.0,"max_hp_loss":0.0,"gold_gain":0.0,"event_name":"Addict","player_choice":"Obtained Relic","floor":22.0,"gold_loss":85.0,"damage_taken":0.0,"relics_obtained":["Blue Candle"]},{"damage_healed":0,"gold_gain":0,"player_choice":"Obtained Book","damage_taken":21,"max_hp_gain":0,"max_hp_loss":0,"event_name":"Cursed Tome","floor":27,"gold_loss":0},{"damage_healed":0,"gold_gain":0,"player_choice":"Ignored","damage_taken":0,"max_hp_gain":0,"max_hp_loss":0,"event_name":"Vampires","floor":28,"gold_loss":0},{"damage_healed":0,"gold_gain":0,"player_choice":"Bought 1 Potion","damage_taken":0,"max_hp_gain":0,"max_hp_loss":0,"event_name":"The Woman in Blue","floor":36,"gold_loss":0},{"damage_healed":0,"gold_gain":0,"player_choice":"Fight","damage_taken":0,"max_hp_gain":0,"max_hp_loss":0,"event_name":"MindBloom","floor":46,"gold_loss":0}],"is_beta":false,"boss_relics":[{"not_picked":["Empty Cage","Velvet Choker"],"picked":"Astrolabe"},{"not_picked":["Busted Crown","SacredBark"],"picked":"SlaversCollar"}],"items_purged_floors":[5,44],"is_endless":false,"potions_floor_spawned":[1,8,12,14,16,18,21,23,29,33,37,42,46,55],"ascension_level":20}}