{"host":"o7j6aatxjwpw1421","time":1607705366,"event":{"mods":["2.2 Compatiblity","BaseMod","Colored Map","DeckTracker","Highlight Path","Keyboard Shortcuts","Minty Spire (QoL Compilation)","Permanent Neow","Quick Restart","StSLib","SuperFastMode","everything is the same but u backflip on backflip"],"gold_per_floor":[112,112,129,142,153,153,171,204,216,244,276,299,338,350,362,469,481,505,537,567,22,22,22],"floor_reached":22,"playtime":1551,"items_purged":["Defend_G"],"score":298,"play_id":"b72eec3a-b894-4109-a44a-48b1a91c67bc","local_time":"20201212014926","is_ascension_mode":true,"campfire_choices":[{"data":"Blade Dance","floor":6.0,"key":"SMITH"},{"floor":15.0,"key":"REST"}],"circlet_count":0,"master_deck":["AscendersBane","Strike_G","Strike_G","Strike_G","Strike_G","Defend_G","Defend_G","Defend_G","Defend_G","Survivor","Neutralize","Blade Dance+1","Poisoned Stab","Deadly Poison","Backflip","Dagger Throw","A Thousand Cuts+1","Dodge and Roll","Die Die Die","PiercingWail","Storm of Steel","Deflect+1","Cloak And Dagger","Crippling Poison+1","Setup"],"relics":["Ring of the Snake","MawBank","Darkstone Periapt","Odd Mushroom","Black Star","Girya","Toolbox"],"acts_visited":["Exordium","TheCity"],"potions_floor_usage":[20,20],"damage_taken":[{"damage":2.0,"enemies":"Jaw Worm","floor":1.0,"turns":6.0},{"damage":0.0,"enemies":"Cultist","floor":3.0,"turns":4.0},{"damage":0.0,"enemies":"Small Slimes","floor":4.0,"turns":3.0},{"damage":6.0,"enemies":"2 Fungi Beasts","floor":5.0,"turns":4.0},{"damage":4.0,"enemies":"Red Slaver","floor":7.0,"turns":5.0},{"damage":20.0,"enemies":"3 Sentries","floor":8.0,"turns":10.0},{"damage":0.0,"enemies":"3 Louse","floor":10.0,"turns":2.0},{"damage":8.0,"enemies":"Blue Slaver","floor":11.0,"turns":4.0},{"damage":3.0,"enemies":"Lots of Slimes","floor":12.0,"turns":5.0},{"damage":14.0,"enemies":"The Mushroom Lair","floor":13.0,"turns":4.0},{"damage":41.0,"enemies":"The Guardian","floor":16.0,"turns":12.0},{"damage":8.0,"enemies":"3 Byrds","floor":18.0,"turns":6.0},{"damage":29.0,"enemies":"Chosen","floor":19.0,"turns":6.0},{"damage":15,"enemies":"Snake Plant","floor":20,"turns":5},{"damage":0,"enemies":"Centurion and Healer","floor":22,"turns":1}],"seed_played":"-5758500712313480320","potions_obtained":[{"floor":2.0,"key":"Block Potion"},{"floor":2.0,"key":"BlessingOfTheForge"},{"floor":8.0,"key":"FairyPotion"},{"floor":16.0,"key":"Strength Potion"},{"floor":19.0,"key":"BlessingOfTheForge"}],"is_trial":false,"path_per_floor":["M","?","M","M","M","R","M","E","T","M","M","M","?","?","R","B",null,"M","M","M","$","M"],"character_chosen":"THE_SILENT","items_purchased":["Setup","Girya","Toolbox"],"campfire_rested":1,"item_purchase_floors":[21,21,21],"current_hp_per_floor":[61,61,61,61,55,55,51,31,31,31,23,20,6,6,27,11,55,47,18,3,3,3,3],"gold":22,"neow_bonus":"REMOVE_CARD","is_daily":false,"chose_seed":false,"campfire_upgraded":1,"win_rate":0.0,"timestamp":1607705366,"path_taken":["M","?","?","M","M","R","M","E","T","M","M","M","?","?","R","BOSS","M","M","M","$","M"],"items_purchased_type":["Card","Relic","Relic"],"build_version":"2020-11-30","purchased_purges":1,"victory":false,"max_hp_per_floor":[70,70,70,70,70,70,70,70,70,70,70,70,70,70,70,70,70,70,70,70,70,70,70],"card_choices":[{"not_picked":["Prepared","Flying Knee"],"picked":"Blade Dance","floor":1.0},{"not_picked":["Quick Slash","Backflip"],"picked":"Poisoned Stab","floor":3.0},{"not_picked":["Heel Hook","Bane"],"picked":"Deadly Poison","floor":4.0},{"not_picked":["Expertise","Sucker Punch"],"picked":"Backflip","floor":5.0},{"not_picked":["Bane","Heel Hook"],"picked":"Dagger Throw","floor":7.0},{"not_picked":["Leg Sweep","Infinite Blades"],"picked":"A Thousand Cuts","floor":8.0},{"not_picked":["Bane","Poisoned Stab","Quick Slash"],"picked":"SKIP","floor":10.0},{"not_picked":["Choke","Predator"],"picked":"Dodge and Roll","floor":11.0},{"not_picked":["Infinite Blades","Dodge and Roll"],"picked":"Die Die Die","floor":12.0},{"not_picked":["Deflect","Heel Hook"],"picked":"PiercingWail","floor":13.0},{"not_picked":["Doppelganger","Grand Finale"],"picked":"Storm of Steel","floor":16.0},{"not_picked":["Prepared","Deadly Poison"],"picked":"Deflect+1","floor":18.0},{"not_picked":["Dagger Throw","Leg Sweep+1"],"picked":"Cloak And Dagger","floor":19.0},{"not_picked":["Prepared","Slice+1"],"picked":"Crippling Poison+1","floor":20}],"player_experience":198779,"relics_obtained":[{"floor":8.0,"key":"MawBank"},{"floor":9.0,"key":"Darkstone Periapt"},{"floor":13.0,"key":"Odd Mushroom"}],"event_choices":[{"damage_healed":0.0,"max_hp_gain":0.0,"max_hp_loss":0.0,"gold_gain":0.0,"event_name":"Lab","player_choice":"Got Potions","floor":2.0,"gold_loss":0.0,"damage_taken":0.0},{"damage_healed":0.0,"max_hp_gain":0.0,"max_hp_loss":0.0,"gold_gain":0.0,"event_name":"Mushrooms","player_choice":"Fought Mushrooms","floor":13.0,"gold_loss":0.0,"damage_taken":0.0},{"damage_healed":0.0,"max_hp_gain":0.0,"max_hp_loss":0.0,"gold_gain":0.0,"event_name":"Living Wall","player_choice":"Grow","floor":14.0,"gold_loss":0.0,"damage_taken":0.0,"cards_upgraded":["A Thousand Cuts"]}],"is_beta":false,"boss_relics":[{"not_picked":["Calling Bell","Cursed Key"],"picked":"Black Star"}],"items_purged_floors":[21],"is_endless":false,"potions_floor_spawned":[4,8,10,16,19],"killed_by":"Centurion and Healer","ascension_level":11}}