{"host":"xodzlm10r37577ou","time":1607654045,"event":{"mods":["Act Like it!","BaseMod","Marisa£®ÏF”Í°°ƒß¿Ì…≥£©","Minty Spire (QoL Compilation)","Remilia£®¿Ÿ√◊¿Ú—«£©","Replay The Spire","StSLib","The Servant 0.9.4","Youmu£®ªÍ∆«—˝√Œ£©"],"gold_per_floor":[110,35,55,55,55,55,86,86,86,86,106,106,6,23,23,100,100,116,134,48,67,84,84,96,116,190,30,44,62,62,62,62],"floor_reached":31,"playtime":2239,"items_purged":["Strike_S","Defend_S"],"score":502,"play_id":"0d4976d1-d0af-4c1f-99b2-24b19a517a88","local_time":"20201211103405","is_ascension_mode":true,"campfire_choices":[{"data":"Inflame","floor":6.0,"key":"SMITH"},{"data":"Sunlight","floor":8.0,"key":"SMITH"},{"data":"SurpressingFire","floor":10.0,"key":"SMITH"},{"data":"KidneyShot","floor":15.0,"key":"SMITH"},{"data":"Barrier","floor":23.0,"key":"SMITH"},{"data":"Limit Break","floor":30,"key":"SMITH"}],"circlet_count":0,"master_deck":["AscendersBane","Strike_S","Strike_S","Defend_S","Defend_S","Defend_S","KidneyShot+1","Exchange","Ricochet","SurpressingFire+1","Inflame+1","Sunlight+1","BottledTime","StarChef","Demon Form","Barrier+1","Spin+1","GearUp","InstantArmor","FastForward","Limit Break+1"],"relics":["NeowsBlessing","Garlic","m_ScarletBlood","Orichalcum","Gremlin Horn","SplendidAttire","Replay:Wax Seal","KneeBrace","ClockworkSouvenir"],"acts_visited":["Exordium","TheCity"],"potions_floor_usage":[],"damage_taken":[{"damage":0.0,"enemies":"Cultist","floor":1.0,"turns":1.0},{"damage":0.0,"enemies":"Small Slimes","floor":3.0,"turns":1.0},{"damage":0.0,"enemies":"Gremlin Nob","floor":7.0,"turns":1.0},{"damage":0.0,"enemies":"2 Louse","floor":11.0,"turns":1.0},{"damage":2.0,"enemies":"Large Slime","floor":14.0,"turns":5.0},{"damage":19.0,"enemies":"Hexaghost","floor":16.0,"turns":9.0},{"damage":11.0,"enemies":"2 Thieves","floor":18.0,"turns":3.0},{"damage":7.0,"enemies":"Chosen","floor":19.0,"turns":5.0},{"damage":10.0,"enemies":"Shelled Parasite and Fungi","floor":21.0,"turns":2.0},{"damage":10.0,"enemies":"Chosen and Byrds","floor":22.0,"turns":5.0},{"damage":7.0,"enemies":"Snake Plant","floor":24.0,"turns":5.0},{"damage":0.0,"enemies":"Sentry and Sphere","floor":25.0,"turns":4.0},{"damage":0,"enemies":"3 Cultists","floor":28,"turns":4},{"damage":0,"enemies":"Snecko","floor":29,"turns":4},{"damage":0,"enemies":"Cultist and Chosen","floor":31,"turns":3}],"seed_played":"1480649799996775533","potions_obtained":[{"floor":11.0,"key":"Doom Potion"},{"floor":14.0,"key":"Reflective Coating"},{"floor":16.0,"key":"Explosive Potion"},{"floor":18.0,"key":"EssenceOfSteel"},{"floor":22.0,"key":"Energy Potion"}],"is_trial":false,"path_per_floor":["M","$","M","?","?","R","E","R","T","R","M","?","$","M","R","B",null,"M","M","$","M","M","R","M","M","T","$","M","M","R","M"],"character_chosen":"THE_SERVANT","items_purchased":["Replay:Wax Seal","ClockworkSouvenir"],"campfire_rested":0,"item_purchase_floors":[20,27],"current_hp_per_floor":[54,54,54,49,49,49,49,49,49,49,49,49,49,47,47,28,52,41,34,34,24,14,14,7,7,7,7,7,7,7,7,7],"gold":62,"neow_bonus":"THREE_ENEMY_KILL","is_daily":false,"chose_seed":false,"campfire_upgraded":6,"win_rate":0.0,"timestamp":1607654045,"path_taken":["M","$","M","?","?","R","E","R","T","R","M","?","$","M","R","BOSS","M","M","?","M","M","R","?","M","T","$","M","M","R","M"],"items_purchased_type":["Relic","Relic"],"build_version":"2020-11-30","purchased_purges":2,"victory":false,"max_hp_per_floor":[60,60,60,60,60,60,60,60,60,60,60,60,60,60,60,60,60,60,60,60,60,60,60,60,60,60,60,60,60,60,60,60],"card_choices":[{"not_picked":["Rewind","Deadline"],"picked":"Ricochet","floor":1.0},{"not_picked":["ShatteredReality","Contraction"],"picked":"SurpressingFire","floor":3.0},{"not_picked":["BottledTime","InstantArmor"],"picked":"Sunlight","floor":7.0},{"not_picked":["Ricochet","Read"],"picked":"BottledTime","floor":11.0},{"not_picked":["Potential","Spin"],"picked":"StarChef","floor":14.0},{"not_picked":["Double Tap","TheWorld"],"picked":"Demon Form","floor":16.0},{"not_picked":["StarChef","Revamp"],"picked":"Barrier","floor":18.0},{"not_picked":["Unruled","Alleviate"],"picked":"Spin+1","floor":19.0},{"not_picked":["Ricochet","MoonPhase"],"picked":"GearUp","floor":21.0},{"not_picked":["Potential","Starlight","Replace"],"picked":"SKIP","floor":22.0},{"not_picked":["Rearm","MoonPhase"],"picked":"InstantArmor","floor":24.0},{"not_picked":["DualDimension","Replace"],"picked":"FastForward","floor":25.0},{"not_picked":["Starlight","Shuttle","SpecialFormula"],"picked":"SKIP","floor":28},{"not_picked":["Potential","Pummel"],"picked":"Limit Break","floor":29}],"player_experience":766691,"relics_obtained":[{"floor":7.0,"key":"Orichalcum"},{"floor":9.0,"key":"Gremlin Horn"},{"floor":26.0,"key":"KneeBrace"}],"event_choices":[{"damage_healed":0.0,"max_hp_gain":0.0,"max_hp_loss":0.0,"gold_gain":0.0,"event_name":"Scrap Ooze","player_choice":"Success","floor":4.0,"gold_loss":0.0,"damage_taken":5.0,"relics_obtained":["Garlic"]},{"cards_removed":["Strike_S"],"damage_healed":0.0,"max_hp_gain":0.0,"max_hp_loss":0.0,"gold_gain":0.0,"event_name":"Bonfire Elementals","player_choice":"Offered Basic","floor":12.0,"gold_loss":0.0,"damage_taken":0.0}],"is_beta":false,"boss_relics":[{"not_picked":["Velvet Choker","Ectoplasm"],"picked":"SplendidAttire"}],"items_purged_floors":[2,13],"is_endless":false,"potions_floor_spawned":[11,14,16,18,19,22,29],"killed_by":"Cultist and Chosen","ascension_level":18}}