{"host":"6o1vh5lr98s0jjq7","time":1607656438,"event":{"mods":["2.2 Compatiblity","Act Like it!","Aspiration","BaseMod","Better Altar","Better Match","Better Note","Better Third Choice","Conspire","Downfall","Gensokyo","Hallownest","Infinite Spire","Marisa????????","Minty Spire (QoL Compilation)","Replay The Spire","StSLib","The Alterego","WarShipGirlsR/????R mod"],"gold_per_floor":[109,16,30,45,19,46,46,46,46,60,60,60,87,105,105,203,203,221,241,241,241,516,541,541,573,573,573,586,602,627,643,643,780,780,849,918,918,918,918,918,26,46,46,46,71,71,71],"floor_reached":46,"playtime":2518,"items_purged":["Regret"],"score":845,"play_id":"6c220b66-a156-417e-960b-122ac4c0d09a","local_time":"20201210211358","is_ascension_mode":true,"campfire_choices":[{"floor":8,"key":"RECALL"},{"floor":11,"key":"REST"},{"data":"BinaryStars","floor":15,"key":"SMITH"},{"floor":27,"key":"REST"},{"floor":32,"key":"REST"}],"circlet_count":0,"master_deck":["Strike_MRS","Strike_MRS","Strike_MRS","Strike_MRS","Defend_MRS","Defend_MRS","Defend_MRS","Defend_MRS","MasterSpark","UpSweep","BinaryStars+1","EventHorizon","ChargeUpSpray","6A","NonDirectionalLaser","UnstableBomb","MysteriousBeam","6A","FairyDestructionRay","UltimateShortwave","GalacticHalo","JA","CurseOfTheBell","StarBarrage","DoubleSpark","BlazeAway+1","BlazeAway+1","OortCloud","Acceleration","ChargeUpSpray","CasketOfStar","ManaRampage","GrandCross+1","Deep Breath","NonDirectionalLaser+1","DC+1"],"relics":["MiniHakkero","Quantum Egg","HandmadeGrimoire","Calling Bell","aspiration:ArtOfWarUpgrade","Mirror","Ginger","infinitespire:FocusingShard","aspiration:SecretTechniqueScroll","AmplifyWand","aspiration:FetidBarrel","infinitespire:Golems Mask","Pocketwatch","infinitespire:EvilPickle","Replay:Bronze Core","White Beast Statue","Chemical X","infinitespire:CheckeredPen","Calipers","Gambling Chip","Akabeko"],"acts_visited":["Exordium","TheCity","TheBeyond"],"potions_floor_usage":[13,13,13,20,20,25,33,33,41,46,46],"damage_taken":[{"damage":1,"enemies":"Cultist","floor":1,"turns":3},{"damage":10,"enemies":"Small Slimes","floor":3,"turns":2},{"damage":0,"enemies":"2 Louse","floor":4,"turns":3},{"damage":11,"enemies":"Gremlin Nob","floor":6,"turns":3},{"damage":4,"enemies":"Lots of Slimes","floor":10,"turns":2},{"damage":2,"enemies":"3 Sentries","floor":13,"turns":3},{"damage":0,"enemies":"2 Fungi Beasts","floor":14,"turns":2},{"damage":19,"enemies":"Slime Boss","floor":16,"turns":7},{"damage":9,"enemies":"Chosen","floor":18,"turns":3},{"damage":6,"enemies":"Spheric Guardian","floor":19,"turns":3},{"damage":2,"enemies":"Snake Plant","floor":20,"turns":2},{"damage":0,"enemies":"Gremlin Leader","floor":23,"turns":1},{"damage":44,"enemies":"Book of Stabbing","floor":25,"turns":5},{"damage":0,"enemies":"3 Cultists","floor":28,"turns":4},{"damage":0,"enemies":"Shelled Parasite and Fungi","floor":29,"turns":3},{"damage":0,"enemies":"Gremlin Leader","floor":30,"turns":3},{"damage":3,"enemies":"Centurion and Healer","floor":31,"turns":5},{"damage":15,"enemies":"Pondfish","floor":33,"turns":6},{"damage":15,"enemies":"3 Darklings","floor":35,"turns":4},{"damage":13,"enemies":"3 Shapes","floor":36,"turns":2},{"damage":0,"enemies":"Jaw Worm Horde","floor":42,"turns":1},{"damage":0,"enemies":"conspire:MimicChest","floor":45,"turns":2},{"damage":61,"enemies":"Nightmare","floor":46,"turns":6}],"seed_played":"-7533138004620724013","potions_obtained":[{"floor":1,"key":"LiquidMemories"},{"floor":6,"key":"Ancient Potion"},{"floor":10,"key":"BottledSpark"},{"floor":16,"key":"Block Potion"},{"floor":19,"key":"SmokeBomb"},{"floor":23,"key":"LifebloodPotion"},{"floor":25,"key":"Flashbang"},{"floor":31,"key":"LiquidBronze"},{"floor":42,"key":"Weak Potion"},{"floor":45,"key":"Guardian:BlockOnCardUsePotion"}],"is_trial":false,"path_per_floor":["M","$","M","M","$","E","?","R","T","M","R","?","E","M","R","B",null,"M","M","M","AVR","?","E","R","E","T","R","M","M","E","M","R","B",null,"M","M","?","AVR","?","R","$","M","T","$","?","NM"],"character_chosen":"MARISA","items_purchased":["ChargeUpSpray","6A","MysteriousBeam","Chemical X","infinitespire:CheckeredPen","Calipers","Fruit Juice","Deep Breath"],"campfire_rested":3,"item_purchase_floors":[2,2,5,41,41,41,41,41],"current_hp_per_floor":[74,74,64,64,64,53,53,53,53,49,71,71,69,69,69,50,75,66,60,58,58,58,58,58,14,14,36,36,36,36,33,55,40,75,60,47,55,55,55,55,60,60,60,60,60,0,0],"gold":71,"neow_bonus":"ONE_RANDOM_RARE_CARD","is_daily":false,"chose_seed":false,"campfire_upgraded":1,"win_rate":0.0,"timestamp":1607656438,"path_taken":["M","?","?","M","$","E","?","R","T","M","R","?","E","M","R","BOSS","M","?","M","AVR","?","E","R","E","T","R","M","?","E","M","R","BOSS","M","M","?","AVR","?","R","?","?","T","$","?","NM"],"items_purchased_type":["Card","Card","Card","Relic","Relic","Relic","Potion","Card"],"build_version":"2020-11-30","purchased_purges":1,"victory":false,"max_hp_per_floor":[75,75,75,75,75,75,75,75,75,75,75,75,75,75,75,75,75,75,75,75,75,75,75,75,75,75,75,75,75,75,75,75,75,75,75,75,75,75,75,75,80,80,80,80,80,80,80],"card_choices":[{"not_picked":["GasGiant","IllusionStar"],"picked":"EventHorizon","floor":1},{"not_picked":["MysteriousBeam","MeteoricShower"],"picked":"NonDirectionalLaser","floor":3},{"not_picked":["IllusionStar","WitchOfGreed"],"picked":"UnstableBomb","floor":4},{"not_picked":["StarlightTyphoon","GalacticHalo"],"picked":"6A","floor":6},{"not_picked":["DoubleSpark","WitchLeyline"],"picked":"FairyDestructionRay","floor":10},{"not_picked":["DragonMeteor","Occultation"],"picked":"UltimateShortwave","floor":13},{"not_picked":["Singularity","UnstableBomb"],"picked":"GalacticHalo","floor":14},{"not_picked":["BinaryStars","UltimateShortwave"],"picked":"JA","floor":16},{"not_picked":["ManaConvection","EnergyRecoil"],"picked":"StarBarrage","floor":18},{"not_picked":["6A","Orbital"],"picked":"DoubleSpark","floor":19},{"not_picked":["GravityBeat","WitchLeyline"],"picked":"BlazeAway+1","floor":23},{"not_picked":["StarlightTyphoon","SporeBomb"],"picked":"BlazeAway+1","floor":25},{"not_picked":["PowerUp","BigCrunch"],"picked":"OortCloud","floor":28},{"not_picked":["LuminesStrike","RefractionSpark"],"picked":"Acceleration","floor":29},{"not_picked":["Acceleration","DoubleSpark"],"picked":"ChargeUpSpray","floor":30},{"not_picked":["UnstableBomb+1","ShootingEcho"],"picked":"CasketOfStar","floor":31},{"not_picked":["MaximisePower","SatelliteIllusion"],"picked":"ManaRampage","floor":33},{"not_picked":["GasGiant","OneTimeOff"],"picked":"MagicChant","floor":35},{"not_picked":["ShootingEcho","GravityBeat+1"],"picked":"GrandCross+1","floor":36},{"not_picked":["Acceleration+1","ShootingEcho+1"],"picked":"NonDirectionalLaser+1","floor":42},{"not_picked":["GalacticHalo+1","MysteriousBeam+1"],"picked":"DC+1","floor":45}],"player_experience":180966,"relics_obtained":[{"floor":6,"key":"Quantum Egg"},{"floor":13,"key":"HandmadeGrimoire"},{"floor":17,"key":"Art of War"},{"floor":17,"key":"Mirror"},{"floor":17,"key":"Ginger"},{"floor":23,"key":"AmplifyWand"},{"floor":25,"key":"aspiration:FetidBarrel"},{"floor":26,"key":"infinitespire:Golems Mask"},{"floor":30,"key":"Pocketwatch"},{"floor":43,"key":"Gambling Chip"},{"floor":45,"key":"Akabeko"}],"event_choices":[{"damage_healed":0,"gold_gain":0,"player_choice":"Disagree","damage_taken":0,"max_hp_gain":0,"max_hp_loss":0,"event_name":"conspire:LoneGhost","floor":7,"gold_loss":0},{"damage_healed":0,"gold_gain":0,"player_choice":"Ignored","damage_taken":0,"max_hp_gain":0,"max_hp_loss":0,"event_name":"Purifier","floor":12,"gold_loss":0},{"damage_healed":0,"gold_gain":275,"player_choice":"Desecrate","damage_taken":0,"max_hp_gain":0,"max_hp_loss":0,"event_name":"Golden Shrine","floor":22,"gold_loss":0,"cards_obtained":["Regret"]},{"cards_removed":["MagicChant"],"damage_healed":0,"gold_gain":0,"player_choice":"Removed Skill","damage_taken":0,"max_hp_gain":0,"max_hp_loss":0,"event_name":"Falling","floor":39,"gold_loss":0}],"is_beta":false,"boss_relics":[{"not_picked":["Runic Pyramid","aspiration:IroncladSkillbook"],"picked":"Calling Bell"},{"not_picked":["Ring of Chaos","Cursed Key"],"picked":"Replay:Bronze Core"}],"items_purged_floors":[38],"is_endless":false,"potions_floor_spawned":[1,6,10,16,19,23,25,31,42,45],"killed_by":"Nightmare","ascension_level":3}}