{"host":"zkqorkqsr6o67e8b","time":1607647001,"event":{"mods":["BaseMod","Better Vampires","Minty Spire (QoL Compilation)","Quick Restart","StSLib","The Alterego","Waifu the Spire","Yuyuko","【功能Mod】精心准备","【遗物卡牌】REMEMod"],"gold_per_floor":[11,11,11,36,52,87,87,111,136,154,178,193,193,226,226,356,356,376,391,391,391,410,410,266,266,266,266,300,300,323,346,346,476,476,476,476],"floor_reached":35,"playtime":3016,"items_purged":[],"score":518,"play_id":"89328f31-911e-4bba-8d8e-a7a28d1fac72","local_time":"20201211083641","is_ascension_mode":true,"campfire_choices":[{"floor":7.0,"key":"REST"},{"floor":13.0,"key":"REST"},{"floor":15.0,"key":"REST"},{"floor":23.0,"key":"REST"},{"floor":25.0,"key":"REST"},{"floor":27.0,"key":"RECALL"},{"floor":29.0,"key":"REST"},{"floor":32.0,"key":"REST"}],"circlet_count":0,"master_deck":["Fantasy Butterflies","Fantasy Butterflies","Dreamy Sakura","Dreamy Sakura","Dreamy Sakura","Deathly Ground","Unknown Petal","Sweet of Phantom","Open The Fan","The Way to Death","Sakura Sakura","Bomb+1","Ticket to Heaven+1","Ghost Lead+1","Bloom","Song of Papilio"],"relics":["Coronal","Yuyuko\u0027s fan","Golden Idol","Toy Ornithopter","Juzu Bracelet","Nunchaku","Nilry\u0027s Codex","Nloth\u0027s Gift","Orichalcum","Gambling Chip","SacredBark"],"acts_visited":["TheBeyond"],"potions_floor_usage":[],"damage_taken":[{"damage":20.0,"enemies":"2 Louse","floor":1.0,"turns":3.0},{"damage":24.0,"enemies":"Jaw Worm","floor":4.0,"turns":4.0},{"damage":38.0,"enemies":"Cultist","floor":5.0,"turns":6.0},{"damage":68.0,"enemies":"Lagavulin","floor":6.0,"turns":10.0},{"damage":30.0,"enemies":"Lots of Slimes","floor":8.0,"turns":3.0},{"damage":25.0,"enemies":"Exordium Wildlife","floor":10.0,"turns":4.0},{"damage":37.0,"enemies":"Blue Slaver","floor":11.0,"turns":5.0},{"damage":30.0,"enemies":"Looter","floor":12.0,"turns":4.0},{"damage":47.0,"enemies":"Gremlin Nob","floor":14.0,"turns":6.0},{"damage":64.0,"enemies":"Slime Boss","floor":16.0,"turns":10.0},{"damage":27.0,"enemies":"Spheric Guardian","floor":18.0,"turns":4.0},{"damage":34.0,"enemies":"3 Byrds","floor":19.0,"turns":6.0},{"damage":3.0,"enemies":"3 Cultists","floor":22.0,"turns":3.0},{"damage":55.0,"enemies":"Slavers","floor":28.0,"turns":5.0},{"damage":45.0,"enemies":"Snecko","floor":30.0,"turns":6.0},{"damage":9.0,"enemies":"Cultist and Chosen","floor":31.0,"turns":5.0},{"damage":32.0,"enemies":"Champ","floor":33.0,"turns":7.0},{"damage":18,"enemies":"Orb Walker","floor":35,"turns":4}],"seed_played":"969769494382438461","potions_obtained":[{"floor":4.0,"key":"SteroidPotion"},{"floor":5.0,"key":"Block Potion"},{"floor":6.0,"key":"Regen Potion"},{"floor":11.0,"key":"Explosive Potion"},{"floor":16.0,"key":"LiquidBronze"},{"floor":28.0,"key":"Energy Potion"},{"floor":30.0,"key":"DuplicationPotion"}],"is_trial":false,"path_per_floor":["M","?","?","M","M","E","R","M","T","M","M","M","R","E","R","B",null,"M","M","?","?","M","R","$","R","T","R","E","R","M","M","R","B",null,"M"],"character_chosen":"YUYOKO","items_purchased":["Orichalcum"],"campfire_rested":7,"item_purchase_floors":[24],"current_hp_per_floor":[37,27,27,36,29,22,34,35,35,33,35,32,40,18,30,24,36,32,34,18,18,37,40,40,40,40,40,34,40,3,35,40,33,38,40,40],"gold":476,"neow_bonus":"REMOVE_TWO","is_daily":false,"chose_seed":false,"campfire_upgraded":0,"win_rate":0.0,"timestamp":1607647001,"path_taken":["M","?","?","M","?","E","R","M","T","M","M","M","R","E","R","BOSS","M","M","?","?","M","R","$","R","T","R","E","R","M","M","R","BOSS","M"],"items_purchased_type":["Relic"],"build_version":"2020-11-30","purchased_purges":0,"victory":false,"max_hp_per_floor":[40,40,40,40,40,40,40,40,40,40,40,40,40,40,40,40,40,40,40,40,40,40,40,40,40,40,40,40,40,40,40,40,40,40,40,40],"card_choices":[{"not_picked":["City of Death","Become Phantom","Showy Withering"],"picked":"SKIP","floor":1.0},{"not_picked":["Linger over Flower","Dying Butterflies","Gather the Spring"],"picked":"SKIP","floor":4.0},{"not_picked":["Dark Wind","Unborn Light"],"picked":"Unknown Petal","floor":5.0},{"not_picked":["Dark Wind","Suicide","Gather the Spring"],"picked":"SKIP","floor":6.0},{"not_picked":["Unstable Ward","Showy Withering","Ghostdom Sakura"],"picked":"SKIP","floor":8.0},{"not_picked":["Wandering Soul","Ticket to Heaven","Death Dancing"],"picked":"SKIP","floor":10.0},{"not_picked":["The Nether","Triple Snow"],"picked":"Sweet of Phantom","floor":11.0},{"not_picked":["Phantom Butterflies","Bloom"],"picked":"Open The Fan","floor":12.0},{"not_picked":["Trap Lamp","Dying Sakura"],"picked":"The Way to Death","floor":14.0},{"not_picked":["Ghastly Dream","Float on Moon"],"picked":"Sakura Sakura","floor":16.0},{"not_picked":["Snow","Redemption of Death+1","Open The Fan"],"picked":"SKIP","floor":18.0},{"not_picked":["Final of Final","Stifle+1","Immigrant Phantom"],"picked":"SKIP","floor":19.0},{"not_picked":["Phantom Village+1","Steamed Phantom"],"picked":"Bloom","floor":22.0},{"not_picked":["Revive The Butterflies","Bomb+1","Childlike"],"picked":"SKIP","floor":28.0},{"not_picked":["Open The Fan","Dying Sakura+1"],"picked":"Song of Papilio","floor":30.0},{"not_picked":["Death Dancing","Trap Lamp","Dancing Butterflies+1"],"picked":"SKIP","floor":31.0}],"player_experience":422788,"relics_obtained":[{"floor":6.0,"key":"Toy Ornithopter"},{"floor":9.0,"key":"Juzu Bracelet"},{"floor":14.0,"key":"Nunchaku"},{"floor":20.0,"key":"Nilry\u0027s Codex"},{"floor":28.0,"key":"Gambling Chip"}],"event_choices":[{"damage_healed":0.0,"max_hp_gain":0.0,"max_hp_loss":0.0,"gold_gain":0.0,"event_name":"Golden Idol","player_choice":"Take Damage","floor":2.0,"gold_loss":0.0,"damage_taken":10.0,"relics_obtained":["Golden Idol"]},{"cards_removed":["Faramita\u0027s Temptation"],"damage_healed":0.0,"max_hp_gain":0.0,"max_hp_loss":0.0,"gold_gain":0.0,"event_name":"Purifier","player_choice":"Purged","floor":3.0,"gold_loss":0.0,"damage_taken":0.0},{"damage_healed":0.0,"max_hp_gain":0.0,"max_hp_loss":0.0,"gold_gain":0.0,"event_name":"Cursed Tome","player_choice":"Obtained Book","floor":20.0,"gold_loss":0.0,"damage_taken":16.0},{"damage_healed":0.0,"max_hp_gain":0.0,"max_hp_loss":0.0,"gold_gain":0.0,"event_name":"N\u0027loth","player_choice":"Traded Relic","floor":21.0,"relics_lost":["Astrolabe"],"gold_loss":0.0,"damage_taken":0.0,"relics_obtained":["Nloth\u0027s Gift"]}],"is_beta":false,"boss_relics":[{"not_picked":["Fusion Hammer","Calling Bell"],"picked":"Astrolabe"},{"not_picked":["Runic Pyramid","Pandora\u0027s Box"],"picked":"SacredBark"}],"items_purged_floors":[],"is_endless":false,"potions_floor_spawned":[4,5,6,11,16,18,28,30],"killed_by":"Orb Walker","ascension_level":5}}