{"host":"e4hse1vg61zltgzv","time":1607672137,"event":{"mods":["AchievementEnabler","BaseMod","Block Reminder","Colored Map","DeckTracker","GifTheSpireLib","Minty Spire (QoL Compilation)","Rare Cards Sparkle","StSLib","SuperFastMode","everything is the same but u backflip on backflip"],"gold_per_floor":[118,138,157,82,82,115,128,153,153,153,178,178,178,209,209,283,283,302,302,302,318,342,374,405,440,440,275,286,296,310,339,339,414,414,434,334,351,365,46,76,76,76,76,86,86,118,164,198,198,198,198,198,198,89,116,116],"floor_reached":57,"playtime":1120,"items_purged":["Bash","Defend_R","Defend_R+1","Defend_R+1","Offering+1"],"score":4006,"play_id":"0b73dc18-2ef6-4634-b8df-e166725cddbd","local_time":"20201211163537","is_ascension_mode":true,"campfire_choices":[{"floor":10.0,"key":"RECALL"},{"data":"Defend_R","floor":12.0,"key":"SMITH"},{"data":"Defend_R","floor":15.0,"key":"SMITH"},{"floor":32.0,"key":"REST"},{"floor":41.0,"key":"REST"},{"floor":45.0,"key":"REST"},{"floor":49.0,"key":"REST"},{"floor":53.0,"key":"REST"}],"circlet_count":0,"master_deck":["AscendersBane","Entrench+1","Body Slam+1","Shrug It Off+1","Battle Trance+1"],"relics":["Burning Blood","Calipers","Singing Bowl","Matryoshka","Toxic Egg 2","MealTicket","Lantern","Whetstone","SlaversCollar","CeramicFish","Eternal Feather","Blue Candle","Red Mask","The Courier","Question Card","Pear","Runic Dome","Membership Card","Sundial","Happy Flower","Boot","Juzu Bracelet","Magic Flower","Anchor","HornCleat"],"acts_visited":["Exordium","TheCity","TheBeyond","TheEnding"],"potions_floor_usage":[56,56],"damage_taken":[{"damage":3.0,"enemies":"Small Slimes","floor":1.0,"turns":6.0},{"damage":4.0,"enemies":"2 Louse","floor":2.0,"turns":3.0},{"damage":0.0,"enemies":"Jaw Worm","floor":3.0,"turns":3.0},{"damage":31.0,"enemies":"Gremlin Nob","floor":6.0,"turns":4.0},{"damage":0.0,"enemies":"Blue Slaver","floor":7.0,"turns":3.0},{"damage":0.0,"enemies":"Lagavulin","floor":8.0,"turns":4.0},{"damage":0.0,"enemies":"3 Sentries","floor":11.0,"turns":7.0},{"damage":0.0,"enemies":"Gremlin Nob","floor":14.0,"turns":2.0},{"damage":0.0,"enemies":"The Guardian","floor":16.0,"turns":3.0},{"damage":6.0,"enemies":"Spheric Guardian","floor":18.0,"turns":1.0},{"damage":6.0,"enemies":"Chosen","floor":21.0,"turns":1.0},{"damage":6.0,"enemies":"3 Cultists","floor":22.0,"turns":3.0},{"damage":6.0,"enemies":"Gremlin Leader","floor":23.0,"turns":2.0},{"damage":6.0,"enemies":"Masked Bandits","floor":24.0,"turns":2.0},{"damage":6.0,"enemies":"Book of Stabbing","floor":25.0,"turns":2.0},{"damage":6.0,"enemies":"Centurion and Healer","floor":28.0,"turns":1.0},{"damage":6.0,"enemies":"Snecko","floor":29.0,"turns":4.0},{"damage":6.0,"enemies":"Snake Plant","floor":30.0,"turns":1.0},{"damage":6.0,"enemies":"Gremlin Leader","floor":31.0,"turns":2.0},{"damage":6.0,"enemies":"Collector","floor":33.0,"turns":2.0},{"damage":6.0,"enemies":"Orb Walker","floor":35.0,"turns":1.0},{"damage":6.0,"enemies":"3 Darklings","floor":37.0,"turns":2.0},{"damage":6.0,"enemies":"Transient","floor":38.0,"turns":2.0},{"damage":6.0,"enemies":"Nemesis","floor":40.0,"turns":1.0},{"damage":6.0,"enemies":"4 Shapes","floor":44.0,"turns":2.0},{"damage":6.0,"enemies":"Giant Head","floor":46.0,"turns":1.0},{"damage":6.0,"enemies":"2 Orb Walkers","floor":47.0,"turns":2.0},{"damage":6.0,"enemies":"Nemesis","floor":48.0,"turns":1.0},{"damage":6.0,"enemies":"Awakened One","floor":50.0,"turns":2.0},{"damage":6.0,"enemies":"Donu and Deca","floor":51.0,"turns":2.0},{"damage":0.0,"enemies":"Shield and Spear","floor":55.0,"turns":2.0},{"damage":0,"enemies":"The Heart","floor":56,"turns":4}],"seed_played":"-4178690021603143233","potions_obtained":[{"floor":2.0,"key":"Fire Potion"},{"floor":8.0,"key":"Fire Potion"},{"floor":16.0,"key":"DistilledChaos"},{"floor":18.0,"key":"SneckoOil"},{"floor":21.0,"key":"SpeedPotion"},{"floor":23.0,"key":"Block Potion"},{"floor":30.0,"key":"Strength Potion"},{"floor":40.0,"key":"BloodPotion"}],"is_trial":false,"path_per_floor":["M","M","M","$","?","E","M","E","T","R","E","R","?","E","R","B",null,"M","?","T","M","M","E","?","E","T","$","M","M","M","E","R","B",null,"M","$","M","M","$","E","R","?","T","M","R","E","?","E","R","B","B",null,"R","$","E","B",null],"character_chosen":"IRONCLAD","items_purchased":["Fruit Juice","Membership Card","Sundial","Swift Potion"],"campfire_rested":5,"item_purchase_floors":[27,39,39,54],"current_hp_per_floor":[80,84,88,88,88,65,73,79,79,79,87,87,87,95,95,96,96,98,98,98,100,100,102,104,106,106,111,113,115,117,129,129,131,131,133,133,135,137,137,139,139,139,139,141,141,143,145,147,147,147,147,147,147,147,149,149],"gold":116,"neow_bonus":"TEN_PERCENT_HP_BONUS","is_daily":false,"chose_seed":false,"campfire_upgraded":2,"win_rate":0.0,"timestamp":1607672137,"path_taken":["M","M","M","$","?","E","M","E","T","R","E","R","?","E","R","BOSS","M","?","?","M","M","E","?","E","T","$","M","M","?","E","R","BOSS","M","$","M","M","$","E","R","?","T","?","R","E","?","E","R","BOSS","BOSS","R","$","E","BOSS"],"items_purchased_type":["Potion","Relic","Relic","Potion"],"build_version":"2020-11-30","purchased_purges":5,"victory":true,"max_hp_per_floor":[84,86,88,88,88,90,92,92,92,92,94,94,94,96,96,96,96,98,98,98,100,100,102,104,106,106,111,113,115,117,129,129,131,131,133,133,135,137,137,139,139,139,139,141,141,143,145,147,147,147,147,147,147,147,149,149],"card_choices":[{"not_picked":["Heavy Blade","Rupture","Battle Trance"],"picked":"Singing Bowl","floor":1.0},{"not_picked":["Disarm","Headbutt","Anger"],"picked":"Singing Bowl","floor":2.0},{"not_picked":["Twin Strike","Rage","Cleave"],"picked":"Singing Bowl","floor":3.0},{"not_picked":["Burning Pact","Warcry","Clothesline"],"picked":"Singing Bowl","floor":6.0},{"not_picked":["Headbutt","Anger","Burning Pact"],"picked":"Singing Bowl","floor":7.0},{"not_picked":["Armaments+1","Barricade"],"picked":"Shrug It Off+1","floor":8.0},{"not_picked":["Dropkick","Reckless Charge","Iron Wave"],"picked":"Singing Bowl","floor":11.0},{"not_picked":["Shrug It Off+1","Havoc+1","Perfected Strike"],"picked":"Singing Bowl","floor":14.0},{"not_picked":["Demon Form","Berserk"],"picked":"Offering+1","floor":16.0},{"not_picked":["Sword Boomerang","Perfected Strike","Warcry+1"],"picked":"Singing Bowl","floor":18.0},{"not_picked":["Searing Blow+1","Perfected Strike","Twin Strike"],"picked":"Singing Bowl","floor":21.0},{"not_picked":["Body Slam","Heavy Blade"],"picked":"Battle Trance+1","floor":22.0},{"not_picked":["Havoc+1","Clash","Whirlwind"],"picked":"Singing Bowl","floor":23.0},{"not_picked":["Infernal Blade+1","Cleave","Barricade"],"picked":"Singing Bowl","floor":24.0},{"not_picked":["Clothesline","Feed","Intimidate+1"],"picked":"Singing Bowl","floor":25.0},{"not_picked":["Anger","Uppercut","Perfected Strike","Flex+1"],"picked":"Singing Bowl","floor":28.0},{"not_picked":["Carnage","Rupture","Dual Wield+1","Entrench+1"],"picked":"Singing Bowl","floor":29.0},{"not_picked":["Warcry+1","Clash","Shrug It Off+1","Wild Strike"],"picked":"Singing Bowl","floor":30.0},{"not_picked":["Flex+1","Clash+1","True Grit+1","Havoc+1"],"picked":"Singing Bowl","floor":31.0},{"not_picked":["Exhume+1","Berserk","Immolate","Offering+1"],"picked":"Singing Bowl","floor":33.0},{"not_picked":["Warcry+1","Dropkick","Clash","Twin Strike"],"picked":"Singing Bowl","floor":35.0},{"not_picked":["Sword Boomerang","Heavy Blade","Anger","Iron Wave+1"],"picked":"Singing Bowl","floor":37.0},{"not_picked":["Double Tap+1","Clash","Headbutt","Blood for Blood"],"picked":"Singing Bowl","floor":38.0},{"not_picked":["Twin Strike","Double Tap+1","Anger","Sword Boomerang+1"],"picked":"Singing Bowl","floor":40.0},{"not_picked":["Clash","Rage+1","Metallicize+1","Feel No Pain+1"],"picked":"Singing Bowl","floor":44.0},{"not_picked":["Anger","Clash+1","Wild Strike","Rage+1"],"picked":"Singing Bowl","floor":46.0},{"not_picked":["Cleave","Evolve","Twin Strike","Havoc+1"],"picked":"Singing Bowl","floor":47.0},{"not_picked":["Flex+1","Iron Wave","Warcry+1","Intimidate+1"],"picked":"Singing Bowl","floor":48.0},{"not_picked":["Double Tap+1","Blood for Blood","Armaments+1","Burning Pact+1"],"picked":"Singing Bowl","floor":55.0}],"player_experience":725917,"relics_obtained":[{"floor":6.0,"key":"Matryoshka"},{"floor":8.0,"key":"Toxic Egg 2"},{"floor":9.0,"key":"MealTicket"},{"floor":11.0,"key":"Lantern"},{"floor":14.0,"key":"Whetstone"},{"floor":20.0,"key":"CeramicFish"},{"floor":20.0,"key":"Eternal Feather"},{"floor":23.0,"key":"Blue Candle"},{"floor":24.0,"key":"Red Mask"},{"floor":25.0,"key":"The Courier"},{"floor":26.0,"key":"Question Card"},{"floor":31.0,"key":"Pear"},{"floor":40.0,"key":"Happy Flower"},{"floor":43.0,"key":"Boot"},{"floor":46.0,"key":"Juzu Bracelet"},{"floor":47.0,"key":"Magic Flower"},{"floor":48.0,"key":"Anchor"},{"floor":55.0,"key":"HornCleat"}],"event_choices":[{"cards_removed":["Defend_R"],"damage_healed":0.0,"max_hp_gain":0.0,"max_hp_loss":0.0,"gold_gain":0.0,"event_name":"Living Wall","player_choice":"Forget","floor":5.0,"gold_loss":0.0,"damage_taken":0.0},{"damage_healed":0.0,"max_hp_gain":0.0,"max_hp_loss":0.0,"gold_gain":0.0,"event_name":"Liars Game","player_choice":"Ignored","floor":13.0,"gold_loss":0.0,"damage_taken":0.0},{"damage_healed":0.0,"max_hp_gain":0.0,"max_hp_loss":0.0,"gold_gain":0.0,"event_name":"The Mausoleum","player_choice":"Ignored","floor":19.0,"gold_loss":0.0,"damage_taken":0.0},{"damage_healed":0.0,"max_hp_gain":0.0,"max_hp_loss":0.0,"gold_gain":0.0,"event_name":"Masked Bandits","player_choice":"Fought Bandits","floor":24.0,"gold_loss":0.0,"damage_taken":0.0},{"damage_healed":0.0,"max_hp_gain":0.0,"max_hp_loss":0.0,"gold_gain":0.0,"event_name":"Transmorgrifier","player_choice":"Ignored","floor":42.0,"gold_loss":0.0,"damage_taken":0.0},{"damage_healed":0.0,"max_hp_gain":0.0,"max_hp_loss":0.0,"gold_gain":0.0,"event_name":"Mysterious Sphere","player_choice":"Fight","floor":47.0,"gold_loss":0.0,"damage_taken":0.0}],"is_beta":false,"boss_relics":[{"not_picked":["Busted Crown","Velvet Choker"],"picked":"SlaversCollar"},{"not_picked":["Calling Bell","SacredBark"],"picked":"Runic Dome"}],"items_purged_floors":[4,27,36,39,54],"is_endless":false,"potions_floor_spawned":[2,8,16,18,21,23,30,33,38,40],"ascension_level":20}}