{"host":"p031dr9pie5n02tj","time":1607654737,"event":{"mods":["BaseMod","Better Altar","Better Match","Better Sensory Stone","Better Skull","Better Third Choice","Colored Map","Jorbs\u0027s Wanderer Trilogy","Minty Spire (QoL Compilation)","Permanent Neow","StSLib","Uncapped","everything is the same but u backflip on backflip"],"gold_per_floor":[110,130,130,143,160,160,195,212,212,287,212,212,212,212,212,314,314,329,329,339,339,254,288,288,316,316,31,31,44,71,84,84,180,180,190,190,207,57,73,73,103,113,113,160,160,195,195,195,195,195,195,195,14,42,42],"floor_reached":56,"playtime":3139,"items_purged":["stsjorbsmod:Defend_Wanderer","Writhe"],"score":1286,"play_id":"5bbaefd1-a31d-4592-a485-515ff07196cc","local_time":"20201210214537","is_ascension_mode":false,"campfire_choices":[{"data":"stsjorbsmod:ScorchingRay","floor":6,"key":"SMITH"},{"data":"stsjorbsmod:Index","floor":13,"key":"SMITH"},{"data":"stsjorbsmod:Materialize","floor":15,"key":"SMITH"},{"data":"stsjorbsmod:FlameWard","floor":24,"key":"SMITH"},{"data":"stsjorbsmod:ThirstingSword","floor":28,"key":"SMITH"},{"data":"stsjorbsmod:Pyromancy","floor":32,"key":"SMITH"},{"data":"stsjorbsmod:SiphonEnergy","floor":40,"key":"SMITH"},{"floor":45,"key":"RECALL"},{"data":"stsjorbsmod:GatherPower","floor":49,"key":"SMITH"},{"data":"stsjorbsmod:Pyromancy","floor":52,"key":"SMITH"}],"circlet_count":0,"master_deck":["stsjorbsmod:ForbiddenGrimoire+1","stsjorbsmod:Strike_Wanderer","stsjorbsmod:Strike_Wanderer","stsjorbsmod:Strike_Wanderer","stsjorbsmod:Strike_Wanderer","stsjorbsmod:Defend_Wanderer+1","stsjorbsmod:Defend_Wanderer","stsjorbsmod:Defend_Wanderer","stsjorbsmod:FreshAdventure","stsjorbsmod:EyeOfTheStorm","stsjorbsmod:ScorchingRay+1","stsjorbsmod:Index+1","stsjorbsmod:Materialize+1","stsjorbsmod:TinyHut+1","Blind+1","stsjorbsmod:Index+1","stsjorbsmod:Pyromancy+1","stsjorbsmod:FlameWard+1","stsjorbsmod:ThirstingSword+1","stsjorbsmod:ChatteringStrike+1","stsjorbsmod:FindFamiliar+1","stsjorbsmod:GatherPower+1","stsjorbsmod:Materialize+1","stsjorbsmod:SiphonEnergy+1","stsjorbsmod:Pyromancy+1","stsjorbsmod:ScorchingRay+1","stsjorbsmod:SiphonEnergy"],"relics":["stsjorbsmod:GrimoireRelic","Oddly Smooth Stone","GremlinMask","White Beast Statue","Singing Bowl","Pear","Sozu","Incense Burner","Kunai","StrikeDummy","Mummified Hand","Art of War","Medical Kit","Bronze Scales","SlaversCollar","Bird Faced Urn","Turnip","Potion Belt","Frozen Egg 2","Bottled Flame"],"acts_visited":["Exordium","TheCity","TheBeyond","TheEnding"],"potions_floor_usage":[55],"damage_taken":[{"damage":1,"enemies":"Small Slimes","floor":1,"turns":4},{"damage":0,"enemies":"Cultist","floor":2,"turns":2},{"damage":5,"enemies":"Jaw Worm","floor":4,"turns":3},{"damage":3,"enemies":"Looter","floor":5,"turns":3},{"damage":5,"enemies":"Lagavulin","floor":7,"turns":6},{"damage":8,"enemies":"Exordium Thugs","floor":8,"turns":5},{"damage":19,"enemies":"Hexaghost","floor":16,"turns":9},{"damage":0,"enemies":"Spheric Guardian","floor":18,"turns":3},{"damage":0,"enemies":"3 Byrds","floor":20,"turns":5},{"damage":4,"enemies":"Gremlin Leader","floor":23,"turns":5},{"damage":17,"enemies":"Book of Stabbing","floor":25,"turns":6},{"damage":0,"enemies":"Snecko","floor":29,"turns":4},{"damage":6,"enemies":"Slavers","floor":30,"turns":3},{"damage":0,"enemies":"Cultist and Chosen","floor":31,"turns":3},{"damage":1,"enemies":"Champ","floor":33,"turns":6},{"damage":10,"enemies":"3 Shapes","floor":35,"turns":4},{"damage":14,"enemies":"Orb Walker","floor":37,"turns":3},{"damage":12,"enemies":"Transient","floor":39,"turns":5},{"damage":3,"enemies":"Nemesis","floor":41,"turns":3},{"damage":35,"enemies":"4 Shapes","floor":42,"turns":4},{"damage":22,"enemies":"2 Orb Walkers","floor":44,"turns":5},{"damage":30,"enemies":"Giant Head","floor":46,"turns":6},{"damage":29,"enemies":"Awakened One","floor":50,"turns":7},{"damage":12,"enemies":"Shield and Spear","floor":54,"turns":5},{"damage":88,"enemies":"The Heart","floor":55,"turns":7}],"seed_played":"8875909018530371687","potions_obtained":[{"floor":1,"key":"Regen Potion"},{"floor":8,"key":"Ancient Potion"},{"floor":16,"key":"FairyPotion"}],"is_trial":false,"path_per_floor":["M","M","?","M","M","R","E","M","T","?","?","?","R","T","R","B",null,"M","?","M","?","?","E","R","E","T","$","R","M","E","M","R","B",null,"M","?","M","$","M","R","E","M","T","?","R","E","T","$","R","B",null,"R","$","E","B",null],"character_chosen":"WANDERER","items_purchased":["Medical Kit","stsjorbsmod:ThirstingSword","stsjorbsmod:SiphonEnergy","stsjorbsmod:SiphonEnergy"],"campfire_rested":0,"item_purchase_floors":[27,27,38,53],"current_hp_per_floor":[68,68,68,65,63,63,60,56,56,45,45,50,50,60,60,41,83,85,85,87,87,87,87,87,75,75,75,75,77,73,77,77,81,93,88,88,75,75,90,90,90,62,62,77,77,90,90,90,90,66,90,90,90,87,74],"gold":42,"neow_bonus":"RANDOM_COMMON_RELIC","is_daily":false,"chose_seed":false,"campfire_upgraded":9,"win_rate":0.0,"timestamp":1607654737,"path_taken":["M","M","?","?","M","R","E","M","T","?","?","?","R","?","R","BOSS","M","?","M","?","?","E","R","E","T","$","R","M","E","M","R","BOSS","M","?","M","$","M","R","E","M","T","?","R","E","?","$","R","BOSS","R","$","E","BOSS"],"items_purchased_type":["Relic","Card","Card","Card"],"build_version":"2020-11-30","purchased_purges":2,"victory":true,"max_hp_per_floor":[68,68,68,68,68,68,68,68,68,68,68,73,73,83,83,83,83,85,85,87,87,87,89,89,91,91,91,91,91,91,93,93,93,93,95,90,90,90,90,90,90,92,92,92,92,90,90,90,90,90,90,90,90,92,86],"card_choices":[{"not_picked":["stsjorbsmod:Inferno","stsjorbsmod:BlackTentacles"],"picked":"stsjorbsmod:ScorchingRay","floor":1},{"not_picked":["stsjorbsmod:WeightOfMemory","stsjorbsmod:FracturedMind"],"picked":"stsjorbsmod:Index","floor":2},{"not_picked":["stsjorbsmod:MageArmor","stsjorbsmod:Will"],"picked":"stsjorbsmod:Materialize","floor":4},{"not_picked":["stsjorbsmod:WanderingMind","stsjorbsmod:Mending","stsjorbsmod:Stalwart"],"picked":"SKIP","floor":5},{"not_picked":["stsjorbsmod:DoubleCheck","stsjorbsmod:Mending"],"picked":"stsjorbsmod:TinyHut","floor":7},{"not_picked":["stsjorbsmod:LoseGrip","stsjorbsmod:ChatteringStrike","stsjorbsmod:WanderingMind"],"picked":"SKIP","floor":8},{"not_picked":["Dramatic Entrance+1","Trip+1"],"picked":"Blind+1","floor":11},{"not_picked":["stsjorbsmod:ParryingBlow+1","stsjorbsmod:Will+1"],"picked":"stsjorbsmod:Index+1","floor":11},{"not_picked":["stsjorbsmod:DeathThroes","stsjorbsmod:ArcaneForm"],"picked":"stsjorbsmod:Pyromancy","floor":16},{"not_picked":["stsjorbsmod:Rest+1","stsjorbsmod:Mania","stsjorbsmod:DisguiseSelf"],"picked":"Singing Bowl","floor":18},{"not_picked":["stsjorbsmod:TrueStrike","stsjorbsmod:FracturedMind+1","stsjorbsmod:ParryingBlow"],"picked":"Singing Bowl","floor":20},{"not_picked":["stsjorbsmod:TrueStrike","stsjorbsmod:Rest","stsjorbsmod:Mending+1"],"picked":"Singing Bowl","floor":23},{"not_picked":["stsjorbsmod:FaerieFire","stsjorbsmod:Counterspell","stsjorbsmod:Index"],"picked":"Singing Bowl","floor":25},{"not_picked":["stsjorbsmod:LoseGrip","stsjorbsmod:TrueStrike"],"picked":"stsjorbsmod:ChatteringStrike+1","floor":29},{"not_picked":["stsjorbsmod:MagicMirror","stsjorbsmod:Message"],"picked":"stsjorbsmod:FindFamiliar+1","floor":30},{"not_picked":["stsjorbsmod:FindFamiliar","stsjorbsmod:Thorns","stsjorbsmod:Index"],"picked":"Singing Bowl","floor":31},{"not_picked":["stsjorbsmod:Determination","stsjorbsmod:Banish"],"picked":"stsjorbsmod:GatherPower","floor":33},{"not_picked":["stsjorbsmod:ArcaneWeapon","stsjorbsmod:WanderingMind+1","stsjorbsmod:DoubleCheck+1"],"picked":"Singing Bowl","floor":35},{"not_picked":["stsjorbsmod:WanderingMind","stsjorbsmod:Channel+1"],"picked":"stsjorbsmod:Materialize+1","floor":37},{"not_picked":["stsjorbsmod:LocateObject+1","stsjorbsmod:Index","stsjorbsmod:DisguiseSelf+1"],"picked":"Singing Bowl","floor":39},{"not_picked":["stsjorbsmod:Hurt","stsjorbsmod:MagicMirror"],"picked":"stsjorbsmod:Pyromancy","floor":41},{"not_picked":["stsjorbsmod:Prestidigitation+1","stsjorbsmod:MagicMirror","stsjorbsmod:DisguiseSelf"],"picked":"Singing Bowl","floor":42},{"not_picked":["stsjorbsmod:Message","stsjorbsmod:DoubleCheck","stsjorbsmod:TrueStrike+1"],"picked":"Singing Bowl","floor":44},{"not_picked":["stsjorbsmod:DoubleCheck","stsjorbsmod:Prestidigitation"],"picked":"stsjorbsmod:ScorchingRay+1","floor":46},{"not_picked":["stsjorbsmod:ColorSpray","stsjorbsmod:DeathThroes","stsjorbsmod:DoubleCheck+1"],"picked":"Singing Bowl","floor":54}],"player_experience":181425,"relics_obtained":[{"floor":7,"key":"White Beast Statue"},{"floor":9,"key":"Singing Bowl"},{"floor":14,"key":"Pear"},{"floor":23,"key":"StrikeDummy"},{"floor":25,"key":"Mummified Hand"},{"floor":26,"key":"Art of War"},{"floor":30,"key":"Bronze Scales"},{"floor":41,"key":"Bird Faced Urn"},{"floor":44,"key":"Turnip"},{"floor":46,"key":"Potion Belt"},{"floor":47,"key":"Frozen Egg 2"},{"floor":54,"key":"Bottled Flame"}],"event_choices":[{"damage_healed":0,"gold_gain":0,"player_choice":"Trade","damage_taken":0,"relics_obtained":["GremlinMask"],"max_hp_gain":0,"max_hp_loss":0,"event_name":"FaceTrader","floor":3,"gold_loss":0},{"damage_healed":0,"gold_gain":75,"player_choice":"Gold","damage_taken":11,"max_hp_gain":0,"max_hp_loss":0,"event_name":"betterThird:BetterGoop","floor":10,"gold_loss":0},{"damage_healed":0,"gold_gain":0,"player_choice":"2","damage_taken":0,"max_hp_gain":0,"max_hp_loss":0,"event_name":"betterMatch:BetterMatch","floor":11,"gold_loss":0,"cards_obtained":["betterMatch:ColorlessUncommonCard","betterMatch:CommonCard"]},{"damage_healed":0,"gold_gain":0,"player_choice":"Donut","damage_taken":0,"max_hp_gain":5,"max_hp_loss":0,"event_name":"Big Fish","floor":12,"gold_loss":0},{"damage_healed":0,"gold_gain":0,"player_choice":"Opened","damage_taken":0,"relics_obtained":["Incense Burner"],"max_hp_gain":0,"max_hp_loss":0,"event_name":"The Mausoleum","floor":19,"gold_loss":0,"cards_obtained":["Writhe"]},{"damage_healed":0,"gold_gain":0,"player_choice":"Read","damage_taken":0,"max_hp_gain":0,"max_hp_loss":0,"event_name":"The Library","floor":21,"gold_loss":0,"cards_obtained":["stsjorbsmod:FlameWard"]},{"damage_healed":0,"gold_gain":0,"player_choice":"Obtained Relic","damage_taken":0,"relics_obtained":["Kunai"],"max_hp_gain":0,"max_hp_loss":0,"event_name":"Addict","floor":22,"gold_loss":85},{"damage_healed":0,"gold_gain":0,"player_choice":"Max HP","damage_taken":0,"max_hp_gain":0,"max_hp_loss":5,"event_name":"Winding Halls","floor":36,"gold_loss":0},{"damage_healed":0,"gold_gain":0,"player_choice":"Fight","damage_taken":0,"max_hp_gain":0,"max_hp_loss":0,"event_name":"Mysterious Sphere","floor":44,"gold_loss":0}],"is_beta":false,"boss_relics":[{"not_picked":["Tiny House","Cursed Key"],"picked":"Sozu"},{"not_picked":["Empty Cage","Runic Pyramid"],"picked":"SlaversCollar"}],"items_purged_floors":[38,53],"is_endless":false,"potions_floor_spawned":[1,8,16,18,20,23,25,29,30,31,33,35,37,39,41,42,44,46,54],"ascension_level":0}}