{"host":"cjhtzh7tp54jdfyv","time":1607651894,"event":{"gold_per_floor":[110,110,123,136,136,168,187,19,19,19,54,69,69,83,83,158,158,172,97,97,97,109,136,136,136,136],"floor_reached":25,"playtime":1494,"items_purged":["Strike_G"],"score":462,"play_id":"869ad1ad-ff7f-4bb1-915b-a7e2001a4aa8","local_time":"20201210205814","is_ascension_mode":true,"campfire_choices":[{"data":"Bouncing Flask","floor":10.0,"key":"SMITH"},{"floor":13.0,"key":"REST"},{"data":"Crippling Poison","floor":15.0,"key":"SMITH"},{"data":"Wraith Form v2","floor":24.0,"key":"SMITH"}],"neow_cost":"NONE","seed_source_timestamp":801293097948600,"circlet_count":0,"master_deck":["AscendersBane","Strike_G","Strike_G","Strike_G","Strike_G","Defend_G","Defend_G","Defend_G","Defend_G","Defend_G","Survivor","Neutralize","Blade Dance","Dagger Spray","Footwork","Bouncing Flask+1","Noxious Fumes","Crippling Poison+1","Wraith Form v2+1","Catalyst","Blur"],"special_seed":0,"relics":["Ring of the Snake","FaceOfCleric","White Beast Statue","Snake Skull","InkBottle","Du-Vu Doll","Philosopher\u0027s Stone","Nunchaku"],"potions_floor_usage":[],"damage_taken":[{"damage":0.0,"enemies":"2 Louse","floor":1.0,"turns":4.0},{"damage":1.0,"enemies":"Cultist","floor":3.0,"turns":4.0},{"damage":2.0,"enemies":"Jaw Worm","floor":4.0,"turns":4.0},{"damage":23.0,"enemies":"3 Sentries","floor":6.0,"turns":8.0},{"damage":6.0,"enemies":"3 Louse","floor":7.0,"turns":4.0},{"damage":12.0,"enemies":"Gremlin Nob","floor":11.0,"turns":3.0},{"damage":0.0,"enemies":"2 Fungi Beasts","floor":12.0,"turns":4.0},{"damage":6.0,"enemies":"Exordium Thugs","floor":14.0,"turns":5.0},{"damage":24.0,"enemies":"The Guardian","floor":16.0,"turns":9.0},{"damage":0.0,"enemies":"Chosen","floor":18.0,"turns":3.0},{"damage":17.0,"enemies":"Shell Parasite","floor":22.0,"turns":3.0},{"damage":7.0,"enemies":"Slavers","floor":23.0,"turns":3.0},{"damage":57,"enemies":"Gremlin Leader","floor":25,"turns":6}],"seed_played":"-940208954768716033","potions_obtained":[{"floor":3.0,"key":"BlessingOfTheForge"},{"floor":4.0,"key":"DuplicationPotion"},{"floor":6.0,"key":"BlessingOfTheForge"},{"floor":7.0,"key":"Block Potion"},{"floor":11.0,"key":"Fire Potion"},{"floor":12.0,"key":"DuplicationPotion"},{"floor":14.0,"key":"Dexterity Potion"},{"floor":16.0,"key":"PowerPotion"},{"floor":18.0,"key":"Fire Potion"},{"floor":23.0,"key":"CultistPotion"}],"is_trial":false,"path_per_floor":["M","?","M","M","$","E","M","$","T","R","E","M","R","M","R","B",null,"M","$","?","$","M","E","R","E"],"character_chosen":"THE_SILENT","items_purchased":["Snake Skull"],"campfire_rested":1,"item_purchase_floors":[8],"current_hp_per_floor":[65,65,65,64,64,42,37,37,37,37,26,27,50,45,45,22,66,67,67,67,67,51,45,45,0,0],"gold":136,"neow_bonus":"TEN_PERCENT_HP_BONUS","is_prod":false,"is_daily":false,"chose_seed":false,"campfire_upgraded":3,"win_rate":0,"timestamp":1607651894,"path_taken":["M","?","M","M","$","E","M","$","T","R","E","M","R","?","R","BOSS","M","$","?","?","M","E","R","E"],"build_version":"2020-11-30","purchased_purges":1,"victory":false,"max_hp_per_floor":[72,72,73,74,74,75,76,76,76,76,77,78,78,79,79,80,80,81,81,81,81,82,83,83,83,83],"card_choices":[{"not_picked":["Dodge and Roll","Finisher"],"picked":"Blade Dance","floor":1.0},{"not_picked":["Prepared","Flying Knee"],"picked":"Dagger Spray","floor":3.0},{"not_picked":["All Out Attack","Concentrate"],"picked":"Footwork","floor":4.0},{"not_picked":["Endless Agony","Underhanded Strike"],"picked":"Bouncing Flask","floor":6.0},{"not_picked":["Bouncing Flask","Poisoned Stab","Expertise"],"picked":"SKIP","floor":7.0},{"not_picked":["Backstab","Glass Knife"],"picked":"Noxious Fumes","floor":11.0},{"not_picked":["Outmaneuver","Dagger Spray","Prepared"],"picked":"SKIP","floor":12.0},{"not_picked":["Poisoned Stab","All Out Attack"],"picked":"Crippling Poison","floor":14.0},{"not_picked":["Phantasmal Killer","Bullet Time"],"picked":"Wraith Form v2","floor":16.0},{"not_picked":["All Out Attack","Deflect","Slice"],"picked":"SKIP","floor":18.0},{"not_picked":["Cloak And Dagger","Outmaneuver","Dagger Spray+1"],"picked":"SKIP","floor":22.0},{"not_picked":["Bane","Dagger Throw"],"picked":"Blur","floor":23.0}],"player_experience":4113143,"relics_obtained":[{"floor":6.0,"key":"White Beast Statue"},{"floor":9.0,"key":"InkBottle"},{"floor":11.0,"key":"Du-Vu Doll"},{"floor":23.0,"key":"Nunchaku"}],"event_choices":[{"damage_healed":0.0,"max_hp_gain":0.0,"max_hp_loss":0.0,"gold_gain":0.0,"event_name":"FaceTrader","player_choice":"Trade","floor":2.0,"gold_loss":0.0,"damage_taken":0.0,"relics_obtained":["FaceOfCleric"]},{"damage_healed":0.0,"max_hp_gain":0.0,"max_hp_loss":0.0,"gold_gain":0.0,"event_name":"The Library","player_choice":"Read","floor":20.0,"gold_loss":0.0,"damage_taken":0.0,"cards_obtained":["Catalyst"]}],"is_beta":false,"boss_relics":[{"not_picked":["Black Star","Ring of the Serpent"],"picked":"Philosopher\u0027s Stone"}],"items_purged_floors":[19],"is_endless":false,"potions_floor_spawned":[3,4,6,7,11,12,14,16,18,22,23],"killed_by":"Gremlin Leader","ascension_level":20}}