{"host":"j4g6ia6asvpyu2b0","time":1607996779,"event":{"mods":["BaseMod","Colored Map","Minty Spire (QoL Compilation)","Permanent Neow","Quick Restart","Relic Stats","StSLib","Unceasing Turn Reminder"],"gold_per_floor":[110,110,110,22,38,38,70,31,31,58,58,85,103,133,133,238,238,256,34,53,66,15,47,47,47,47,47,78,78,113,38,38,139,139,150,199,199,209,209,240,240,32,32,32,47,78,93,105,105,105,105,105,17,52,52,52],"floor_reached":55,"playtime":1496,"items_purged":["Defend_B"],"score":1212,"play_id":"4fd1b1cc-5402-4d2a-91ff-dccd8c5c96ba","local_time":"20201214184619","is_ascension_mode":true,"campfire_choices":[{"data":"Storm","floor":6,"key":"SMITH"},{"data":"Defragment","floor":11,"key":"SMITH"},{"data":"Fission","floor":15,"key":"SMITH"},{"data":"Storm","floor":24,"key":"SMITH"},{"data":"Loop","floor":27,"key":"SMITH"},{"data":"Capacitor","floor":32,"key":"SMITH"},{"floor":41,"key":"RECALL"}],"circlet_count":0,"master_deck":["Defend_B+1","Zap","Dualcast+1","Biased Cognition","Glacier","Storm+1","Capacitor+1","Ball Lightning","Coolheaded","Defragment+1","Doom and Gloom","Ball Lightning","Fission+1","Cold Snap","Coolheaded+1","Amplify+1","Coolheaded+1","Storm+1","Tempest+1","Loop+1","Conserve Battery+1","Recycle+1","Skim+1","Fusion+1","Leap+1","Echo Form","Doom and Gloom+1","Storm","Dark Shackles+1","Ball Lightning+1","Biased Cognition","White Noise+1","Undo+1","Defragment+1","White Noise+1","Tempest+1","Glacier+1","Defragment+1","Hello World+1"],"relics":["Cracked Core","White Beast Statue","Symbiotic Virus","Smiling Mask","Kunai","Toxic Egg 2","Coffee Dripper","PreservedInsect","Letter Opener","Sundial","Nilry\u0027s Codex","Du-Vu Doll","Fusion Hammer","Emotion Chip","Akabeko","Anchor","Frozen Egg 2","Bottled Lightning"],"acts_visited":["Exordium","TheCity","TheBeyond","TheEnding"],"potions_floor_usage":[20,21,28,36,40,55,55,55],"damage_taken":[{"damage":0,"enemies":"Cultist","floor":1,"turns":3},{"damage":0,"enemies":"2 Louse","floor":5,"turns":1},{"damage":12,"enemies":"Gremlin Nob","floor":7,"turns":4},{"damage":1,"enemies":"Lagavulin","floor":10,"turns":4},{"damage":0,"enemies":"Gremlin Nob","floor":12,"turns":2},{"damage":2,"enemies":"Jaw Worm","floor":13,"turns":2},{"damage":0,"enemies":"Lagavulin","floor":14,"turns":4},{"damage":0,"enemies":"The Guardian","floor":16,"turns":6},{"damage":0,"enemies":"3 Byrds","floor":18,"turns":3},{"damage":16,"enemies":"2 Thieves","floor":20,"turns":3},{"damage":26,"enemies":"Shelled Parasite and Fungi","floor":21,"turns":3},{"damage":0,"enemies":"Gremlin Leader","floor":23,"turns":3},{"damage":0,"enemies":"Book of Stabbing","floor":28,"turns":2},{"damage":0,"enemies":"Slavers","floor":30,"turns":2},{"damage":10,"enemies":"Automaton","floor":33,"turns":7},{"damage":12,"enemies":"Orb Walker","floor":35,"turns":2},{"damage":7,"enemies":"2 Orb Walkers","floor":36,"turns":4},{"damage":0,"enemies":"3 Shapes","floor":38,"turns":3},{"damage":0,"enemies":"Nemesis","floor":40,"turns":3},{"damage":0,"enemies":"3 Darklings","floor":45,"turns":3},{"damage":0,"enemies":"Reptomancer","floor":46,"turns":2},{"damage":0,"enemies":"Transient","floor":47,"turns":5},{"damage":9,"enemies":"Writhing Mass","floor":48,"turns":3},{"damage":0,"enemies":"Time Eater","floor":50,"turns":3},{"damage":33,"enemies":"Shield and Spear","floor":54,"turns":3},{"damage":40,"enemies":"The Heart","floor":55,"turns":2}],"seed_played":"5389197421735352097","potions_obtained":[{"floor":1,"key":"BlessingOfTheForge"},{"floor":7,"key":"EssenceOfSteel"},{"floor":10,"key":"Fire Potion"},{"floor":13,"key":"Swift Potion"},{"floor":14,"key":"AttackPotion"},{"floor":18,"key":"Swift Potion"},{"floor":20,"key":"LiquidMemories"},{"floor":21,"key":"DistilledChaos"},{"floor":23,"key":"PowerPotion"},{"floor":28,"key":"EssenceOfDarkness"},{"floor":36,"key":"Swift Potion"},{"floor":40,"key":"FocusPotion"},{"floor":45,"key":"PowerPotion"}],"is_trial":false,"path_per_floor":["M","?","?","$","M","R","E","$","T","E","R","E","M","E","R","B",null,"M","$","M","M","$","E","R","?","T","R","E","?","E","?","R","B",null,"M","?","?","M","?","E","R","$","T","?","M","E","M","M","R","B",null,"R","$","E","B"],"character_chosen":"DEFECT","items_purchased":["Capacitor","Ball Lightning","Doom and Gloom","PreservedInsect","Storm","Conserve Battery+1","Biased Cognition","White Noise+1","Defragment+1"],"campfire_rested":0,"item_purchase_floors":[4,4,8,19,19,22,42,42,53],"current_hp_per_floor":[68,73,58,58,58,58,46,46,46,45,45,45,43,43,43,43,73,73,73,57,31,31,31,31,31,31,31,31,15,15,15,15,5,73,61,54,54,54,54,54,54,54,54,54,54,54,54,45,45,45,73,73,73,40,0,0],"gold":52,"neow_bonus":"TRANSFORM_TWO_CARDS","is_daily":false,"chose_seed":false,"campfire_upgraded":6,"win_rate":0.0,"timestamp":1607996779,"path_taken":["M","?","?","$","M","R","E","$","T","E","R","E","M","E","R","BOSS","M","$","M","M","$","E","R","?","T","R","E","?","E","?","R","BOSS","M","?","?","M","?","E","R","$","T","?","?","E","M","M","R","BOSS","R","$","E","BOSS"],"items_purchased_type":["Card","Card","Card","Relic","Card","Card","Card","Card","Card"],"build_version":"2020-12-13","purchased_purges":1,"victory":false,"max_hp_per_floor":[68,73,73,73,73,73,73,73,73,73,73,73,73,73,73,73,73,73,73,73,73,73,73,73,73,73,73,73,73,73,73,73,73,73,73,73,73,73,73,73,73,73,73,73,73,73,73,73,73,73,73,73,73,73,73,73],"relic_stats":{"Emotion Chip":[11,9,2,0,0],"counters":[26,82],"Sundial":[0],"PreservedInsect":300,"Kunai":[3],"Letter Opener":[203],"Smiling Mask":25,"obtain_stats":[{"Nilry\u0027s Codex":29,"PreservedInsect":19,"Letter Opener":23,"Frozen Egg 2":46,"Smiling Mask":10,"White Beast Statue":7,"Akabeko":40,"Du-Vu Doll":30,"Emotion Chip":36,"Anchor":43,"Sundial":28,"Fusion Hammer":34,"Coffee Dripper":17,"Kunai":12,"Bottled Lightning":54,"Toxic Egg 2":14,"Cracked Core":0,"Symbiotic Virus":9},{"Nilry\u0027s Codex":13,"PreservedInsect":9,"Letter Opener":12,"Frozen Egg 2":21,"Smiling Mask":4,"White Beast Statue":3,"Akabeko":19,"Du-Vu Doll":14,"Emotion Chip":17,"Anchor":19,"Sundial":13,"Fusion Hammer":15,"Coffee Dripper":8,"Kunai":5,"Bottled Lightning":25,"Toxic Egg 2":7,"Cracked Core":0,"Symbiotic Virus":3},{"Nilry\u0027s Codex":40,"PreservedInsect":29,"Letter Opener":38,"Frozen Egg 2":66,"Smiling Mask":12,"White Beast Statue":8,"Akabeko":61,"Du-Vu Doll":42,"Emotion Chip":55,"Anchor":61,"Sundial":40,"Fusion Hammer":49,"Coffee Dripper":26,"Kunai":14,"Bottled Lightning":80,"Toxic Egg 2":20,"Cracked Core":0,"Symbiotic Virus":8}]},"card_choices":[{"not_picked":["Doom and Gloom","Turbo"],"picked":"Storm","floor":1},{"not_picked":["Turbo","Go for the Eyes"],"picked":"Coolheaded","floor":5},{"not_picked":["Gash","Undo"],"picked":"Defragment","floor":7},{"not_picked":["Hello World","Turbo"],"picked":"Ball Lightning","floor":10},{"not_picked":["Gash","Aggregate"],"picked":"Fission","floor":12},{"not_picked":["Coolheaded","Go for the Eyes"],"picked":"Cold Snap","floor":13},{"not_picked":["Cold Snap","Scrape"],"picked":"Coolheaded+1","floor":14},{"not_picked":["Hyperbeam","Rainbow+1"],"picked":"Amplify+1","floor":16},{"not_picked":["Compile Driver","Stack+1"],"picked":"Coolheaded+1","floor":18},{"not_picked":["Streamline","Rip and Tear+1"],"picked":"Tempest+1","floor":20},{"not_picked":["Force Field+1","Streamline"],"picked":"Loop","floor":21},{"not_picked":["Genetic Algorithm+1","Blizzard+1"],"picked":"Recycle+1","floor":23},{"not_picked":["Hello World","Go for the Eyes+1","Gash"],"picked":"SKIP","floor":28},{"not_picked":["Stack+1","Reprogram+1"],"picked":"Leap+1","floor":30},{"not_picked":["Meteor Strike","Reboot+1"],"picked":"Echo Form","floor":33},{"not_picked":["Auto Shields+1","Melter+1"],"picked":"Doom and Gloom+1","floor":35},{"not_picked":["Steam Power+1","Skim+1"],"picked":"Compile Driver","floor":36},{"not_picked":["Beam Cell","Barrage+1"],"picked":"Storm","floor":38},{"not_picked":["Finesse+1","Impatience+1"],"picked":"Dark Shackles+1","floor":39},{"not_picked":["Beam Cell","Stack+1"],"picked":"Ball Lightning+1","floor":40},{"not_picked":["Go for the Eyes+1","Lockon+1"],"picked":"Defragment+1","floor":45},{"not_picked":["Hologram+1","Undo+1"],"picked":"White Noise+1","floor":46},{"not_picked":["Hologram+1","Gash+1"],"picked":"Tempest+1","floor":47},{"not_picked":["Sweeping Beam","Reprogram+1"],"picked":"Glacier+1","floor":48},{"not_picked":["All For One","Multi-Cast+1"],"picked":"Hello World+1","floor":54}],"player_experience":662134,"relics_obtained":[{"floor":7,"key":"White Beast Statue"},{"floor":9,"key":"Symbiotic Virus"},{"floor":10,"key":"Smiling Mask"},{"floor":12,"key":"Kunai"},{"floor":14,"key":"Toxic Egg 2"},{"floor":23,"key":"Letter Opener"},{"floor":28,"key":"Sundial"},{"floor":29,"key":"Nilry\u0027s Codex"},{"floor":30,"key":"Du-Vu Doll"},{"floor":36,"key":"Emotion Chip"},{"floor":40,"key":"Akabeko"},{"floor":43,"key":"Anchor"},{"floor":46,"key":"Frozen Egg 2"},{"floor":54,"key":"Bottled Lightning"}],"event_choices":[{"damage_healed":0,"gold_gain":0,"player_choice":"Donut","damage_taken":0,"max_hp_gain":5,"max_hp_loss":0,"event_name":"Big Fish","floor":2,"gold_loss":0},{"damage_healed":0,"gold_gain":0,"player_choice":"Entered Light","damage_taken":15,"max_hp_gain":0,"max_hp_loss":0,"event_name":"Shining Light","floor":3,"gold_loss":0,"cards_upgraded":["Dualcast","Defend_B"]},{"damage_healed":0,"gold_gain":0,"cards_transformed":["Strike_B","Strike_B"],"player_choice":"Became Test Subject","damage_taken":0,"max_hp_gain":0,"max_hp_loss":0,"event_name":"Drug Dealer","floor":25,"gold_loss":0,"cards_obtained":["Skim","Fusion"]},{"damage_healed":0,"gold_gain":0,"player_choice":"Obtained Book","damage_taken":16,"max_hp_gain":0,"max_hp_loss":0,"event_name":"Cursed Tome","floor":29,"gold_loss":0},{"cards_removed":["Defend_B"],"damage_healed":0,"gold_gain":0,"player_choice":"Gave Gold","damage_taken":0,"max_hp_gain":0,"max_hp_loss":0,"event_name":"Beggar","floor":31,"gold_loss":75},{"damage_healed":0,"gold_gain":0,"player_choice":"Fight","damage_taken":0,"max_hp_gain":0,"max_hp_loss":0,"event_name":"Mysterious Sphere","floor":36,"gold_loss":0},{"cards_removed":["Compile Driver"],"damage_healed":0,"gold_gain":0,"player_choice":"Removed Attack","damage_taken":0,"max_hp_gain":0,"max_hp_loss":0,"event_name":"Falling","floor":37,"gold_loss":0},{"damage_healed":0,"gold_gain":0,"player_choice":"Memory 1","damage_taken":0,"max_hp_gain":0,"max_hp_loss":0,"event_name":"SensoryStone","floor":39,"gold_loss":0},{"damage_healed":0,"gold_gain":0,"cards_transformed":["Defend_B"],"player_choice":"Transformed","damage_taken":0,"max_hp_gain":0,"max_hp_loss":0,"event_name":"Transmorgrifier","floor":44,"gold_loss":0,"cards_obtained":["Undo"]}],"is_beta":false,"boss_relics":[{"not_picked":["Empty Cage","Runic Dome"],"picked":"Coffee Dripper"},{"not_picked":["Calling Bell","SlaversCollar"],"picked":"Fusion Hammer"}],"items_purged_floors":[53],"is_endless":false,"potions_floor_spawned":[1,7,10,12,13,14,16,18,20,21,23,28,30,33,35,36,38,40,45,46,47,48,54],"killed_by":"The Heart","ascension_level":3}}