{"host":"ki5kvxn974a96omm","time":1607998793,"event":{"mods":["BaseMod","Better Altar","Better Match","Better Note","Better Sensory Stone","Better Skull","Colored Map","Colored Powertips","Highlight Path","Minty Spire (QoL Compilation)","Random Character Button","Relic Sorter","StSLib"],"gold_per_floor":[119,213,34,45,100,133,152,152,152,165,199,199,24,44,44,123,123,136,151,151,177,190,190,225,225,251,278,304,314,344,115,115,191,191,209,225,225,236,248,279,296,331,358,373,373,373],"floor_reached":45,"playtime":3718,"items_purged":["Normality"],"score":1154,"play_id":"4bca0dca-b50c-4ff5-a291-9f03e1f62a5c","local_time":"20201214211953","is_ascension_mode":true,"campfire_choices":[{"data":"Skewer","floor":8.0,"key":"SMITH"},{"data":"Choke","floor":12.0,"key":"SMITH"},{"data":"Dagger Spray","floor":15.0,"key":"SMITH"},{"data":"Well Laid Plans","floor":23.0,"key":"SMITH"},{"data":"Cloak And Dagger","floor":25.0,"key":"SMITH"},{"data":"Noxious Fumes","floor":32.0,"key":"SMITH"}],"circlet_count":0,"master_deck":["AscendersBane","Survivor","Neutralize","Leg Sweep+1","Dagger Spray+1","Backstab","Blade Dance","Skewer+1","PiercingWail","Choke+1","Distraction","PiercingWail","Dash","Adrenaline","Cloak And Dagger+1","Well Laid Plans+1","Acrobatics","Infinite Blades","Clumsy","Malaise","Heel Hook+1","Noxious Fumes+1","A Thousand Cuts","Masterful Stab","Grand Finale","PiercingWail","Expertise","Deflect","Calculated Gamble","Backflip","Phantasmal Killer","Leg Sweep","Cloak And Dagger","Reflex","Regret","Backflip+1"],"relics":["Ring of the Snake","NeowsBlessing","Lantern","Bag of Preparation","Whetstone","Calipers","Oddly Smooth Stone","Akabeko","Cursed Key","Enchiridion","Red Mask","Bronze Scales","Centennial Puzzle","Darkstone Periapt","Tiny Chest","Lee\u0027s Waffle","Pandora\u0027s Box","PreservedInsect","HornCleat","Singing Bowl","Ancient Tea Set"],"acts_visited":["Exordium","TheCity","TheBeyond"],"potions_floor_usage":[],"damage_taken":[{"damage":0.0,"enemies":"Small Slimes","floor":1.0,"turns":1.0},{"damage":0.0,"enemies":"Cultist","floor":4.0,"turns":1.0},{"damage":0.0,"enemies":"Gremlin Nob","floor":6.0,"turns":1.0},{"damage":0.0,"enemies":"Jaw Worm","floor":7.0,"turns":2.0},{"damage":0.0,"enemies":"2 Fungi Beasts","floor":10.0,"turns":2.0},{"damage":9.0,"enemies":"3 Sentries","floor":11.0,"turns":7.0},{"damage":0.0,"enemies":"Blue Slaver","floor":14.0,"turns":1.0},{"damage":0.0,"enemies":"Slime Boss","floor":16.0,"turns":5.0},{"damage":0.0,"enemies":"Spheric Guardian","floor":18.0,"turns":1.0},{"damage":2.0,"enemies":"Shell Parasite","floor":19.0,"turns":3.0},{"damage":0.0,"enemies":"Masked Bandits","floor":21.0,"turns":1.0},{"damage":0.0,"enemies":"Snecko","floor":22.0,"turns":2.0},{"damage":2.0,"enemies":"Gremlin Leader","floor":24.0,"turns":8.0},{"damage":9.0,"enemies":"Book of Stabbing","floor":28.0,"turns":5.0},{"damage":0.0,"enemies":"Snake Plant","floor":29.0,"turns":3.0},{"damage":4.0,"enemies":"Gremlin Leader","floor":30.0,"turns":5.0},{"damage":30.0,"enemies":"Collector","floor":33.0,"turns":5.0},{"damage":0.0,"enemies":"3 Shapes","floor":35.0,"turns":4.0},{"damage":2.0,"enemies":"3 Darklings","floor":36.0,"turns":4.0},{"damage":0.0,"enemies":"Jaw Worm Horde","floor":38.0,"turns":4.0},{"damage":2.0,"enemies":"4 Shapes","floor":39.0,"turns":5.0},{"damage":59.0,"enemies":"Giant Head","floor":40.0,"turns":8.0},{"damage":0.0,"enemies":"3 Darklings","floor":41.0,"turns":4.0},{"damage":0.0,"enemies":"Reptomancer","floor":42.0,"turns":4.0},{"damage":8,"enemies":"Jaw Worm Horde","floor":44,"turns":4},{"damage":6,"enemies":"Transient","floor":45,"turns":4}],"seed_played":"-5682445904007080742","potions_obtained":[{"floor":1.0,"key":"FearPotion"},{"floor":6.0,"key":"Energy Potion"},{"floor":16.0,"key":"Poison Potion"},{"floor":21.0,"key":"Poison Potion"},{"floor":35.0,"key":"SpeedPotion"},{"floor":36.0,"key":"Block Potion"},{"floor":39.0,"key":"PowerPotion"},{"floor":44,"key":"Weak Potion"}],"is_trial":false,"path_per_floor":["M","?","$","M","T","E","M","R","T","M","E","R","$","M","R","B",null,"M","M","?","?","M","R","E","R","T","T","E","M","E","$","R","B",null,"M","M","?","M","M","E","M","E","T","M","M"],"character_chosen":"THE_SILENT","items_purchased":["Bag of Preparation","Dagger Spray","Distraction","PiercingWail","Dash","Lee\u0027s Waffle"],"campfire_rested":0,"item_purchase_floors":[3,3,13,13,13,31],"current_hp_per_floor":[59,28,28,28,28,28,28,28,28,28,19,19,19,19,19,19,54,54,52,31,31,31,31,29,29,29,29,20,20,16,73,73,43,66,66,64,64,64,62,3,3,5,11,3,0,0],"gold":373,"neow_bonus":"THREE_ENEMY_KILL","is_daily":false,"chose_seed":false,"campfire_upgraded":6,"win_rate":0.0,"timestamp":1607998793,"path_taken":["M","?","$","?","?","E","M","R","T","M","E","R","$","M","R","BOSS","M","M","?","?","M","R","E","R","T","?","E","?","E","$","R","BOSS","M","M","?","M","M","E","M","E","T","?","M"],"items_purchased_type":["Relic","Card","Card","Card","Card","Relic"],"build_version":"2020-12-13","purchased_purges":1,"victory":false,"max_hp_per_floor":[66,66,66,66,66,66,66,66,66,66,66,66,66,66,66,66,66,66,66,66,66,66,66,66,66,66,66,66,66,66,73,73,73,73,73,73,73,73,73,73,73,75,81,81,81,81],"card_choices":[{"not_picked":["Poisoned Stab","Blade Dance"],"picked":"Leg Sweep","floor":1.0},{"not_picked":["Choke","Prepared"],"picked":"Backstab","floor":4.0},{"not_picked":["Acrobatics","Terror"],"picked":"Blade Dance","floor":6.0},{"not_picked":["Dodge and Roll","Leg Sweep"],"picked":"Skewer","floor":7.0},{"not_picked":["Deadly Poison","Slice"],"picked":"PiercingWail","floor":10.0},{"not_picked":["Catalyst","Concentrate"],"picked":"Choke","floor":11.0},{"not_picked":["Slice","Blade Dance","Underhanded Strike"],"picked":"SKIP","floor":14.0},{"not_picked":["Doppelganger","Venomology"],"picked":"Adrenaline","floor":16.0},{"not_picked":["Slice","Distraction"],"picked":"Cloak And Dagger","floor":18.0},{"not_picked":["Poisoned Stab","Dodge and Roll"],"picked":"Well Laid Plans","floor":19.0},{"not_picked":["Distraction","Predator"],"picked":"Acrobatics","floor":21.0},{"not_picked":["Dagger Throw","Dagger Spray","Blade Dance"],"picked":"SKIP","floor":22.0},{"not_picked":["Tactician","Riddle With Holes+1"],"picked":"Infinite Blades","floor":24.0},{"not_picked":["Unload","Finisher"],"picked":"Malaise","floor":28.0},{"not_picked":["Blur","Poisoned Stab"],"picked":"Heel Hook+1","floor":29.0},{"not_picked":["Bouncing Flask","Choke"],"picked":"Noxious Fumes","floor":30.0},{"not_picked":["Wraith Form v2","Bullet Time"],"picked":"A Thousand Cuts","floor":33.0},{"not_picked":["Prepared","Slice"],"picked":"Cloak And Dagger","floor":35.0},{"not_picked":["Prepared","Slice","PiercingWail"],"picked":"SKIP","floor":36.0},{"not_picked":["Reflex","Flying Knee","Backflip"],"picked":"SKIP","floor":38.0},{"not_picked":["Bane","Blade Dance","Backstab"],"picked":"SKIP","floor":39.0},{"not_picked":["Sucker Punch","A Thousand Cuts"],"picked":"Reflex","floor":40.0},{"not_picked":["Prepared+1","Caltrops","Quick Slash"],"picked":"SKIP","floor":41.0},{"not_picked":["Dash","Escape Plan","Tactician"],"picked":"Singing Bowl","floor":42.0},{"not_picked":["Riddle With Holes","Poisoned Stab"],"picked":"Backflip+1","floor":44}],"player_experience":1611162,"relics_obtained":[{"floor":5.0,"key":"Whetstone"},{"floor":6.0,"key":"Calipers"},{"floor":9.0,"key":"Oddly Smooth Stone"},{"floor":11.0,"key":"Akabeko"},{"floor":20.0,"key":"Enchiridion"},{"floor":21.0,"key":"Red Mask"},{"floor":24.0,"key":"Bronze Scales"},{"floor":27.0,"key":"Centennial Puzzle"},{"floor":28.0,"key":"Darkstone Periapt"},{"floor":30.0,"key":"Tiny Chest"},{"floor":40.0,"key":"HornCleat"},{"floor":42.0,"key":"Singing Bowl"},{"floor":43.0,"key":"Ancient Tea Set"}],"event_choices":[{"damage_healed":0.0,"max_hp_gain":0.0,"max_hp_loss":0.0,"gold_gain":94.0,"event_name":"betterSkull:BetterSkull","player_choice":"RE GO UP ","floor":2.0,"gold_loss":0.0,"damage_taken":36.0,"cards_upgraded":["Leg Sweep"],"relics_obtained":["Lantern"]},{"damage_healed":0.0,"max_hp_gain":0.0,"max_hp_loss":0.0,"gold_gain":0.0,"event_name":"Cursed Tome","player_choice":"Obtained Book","floor":20.0,"gold_loss":0.0,"damage_taken":21.0},{"damage_healed":0.0,"max_hp_gain":0.0,"max_hp_loss":0.0,"gold_gain":0.0,"event_name":"Masked Bandits","player_choice":"Fought Bandits","floor":21.0,"gold_loss":0.0,"damage_taken":0.0},{"cards_removed":["Choke"],"damage_healed":0.0,"max_hp_gain":0.0,"max_hp_loss":0.0,"gold_gain":0.0,"event_name":"WeMeetAgain","player_choice":"Gave Card","floor":37.0,"gold_loss":0.0,"damage_taken":0.0,"relics_obtained":["PreservedInsect"]}],"is_beta":false,"boss_relics":[{"not_picked":["Tiny House","SacredBark"],"picked":"Cursed Key"},{"not_picked":["Runic Dome","Busted Crown"],"picked":"Pandora\u0027s Box"}],"items_purged_floors":[31],"is_endless":false,"potions_floor_spawned":[1,6,10,16,21,28,29,35,36,39,44],"killed_by":"Transient","ascension_level":15}}