{"host":"tynsn0dqx28gbnht","time":1607996732,"event":{"mods":["BaseMod","Downfall","Minty Spire (QoL Compilation)","StSLib"],"gold_per_floor":[99,99,24,36,136,146,146,71,521,521,539,559,469,480,499,499,499],"floor_reached":16,"playtime":669,"items_purged":["Slimebound:Icky"],"score":117,"play_id":"741280bf-b537-468f-acc9-978ce776764b","local_time":"20201214184532","is_ascension_mode":false,"campfire_choices":[{"floor":1,"key":"RECALL"},{"data":"hexamod:Float","floor":3,"key":"SMITH"},{"data":"hexamod:EmpoweredFlame","floor":8,"key":"SMITH"},{"data":"hexamod:Sear","floor":10,"key":"SMITH"}],"circlet_count":0,"master_deck":["hexamod:Strike","hexamod:Strike","hexamod:Strike","hexamod:Strike","hexamod:Defend","hexamod:Defend","hexamod:Defend","hexamod:Defend","hexamod:Sear+1","hexamod:Float+1","hexamod:FirstSeal","hexamod:FastForward","hexamod:EmpoweredFlame+1","Slimebound:Icky","Slimebound:Icky","hexamod:InspiringFlames","hexamod:VolcanoVisage","hexamod:BurningTouch","hexamod:VolcanoVisage","hexamod:AdvancingGuard"],"relics":["hexamod:SpiritBrand","downfall:HeartBlessingRed","downfall:HeartBlessingBlue"],"acts_visited":["Exordium"],"potions_floor_usage":[14,16],"damage_taken":[{"damage":6,"enemies":"Jaw Worm","floor":4,"turns":4},{"damage":0,"enemies":"2 Louse","floor":6,"turns":4},{"damage":11,"enemies":"Small Slimes","floor":11,"turns":4},{"damage":7,"enemies":"Blue Slaver","floor":12,"turns":6},{"damage":0,"enemies":"downfall:FleeingMerchant","floor":13,"turns":4},{"damage":13,"enemies":"Exordium Thugs","floor":14,"turns":5},{"damage":17,"enemies":"Exordium Wildlife","floor":15,"turns":4},{"damage":70,"enemies":"downfall:Defect","floor":16,"turns":6}],"seed_played":"1213473596559039208","potions_obtained":[{"floor":4,"key":"Weak Potion"},{"floor":12,"key":"Energy Potion"},{"floor":15,"key":"hexamod:EctoCoolerPotion"}],"is_trial":false,"path_per_floor":["R","?","R","M","?","M","T","R","?","R","M","M","$","M","M","B"],"character_chosen":"THE_SPIRIT","items_purchased":[],"campfire_rested":0,"item_purchase_floors":[],"current_hp_per_floor":[77,70,70,71,71,77,77,87,87,87,76,76,83,77,67,0,0],"gold":499,"neow_bonus":"TEN_PERCENT_HP_BONUS","is_daily":false,"chose_seed":false,"campfire_upgraded":3,"win_rate":0.0,"timestamp":1607996732,"path_taken":["R","?","R","M","?","M","T","R","?","R","M","M","$","M","M","BOSS"],"items_purchased_type":[],"build_version":"2020-12-13","purchased_purges":1,"victory":false,"max_hp_per_floor":[77,77,77,77,77,77,77,87,87,87,87,87,87,87,87,87,87],"card_choices":[{"not_picked":["hexamod:Hexaguard","hexamod:HeatCrush"],"picked":"hexamod:FastForward","floor":4},{"not_picked":["hexamod:NightmareStrike","hexamod:HeatCrush"],"picked":"hexamod:EmpoweredFlame","floor":6},{"not_picked":["hexamod:RainOfEmbers","hexamod:GhostLash"],"picked":"hexamod:InspiringFlames","floor":11},{"not_picked":["hexamod:ShieldOfDarkness","hexamod:CatchUp"],"picked":"hexamod:VolcanoVisage","floor":12},{"not_picked":["hexamod:GhostShield","hexamod:ThermalTransfer"],"picked":"hexamod:BurningTouch","floor":13},{"not_picked":["hexamod:Incineration","hexamod:InspiringFlames"],"picked":"hexamod:VolcanoVisage","floor":14},{"not_picked":["hexamod:BurningTouch","hexamod:Firestarter"],"picked":"hexamod:AdvancingGuard","floor":15}],"player_experience":425692,"relics_obtained":[],"event_choices":[],"is_beta":false,"boss_relics":[],"items_purged_floors":[13],"is_endless":false,"potions_floor_spawned":[4,12,15],"killed_by":"downfall:Defect","ascension_level":0}}