{"host":"512s0dw15c3jqxy4","time":1607995880,"event":{"mods":["BaseMod","Colored Powertips","Highlight Path","Minty Spire (QoL Compilation)","Quick Restart","Relic Stats"],"gold_per_floor":[110,385,403,77,77,104,104,136,159,186,206,206,206,206],"floor_reached":13,"playtime":535,"items_purged":["Regret"],"score":145,"play_id":"ebfdc2ce-730e-4e91-92ef-23cf03a36c5c","local_time":"20201214153120","is_ascension_mode":true,"campfire_choices":[{"data":"Inflame","floor":7,"key":"SMITH"}],"circlet_count":0,"master_deck":["Strike_R","Strike_R","Strike_R","Strike_R","Defend_R","Defend_R+1","Defend_R","Defend_R+1","Bash","Dual Wield","Shrug It Off","Inflame+1","Thunderclap","Sentinel","True Grit","Exhume","Evolve"],"relics":["Burning Blood","NeowsBlessing","Oddly Smooth Stone","Pen Nib","Potion Belt","PreservedInsect","Mummified Hand"],"acts_visited":["Exordium"],"potions_floor_usage":[],"damage_taken":[{"damage":0,"enemies":"Small Slimes","floor":1,"turns":1},{"damage":0,"enemies":"Cultist","floor":3,"turns":1},{"damage":0,"enemies":"3 Sentries","floor":6,"turns":1},{"damage":42,"enemies":"Gremlin Nob","floor":8,"turns":5},{"damage":5,"enemies":"Lagavulin","floor":10,"turns":9},{"damage":0,"enemies":"2 Louse","floor":11,"turns":4},{"damage":42,"enemies":"Gremlin Nob","floor":13,"turns":5}],"seed_played":"893872852536518129","potions_obtained":[{"floor":6,"key":"FearPotion"},{"floor":8,"key":"EntropicBrew"}],"is_trial":false,"path_per_floor":["M","?","M","$","?","E","R","E","T","E","M","?","E"],"character_chosen":"IRONCLAD","items_purchased":["Oddly Smooth Stone","Inflame","Thunderclap"],"campfire_rested":0,"item_purchase_floors":[4,4,4],"current_hp_per_floor":[80,80,80,80,73,79,79,43,43,44,50,34,0,0],"gold":206,"neow_bonus":"THREE_ENEMY_KILL","is_daily":false,"chose_seed":false,"campfire_upgraded":1,"win_rate":0.0,"timestamp":1607995880,"path_taken":["M","?","?","$","?","E","R","E","T","E","M","?","E"],"items_purchased_type":["Relic","Card","Card"],"build_version":"2020-12-13","purchased_purges":1,"victory":false,"max_hp_per_floor":[80,80,80,80,80,80,80,80,80,80,80,80,80,80],"relic_stats":{"counters":[7,26],"Mummified Hand":[1],"Pen Nib":[2],"PreservedInsect":50,"obtain_stats":[{"Potion Belt":8,"NeowsBlessing":0,"Mummified Hand":10,"Oddly Smooth Stone":4,"Pen Nib":6,"PreservedInsect":9,"Burning Blood":0},{"Potion Belt":4,"NeowsBlessing":0,"Mummified Hand":5,"Oddly Smooth Stone":2,"Pen Nib":3,"PreservedInsect":4,"Burning Blood":0},{"Potion Belt":8,"NeowsBlessing":0,"Mummified Hand":17,"Oddly Smooth Stone":2,"Pen Nib":3,"PreservedInsect":8,"Burning Blood":0}],"Burning Blood":24},"card_choices":[{"not_picked":["Sword Boomerang","Headbutt"],"picked":"Dual Wield","floor":1},{"not_picked":["Perfected Strike","Battle Trance"],"picked":"Shrug It Off","floor":3},{"not_picked":["Clash","Infernal Blade"],"picked":"Sentinel","floor":6},{"not_picked":["Havoc","Warcry"],"picked":"True Grit","floor":8},{"not_picked":["Shrug It Off","Headbutt"],"picked":"Exhume","floor":10},{"not_picked":["Warcry","True Grit"],"picked":"Evolve","floor":11}],"player_experience":200902,"relics_obtained":[{"floor":6,"key":"Pen Nib"},{"floor":8,"key":"Potion Belt"},{"floor":9,"key":"PreservedInsect"},{"floor":10,"key":"Mummified Hand"}],"event_choices":[{"damage_healed":0,"gold_gain":275,"player_choice":"Desecrate","damage_taken":0,"max_hp_gain":0,"max_hp_loss":0,"event_name":"Golden Shrine","floor":2,"gold_loss":0,"cards_obtained":["Regret"]},{"cards_removed":["Strike_R"],"damage_healed":0,"gold_gain":0,"player_choice":"Card Removal","damage_taken":7,"max_hp_gain":0,"max_hp_loss":0,"event_name":"Golden Wing","floor":5,"gold_loss":0},{"damage_healed":0,"gold_gain":0,"player_choice":"Entered Light","damage_taken":16,"max_hp_gain":0,"max_hp_loss":0,"event_name":"Shining Light","floor":12,"gold_loss":0,"cards_upgraded":["Defend_R","Defend_R"]}],"is_beta":false,"boss_relics":[],"items_purged_floors":[4],"is_endless":false,"potions_floor_spawned":[6,8],"killed_by":"Gremlin Nob","ascension_level":3}}