{"host":"dntw6kil9p09eemm","time":1607997344,"event":{"mods":["BaseMod","Colored Powertips","Downfall","Keyboard Shortcuts","Minty Spire (QoL Compilation)","Shop Mod","StSLib"],"gold_per_floor":[99,113,38,72,86,96,165,90,90,90,0,150,162,147,162,267,267,267,278,152,179,194,194,194,194,194,221,180,180,190,190,209,209,209],"floor_reached":33,"playtime":2604,"items_purged":["champ:Defend"],"score":333,"play_id":"8a1de405-a2b7-4303-a4bd-f444296fe195","local_time":"20201215105544","is_ascension_mode":false,"campfire_choices":[{"floor":1.0,"key":"RECALL"},{"data":"champ:Taunt","floor":3.0,"key":"SMITH"},{"floor":8.0,"key":"REST"},{"data":"champ:Execute","floor":10.0,"key":"SMITH"},{"data":"champ:StanceDance","floor":18.0,"key":"SMITH"},{"data":"champ:StanceDance","floor":23.0,"key":"SMITH"},{"data":"champ:FanOfKnives","floor":26.0,"key":"SMITH"}],"circlet_count":0,"master_deck":["champ:Strike","champ:Strike","champ:Strike","champ:Strike","champ:Defend","champ:Defend","champ:Defend","champ:Execute+1","champ:Taunt+1","champ:StanceDance+1","champ:FanOfKnives","champ:TornadoPunch","champ:TornadoPunch","champ:Shatter","Slimebound:Icky","champ:PreciseThrust","champ:FanOfKnives+1","champ:FaceSlap","champ:IgnorePain","champ:FalseCounter","champ:Encircle","champ:StanceDance+1","champ:Backstep+1","champ:BerserkersShout","champ:Devastate"],"relics":["champ:ChampionCrown","downfall:HeartBlessingRed","downfall:HeartBlessingBlue","champ:LiftRelic","Sozu","MerchantsRug","Bronze Scales","Frozen Egg 2","Regal Pillow","Bottled Lightning","champ:GladiatorsBookOfMartialProwess"],"acts_visited":["Exordium","TheCity"],"potions_floor_usage":[],"damage_taken":[{"damage":5.0,"enemies":"Small Slimes","floor":2.0,"turns":2.0},{"damage":58.0,"enemies":"Gremlin Nob","floor":4.0,"turns":5.0},{"damage":9.0,"enemies":"Jaw Worm","floor":5.0,"turns":4.0},{"damage":5.0,"enemies":"2 Louse","floor":6.0,"turns":3.0},{"damage":10.0,"enemies":"downfall:FleeingMerchant","floor":11.0,"turns":4.0},{"damage":21.0,"enemies":"Large Slime","floor":13.0,"turns":5.0},{"damage":26.0,"enemies":"downfall:FleeingMerchant","floor":14.0,"turns":4.0},{"damage":0.0,"enemies":"Lots of Slimes","floor":15.0,"turns":1.0},{"damage":56.0,"enemies":"downfall:Silent","floor":16.0,"turns":6.0},{"damage":24.0,"enemies":"Shell Parasite","floor":19.0,"turns":4.0},{"damage":3.0,"enemies":"downfall:FleeingMerchant","floor":20.0,"turns":4.0},{"damage":15.0,"enemies":"Gremlin Leader","floor":21.0,"turns":5.0},{"damage":5.0,"enemies":"Chosen","floor":22.0,"turns":3.0},{"damage":40.0,"enemies":"Slavers","floor":27.0,"turns":5.0},{"damage":3.0,"enemies":"downfall:FleeingMerchant","floor":28.0,"turns":2.0},{"damage":7,"enemies":"Sentry and Sphere","floor":30,"turns":3},{"damage":8,"enemies":"Chosen and Byrds","floor":32,"turns":4},{"damage":74,"enemies":"downfall:Ironclad","floor":33,"turns":4}],"seed_played":"-2499326408933295742","potions_obtained":[{"floor":5.0,"key":"Guardian:BlockOnCardUsePotion"},{"floor":13.0,"key":"champ:CounterPotion"},{"floor":16.0,"key":"Fire Potion"}],"is_trial":false,"path_per_floor":["R","M","R","E","M","M","T","R","?","R","$","?","M","$","M","B",null,"R","M","$","E","M","R","T","?","R","E","$","?","M","?","M","B"],"character_chosen":"THE_CHAMP","items_purchased":["MerchantsRug","champ:Devastate","Bottled Lightning"],"campfire_rested":1,"item_purchase_floors":[20,28,28],"current_hp_per_floor":[99,99,99,51,42,42,42,84,84,84,84,84,74,59,59,11,109,109,85,90,93,88,88,88,88,88,59,59,59,55,55,60,0,0],"gold":209,"neow_bonus":"TEN_PERCENT_HP_BONUS","is_daily":false,"chose_seed":false,"campfire_upgraded":5,"win_rate":0.0,"timestamp":1607997344,"path_taken":["R","M","R","E","M","M","T","R","?","R","$","?","M","$","M","BOSS","R","M","$","E","M","R","T","?","R","E","$","?","M","?","M","BOSS"],"items_purchased_type":["Relic","Card","Relic"],"build_version":"2020-12-13","purchased_purges":1,"victory":false,"max_hp_per_floor":[99,99,99,99,99,99,99,109,109,109,109,109,109,109,109,109,109,109,109,109,109,109,109,109,109,109,109,109,109,109,109,109,109,109],"card_choices":[{"not_picked":["champ:RageSigil","champ:FocusedDefense"],"picked":"champ:StanceDance","floor":2.0},{"not_picked":["champ:ShieldSigil","champ:IgnorePain"],"picked":"champ:FanOfKnives","floor":4.0},{"not_picked":["champ:Encircle","champ:RecklessLeap"],"picked":"champ:TornadoPunch","floor":5.0},{"not_picked":["champ:PerfectedStrike","champ:EnchantSword"],"picked":"champ:TornadoPunch","floor":6.0},{"not_picked":["champ:TornadoPunch","champ:BerserkersShout"],"picked":"champ:Shatter","floor":11.0},{"not_picked":["champ:FanOfKnives","champ:Haymaker"],"picked":"champ:PreciseThrust","floor":13.0},{"not_picked":["champ:Haymaker","champ:AdrenalArmor"],"picked":"champ:FanOfKnives","floor":14.0},{"not_picked":["champ:ShieldWall","champ:FightOn"],"picked":"champ:FaceSlap","floor":15.0},{"not_picked":["champ:StrikeOfGenius","champ:MurderStrike"],"picked":"champ:IgnorePain","floor":16.0},{"not_picked":["champ:RageSigil+1","champ:Shatter"],"picked":"champ:FalseCounter","floor":19.0},{"not_picked":["champ:Haymaker","champ:StanceDance"],"picked":"champ:Encircle","floor":20.0},{"not_picked":["champ:FlashCut+1","champ:SwordSigil"],"picked":"champ:StanceDance","floor":21.0},{"not_picked":["champ:BerserkersShout","champ:PerfectedStrike"],"picked":"champ:Backstep+1","floor":22.0},{"not_picked":["champ:Duel+1","champ:GladiatorStyle+1"],"picked":"champ:BerserkersShout","floor":27.0},{"not_picked":["champ:SwordSigil","champ:RageSigil","champ:FightOn"],"picked":"SKIP","floor":28.0},{"not_picked":["champ:CrookedStrike","champ:DancingMaster+1","champ:Haymaker"],"picked":"SKIP","floor":30},{"not_picked":["champ:Shatter","champ:FocusedDefense+1","champ:Haymaker"],"picked":"SKIP","floor":32}],"player_experience":310806,"relics_obtained":[{"floor":4.0,"key":"Nunchaku"},{"floor":21.0,"key":"Bronze Scales"},{"floor":24.0,"key":"Frozen Egg 2"},{"floor":27.0,"key":"Regal Pillow"}],"event_choices":[],"is_beta":false,"boss_relics":[{"not_picked":["Astrolabe","Busted Crown"],"picked":"Sozu"}],"items_purged_floors":[11],"is_endless":false,"potions_floor_spawned":[5,13,16,27,32],"killed_by":"downfall:Ironclad","ascension_level":0}}