{"host":"litgxtbgyxrryuwc","time":1607999746,"event":{"mods":["BaseMod","Card Forge","Colored Map","Downfall","Googly Eyes","Minty Spire (QoL Compilation)","StSLib","SuperFastMode"],"gold_per_floor":[99,99,99,133,159,196,208,251,282,319,342,368,393,285,296,396,396,321,348,360,360,379,379,379,407,407,442,392,2,22,33,49,144,144,144,129,474,529,540,540,563,595,595,627,627,627],"floor_reached":45,"playtime":2153,"items_purged":[],"score":663,"play_id":"1609b66d-376a-4ac6-8de9-764c1cda16f0","local_time":"20201214213546","is_ascension_mode":true,"campfire_choices":[{"floor":1,"key":"RECALL"},{"floor":18,"key":"REST"},{"floor":23,"key":"REST"},{"floor":26,"key":"REST"},{"floor":35,"key":"REST"},{"floor":40,"key":"REST"},{"floor":43,"key":"REST"}],"circlet_count":0,"master_deck":["hexamod:Defend+1","hexamod:Defend+1","hexamod:Defend+1","hexamod:Sear+1","hexamod:Float+1","hexamod:Firestarter+1","hexamod:HauntingEcho+1","hexamod:GhostOfSpireFuture+1","hexamod:PowerFromBeyond+1","hexamod:CrushingStance+1","hexamod:AdvancingGuard+1","hexamod:FastForward+1","hexamod:RadiantFlame+1","hexamod:CatchUp+1","hexamod:TimeOfNeed+1","hexamod:VolcanoVisage+1","hexamod:ExtraCrispy+1","hexamod:ThermalTransfer+1","hexamod:TimeOfNeed+1","hexamod:WildfireWeapon+1","hexamod:ExtraCrispy+1","hexamod:ThermalTransfer+1","hexamod:SkipABeat+1","hexamod:EmpoweredFlame+1","hexamod:ChargedBarrage+1"],"relics":["hexamod:SpiritBrand","Hammer of Thor","Seething Fire","Anvil of the Gods","MawBank","Strawberry","Frozen Egg 2","Darkstone Periapt","White Beast Statue","SlaversCollar","downfall:HeartBlessingRed","Molten Egg 2","Letter Opener","Pear","Gremlin Horn","Pantograph","Sozu","Bird Faced Urn","Lantern","InkBottle","Mummified Hand"],"acts_visited":["Exordium","TheCity","TheBeyond"],"potions_floor_usage":[33,33,44],"damage_taken":[{"damage":8,"enemies":"Lagavulin","floor":4,"turns":6},{"damage":0,"enemies":"Cultist","floor":5,"turns":3},{"damage":13,"enemies":"3 Sentries","floor":6,"turns":8},{"damage":6,"enemies":"Lagavulin","floor":8,"turns":6},{"damage":0,"enemies":"Jaw Worm","floor":9,"turns":3},{"damage":8,"enemies":"Gremlin Nob","floor":10,"turns":4},{"damage":1,"enemies":"2 Louse","floor":11,"turns":2},{"damage":6,"enemies":"Lots of Slimes","floor":12,"turns":3},{"damage":0,"enemies":"3 Louse","floor":13,"turns":3},{"damage":0,"enemies":"downfall:FleeingMerchant","floor":14,"turns":4},{"damage":6,"enemies":"Exordium Wildlife","floor":15,"turns":2},{"damage":19,"enemies":"downfall:Defect","floor":16,"turns":6},{"damage":20,"enemies":"Slavers","floor":19,"turns":6},{"damage":2,"enemies":"Shell Parasite","floor":20,"turns":6},{"damage":8,"enemies":"Spheric Guardian","floor":22,"turns":4},{"damage":22,"enemies":"Book of Stabbing","floor":25,"turns":5},{"damage":21,"enemies":"Slavers","floor":27,"turns":5},{"damage":1,"enemies":"downfall:FleeingMerchant","floor":29,"turns":4},{"damage":7,"enemies":"Snake Plant","floor":30,"turns":4},{"damage":0,"enemies":"Centurion and Healer","floor":31,"turns":6},{"damage":18,"enemies":"Cultist and Chosen","floor":32,"turns":6},{"damage":27,"enemies":"downfall:Ironclad","floor":33,"turns":6},{"damage":14,"enemies":"downfall:FleeingMerchant","floor":36,"turns":4},{"damage":11,"enemies":"downfall:FleeingMerchant","floor":37,"turns":4},{"damage":50,"enemies":"2 Orb Walkers","floor":38,"turns":6},{"damage":9,"enemies":"Orb Walker","floor":39,"turns":3},{"damage":62,"enemies":"Reptomancer","floor":42,"turns":6},{"damage":40,"enemies":"Nemesis","floor":44,"turns":9},{"damage":0,"enemies":"3 Darklings","floor":45,"turns":1}],"seed_played":"4817550968344407605","potions_obtained":[{"floor":5,"key":"Swift Potion"},{"floor":8,"key":"Explosive Potion"},{"floor":11,"key":"hexamod:DoubleChargePotion"},{"floor":13,"key":"Dexterity Potion"},{"floor":14,"key":"PowerPotion"},{"floor":33,"key":"hexamod:DoubleChargePotion"}],"is_trial":false,"path_per_floor":["R","?","?","E","M","E","T","E","M","E","M","M","M","$","M","B",null,"R","E","M","?","M","R","T","E","R","E","?","$","M","M","M","B",null,"R","$","$","?","M","R","T","E","R","E","M"],"character_chosen":"THE_SPIRIT","items_purchased":["hexamod:RadiantFlame+1","hexamod:CatchUp","Pantograph","hexamod:TimeOfNeed"],"campfire_rested":6,"item_purchase_floors":[14,14,29,29],"current_hp_per_floor":[77,77,77,69,69,63,63,57,57,49,48,42,42,42,36,17,84,84,64,62,54,46,71,71,59,87,66,94,93,86,86,68,66,94,94,80,69,19,22,50,50,4,32,10,10,10],"gold":627,"neow_bonus":"TEN_PERCENT_HP_BONUS","is_daily":false,"chose_seed":false,"campfire_upgraded":0,"win_rate":0.0,"timestamp":1607999746,"path_taken":["R","?","?","E","M","E","T","E","M","E","M","M","?","$","M","BOSS","R","E","M","?","?","R","T","E","R","E","?","$","M","M","M","BOSS","R","$","$","?","M","R","T","E","R","E","M"],"items_purchased_type":["Card","Card","Relic","Card"],"build_version":"2020-12-13","purchased_purges":0,"victory":false,"max_hp_per_floor":[77,77,77,77,77,84,84,84,84,84,84,84,84,84,84,84,84,84,84,84,84,84,84,84,94,94,94,94,94,94,94,94,94,94,94,94,94,94,94,94,94,94,94,94,94,94],"card_choices":[{"not_picked":["hexamod:AdvancingGuard","hexamod:SpectralAdrenaline"],"picked":"hexamod:Firestarter","floor":4},{"not_picked":["hexamod:InspiringFlames","hexamod:GhostShield"],"picked":"hexamod:HauntingEcho","floor":5},{"not_picked":["hexamod:UnleashSpirits","hexamod:BacktrackSmack"],"picked":"hexamod:GhostOfSpireFuture","floor":6},{"not_picked":["hexamod:ShieldOfDarkness","hexamod:SwordOfDarkness"],"picked":"hexamod:PowerFromBeyond","floor":8},{"not_picked":["hexamod:Firestarter","hexamod:GhostShield"],"picked":"hexamod:CrushingStance","floor":9},{"not_picked":["hexamod:Firestarter","hexamod:NightmareStrike","hexamod:RetreatToShadows"],"picked":"SKIP","floor":10},{"not_picked":["hexamod:GhostOfSpirePresent+1","hexamod:RainOfEmbers"],"picked":"hexamod:AdvancingGuard","floor":11},{"not_picked":["hexamod:GhostLash","hexamod:Rewind"],"picked":"hexamod:AdvancingGuard","floor":12},{"not_picked":["hexamod:GhostShield","hexamod:NightmareGuise"],"picked":"hexamod:FastForward","floor":13},{"not_picked":["hexamod:HauntingEcho","hexamod:Firestarter","hexamod:ShieldOfDarkness"],"picked":"SKIP","floor":14},{"not_picked":["hexamod:Rewind","hexamod:GhostOfSpireFuture+1"],"picked":"hexamod:TimeOfNeed","floor":15},{"not_picked":["hexamod:SixthSeal","hexamod:TimeOfNeed"],"picked":"hexamod:VolcanoVisage+1","floor":16},{"not_picked":["hexamod:SwordOfDarkness+1","hexamod:RetreatToShadows"],"picked":"hexamod:ExtraCrispy+1","floor":19},{"not_picked":["hexamod:GhostOfSpirePast+1","hexamod:ShieldOfDarkness","hexamod:ThirdSeal"],"picked":"SKIP","floor":20},{"not_picked":["hexamod:Hexaguard+1","hexamod:GhostShield+1"],"picked":"hexamod:ThermalTransfer+1","floor":22},{"not_picked":["hexamod:FourthSeal","hexamod:GhostShield","hexamod:ThermalTransfer+1"],"picked":"SKIP","floor":25},{"not_picked":["hexamod:AdvancingGuard+1","hexamod:FourthSeal","hexamod:GhostOfSpirePast+1"],"picked":"SKIP","floor":27},{"not_picked":["hexamod:AdvancingGuard","hexamod:EtherealExpedition","hexamod:InspiringFlames"],"picked":"SKIP","floor":29},{"not_picked":["hexamod:FastForward","hexamod:PhantomCloak+1","hexamod:CrushingStance+1"],"picked":"SKIP","floor":30},{"not_picked":["hexamod:Hexaguard","hexamod:HeatShield+1","hexamod:Haunt+1"],"picked":"SKIP","floor":31},{"not_picked":["hexamod:FastForward+1","hexamod:PowerFromBeyond","hexamod:NightmareStrike+1"],"picked":"SKIP","floor":32},{"not_picked":["hexamod:CrushingStance+1","hexamod:FifthSeal"],"picked":"hexamod:WildfireWeapon+1","floor":33},{"not_picked":["hexamod:RainOfEmbers+1","hexamod:ShieldOfDarkness+1"],"picked":"hexamod:ExtraCrispy+1","floor":36},{"not_picked":["hexamod:SwordOfDarkness+1","hexamod:GhostShield+1"],"picked":"hexamod:ThermalTransfer+1","floor":37},{"not_picked":["hexamod:HeatShield+1","hexamod:SpectersWail+1"],"picked":"hexamod:SkipABeat","floor":38},{"not_picked":["hexamod:NightmareGuise","hexamod:ShieldOfDarkness","hexamod:SpectersWail+1"],"picked":"SKIP","floor":39},{"not_picked":["hexamod:RainOfEmbers+1","hexamod:ShieldOfDarkness"],"picked":"hexamod:EmpoweredFlame+1","floor":42},{"not_picked":["hexamod:Again","hexamod:GhostOfSpirePast+1"],"picked":"hexamod:ChargedBarrage+1","floor":44}],"player_experience":619987,"relics_obtained":[{"floor":4,"key":"MawBank"},{"floor":6,"key":"Strawberry"},{"floor":7,"key":"Frozen Egg 2"},{"floor":8,"key":"Darkstone Periapt"},{"floor":10,"key":"White Beast Statue"},{"floor":19,"key":"Molten Egg 2"},{"floor":24,"key":"Letter Opener"},{"floor":25,"key":"Pear"},{"floor":27,"key":"Gremlin Horn"},{"floor":38,"key":"Bird Faced Urn"},{"floor":41,"key":"Lantern"},{"floor":42,"key":"InkBottle"},{"floor":44,"key":"Mummified Hand"}],"event_choices":[{"cards_removed":["hexamod:Strike"],"damage_healed":0,"gold_gain":0,"player_choice":"Purged","damage_taken":0,"max_hp_gain":0,"max_hp_loss":0,"event_name":"Purifier","floor":3,"gold_loss":0},{"damage_healed":0,"gold_gain":0,"player_choice":"Punched","damage_taken":8,"max_hp_gain":0,"max_hp_loss":0,"event_name":"Designer","floor":21,"gold_loss":0},{"damage_healed":0,"gold_gain":0,"player_choice":"Fight","damage_taken":0,"max_hp_gain":0,"max_hp_loss":0,"event_name":"Mysterious Sphere","floor":38,"gold_loss":0}],"is_beta":false,"boss_relics":[{"not_picked":["Pandora\u0027s Box","Black Star"],"picked":"SlaversCollar"},{"not_picked":["Velvet Choker","Empty Cage"],"picked":"Sozu"}],"items_purged_floors":[],"is_endless":false,"potions_floor_spawned":[5,8,11,12,13,14,15,16,19,20,22,25,27,29,30,31,32,33,36,37,38,39,42,44],"killed_by":"3 Darklings","ascension_level":1}}