{"host":"x2bb8tnu3h3a650h","time":1607992662,"event":{"mods":["AchievementEnabler","Aspiration","BaseMod","BetterRewards","Colored Map","Conspire","Defuse TimeMaze Blight","Downfall","Energized Spire","Halation","Hermit","Hubris","Infinite Spire","Mimic Mod","Minty Spire (QoL Compilation)","Rare Cards Sparkle","Replay The Spire","Shop Mod","Spicy Shops","StSLib","The Jungle","The Servant 0.9.4","Wandering Minibosses","vexMod"],"gold_per_floor":[109,109,123,123,135,167,167,13,13,23,43,43,43,43,43,146,146,156,156,170,170,170,170],"floor_reached":22,"playtime":989,"items_purged":["hermit:Strike_Hermit"],"score":284,"play_id":"ce65a2aa-fbf7-498f-83d9-f349f86b712c","local_time":"20201215003742","is_ascension_mode":false,"campfire_choices":[{"floor":7,"key":"REST"},{"floor":12,"key":"REST"},{"data":"hermit:Quickdraw","floor":15,"key":"SMITH"}],"circlet_count":0,"master_deck":["hermit:Strike_Hermit","hermit:Strike_Hermit","hermit:Defend_Hermit","hermit:Defend_Hermit","hermit:Defend_Hermit","hermit:Defend_Hermit+1","hermit:Snapshot","hermit:Covet","hermit:Determination+1","hermit:Coalescence+1","hermit:Snipe","hermit:Snipe","hermit:Desperado","hermit:Quickdraw+1","hermit:SprayPray","hermit:Reprieve","hermit:Malice"],"relics":["hermit:Momento","Replay:Bottled Flurry","halation:LostSnail","Gremlin Food","hubris:Towel","energizedSpire:CursedPentagram","halation:Jellyphish","wanderingMiniBosses:CarrionFlame","ReplayTheSpireMod:Ninjato"],"acts_visited":["Exordium","TheCity"],"potions_floor_usage":[6,18],"damage_taken":[{"damage":0,"enemies":"2 Louse","floor":1,"turns":2},{"damage":1,"enemies":"Cultist","floor":3,"turns":4},{"damage":1,"enemies":"Jaw Worm","floor":5,"turns":4},{"damage":32,"enemies":"3 Sentries","floor":6,"turns":8},{"damage":3,"enemies":"Large Slime","floor":10,"turns":5},{"damage":2,"enemies":"Looter","floor":11,"turns":3},{"damage":32,"enemies":"The Guardian","floor":16,"turns":10},{"damage":56,"enemies":"3 Byrds","floor":18,"turns":6},{"damage":15,"enemies":"Shell Parasite","floor":20,"turns":4},{"damage":8,"enemies":"Centurion and Healer","floor":22,"turns":3}],"seed_played":"8734207460127625040","potions_obtained":[{"floor":5,"key":"hermit:Tonic"},{"floor":11,"key":"Flashbang"}],"is_trial":false,"path_per_floor":["M","?","M","?","M","E","R","$","T","M","M","R","?","?","R","B",null,"M","AVR","M","?","M"],"character_chosen":"HERMIT","items_purchased":["hermit:Determination","halation:LostSnail"],"campfire_rested":2,"item_purchase_floors":[0,8],"current_hp_per_floor":[75,60,59,59,58,26,48,48,48,45,43,65,73,73,73,41,75,19,19,4,4,0,0],"gold":170,"neow_bonus":"","is_daily":false,"chose_seed":false,"campfire_upgraded":1,"win_rate":0.0,"timestamp":1607992662,"path_taken":["M","?","M","?","?","E","R","$","T","M","M","R","?","?","R","BOSS","M","AVR","M","?","M"],"items_purchased_type":["Card","Relic"],"build_version":"2020-12-13","purchased_purges":1,"victory":false,"max_hp_per_floor":[75,75,75,75,75,75,75,75,75,75,75,75,75,75,75,75,75,75,75,75,75,75,75],"card_choices":[{"not_picked":["hermit:WideOpen","hermit:Enervate"],"picked":"hermit:Coalescence","floor":1},{"not_picked":["hermit:EyeOfTheStorm","hermit:Feint"],"picked":"hermit:Snipe","floor":3},{"not_picked":["hermit:GhostlyPresence","hermit:Coalescence"],"picked":"hermit:Snipe","floor":5},{"not_picked":["hermit:Coalescence","hermit:HighCaliber"],"picked":"hermit:Desperado","floor":6},{"not_picked":["hermit:Vantage","hermit:Roulette"],"picked":"hermit:Quickdraw","floor":10},{"not_picked":["hermit:BlackWind","hermit:LowProfile"],"picked":"hermit:SprayPray","floor":11},{"not_picked":["hermit:BlackWind","hermit:Roughhouse"],"picked":"hermit:Reprieve","floor":16},{"not_picked":["hermit:BodyArmor","hermit:CalledShot","hermit:ItchyTrigger"],"picked":"SKIP","floor":18},{"not_picked":["hermit:WideOpen","hermit:Dive+1"],"picked":"hermit:Malice","floor":20}],"player_experience":590707,"relics_obtained":[{"floor":6,"key":"Replay:Bottled Flurry"},{"floor":9,"key":"Gremlin Food"},{"floor":20,"key":"wanderingMiniBosses:CarrionFlame"}],"event_choices":[{"damage_healed":0,"gold_gain":0,"player_choice":"Entered Light","damage_taken":15,"max_hp_gain":0,"max_hp_loss":0,"event_name":"Shining Light","floor":2,"gold_loss":0,"cards_upgraded":["hermit:Determination","hermit:Coalescence"]},{"cards_removed":["hermit:Strike_Hermit"],"damage_healed":0,"gold_gain":0,"player_choice":"Offered Basic","damage_taken":0,"max_hp_gain":0,"max_hp_loss":0,"event_name":"Bonfire Elementals","floor":4,"gold_loss":0}],"is_beta":false,"boss_relics":[{"not_picked":["vexMod:EndlessSickness","vexMod:FluxCapacitor"],"picked":"energizedSpire:CursedPentagram"}],"items_purged_floors":[8],"is_endless":false,"potions_floor_spawned":[5,11],"killed_by":"Centurion and Healer","ascension_level":0}}