{"host":"aeidq2c3auzxo1yh","time":1607997066,"event":{"mods":["AchievementEnabler","BaseMod","Colored Map","Colored Powertips","Downfall","Minty Spire (QoL Compilation)","Relic Stats","StSLib"],"gold_per_floor":[99,131,131,131,459,459,508,10,0,0,0,100,113,113,123,123,123],"floor_reached":16,"playtime":1117,"items_purged":["champ:Defend"],"score":154,"play_id":"758dcaec-f0dc-4646-83f6-d01cfa58379d","local_time":"20201215065106","is_ascension_mode":false,"campfire_choices":[{"data":"champ:Taunt","floor":1,"key":"SMITH"},{"data":"champ:Encircle","floor":3,"key":"SMITH"},{"data":"champ:FocusedBerserking","floor":6,"key":"SMITH"},{"data":"champ:Execute","floor":10,"key":"SMITH"}],"circlet_count":0,"master_deck":["champ:Strike","champ:Strike","champ:Strike","champ:Strike","champ:Defend","champ:Defend","champ:Defend","champ:Execute+1","champ:Taunt+1","champ:Encircle+1","champ:FocusedBerserking+1","champ:Riposte","champ:ViciousMockery","champ:BringItOn","champ:FaceSlap"],"relics":["champ:ChampionCrown","downfall:HeartsMalice","Gremlin Horn","Old Coin","Dream Catcher","Singing Bowl","champ:BerserkersGuideToSlaughter","Regal Pillow","downfall:BrokenWingStatue"],"acts_visited":["Exordium"],"potions_floor_usage":[],"damage_taken":[{"damage":0,"enemies":"Lagavulin","floor":2,"turns":1},{"damage":0,"enemies":"Cultist","floor":4,"turns":1},{"damage":0,"enemies":"3 Sentries","floor":5,"turns":1},{"damage":25,"enemies":"downfall:FleeingMerchant","floor":8,"turns":4},{"damage":40,"enemies":"downfall:FleeingMerchant","floor":9,"turns":4},{"damage":19,"enemies":"Jaw Worm","floor":13,"turns":3},{"damage":0,"enemies":"2 Louse","floor":15,"turns":2},{"damage":88,"enemies":"downfall:Defect","floor":16,"turns":6}],"seed_played":"2425903581248173122","potions_obtained":[{"floor":13,"key":"Swift Potion"},{"floor":15,"key":"SneckoOil"}],"is_trial":false,"path_per_floor":["R","E","R","M","E","R","T","$","$","R","?","?","M","?","M","B"],"character_chosen":"THE_CHAMP","items_purchased":["Singing Bowl","champ:BerserkersGuideToSlaughter"],"campfire_rested":0,"item_purchase_floors":[8,8],"current_hp_per_floor":[90,90,90,90,90,90,90,85,80,80,73,73,71,71,71,0,0],"gold":123,"neow_bonus":"THREE_ENEMY_KILL","is_daily":false,"chose_seed":false,"campfire_upgraded":4,"win_rate":0.0,"timestamp":1607997066,"path_taken":["R","E","R","M","E","R","T","$","$","R","?","?","?","?","M","BOSS"],"items_purchased_type":["Relic","Relic"],"build_version":"2020-12-13","purchased_purges":1,"victory":false,"max_hp_per_floor":[90,90,90,90,90,90,90,90,92,92,92,92,92,92,92,92,92],"relic_stats":{"Dream Catcher":0,"Regal Pillow":0,"Gremlin Horn":[1,1],"Singing Bowl":2,"counters":[8,19],"obtain_stats":[{"Dream Catcher":7,"Regal Pillow":11,"downfall:BrokenWingStatue":14,"Gremlin Horn":2,"Singing Bowl":8,"champ:ChampionCrown":0,"downfall:HeartsMalice":0,"champ:BerserkersGuideToSlaughter":8,"Old Coin":5},{"Dream Catcher":3,"Regal Pillow":5,"downfall:BrokenWingStatue":6,"Gremlin Horn":1,"Singing Bowl":4,"champ:ChampionCrown":0,"downfall:HeartsMalice":0,"champ:BerserkersGuideToSlaughter":4,"Old Coin":3},{"Dream Catcher":0,"Regal Pillow":8,"downfall:BrokenWingStatue":11,"Gremlin Horn":0,"Singing Bowl":4,"champ:ChampionCrown":0,"downfall:HeartsMalice":0,"champ:BerserkersGuideToSlaughter":4,"Old Coin":0}]},"card_choices":[{"not_picked":["champ:CalledShot","champ:RisingSlash"],"picked":"champ:Encircle","floor":2},{"not_picked":["champ:Riposte","champ:Shatter"],"picked":"champ:FocusedBerserking","floor":4},{"not_picked":["champ:Haymaker","champ:FalseCounter"],"picked":"champ:Riposte","floor":5},{"not_picked":["champ:FanOfKnives","champ:CrookedStrike"],"picked":"champ:ViciousMockery","floor":8},{"not_picked":["champ:DeathBlow","champ:PreciseThrust","champ:ViciousMockery"],"picked":"Singing Bowl","floor":9},{"not_picked":["champ:DefensiveShout","champ:RecklessLeap"],"picked":"champ:BringItOn","floor":13},{"not_picked":["champ:PerfectedStrike","champ:TornadoPunch"],"picked":"champ:FaceSlap","floor":15}],"player_experience":903050,"relics_obtained":[{"floor":2,"key":"Gremlin Horn"},{"floor":5,"key":"Old Coin"},{"floor":7,"key":"Dream Catcher"}],"event_choices":[{"damage_healed":0,"gold_gain":0,"player_choice":"Success","damage_taken":7,"relics_obtained":["Regal Pillow"],"max_hp_gain":0,"max_hp_loss":0,"event_name":"Scrap Ooze","floor":11,"gold_loss":0}],"is_beta":false,"boss_relics":[],"items_purged_floors":[8],"is_endless":false,"potions_floor_spawned":[13,15],"killed_by":"downfall:Defect","ascension_level":0}}