{"host":"Rich","time":1607997159,"event":{"mods":["AchievementEnabler","BaseMod","Highlight Path","Minty Spire (QoL Compilation)","Relic Stats"],"gold_per_floor":[362,21,35,55,70,70,104,120,120,78,110,110,125,155,155,155,155],"floor_reached":16,"playtime":667,"items_purged":["Parasite"],"score":244,"play_id":"64de5ee4-dae1-4786-8e3d-5564a266b3de","local_time":"20201214205239","is_ascension_mode":true,"campfire_choices":[{"data":"Crippling Poison","floor":6.0,"key":"SMITH"},{"floor":12.0,"key":"REST"},{"data":"1","floor":15,"key":"LIFT"}],"circlet_count":0,"master_deck":["AscendersBane","Strike_G","Strike_G","Strike_G","Strike_G","Strike_G","Defend_G","Defend_G","Defend_G","Defend_G","Defend_G","Survivor","Neutralize","Underhanded Strike","Prepared","Dagger Throw","Crippling Poison+1","Dagger Throw","Cloak And Dagger","PiercingWail","PiercingWail","Flying Knee"],"relics":["Ring of the Snake","Mummified Hand","Orichalcum","White Beast Statue","Pen Nib","Girya"],"acts_visited":["Exordium"],"potions_floor_usage":[14,16,16],"damage_taken":[{"damage":1.0,"enemies":"Cultist","floor":1.0,"turns":4.0},{"damage":0.0,"enemies":"2 Louse","floor":3.0,"turns":4.0},{"damage":4.0,"enemies":"Jaw Worm","floor":4.0,"turns":4.0},{"damage":3.0,"enemies":"Red Slaver","floor":5.0,"turns":4.0},{"damage":19.0,"enemies":"Gremlin Nob","floor":7.0,"turns":4.0},{"damage":6.0,"enemies":"3 Louse","floor":8.0,"turns":3.0},{"damage":19.0,"enemies":"Lagavulin","floor":11.0,"turns":6.0},{"damage":2,"enemies":"Looter","floor":13,"turns":3},{"damage":8,"enemies":"3 Sentries","floor":14,"turns":10},{"damage":32,"enemies":"Hexaghost","floor":16,"turns":11}],"seed_played":"-3327533174050112280","potions_obtained":[{"floor":5.0,"key":"SteroidPotion"},{"floor":8.0,"key":"Dexterity Potion"},{"floor":11.0,"key":"ColorlessPotion"},{"floor":13,"key":"ColorlessPotion"},{"floor":14,"key":"Regen Potion"}],"is_trial":false,"path_per_floor":["M","$","M","M","M","R","E","M","T","?","E","R","M","E","R","B"],"character_chosen":"THE_SILENT","items_purchased":["Mummified Hand"],"campfire_rested":1,"item_purchase_floors":[2],"current_hp_per_floor":[58,58,58,54,51,51,32,26,26,26,7,25,23,15,15,0,0],"gold":155,"neow_bonus":"TWO_FIFTY_GOLD","is_daily":false,"chose_seed":false,"campfire_upgraded":1,"win_rate":0.0,"timestamp":1607997159,"path_taken":["M","$","?","M","M","R","E","M","T","?","E","R","M","E","R","BOSS"],"items_purchased_type":["Relic"],"build_version":"2020-12-07","purchased_purges":1,"victory":false,"max_hp_per_floor":[66,63,63,63,63,63,63,63,63,63,63,63,63,63,63,63,63],"relic_stats":{"counters":[10,53],"Mummified Hand":[0],"Pen Nib":[4],"Orichalcum":[78],"obtain_stats":[{"Girya":14,"Mummified Hand":2,"Pen Nib":11,"Orichalcum":7,"White Beast Statue":9,"Ring of the Snake":0},{"Girya":9,"Mummified Hand":1,"Pen Nib":7,"Orichalcum":5,"White Beast Statue":6,"Ring of the Snake":0},{"Girya":42,"Mummified Hand":4,"Pen Nib":29,"Orichalcum":20,"White Beast Statue":23,"Ring of the Snake":0}],"Ring of the Snake":[20]},"card_choices":[{"not_picked":["PiercingWail","Skewer"],"picked":"Underhanded Strike","floor":1.0},{"not_picked":["Eviscerate","Well Laid Plans"],"picked":"Prepared","floor":3.0},{"not_picked":["Catalyst","Dodge and Roll"],"picked":"Dagger Throw","floor":4.0},{"not_picked":["Outmaneuver","Quick Slash"],"picked":"Crippling Poison","floor":5.0},{"not_picked":["Caltrops","Terror"],"picked":"Dagger Throw","floor":7.0},{"not_picked":["Poisoned Stab","Deflect"],"picked":"Cloak And Dagger","floor":8.0},{"not_picked":["Storm of Steel","Flying Knee"],"picked":"PiercingWail","floor":11.0},{"not_picked":["Dagger Throw","Poisoned Stab"],"picked":"PiercingWail","floor":13},{"not_picked":["Quick Slash","Accuracy"],"picked":"Flying Knee","floor":14}],"player_experience":1901774,"relics_obtained":[{"floor":7.0,"key":"Orichalcum"},{"floor":9.0,"key":"White Beast Statue"},{"floor":11.0,"key":"Pen Nib"},{"floor":14,"key":"Girya"}],"event_choices":[{"damage_healed":0.0,"max_hp_gain":0.0,"max_hp_loss":0.0,"gold_gain":0.0,"event_name":"World of Goop","player_choice":"Left Gold","floor":10.0,"gold_loss":42.0,"damage_taken":0.0}],"is_beta":true,"boss_relics":[],"items_purged_floors":[2],"is_endless":false,"potions_floor_spawned":[5,8,11,13,14],"killed_by":"Hexaghost","ascension_level":20}}