{"host":"jm9833yuloeli2yd","time":1607994285,"event":{"mods":["AchievementEnabler","BaseMod","Better Altar","Better Match","Better Note","Better Sensory Stone","Better Skull","Better Vampires","Colored Map","Colored Powertips","DeckTracker","Minty Spire (QoL Compilation)","Permanent Neow","Quick Restart","Replay The Spire","StSLib","SuperFastMode"],"gold_per_floor":[113,131,306,325,337,337,351,351,351,384,397,432,432,463,463,559,559,547,563,45,45,45,45,74,101,127,160,178,208,234,238,238],"floor_reached":31,"playtime":1101,"items_purged":["Doubt"],"score":513,"play_id":"c01fa244-2238-4773-bfa6-c931ecc62581","local_time":"20201214200445","is_ascension_mode":true,"campfire_choices":[{"data":"Whirlwind","floor":6.0,"key":"SMITH"},{"data":"Rampage","floor":15.0,"key":"SMITH"},{"floor":23.0,"key":"DIG"}],"circlet_count":0,"master_deck":["AscendersBane","Strike_R","Strike_R","Strike_R","Strike_R","Defend_R","Defend_R","Defend_R","Bash","Corruption","Whirlwind+1","Rampage+1","Shockwave","Armaments","Sever Soul","Hemogenesis+1","Wild Strike","ReplayTheSpireMod:Stacked","Dark Embrace","Demonic Infusion","Spot Weakness","Shrug It Off","Feel No Pain","Sentinel","Demon Form","Sentinel","Intimidate+1","ReplayTheSpireMod:Muscle Training","Entrench","Flex+1","True Grit","Impervious"],"relics":["Burning Blood","Shovel","Replay:Ringing Soul","Charon\u0027s Ashes","ReplayTheSpireMod:Ring of Addiction","Potion Belt","Toy Ornithopter","Replay:Accelerometer","Ooze Armor","Medical Kit","Replay:Bandana","Ancient Tea Set","Question Card","PreservedInsect","King of Hearts"],"acts_visited":["Exordium","TheCity"],"potions_floor_usage":[31],"damage_taken":[{"damage":9.0,"enemies":"Jaw Worm","floor":1.0,"turns":4.0},{"damage":3.0,"enemies":"2 Louse","floor":2.0,"turns":4.0},{"damage":6.0,"enemies":"Cultist","floor":4.0,"turns":3.0},{"damage":8.0,"enemies":"Looter","floor":5.0,"turns":4.0},{"damage":21.0,"enemies":"Blue Slaver","floor":7.0,"turns":3.0},{"damage":25.0,"enemies":"Lagavulin","floor":10.0,"turns":7.0},{"damage":10.0,"enemies":"2 Fungi Beasts","floor":11.0,"turns":5.0},{"damage":40.0,"enemies":"Gremlin Nob","floor":12.0,"turns":5.0},{"damage":25.0,"enemies":"Lagavulin","floor":14.0,"turns":6.0},{"damage":26.0,"enemies":"Fading Forest","floor":16.0,"turns":11.0},{"damage":19.0,"enemies":"2 Thieves","floor":18.0,"turns":4.0},{"damage":44.0,"enemies":"Spheric Guardian","floor":19.0,"turns":6.0},{"damage":36.0,"enemies":"Slavers","floor":24.0,"turns":6.0},{"damage":6.0,"enemies":"Centurion and Healer","floor":25.0,"turns":5.0},{"damage":19.0,"enemies":"3 Cultists","floor":27.0,"turns":5.0},{"damage":20.0,"enemies":"Cultist and Chosen","floor":28.0,"turns":5.0},{"damage":60.0,"enemies":"Gremlin Leader","floor":29.0,"turns":7.0},{"damage":8.0,"enemies":"Centurion and Healer","floor":30.0,"turns":6.0},{"damage":42,"enemies":"Book of Stabbing","floor":31,"turns":5}],"seed_played":"3990419962070860804","potions_obtained":[{"floor":1.0,"key":"Cursed Concoction"},{"floor":7.0,"key":"Fire Potion"},{"floor":10.0,"key":"SteroidPotion"},{"floor":12.0,"key":"PowerPotion"},{"floor":13.0,"key":"HeartOfIron"},{"floor":13.0,"key":"FairyPotion"},{"floor":14.0,"key":"Dexterity Potion"},{"floor":16.0,"key":"BloodPotion"},{"floor":24.0,"key":"Dexterity Potion"},{"floor":25.0,"key":"PowerPotion"},{"floor":29.0,"key":"Doom Potion"},{"floor":30.0,"key":"Milkshake"}],"is_trial":false,"path_per_floor":["M","M","?","M","M","R","M","?","T","E","M","E","?","E","R","B",null,"M","M","$","?","?","R","E","M","T","M","M","E","M","E"],"character_chosen":"IRONCLAD","items_purchased":["Feel No Pain","Medical Kit","Sentinel","Replay:Bandana"],"campfire_rested":0,"item_purchase_floors":[20,20,20,20],"current_hp_per_floor":[69,72,72,72,70,70,55,55,55,36,43,20,20,17,17,13,66,64,29,32,17,20,20,30,41,41,36,25,24,33,0,0],"gold":238,"neow_bonus":"TRANSFORM_TWO_CARDS","is_daily":false,"chose_seed":false,"campfire_upgraded":2,"win_rate":0.0,"timestamp":1607994285,"path_taken":["M","M","?","M","M","R","M","?","T","E","?","E","?","E","R","BOSS","M","M","$","?","?","R","E","M","T","?","M","E","M","E"],"items_purchased_type":["Card","Relic","Card","Relic"],"build_version":"2020-12-13","purchased_purges":1,"victory":false,"max_hp_per_floor":[72,72,72,72,72,72,72,72,72,72,75,78,78,81,81,84,84,87,90,91,94,97,95,98,101,101,104,107,110,113,113,113],"card_choices":[{"not_picked":["Entrench","ReplayTheSpireMod:Strike From Hell"],"picked":"Rampage","floor":1.0},{"not_picked":["Bloodletting","Clash"],"picked":"Shockwave","floor":2.0},{"not_picked":["Run Through","Perfected Strike"],"picked":"Armaments","floor":4.0},{"not_picked":["Entrench","Iron Wave"],"picked":"Sever Soul","floor":5.0},{"not_picked":["Replay:Undeath\u0027s Touch","Entrench"],"picked":"Hemogenesis","floor":7.0},{"not_picked":["Barricade","Sword Boomerang","Thunderclap"],"picked":"SKIP","floor":10.0},{"not_picked":["Wild Strike","Iron Wave","Intimidate"],"picked":"SKIP","floor":11.0},{"not_picked":["Iron Wave","Intimidate"],"picked":"Wild Strike","floor":11.0},{"not_picked":["Headbutt","Blood for Blood"],"picked":"ReplayTheSpireMod:Stacked","floor":12.0},{"not_picked":["Dual Wield","Flex"],"picked":"Dark Embrace","floor":14.0},{"not_picked":["Barricade","Corruption"],"picked":"Demonic Infusion","floor":16.0},{"not_picked":["Thunderclap","Heavy Blade"],"picked":"Spot Weakness","floor":18.0},{"not_picked":["Armaments","Anger"],"picked":"Shrug It Off","floor":19.0},{"not_picked":["Wild Strike","Sword Boomerang"],"picked":"Intimidate+1","floor":24.0},{"not_picked":["Dark Embrace","Sword Boomerang+1","Clash"],"picked":"ReplayTheSpireMod:Muscle Training","floor":25.0},{"not_picked":["Corruption","Thunderclap","Heavy Blade"],"picked":"Entrench","floor":27.0},{"not_picked":["Wild Strike","Clash+1","Searing Blow+1"],"picked":"Flex+1","floor":28.0},{"not_picked":["Clothesline","Cleave","Warcry+1"],"picked":"True Grit","floor":29.0},{"not_picked":["Clash+1","Twin Strike+1","Intimidate"],"picked":"Impervious","floor":30.0}],"player_experience":1068503,"relics_obtained":[{"floor":9.0,"key":"Shovel"},{"floor":10.0,"key":"Replay:Ringing Soul"},{"floor":12.0,"key":"Charon\u0027s Ashes"},{"floor":13.0,"key":"ReplayTheSpireMod:Ring of Addiction"},{"floor":13.0,"key":"Potion Belt"},{"floor":13.0,"key":"Toy Ornithopter"},{"floor":14.0,"key":"Replay:Accelerometer"},{"floor":23.0,"key":"Ancient Tea Set"},{"floor":24.0,"key":"Question Card"},{"floor":26.0,"key":"PreservedInsect"},{"floor":29.0,"key":"King of Hearts"}],"event_choices":[{"damage_healed":0.0,"max_hp_gain":0.0,"max_hp_loss":0.0,"gold_gain":175.0,"event_name":"Liars Game","player_choice":"AGREE","floor":3.0,"gold_loss":0.0,"damage_taken":0.0,"cards_obtained":["Doubt"]},{"damage_healed":0.0,"max_hp_gain":0.0,"max_hp_loss":0.0,"gold_gain":0.0,"event_name":"Upgrade Shrine","player_choice":"Upgraded","floor":8.0,"gold_loss":0.0,"damage_taken":0.0,"cards_upgraded":["Hemogenesis"]},{"damage_healed":0.0,"max_hp_gain":0.0,"max_hp_loss":18.0,"gold_gain":2.0,"event_name":"betterStone:BetterStone","player_choice":"2","floor":21.0,"gold_loss":0.0,"damage_taken":0.0},{"damage_healed":0.0,"max_hp_gain":0.0,"max_hp_loss":0.0,"gold_gain":0.0,"event_name":"Duplicator","player_choice":"Copied","floor":22.0,"gold_loss":0.0,"damage_taken":0.0,"cards_obtained":["Sentinel"]}],"is_beta":false,"boss_relics":[{"not_picked":["Fusion Hammer","Runic Cube"],"picked":"Ooze Armor"}],"items_purged_floors":[20],"is_endless":false,"potions_floor_spawned":[1,7,10,12,14,16,24,25,29,30],"killed_by":"Book of Stabbing","ascension_level":11}}