{"host":"wckp9jwyigqda0o0","time":1607991971,"event":{"mods":["2.2 Compatiblity","AchievementEnabler","Act Like it!","BaseMod","BetterRewards","Colored Powertips","Conspire","Downfall","Gensokyo","Hubris","Infinite Spire","Marisa????????","Minty Spire (QoL Compilation)","Prisma Mod","Replay The Spire","StSLib","SuperFastMode","The Animator","The Cursed","The Jungle","The Necromancer"],"gold_per_floor":[115,115,115,134,150,176,176,1,1,20,49,69,1,15,15,112,112,131,131,143,157,157,157,182,182,182],"floor_reached":25,"playtime":1615,"items_purged":[],"score":233,"play_id":"580211d3-7063-430a-997a-1e38f340f03a","local_time":"20201214182611","is_ascension_mode":true,"campfire_choices":[{"data":"hubris:InfiniteBlow","floor":7,"key":"SMITH"},{"data":"Hello World","floor":15,"key":"SMITH"},{"data":"hubris:InfiniteBlow+1","floor":23,"key":"SMITH"}],"circlet_count":0,"master_deck":["Strike_B","Strike_B","Strike_B","Strike_B","Defend_B","Defend_B","Defend_B","Defend_B","Zap","Dualcast","Hello World+1","hubris:InfiniteBlow+2","Defragment","Steam","Hologram","Turbo","Self Repair","Streamline","Sunder","FTL","Double Energy","hubris:DoWhile","BasicCrystalCard","Rebound+1","Beam Cell"],"relics":["hubris:GrandSneckoEye","Replay:Bottled Steam","hubris:BallOfYels","conspire:DeflatedDodgeball","infinitespire:Golems Mask","ChewingGum","Oddly Smooth Stone"],"acts_visited":["Exordium","TheCity"],"potions_floor_usage":[6,6,6,10,20],"damage_taken":[{"damage":0,"enemies":"Jaw Worm","floor":1,"turns":2},{"damage":0,"enemies":"Small Slimes","floor":4,"turns":2},{"damage":16,"enemies":"conspire:RoseBush","floor":5,"turns":3},{"damage":3,"enemies":"Replay:BlueRogue","floor":6,"turns":2},{"damage":2,"enemies":"Exordium Wildlife","floor":10,"turns":3},{"damage":11,"enemies":"Looter","floor":12,"turns":2},{"damage":6,"enemies":"Lots of Slimes","floor":14,"turns":4},{"damage":14,"enemies":"The Guardian","floor":16,"turns":8},{"damage":18,"enemies":"2 Thieves","floor":18,"turns":4},{"damage":21,"enemies":"Shell Parasite","floor":20,"turns":3},{"damage":19,"enemies":"Snake Plant","floor":21,"turns":5},{"damage":25,"enemies":"Slavers","floor":25,"turns":2}],"seed_played":"-7395076180531926803","potions_obtained":[{"floor":3,"key":"SneckoOil"},{"floor":3,"key":"DistilledChaos"},{"floor":3,"key":"Slimebound:ThreeZeroPotion"},{"floor":6,"key":"Block Potion"},{"floor":12,"key":"champ:CounterPotion"}],"is_trial":false,"path_per_floor":["M","?","?","M","M","E","R","$","T","M","?","M","$","M","R","B",null,"M","?","M","M","?","R","T","E"],"character_chosen":"DEFECT","items_purchased":["hubris:BallOfYels","Turbo","FTL"],"campfire_rested":0,"item_purchase_floors":[8,8,13],"current_hp_per_floor":[75,57,57,57,41,38,38,38,38,36,36,32,32,33,33,19,75,64,64,50,38,24,24,24,0,0],"gold":182,"neow_bonus":"BOSS_RELIC","is_daily":false,"chose_seed":false,"campfire_upgraded":3,"win_rate":0.0,"timestamp":1607991971,"path_taken":["M","?","?","M","M","E","R","$","T","?","?","M","$","M","R","BOSS","M","?","M","?","?","R","?","E"],"items_purchased_type":["Relic","Card","Card"],"build_version":"2020-12-13","purchased_purges":0,"victory":false,"max_hp_per_floor":[75,75,75,75,75,75,75,75,75,75,75,75,75,75,75,75,75,75,75,75,75,80,80,80,80,80],"card_choices":[{"not_picked":["Aggregate","Sweeping Beam"],"picked":"Hello World","floor":1},{"not_picked":["infinitespire:Starlight","infinitespire:FutureSight"],"picked":"hubris:InfiniteBlow","floor":2},{"not_picked":["Beam Cell","BasicCrystalCard"],"picked":"Defragment","floor":4},{"not_picked":["Compile Driver","Chill"],"picked":"Steam","floor":5},{"not_picked":["BasicCrystalCard","Cold Snap"],"picked":"Hologram","floor":6},{"not_picked":["Gash","Leap"],"picked":"Self Repair","floor":10},{"not_picked":["Scrape","Consume"],"picked":"Streamline","floor":11},{"not_picked":["Heatsinks","Self Repair"],"picked":"Sunder","floor":12},{"not_picked":["Coolheaded","Gash"],"picked":"Double Energy","floor":14},{"not_picked":["ReplayTheSpireMod:Fabricate Wheel","Hyperbeam"],"picked":"hubris:DoWhile","floor":16},{"not_picked":["Barrage","Cold Snap"],"picked":"BasicCrystalCard","floor":18},{"not_picked":["Redo","Leap"],"picked":"Rebound+1","floor":20},{"not_picked":["Redo","Sweeping Beam+1"],"picked":"Beam Cell","floor":21}],"player_experience":135737,"relics_obtained":[{"floor":6,"key":"Replay:Bottled Steam"},{"floor":9,"key":"conspire:DeflatedDodgeball"},{"floor":11,"key":"infinitespire:Golems Mask"},{"floor":24,"key":"Oddly Smooth Stone"}],"event_choices":[{"damage_healed":0,"gold_gain":0,"player_choice":"Got Potions","damage_taken":0,"max_hp_gain":0,"max_hp_loss":0,"event_name":"Lab","floor":3,"gold_loss":0},{"cards_removed":["ReplayTheSpireMod:Splinters"],"damage_healed":0,"gold_gain":0,"player_choice":"Purged","damage_taken":0,"max_hp_gain":0,"max_hp_loss":0,"event_name":"Purifier","floor":19,"gold_loss":0},{"damage_healed":0,"gold_gain":0,"player_choice":"Shed Blood","damage_taken":19,"max_hp_gain":5,"max_hp_loss":0,"event_name":"Forgotten Altar","floor":22,"gold_loss":0}],"is_beta":false,"boss_relics":[{"not_picked":["conspire:SlowCooker","Runic Pyramid"],"picked":"ChewingGum"}],"items_purged_floors":[],"is_endless":false,"potions_floor_spawned":[4,6,12],"killed_by":"Slavers","ascension_level":3}}