{"host":"7z9w9s73v2jobm2z","time":1607996255,"event":{"mods":["AchievementEnabler","BaseMod","Colored Map","Colored Powertips","Custom Start","Minty Spire (QoL Compilation)","Quick Restart","Rare Cards Sparkle","Relic Stats","StSLib"],"gold_per_floor":[11,29,29,41,56,81,97,97,147,147,147,72,104,104,104,104,104],"floor_reached":16,"playtime":621,"items_purged":["Regret"],"score":149,"play_id":"713ee214-1044-46f4-a729-8f38362dd6b8","local_time":"20201214203735","is_ascension_mode":true,"campfire_choices":[{"data":"Shrug It Off","floor":8.0,"key":"SMITH"},{"data":"Defend_R","floor":10.0,"key":"SMITH"},{"data":"True Grit","floor":15.0,"key":"SMITH"}],"circlet_count":0,"master_deck":["Strike_R","Strike_R","Strike_R","Defend_R+1","Defend_R+1","Defend_R+1","Defend_R","Bash","Clash","Heavy Blade","Heavy Blade","Heavy Blade","Shrug It Off+1","True Grit+1"],"relics":["Burning Blood","War Paint","Regal Pillow","Matryoshka","Orichalcum","CaptainsWheel"],"acts_visited":["Exordium"],"potions_floor_usage":[16],"damage_taken":[{"damage":0.0,"enemies":"2 Louse","floor":1.0,"turns":1.0},{"damage":6.0,"enemies":"Cultist","floor":2.0,"turns":3.0},{"damage":0.0,"enemies":"Jaw Worm","floor":4.0,"turns":3.0},{"damage":1.0,"enemies":"3 Louse","floor":5.0,"turns":3.0},{"damage":14.0,"enemies":"Lagavulin","floor":6.0,"turns":5.0},{"damage":0.0,"enemies":"Large Slime","floor":7.0,"turns":6.0},{"damage":31.0,"enemies":"3 Sentries","floor":13.0,"turns":11.0},{"damage":59,"enemies":"Hexaghost","floor":16,"turns":12}],"seed_played":"1645900201211930039","potions_obtained":[{"floor":1.0,"key":"SteroidPotion"},{"floor":4.0,"key":"DistilledChaos"},{"floor":5.0,"key":"BlessingOfTheForge"},{"floor":13.0,"key":"BloodPotion"}],"is_trial":false,"path_per_floor":["M","M","?","M","M","E","M","R","T","R","?","$","E","?","R","B"],"character_chosen":"IRONCLAD","items_purchased":[],"campfire_rested":0,"item_purchase_floors":[],"current_hp_per_floor":[78,78,78,80,80,72,78,78,78,78,78,78,53,41,41,0,0],"gold":104,"neow_bonus":"TRANSFORM_TWO_CARDS","is_daily":false,"chose_seed":false,"campfire_upgraded":3,"win_rate":0.0,"timestamp":1607996255,"path_taken":["M","M","?","?","M","E","M","R","T","R","?","$","E","?","R","BOSS"],"items_purchased_type":[],"build_version":"2020-12-13","purchased_purges":1,"victory":false,"max_hp_per_floor":[80,80,80,80,80,80,80,80,80,80,80,80,80,80,80,80,80],"relic_stats":{"Regal Pillow":0,"counters":[8,44],"War Paint":["Defend_R","Defend_R"],"Orichalcum":[18],"obtain_stats":[{"Regal Pillow":9,"CaptainsWheel":14,"Matryoshka":11,"War Paint":6,"Orichalcum":13,"Burning Blood":0},{"Regal Pillow":6,"CaptainsWheel":7,"Matryoshka":6,"War Paint":5,"Orichalcum":7,"Burning Blood":0},{"Regal Pillow":21,"CaptainsWheel":32,"Matryoshka":21,"War Paint":15,"Orichalcum":32,"Burning Blood":0}],"Burning Blood":33},"card_choices":[{"not_picked":["Rage","Feel No Pain","Combust"],"picked":"SKIP","floor":1.0},{"not_picked":["Shrug It Off","Intimidate"],"picked":"Heavy Blade","floor":2.0},{"not_picked":["True Grit","Havoc"],"picked":"Heavy Blade","floor":4.0},{"not_picked":["Iron Wave","Pommel Strike","Havoc"],"picked":"SKIP","floor":5.0},{"not_picked":["Brutality","Cleave","Thunderclap"],"picked":"SKIP","floor":6.0},{"not_picked":["Burning Pact","Blood for Blood"],"picked":"Shrug It Off","floor":7.0},{"not_picked":["Clothesline","Iron Wave"],"picked":"True Grit","floor":13.0}],"player_experience":417047,"relics_obtained":[{"floor":6.0,"key":"War Paint"},{"floor":9.0,"key":"Regal Pillow"},{"floor":13.0,"key":"Orichalcum"}],"event_choices":[{"damage_healed":0.0,"max_hp_gain":0.0,"max_hp_loss":0.0,"gold_gain":0.0,"event_name":"Transmorgrifier","player_choice":"Ignored","floor":3.0,"gold_loss":0.0,"damage_taken":0.0},{"damage_healed":0.0,"max_hp_gain":0.0,"max_hp_loss":0.0,"gold_gain":0.0,"event_name":"Big Fish","player_choice":"Box","floor":11.0,"gold_loss":0.0,"damage_taken":0.0,"relics_obtained":["Matryoshka"],"cards_obtained":["Regret"]},{"damage_healed":0.0,"max_hp_gain":0.0,"max_hp_loss":0.0,"gold_gain":0.0,"event_name":"Scrap Ooze","player_choice":"Success","floor":14.0,"gold_loss":0.0,"damage_taken":12.0,"relics_obtained":["CaptainsWheel"]}],"is_beta":false,"boss_relics":[],"items_purged_floors":[12],"is_endless":false,"potions_floor_spawned":[1,4,5,13],"killed_by":"Hexaghost","ascension_level":7}}