{"host":"ds28d883r3sz42zs","time":1607991543,"event":{"mods":["2.2 Compatiblity","AchievementEnabler","Act Like it!","BaseMod","Bestiary","Better Match","Better Sensory Stone","Better Silent Start","Better Third Choice","Better-Laid Plans","BetterRewards","Block Reminder","Challenge The Spire","Colored Map","Colored Powertips","DeckTracker","Defuse TimeMaze Blight","Disable Question Mark Monsters","Displayed Cursed Tome","Emptier Cage","GifTheSpireLib","Gold Saver","Minty Spire (QoL Compilation)","Permanent Neow","Practice Mode","Quick Restart","Random Character Button","Rare Cards Sparkle","Relic Filter","Relic Stats","SacredBarkPlus","StSLib","SuperFastMode","Uncapped","Unknown Chances"],"gold_per_floor":[386,404,423,440,353,387,387,419,419,430,455,48,48,74,74,74,74],"floor_reached":16,"playtime":613,"items_purged":["Neutralize"],"score":315,"play_id":"af1250bb-fc4f-4141-a50e-11689a42dffb","local_time":"20201214191903","is_ascension_mode":true,"campfire_choices":[{"data":"Bane","floor":7.0,"key":"SMITH"},{"data":"Noxious Fumes","floor":13,"key":"SMITH"},{"data":"Die Die Die","floor":15,"key":"SMITH"}],"circlet_count":0,"master_deck":["AscendersBane","Survivor+1","Noxious Fumes+1","Backstab","Backflip","Bane+1","Blade Dance+1","Die Die Die+1","Backflip"],"relics":["Pandora\u0027s Box","Toy Ornithopter","Smiling Mask","War Paint","Omamori","Kunai","Orichalcum","Medical Kit","White Beast Statue"],"acts_visited":["Exordium"],"potions_floor_usage":[11,14],"damage_taken":[{"damage":7.0,"enemies":"Cultist","floor":1.0,"turns":6.0},{"damage":9.0,"enemies":"Jaw Worm","floor":2.0,"turns":8.0},{"damage":1.0,"enemies":"Small Slimes","floor":3.0,"turns":5.0},{"damage":16.0,"enemies":"Exordium Thugs","floor":4.0,"turns":7.0},{"damage":2.0,"enemies":"Lagavulin","floor":6.0,"turns":6.0},{"damage":12.0,"enemies":"3 Sentries","floor":8.0,"turns":5.0},{"damage":0.0,"enemies":"2 Fungi Beasts","floor":10.0,"turns":2.0},{"damage":0,"enemies":"Gremlin Nob","floor":11,"turns":2},{"damage":0,"enemies":"3 Sentries","floor":14,"turns":4},{"damage":32,"enemies":"Slime Boss","floor":16,"turns":8}],"seed_played":"7850772005330812996","potions_obtained":[{"floor":3.0,"key":"Fire Potion"},{"floor":4.0,"key":"AttackPotion"},{"floor":6.0,"key":"SteroidPotion"},{"floor":11,"key":"GamblersBrew"}],"is_trial":false,"path_per_floor":["M","M","M","M","?","E","R","E","T","M","E","$","R","E","R","B"],"character_chosen":"THE_SILENT","items_purchased":["Orichalcum","Medical Kit","Backflip"],"campfire_rested":0,"item_purchase_floors":[12,12,12],"current_hp_per_floor":[52,43,42,26,26,24,24,12,12,12,17,17,17,22,22,0,0],"gold":74,"neow_bonus":"BOSS_RELIC","is_daily":false,"chose_seed":false,"campfire_upgraded":3,"win_rate":0.0,"timestamp":1607991543,"path_taken":["M","M","M","M","?","E","R","E","T","M","E","$","R","E","R","BOSS"],"items_purchased_type":["Relic","Relic","Card"],"build_version":"2020-12-13","purchased_purges":1,"victory":false,"max_hp_per_floor":[66,66,66,66,66,66,66,66,66,66,66,66,66,66,66,66,66],"relic_stats":{"counters":[10,53],"Pandora\u0027s Box":["Bullet Time","Infinite Blades","Blade Dance","Doppelganger","Die Die Die","Outmaneuver","Footwork","Endless Agony"],"Kunai":[10],"War Paint":["Survivor","Blade Dance"],"Orichalcum":[12],"Smiling Mask":25,"Medical Kit":[5],"obtain_stats":[{"Pandora\u0027s Box":0,"Omamori":9,"Kunai":11,"War Paint":8,"Orichalcum":12,"Smiling Mask":6,"Medical Kit":12,"Toy Ornithopter":5,"White Beast Statue":14,"Ring of the Snake":0},{"Pandora\u0027s Box":0,"Omamori":6,"Kunai":8,"War Paint":6,"Orichalcum":8,"Smiling Mask":5,"Medical Kit":8,"Toy Ornithopter":4,"White Beast Statue":9,"Ring of the Snake":0},{"Pandora\u0027s Box":0,"Omamori":37,"Kunai":41,"War Paint":37,"Orichalcum":41,"Smiling Mask":32,"Medical Kit":41,"Toy Ornithopter":26,"White Beast Statue":45,"Ring of the Snake":0}],"Toy Ornithopter":10},"card_choices":[{"not_picked":["Dodge and Roll","Flying Knee"],"picked":"Noxious Fumes","floor":1.0},{"not_picked":["Terror","Acrobatics"],"picked":"Backstab","floor":2.0},{"not_picked":["Noxious Fumes","Outmaneuver"],"picked":"Backflip","floor":3.0},{"not_picked":["Dagger Throw","Backstab"],"picked":"Bane","floor":4.0},{"not_picked":["Riddle With Holes","Choke"],"picked":"Blade Dance","floor":6.0},{"not_picked":["Backstab","Quick Slash"],"picked":"Die Die Die","floor":8.0},{"not_picked":["Backflip","Masterful Stab","Cloak And Dagger"],"picked":"SKIP","floor":10.0},{"not_picked":["Acrobatics","Concentrate","Riddle With Holes"],"picked":"SKIP","floor":11},{"not_picked":["Eviscerate","Choke","Deadly Poison"],"picked":"SKIP","floor":14}],"player_experience":657099,"relics_obtained":[{"floor":6.0,"key":"Smiling Mask"},{"floor":8.0,"key":"War Paint"},{"floor":9.0,"key":"Omamori"},{"floor":11,"key":"Kunai"},{"floor":14,"key":"White Beast Statue"}],"event_choices":[{"damage_healed":0.0,"max_hp_gain":0.0,"max_hp_loss":0.0,"gold_gain":0.0,"event_name":"WeMeetAgain","player_choice":"Paid Gold","floor":5.0,"gold_loss":87.0,"damage_taken":0.0,"relics_obtained":["Toy Ornithopter"]}],"is_beta":false,"boss_relics":[],"items_purged_floors":[12],"is_endless":false,"potions_floor_spawned":[3,4,6,11],"killed_by":"Slime Boss","ascension_level":15}}