{"host":"dvpvhz1t6etneyb3","time":1607995765,"event":{"mods":["AchievementEnabler","BaseMod","Colored Map","Highlight Path","Minty Spire (QoL Compilation)","Permanent Neow","Quick Restart"],"gold_per_floor":[111,111,129,129,144,177,177,217,217,217,217],"floor_reached":10,"playtime":351,"items_purged":[],"score":152,"play_id":"e32be612-a1b3-472d-98fc-160675a94e03","local_time":"20201214202925","is_ascension_mode":true,"campfire_choices":[{"floor":7,"key":"REST"}],"circlet_count":0,"master_deck":["AscendersBane","Strike_B","Strike_B","Strike_B","Strike_B","Defend_B","Defend_B","Defend_B","Defend_B","Zap","Dualcast","Ball Lightning","Coolheaded","Cold Snap","Compile Driver"],"relics":["Cracked Core","Toy Ornithopter","Golden Idol","Eternal Feather","Du-Vu Doll","Torii"],"acts_visited":["Exordium"],"potions_floor_usage":[6],"damage_taken":[{"damage":7,"enemies":"Small Slimes","floor":1,"turns":3},{"damage":6,"enemies":"2 Louse","floor":3,"turns":2},{"damage":7,"enemies":"Jaw Worm","floor":5,"turns":4},{"damage":32,"enemies":"Gremlin Nob","floor":6,"turns":4},{"damage":26,"enemies":"Lagavulin","floor":8,"turns":10},{"damage":28,"enemies":"Gremlin Nob","floor":10,"turns":3}],"seed_played":"-4966357481198853986","potions_obtained":[{"floor":1,"key":"SteroidPotion"}],"is_trial":false,"path_per_floor":["M","?","M","?","M","E","R","E","T","E"],"character_chosen":"DEFECT","items_purchased":[],"campfire_rested":1,"item_purchase_floors":[],"current_hp_per_floor":[57,62,56,56,49,22,48,22,22,0,0],"gold":217,"neow_bonus":"RANDOM_COMMON_RELIC","is_daily":false,"chose_seed":false,"campfire_upgraded":0,"win_rate":0.0,"timestamp":1607995765,"path_taken":["M","?","M","?","M","E","R","E","T","E"],"items_purchased_type":[],"build_version":"2020-12-13","purchased_purges":0,"victory":false,"max_hp_per_floor":[71,76,76,69,69,69,69,69,69,69,69],"card_choices":[{"not_picked":["Consume","Rip and Tear"],"picked":"Ball Lightning","floor":1},{"not_picked":["Steam Power","Auto Shields"],"picked":"Coolheaded","floor":3},{"not_picked":["Double Energy","Auto Shields","Coolheaded"],"picked":"SKIP","floor":5},{"not_picked":["Heatsinks","Skim"],"picked":"Cold Snap","floor":6},{"not_picked":["Coolheaded","Darkness"],"picked":"Compile Driver","floor":8}],"player_experience":1847564,"relics_obtained":[{"floor":6,"key":"Eternal Feather"},{"floor":8,"key":"Du-Vu Doll"},{"floor":9,"key":"Torii"}],"event_choices":[{"damage_healed":0,"gold_gain":0,"player_choice":"Donut","damage_taken":0,"max_hp_gain":5,"max_hp_loss":0,"event_name":"Big Fish","floor":2,"gold_loss":0},{"damage_healed":0,"gold_gain":0,"player_choice":"Lose Max HP","damage_taken":0,"relics_obtained":["Golden Idol"],"max_hp_gain":0,"max_hp_loss":7,"event_name":"Golden Idol","floor":4,"gold_loss":0}],"is_beta":false,"boss_relics":[],"items_purged_floors":[],"is_endless":false,"potions_floor_spawned":[1],"killed_by":"Gremlin Nob","ascension_level":20}}