{"host":"tknto047uabgu3zm","time":1607995996,"event":{"mods":["AchievementEnabler","BaseMod","Bestiary","Block Reminder","Colored Map","Colored Powertips","Highlight Path","Minty Spire (QoL Compilation)","MonsterHotkey","Permanent Neow","Random Character Button","Rare Cards Sparkle","Relic Sorter","Relic Stats","StSLib"],"gold_per_floor":[116,116,129,146,73,73,73,73,73,88,88,13,47,64,64,64,64],"floor_reached":16,"playtime":1412,"items_purged":[],"score":175,"play_id":"4a186289-f92f-4165-8d14-7b54c9f4bd10","local_time":"20201214173316","is_ascension_mode":true,"campfire_choices":[{"data":"Sunder","floor":8,"key":"SMITH"},{"data":"Beam Cell","floor":11,"key":"SMITH"},{"data":"Creative AI","floor":15,"key":"SMITH"}],"circlet_count":0,"master_deck":["AscendersBane","Strike_B","Strike_B","Strike_B+1","Defend_B","Defend_B","Defend_B","Defend_B","Zap","Dualcast","Cold Snap+1","Beam Cell+1","Sunder+1","Defragment","Steam Power","Reboot","Creative AI+1","Stack"],"relics":["Coffee Dripper","Whetstone","Vajra"],"acts_visited":["Exordium"],"potions_floor_usage":[10,13],"damage_taken":[{"damage":9,"enemies":"2 Louse","floor":1,"turns":3},{"damage":0,"enemies":"Small Slimes","floor":3,"turns":3},{"damage":2,"enemies":"Jaw Worm","floor":4,"turns":3},{"damage":8,"enemies":"Blue Slaver","floor":10,"turns":3},{"damage":1,"enemies":"Lagavulin","floor":13,"turns":5},{"damage":6,"enemies":"Exordium Thugs","floor":14,"turns":3},{"damage":36,"enemies":"Slime Boss","floor":16,"turns":11}],"seed_played":"3501737477898332884","potions_obtained":[{"floor":1,"key":"BlessingOfTheForge"},{"floor":3,"key":"BlessingOfTheForge"}],"is_trial":false,"path_per_floor":["M","?","M","M","$","?","?","R","T","M","R","$","E","M","R","B"],"character_chosen":"DEFECT","items_purchased":["Defragment","Reboot"],"campfire_rested":0,"item_purchase_floors":[5,12],"current_hp_per_floor":[55,60,60,58,58,51,51,51,51,43,43,43,42,36,36,0,0],"gold":64,"neow_bonus":"BOSS_RELIC","is_daily":false,"chose_seed":false,"campfire_upgraded":3,"win_rate":0.0,"timestamp":1607995996,"path_taken":["M","?","M","M","$","?","?","R","T","M","R","?","E","?","R","BOSS"],"items_purchased_type":["Card","Card"],"build_version":"2020-12-13","purchased_purges":0,"victory":false,"max_hp_per_floor":[71,76,76,76,76,76,76,76,76,76,76,76,76,76,76,76,76],"relic_stats":{"counters":[7,31],"Whetstone":["Strike_B","Cold Snap"],"obtain_stats":[{"Vajra":13,"Coffee Dripper":0,"Whetstone":9,"Cracked Core":0},{"Vajra":5,"Coffee Dripper":0,"Whetstone":3,"Cracked Core":0},{"Vajra":17,"Coffee Dripper":0,"Whetstone":9,"Cracked Core":0}]},"card_choices":[{"not_picked":["Coolheaded","Steam"],"picked":"Cold Snap","floor":1},{"not_picked":["Gash","Conserve Battery"],"picked":"Beam Cell","floor":3},{"not_picked":["Coolheaded","Sweeping Beam"],"picked":"Sunder","floor":4},{"not_picked":["Turbo","Leap"],"picked":"Steam Power","floor":10},{"not_picked":["Aggregate","Seek"],"picked":"Creative AI","floor":13},{"not_picked":["Steam","Leap"],"picked":"Stack","floor":14}],"player_experience":441766,"relics_obtained":[{"floor":9,"key":"Whetstone"},{"floor":13,"key":"Vajra"}],"event_choices":[{"damage_healed":0,"gold_gain":0,"player_choice":"Donut","damage_taken":0,"max_hp_gain":5,"max_hp_loss":0,"event_name":"Big Fish","floor":2,"gold_loss":0},{"cards_removed":["Strike_B"],"damage_healed":0,"gold_gain":0,"player_choice":"Card Removal","damage_taken":7,"max_hp_gain":0,"max_hp_loss":0,"event_name":"Golden Wing","floor":6,"gold_loss":0},{"damage_healed":0,"gold_gain":0,"player_choice":"Ignored","damage_taken":0,"max_hp_gain":0,"max_hp_loss":0,"event_name":"Shining Light","floor":7,"gold_loss":0}],"is_beta":false,"boss_relics":[],"items_purged_floors":[],"is_endless":false,"potions_floor_spawned":[1,3],"killed_by":"Slime Boss","ascension_level":15}}