{"host":"jm9833yuloeli2yd","time":1607992303,"event":{"mods":["AchievementEnabler","BaseMod","Better Altar","Better Match","Better Note","Better Sensory Stone","Better Skull","Better Vampires","Colored Map","Colored Powertips","DeckTracker","Minty Spire (QoL Compilation)","Permanent Neow","Quick Restart","Replay The Spire","StSLib","SuperFastMode"],"gold_per_floor":[211,27,39,39,39,39,82,107,107,131,58,58,97,113,113,238,238,261,32,82,22,38,79,100,100,124,142,142,142],"floor_reached":28,"playtime":913,"items_purged":["Strike_R","Voices"],"score":409,"play_id":"004b7aaf-55fb-4164-b9a0-49715e8a5a2e","local_time":"20201214193143","is_ascension_mode":true,"campfire_choices":[{"data":"Bash","floor":6.0,"key":"SMITH"},{"data":"Inflame","floor":12.0,"key":"SMITH"},{"data":"True Grit","floor":15.0,"key":"SMITH"},{"floor":25,"key":"REST"}],"circlet_count":0,"master_deck":["AscendersBane","Strike_R","Defend_R","Defend_R","Defend_R","Defend_R","Bash+1","Disarm","Deep Breath","Power Through","Feed","Clothesline","Inflame+1","Flame Barrier","True Grit+1","Demonic Infusion","Rupture+1","ReplayTheSpireMod:Limb From Limb+1","Uppercut+1","Rage+1","Hemogenesis","Shrug It Off","Burning Pact"],"relics":["Burning Blood","Golden Idol","Pondfish Scales","Red Skull","Replay:Bottled Flurry","Replay:PocketPolymizer","Astrolabe","Toolbox","ReplayTheSpireMod:CursedCoin","Calipers","Smiling Mask"],"acts_visited":["Exordium","TheCity"],"potions_floor_usage":[23,23,23,23,23,23,23,24],"damage_taken":[{"damage":5.0,"enemies":"Small Slimes","floor":1.0,"turns":5.0},{"damage":3.0,"enemies":"Cultist","floor":3.0,"turns":4.0},{"damage":27.0,"enemies":"3 Sentries","floor":7.0,"turns":8.0},{"damage":0.0,"enemies":"2 Louse","floor":8.0,"turns":5.0},{"damage":3.0,"enemies":"2 Fungi Beasts","floor":10.0,"turns":5.0},{"damage":19.0,"enemies":"Lagavulin","floor":13.0,"turns":7.0},{"damage":15.0,"enemies":"3 Louse","floor":14.0,"turns":5.0},{"damage":16.0,"enemies":"The Guardian","floor":16.0,"turns":15.0},{"damage":45.0,"enemies":"Spheric Guardian","floor":18.0,"turns":7.0},{"damage":20.0,"enemies":"Chosen","floor":22.0,"turns":7.0},{"damage":26,"enemies":"Book of Stabbing","floor":23,"turns":8},{"damage":18,"enemies":"Snake Plant","floor":24,"turns":6},{"damage":25,"enemies":"Cultist and Chosen","floor":27,"turns":7},{"damage":43,"enemies":"Masked Bandits","floor":28,"turns":3}],"seed_played":"2324302649586953769","potions_obtained":[{"floor":1.0,"key":"SteroidPotion"},{"floor":8.0,"key":"PowerPotion"},{"floor":13.0,"key":"ColorlessPotion"},{"floor":14.0,"key":"EssenceOfSteel"},{"floor":18.0,"key":"Energy Potion"},{"floor":22.0,"key":"BloodPotion"}],"is_trial":false,"path_per_floor":["M","$","M","?","?","R","E","M","T","M","$","R","E","M","R","B",null,"M","$","$","?","M","E","M","R","T","M","?"],"character_chosen":"IRONCLAD","items_purchased":["Deep Breath","Death Potion","Inflame","Toolbox","ReplayTheSpireMod:CursedCoin"],"campfire_rested":1,"item_purchase_floors":[2,2,11,19,20],"current_hp_per_floor":[73,73,76,74,74,74,53,62,62,68,68,68,58,52,52,42,75,39,39,39,39,28,29,20,49,49,33,0,0],"gold":142,"neow_bonus":"HUNDRED_GOLD","is_daily":false,"chose_seed":false,"campfire_upgraded":3,"win_rate":0.0,"timestamp":1607992303,"path_taken":["M","$","M","?","?","R","E","M","T","M","$","R","E","M","R","BOSS","M","?","$","?","M","E","M","R","T","M","?"],"items_purchased_type":["Card","Potion","Card","Relic","Relic"],"build_version":"2020-12-13","purchased_purges":2,"victory":false,"max_hp_per_floor":[80,80,80,74,74,74,74,77,77,80,80,80,83,86,86,86,86,89,89,89,89,92,95,98,98,98,101,101,101],"card_choices":[{"not_picked":["Headbutt","Power Through"],"picked":"Disarm","floor":1.0},{"not_picked":["True Grit","Rampage"],"picked":"Power Through","floor":3.0},{"not_picked":["Run Through","Flex"],"picked":"Feed","floor":7.0},{"not_picked":["ReplayTheSpireMod:Corrosion Curse","Evolve","Anger"],"picked":"SKIP","floor":8.0},{"not_picked":["Havoc","Searing Blow"],"picked":"Clothesline","floor":10.0},{"not_picked":["Dark Embrace","Run Through"],"picked":"Flame Barrier","floor":13.0},{"not_picked":["Warcry","Headbutt"],"picked":"True Grit","floor":14.0},{"not_picked":["Bludgeon","Hemogenesis"],"picked":"Demonic Infusion","floor":16.0},{"not_picked":["Headbutt","Sever Soul"],"picked":"Rage+1","floor":18.0},{"not_picked":["Intimidate","Clash+1","Perfected Strike"],"picked":"SKIP","floor":22.0},{"not_picked":["ReplayTheSpireMod:Stacked","True Grit"],"picked":"Hemogenesis","floor":23},{"not_picked":["Entrench","Warcry"],"picked":"Shrug It Off","floor":24},{"not_picked":["Body Slam","Warcry"],"picked":"Burning Pact","floor":27}],"player_experience":1068503,"relics_obtained":[{"floor":7.0,"key":"Red Skull"},{"floor":9.0,"key":"Replay:Bottled Flurry"},{"floor":13.0,"key":"Replay:PocketPolymizer"},{"floor":23,"key":"Calipers"},{"floor":26,"key":"Smiling Mask"}],"event_choices":[{"damage_healed":0.0,"max_hp_gain":0.0,"max_hp_loss":6.0,"gold_gain":0.0,"event_name":"Golden Idol","player_choice":"Lose Max HP","floor":4.0,"gold_loss":0.0,"damage_taken":0.0,"relics_obtained":["Golden Idol"]},{"damage_healed":0.0,"max_hp_gain":0.0,"max_hp_loss":0.0,"gold_gain":0.0,"event_name":"WeMeetAgain","player_choice":"Gave Potion","floor":5.0,"gold_loss":0.0,"damage_taken":0.0,"relics_obtained":["Pondfish Scales"]},{"damage_healed":0,"gold_gain":0,"player_choice":"Fought Bandits","damage_taken":0,"max_hp_gain":0,"max_hp_loss":0,"event_name":"Masked Bandits","floor":28,"gold_loss":0}],"is_beta":false,"boss_relics":[{"not_picked":["Runic Dome","Black Blood"],"picked":"Astrolabe"}],"items_purged_floors":[19,20],"is_endless":false,"potions_floor_spawned":[1,3,8,13,14,18,22],"killed_by":"Masked Bandits","ascension_level":11}}