{"host":"tynsn0dqx28gbnht","time":1607996043,"event":{"mods":["BaseMod","Downfall","Minty Spire (QoL Compilation)","StSLib"],"gold_per_floor":[99,99,117,131,131,131,131,56,56,56,56,75,13,27,42,42,42],"floor_reached":16,"playtime":526,"items_purged":[],"score":90,"play_id":"cbd17036-23c1-4413-9c77-38d120614952","local_time":"20201214183403","is_ascension_mode":false,"campfire_choices":[{"floor":1,"key":"RECALL"},{"floor":6,"key":"REST"},{"data":"1","floor":8,"key":"LIFT"},{"data":"2","floor":10,"key":"LIFT"}],"circlet_count":0,"master_deck":["Slimebound:Strike_Slimebound","Slimebound:Strike_Slimebound","Slimebound:Strike_Slimebound","Slimebound:Tackle","Slimebound:Defend_Slimebound","Slimebound:Defend_Slimebound","Slimebound:Defend_Slimebound","Slimebound:Defend_Slimebound","Slimebound:Split","Slimebound:CorrosiveSpit","Slimebound:SplitAcid","Slimebound:Equalize","Slimebound:SlimeSpikes","Slimebound:Repurpose","Slimebound:Gluttony","Slimebound:SplitBruiser","Slimebound:LevelUp","Slimebound:Replication"],"relics":["Slimebound:AbsorbEndCombat","Girya","downfall:HeartBlessingRed"],"acts_visited":["Exordium"],"potions_floor_usage":[],"damage_taken":[{"damage":9,"enemies":"2 Louse","floor":3,"turns":4},{"damage":8,"enemies":"Small Slimes","floor":4,"turns":2},{"damage":0,"enemies":"Cultist","floor":9,"turns":1},{"damage":4,"enemies":"3 Louse","floor":12,"turns":3},{"damage":11,"enemies":"downfall:FleeingMerchant","floor":13,"turns":4},{"damage":23,"enemies":"Lots of Slimes","floor":14,"turns":3},{"damage":13,"enemies":"Blue Slaver","floor":15,"turns":3},{"damage":66,"enemies":"downfall:Defect","floor":16,"turns":5}],"seed_played":"-3066438038867558540","potions_obtained":[{"floor":12,"key":"Ancient Potion"},{"floor":15,"key":"Explosive Potion"}],"is_trial":false,"path_per_floor":["R","?","M","M","?","R","T","R","M","R","?","M","$","M","M","B"],"character_chosen":"SLIMEBOUND","items_purchased":["Slimebound:SplitBruiser"],"campfire_rested":1,"item_purchase_floors":[13],"current_hp_per_floor":[66,66,61,63,38,57,57,57,57,57,57,59,63,56,55,0,0],"gold":42,"neow_bonus":"TEN_PERCENT_HP_BONUS","is_daily":false,"chose_seed":false,"campfire_upgraded":0,"win_rate":0.0,"timestamp":1607996043,"path_taken":["R","?","M","M","?","R","T","R","M","R","?","?","$","M","M","BOSS"],"items_purchased_type":["Card"],"build_version":"2020-12-13","purchased_purges":0,"victory":false,"max_hp_per_floor":[66,66,66,66,66,66,66,66,66,66,66,66,66,66,66,66,66],"card_choices":[{"not_picked":["Slimebound:SplitLeeching","Slimebound:LeechEnergy"],"picked":"Slimebound:SplitAcid","floor":3},{"not_picked":["Slimebound:SplitAcid","Slimebound:SamplingLick"],"picked":"Slimebound:Equalize","floor":4},{"not_picked":["Slimebound:ViciousTackle","Slimebound:BestDefense"],"picked":"Slimebound:SlimeSpikes","floor":9},{"not_picked":["Slimebound:PressTheAttack","Slimebound:GoopSpray"],"picked":"Slimebound:Repurpose","floor":12},{"not_picked":["Slimebound:LeechLife","Slimebound:ComboTackle"],"picked":"Slimebound:Gluttony","floor":13},{"not_picked":["Slimebound:SplitAcid","Slimebound:GrowthPunch"],"picked":"Slimebound:LevelUp","floor":14},{"not_picked":["Slimebound:ComboTackle","Slimebound:SplitBruiser"],"picked":"Slimebound:Replication","floor":15}],"player_experience":425166,"relics_obtained":[],"event_choices":[{"damage_healed":0,"gold_gain":0,"player_choice":"Success","damage_taken":25,"relics_obtained":["Girya"],"max_hp_gain":0,"max_hp_loss":0,"event_name":"Scrap Ooze","floor":5,"gold_loss":0}],"is_beta":false,"boss_relics":[],"items_purged_floors":[],"is_endless":false,"potions_floor_spawned":[12,15],"killed_by":"downfall:Defect","ascension_level":0}}