{"host":"gn6ds4edjslinxdh","time":1607994759,"event":{"mods":["AchievementEnabler","BaseMod","Colored Map","Colored Powertips","Hermit","Jorbs\u0027s Wanderer Trilogy","Minty Spire (QoL Compilation)","Permanent Neow","Quick Restart","Relic Sorter","Relic Stats","StSLib"],"gold_per_floor":[109,121,136,151,151,151,194,210,235,273,273,312,312,331,331,451,451,475,475,141,154,179,210,223,223,246,280,355,112,112,62,62,185,185,198,261,20,20,43,43,86,86,86,36,0,0,333,333,333,333],"floor_reached":51,"playtime":2748,"items_purged":["Strike_P","Decay","Strike_P","Strike_P","Writhe"],"score":1024,"play_id":"f5b1f495-bcbc-49cf-a9cd-1783b560bfaf","local_time":"20201214171239","is_ascension_mode":true,"campfire_choices":[{"data":"CrushJoints","floor":6.0,"key":"SMITH"},{"data":"Eruption","floor":13.0,"key":"SMITH"},{"data":"Judgement","floor":15.0,"key":"SMITH"},{"data":"Omniscience","floor":25.0,"key":"SMITH"},{"data":"BattleHymn","floor":32.0,"key":"SMITH"},{"data":"LessonLearned","floor":40.0,"key":"SMITH"},{"data":"Wallop","floor":42.0,"key":"SMITH"},{"data":"CutThroughFate","floor":46.0,"key":"SMITH"},{"data":"Adaptation","floor":49.0,"key":"SMITH"}],"circlet_count":0,"master_deck":["Strike_P","Defend_P+1","Defend_P+1","Defend_P+1","Defend_P+1","Eruption+1","Vigilance+1","Tantrum+1","CrushJoints+1","ReachHeaven+1","Consecrate","LessonLearned+1","FearNoEvil+1","Judgement+1","WheelKick+1","Omniscience+1","WaveOfTheHand+1","InnerPeace+1","BattleHymn+1","CutThroughFate+1","Adaptation+1","Vault","LikeWater+1","Indignation","CutThroughFate+1","Wallop+1","CrushJoints+1"],"relics":["Cursed Key","Pantograph","Blood Vial","Juzu Bracelet","Philosopher\u0027s Stone","Nloth\u0027s Gift","Akabeko","Smiling Mask","War Paint","Frozen Egg 2","Strange Spoon","VioletLotus","TungstenRod","Membership Card","MealTicket","Pear","Red Mask"],"acts_visited":[],"potions_floor_usage":[50],"damage_taken":[{"damage":0.0,"enemies":"Small Slimes","floor":1.0,"turns":2.0},{"damage":0.0,"enemies":"Jaw Worm","floor":2.0,"turns":4.0},{"damage":0.0,"enemies":"Cultist","floor":3.0,"turns":2.0},{"damage":1.0,"enemies":"Red Slaver","floor":4.0,"turns":3.0},{"damage":0.0,"enemies":"Lagavulin","floor":7.0,"turns":2.0},{"damage":13.0,"enemies":"Lots of Slimes","floor":8.0,"turns":3.0},{"damage":15.0,"enemies":"3 Sentries","floor":10.0,"turns":4.0},{"damage":0.0,"enemies":"Lagavulin","floor":12.0,"turns":3.0},{"damage":0.0,"enemies":"Gremlin Gang","floor":14.0,"turns":2.0},{"damage":20.0,"enemies":"Hexaghost","floor":16.0,"turns":5.0},{"damage":1.0,"enemies":"Chosen","floor":18.0,"turns":3.0},{"damage":0.0,"enemies":"Shell Parasite","floor":21.0,"turns":1.0},{"damage":0.0,"enemies":"Centurion and Healer","floor":22.0,"turns":2.0},{"damage":0.0,"enemies":"Gremlin Leader","floor":23.0,"turns":5.0},{"damage":0.0,"enemies":"Shelled Parasite and Fungi","floor":24.0,"turns":3.0},{"damage":0.0,"enemies":"Slavers","floor":27.0,"turns":2.0},{"damage":30.0,"enemies":"Collector","floor":33.0,"turns":7.0},{"damage":0.0,"enemies":"3 Darklings","floor":35.0,"turns":1.0},{"damage":0.0,"enemies":"Mind Bloom Boss Battle","floor":36.0,"turns":3.0},{"damage":0.0,"enemies":"Orb Walker","floor":39.0,"turns":1.0},{"damage":23.0,"enemies":"Reptomancer","floor":41.0,"turns":4.0},{"damage":43,"enemies":"Donu and Deca","floor":50,"turns":6}],"seed_played":"-6297124907352480027","potions_obtained":[{"floor":1.0,"key":"Energy Potion"},{"floor":2.0,"key":"DistilledChaos"},{"floor":3.0,"key":"SteroidPotion"},{"floor":14.0,"key":"Dexterity Potion"},{"floor":16.0,"key":"SkillPotion"},{"floor":18.0,"key":"Fire Potion"},{"floor":21.0,"key":"Ancient Potion"},{"floor":23.0,"key":"Strength Potion"},{"floor":24.0,"key":"CultistPotion"},{"floor":33.0,"key":"SkillPotion"},{"floor":41.0,"key":"Fire Potion"}],"is_trial":false,"path_per_floor":["M","M","M","M","?","R","E","M","T","E","?","E","R","M","R","B",null,"M","?","$","M","M","E","M","R","T","E","?","$","?","$","R","B",null,"M","?","$","?","M","R","E","R","T","$","?","R","?","T","R","B",null],"character_chosen":"WATCHER","items_purchased":["Akabeko","InnerPeace","BattleHymn","LikeWater+1","Strange Spoon","Membership Card","Wallop"],"campfire_rested":0,"item_purchase_floors":[20,20,20,29,29,37,37],"current_hp_per_floor":[72,72,72,71,53,53,53,40,40,27,27,29,29,31,31,38,61,62,62,62,64,66,68,69,69,69,69,63,63,57,57,57,39,62,64,69,69,69,69,69,46,46,56,71,71,71,71,71,71,36],"gold":333,"neow_bonus":"BOSS_RELIC","is_daily":false,"chose_seed":false,"campfire_upgraded":9,"win_rate":0.0,"timestamp":1607994759,"path_taken":["M","M","M","M","?","R","E","M","T","E","?","E","R","M","R","BOSS","M","?","?","M","M","E","M","R","T","E","?","?","?","$","R","BOSS","M","?","$","?","M","R","E","R","T","$","?","R","?","?","R","BOSS"],"items_purchased_type":["Relic","Card","Card","Card","Relic","Relic","Card"],"build_version":"2020-12-13","purchased_purges":5,"victory":true,"max_hp_per_floor":[72,72,72,72,72,72,72,72,72,72,69,69,69,69,69,69,69,69,69,69,69,69,69,69,69,69,69,69,69,69,69,69,69,69,69,69,69,69,69,69,69,69,79,79,79,79,79,79,79,79],"relic_stats":{"counters":[22,68],"Juzu Bracelet":2,"War Paint":["InnerPeace","Defend_P"],"Cursed Key":3,"Smiling Mask":188,"Blood Vial":25,"Strange Spoon":[13],"Pantograph":44,"MealTicket":15,"VioletLotus":[4],"Nloth\u0027s Gift":4,"obtain_stats":[{"Pear":43,"Golden Idol":5,"Damaru":12,"Juzu Bracelet":10,"War Paint":26,"Frozen Egg 2":27,"Cursed Key":0,"Smiling Mask":23,"Akabeko":20,"Blood Vial":9,"Strange Spoon":29,"Pantograph":7,"Philosopher\u0027s Stone":17,"MealTicket":41,"VioletLotus":34,"Nloth\u0027s Gift":19,"Red Mask":45,"Membership Card":37,"PureWater":0,"TungstenRod":36},{"Pear":21,"Golden Idol":4,"Damaru":8,"Juzu Bracelet":7,"War Paint":15,"Frozen Egg 2":16,"Cursed Key":0,"Smiling Mask":14,"Akabeko":11,"Blood Vial":6,"Strange Spoon":16,"Pantograph":5,"Philosopher\u0027s Stone":10,"MealTicket":21,"VioletLotus":17,"Nloth\u0027s Gift":11,"Red Mask":21,"Membership Card":19,"PureWater":0,"TungstenRod":19},{"Pear":62,"Golden Idol":11,"Damaru":23,"Juzu Bracelet":20,"War Paint":44,"Frozen Egg 2":46,"Cursed Key":0,"Smiling Mask":41,"Akabeko":33,"Blood Vial":16,"Strange Spoon":46,"Pantograph":13,"Philosopher\u0027s Stone":30,"MealTicket":62,"VioletLotus":53,"Nloth\u0027s Gift":33,"Red Mask":62,"Membership Card":57,"PureWater":0,"TungstenRod":57}],"TungstenRod":6},"card_choices":[{"not_picked":["ThirdEye","BowlingBash"],"picked":"Tantrum","floor":1.0},{"not_picked":["FlurryOfBlows","Prostrate"],"picked":"CrushJoints","floor":2.0},{"not_picked":["Weave","Evaluate"],"picked":"ReachHeaven","floor":3.0},{"not_picked":["Prostrate","Evaluate"],"picked":"Consecrate","floor":4.0},{"not_picked":["ThirdEye","CutThroughFate"],"picked":"LessonLearned","floor":7.0},{"not_picked":["BattleHymn","Meditate"],"picked":"FearNoEvil","floor":8.0},{"not_picked":["Crescendo","JustLucky","ForeignInfluence"],"picked":"SKIP","floor":10.0},{"not_picked":["BattleHymn","Worship"],"picked":"Judgement","floor":12.0},{"not_picked":["EmptyBody","Evaluate"],"picked":"WheelKick","floor":14.0},{"not_picked":["LessonLearned","ConjureBlade"],"picked":"Omniscience","floor":16.0},{"not_picked":["ThirdEye","Crescendo+1"],"picked":"WaveOfTheHand+1","floor":18.0},{"not_picked":["Evaluate+1","ClearTheMind"],"picked":"CutThroughFate","floor":21.0},{"not_picked":["Protect","Collect+1","ConjureBlade"],"picked":"SKIP","floor":22.0},{"not_picked":["Devotion","JustLucky+1","BattleHymn"],"picked":"SKIP","floor":23.0},{"not_picked":["Conclude+1","DevaForm"],"picked":"Adaptation","floor":24.0},{"not_picked":["Consecrate","SpiritShield"],"picked":"Vault","floor":27.0},{"not_picked":["Worship+1","JustLucky+1"],"picked":"Indignation","floor":35.0},{"not_picked":["Protect+1","DeceiveReality+1"],"picked":"CutThroughFate+1","floor":36.0},{"not_picked":["Collect+1","Prostrate","BowlingBash+1"],"picked":"SKIP","floor":39.0},{"not_picked":["WreathOfFlame","Consecrate+1"],"picked":"CrushJoints+1","floor":41.0}],"player_experience":510668,"relics_obtained":[{"floor":7.0,"key":"Pantograph"},{"floor":9.0,"key":"Blood Vial"},{"floor":10.0,"key":"Juzu Bracelet"},{"floor":12.0,"key":"Damaru"},{"floor":23.0,"key":"Smiling Mask"},{"floor":26.0,"key":"War Paint"},{"floor":27.0,"key":"Frozen Egg 2"},{"floor":36.0,"key":"TungstenRod"},{"floor":41.0,"key":"MealTicket"},{"floor":43.0,"key":"Pear"}],"event_choices":[{"damage_healed":0.0,"max_hp_gain":0.0,"max_hp_loss":0.0,"gold_gain":0.0,"event_name":"Golden Idol","player_choice":"Take Damage","floor":5.0,"gold_loss":0.0,"damage_taken":18.0,"relics_obtained":["Golden Idol"]},{"cards_removed":["Parasite"],"damage_healed":0.0,"max_hp_gain":0.0,"max_hp_loss":0.0,"gold_gain":0.0,"event_name":"Living Wall","player_choice":"Forget","floor":11.0,"gold_loss":0.0,"damage_taken":0.0},{"damage_healed":0.0,"max_hp_gain":0.0,"max_hp_loss":0.0,"gold_gain":0.0,"event_name":"N\u0027loth","player_choice":"Traded Relic","floor":19.0,"relics_lost":["Damaru"],"gold_loss":0.0,"damage_taken":0.0,"relics_obtained":["Nloth\u0027s Gift"]},{"damage_healed":0.0,"max_hp_gain":0.0,"max_hp_loss":0.0,"gold_gain":75.0,"event_name":"FaceTrader","player_choice":"Touch","floor":28.0,"gold_loss":0.0,"damage_taken":6.0},{"damage_healed":0.0,"max_hp_gain":0.0,"max_hp_loss":0.0,"gold_gain":0.0,"event_name":"Wheel of Change","player_choice":"Damaged","floor":30.0,"gold_loss":0.0,"damage_taken":6.0},{"damage_healed":0.0,"max_hp_gain":0.0,"max_hp_loss":0.0,"gold_gain":0.0,"event_name":"MindBloom","player_choice":"Fight","floor":36.0,"gold_loss":0.0,"damage_taken":0.0},{"damage_healed":0.0,"max_hp_gain":0.0,"max_hp_loss":0.0,"gold_gain":0.0,"event_name":"SensoryStone","player_choice":"Memory 1","floor":38.0,"gold_loss":0.0,"damage_taken":0.0},{"damage_healed":0.0,"max_hp_gain":0.0,"max_hp_loss":0.0,"gold_gain":0.0,"event_name":"Tomb of Lord Red Mask","player_choice":"Paid","floor":45.0,"gold_loss":36.0,"damage_taken":0.0,"relics_obtained":["Red Mask"]},{"damage_healed":0.0,"max_hp_gain":0.0,"max_hp_loss":0.0,"gold_gain":333.0,"event_name":"The Moai Head","player_choice":"Gave Idol","floor":47.0,"relics_lost":["Golden Idol"],"gold_loss":0.0,"damage_taken":0.0}],"is_beta":false,"boss_relics":[{"not_picked":["Astrolabe","Sozu"],"picked":"Philosopher\u0027s Stone"},{"not_picked":["Velvet Choker","Black Star"],"picked":"VioletLotus"}],"items_purged_floors":[20,29,31,37,44],"is_endless":false,"potions_floor_spawned":[1,2,3,14,16,18,21,23,24,33,41],"ascension_level":5}}