{"host":"Kdaddybrian","time":1607997052,"event":{"mods":["AchievementEnabler","BaseMod","Colored Powertips","Minty Spire (QoL Compilation)","Rare Cards Sparkle","Relic Stats","StSLib"],"gold_per_floor":[115,135,210,227,14,40,40,40,66,102,102,120,9,9,9],"floor_reached":14,"playtime":498,"items_purged":[],"score":147,"play_id":"32595e06-7669-4d7b-93a2-d14be34c2f15","local_time":"20201214205052","is_ascension_mode":true,"campfire_choices":[{"data":"Fiend Fire","floor":8.0,"key":"SMITH"}],"circlet_count":0,"master_deck":["AscendersBane","Strike_R","Strike_R","Strike_R","Strike_R","Strike_R","Defend_R","Defend_R","Defend_R","Defend_R","Bash","Fiend Fire+1","Spot Weakness","Metallicize","Spot Weakness","Whirlwind","Headbutt","Hemokinesis","Immolate","Power Through+1"],"relics":["Burning Blood","Membership Card","Bag of Marbles","Golden Idol","Dream Catcher","Toxic Egg 2"],"acts_visited":["Exordium"],"potions_floor_usage":[14],"damage_taken":[{"damage":10.0,"enemies":"Small Slimes","floor":1.0,"turns":2.0},{"damage":5.0,"enemies":"2 Louse","floor":2.0,"turns":3.0},{"damage":4.0,"enemies":"Jaw Worm","floor":4.0,"turns":3.0},{"damage":18.0,"enemies":"Gremlin Nob","floor":6.0,"turns":3.0},{"damage":42.0,"enemies":"Lagavulin","floor":10.0,"turns":6.0},{"damage":9.0,"enemies":"Lots of Slimes","floor":12.0,"turns":3.0},{"damage":15,"enemies":"3 Sentries","floor":14,"turns":2}],"seed_played":"6544969005018812726","potions_obtained":[{"floor":2.0,"key":"ElixirPotion"},{"floor":4.0,"key":"Energy Potion"},{"floor":10.0,"key":"CultistPotion"}],"is_trial":false,"path_per_floor":["M","M","?","M","$","E","?","R","T","E","?","M","$","E"],"character_chosen":"IRONCLAD","items_purchased":["Membership Card","Whirlwind","EntropicBrew","Immolate","Power Through+1"],"campfire_rested":0,"item_purchase_floors":[5,5,5,13,13],"current_hp_per_floor":[68,69,58,60,60,48,48,48,48,12,12,9,9,0,0],"gold":9,"neow_bonus":"ONE_RANDOM_RARE_CARD","is_daily":false,"chose_seed":false,"campfire_upgraded":1,"win_rate":0.0,"timestamp":1607997052,"path_taken":["M","M","?","M","$","E","?","R","T","E","?","M","?","E"],"items_purchased_type":["Relic","Card","Potion","Card","Card"],"build_version":"2020-12-07","purchased_purges":0,"victory":false,"max_hp_per_floor":[80,80,80,80,80,80,74,74,74,74,74,74,74,74,74],"relic_stats":{"Dream Catcher":0,"counters":[7,22],"Golden Idol":11,"obtain_stats":[{"Dream Catcher":9,"Golden Idol":7,"Bag of Marbles":6,"Membership Card":5,"Toxic Egg 2":10,"Burning Blood":0},{"Dream Catcher":4,"Golden Idol":4,"Bag of Marbles":4,"Membership Card":3,"Toxic Egg 2":5,"Burning Blood":0},{"Dream Catcher":11,"Golden Idol":11,"Bag of Marbles":11,"Membership Card":8,"Toxic Egg 2":17,"Burning Blood":0}],"Burning Blood":36},"card_choices":[{"not_picked":["Iron Wave","Armaments"],"picked":"Spot Weakness","floor":1.0},{"not_picked":["Seeing Red","Body Slam"],"picked":"Metallicize","floor":2.0},{"not_picked":["Rampage","Warcry"],"picked":"Spot Weakness","floor":4.0},{"not_picked":["Warcry","Burning Pact"],"picked":"Headbutt","floor":6.0},{"not_picked":["Twin Strike","Wild Strike"],"picked":"Hemokinesis","floor":10.0},{"not_picked":["Pommel Strike","Rupture","Thunderclap"],"picked":"SKIP","floor":12.0}],"player_experience":2851883,"relics_obtained":[{"floor":6.0,"key":"Bag of Marbles"},{"floor":9.0,"key":"Dream Catcher"},{"floor":10.0,"key":"Toxic Egg 2"}],"event_choices":[{"damage_healed":0.0,"max_hp_gain":0.0,"max_hp_loss":0.0,"gold_gain":75.0,"event_name":"World of Goop","player_choice":"Gather Gold","floor":3.0,"gold_loss":0.0,"damage_taken":11.0},{"damage_healed":0.0,"max_hp_gain":0.0,"max_hp_loss":6.0,"gold_gain":0.0,"event_name":"Golden Idol","player_choice":"Lose Max HP","floor":7.0,"gold_loss":0.0,"damage_taken":0.0,"relics_obtained":["Golden Idol"]},{"damage_healed":0.0,"max_hp_gain":0.0,"max_hp_loss":0.0,"gold_gain":0.0,"event_name":"Scrap Ooze","player_choice":"Fled","floor":11.0,"gold_loss":0.0,"damage_taken":0.0}],"is_beta":true,"boss_relics":[],"items_purged_floors":[],"is_endless":false,"potions_floor_spawned":[2,4,10],"killed_by":"3 Sentries","ascension_level":10}}