{"host":"ecuvtzmejf7hhjpv","time":1607996175,"event":{"mods":["AchievementEnabler","Act Like it!","Aspiration","BaseMod","Better Altar","Better Match","Better Note","Better Sensory Stone","Better Skull","Better Third Choice","BetterRewards","Conspire","Custom Start","GifTheSpireLib","Hallownest","Hermit","Hubris","Marisa????????","Minty Spire (QoL Compilation)","Prisma Mod","Replay The Spire","Spicy Shops","StSLib","The Animator","The Blackbeard","The Bug Knight","The Forsaken","The Hierophant","The Jungle","The Necromancer","The Poker Player","The Wild Card"],"gold_per_floor":[118,132,132,144,43,71,102,135,158,185,31,31,45,65,65,164,164,182,232,8,24,24,51,1,1,1,32,32,32,89,101,101,212,212,250,260,260,294,112,126,126],"floor_reached":40,"playtime":10977,"items_purged":[],"score":612,"play_id":"0dec7a8f-9692-4d81-87fb-6bb84ce51125","local_time":"20201214193615","is_ascension_mode":false,"campfire_choices":[{"data":"HollowMod:Weaversong","floor":15,"key":"SMITH"},{"data":"HollowMod:CycloneSlash","floor":32,"key":"SMITH"}],"circlet_count":0,"master_deck":["HollowMod:NailStrikeStart","HollowMod:NailStrikeStart","HollowMod:NailStrikeStart","HollowMod:NailStrikeStart","HollowMod:QuickDashStart","HollowMod:QuickDashStart","HollowMod:QuickDashStart","HollowMod:QuickDashStart","HollowMod:FocusHealStart","HollowMod:PogoStrike","HollowMod:DashSlash","HollowMod:CrystalDash","HollowMod:SiblingsSouls","HollowMod:NewGlowingWomb","HollowMod:SoulStrike","HollowMod:Weaversong+1","CurseOfTheBell","HollowMod:CycloneSlash+1","HollowMod:GoodIntentions+1","HollowMod:SoulVessel","HollowMod:ZotesMagnificence","HollowMod:ChannelNail","HollowMod:ChannelNail","conspire:SpireCoStock","HollowMod:MothsMistake+1","HollowMod:HowlingWraiths+1","HollowMod:Hiveblood","HollowMod:DashSlash","HollowMod:NewLittleFool"],"relics":["HollowMod:VesselMask","Replay:Mystery Machine","aspiration:SeaSaltIceCream","Calling Bell","Smiling Mask","HornCleat","aspiration:DSix","hubris:TinFlute","Bronze Scales","Strawberry","Juzu Bracelet","aspiration:HiddenCompartment","Snecko Heart","Membership Card","HandDrill","aspiration:Stabinomicon","hubris:SphereOfDissonance","White Beast Statue","Counterbalance","Ring of Chaos","Anchor","Sling","hubris:HerbalPaste"],"acts_visited":["Exordium","TheCity","TheBeyond"],"potions_floor_usage":[7,8,10,14,23,27,30,33,38,40,40],"damage_taken":[{"damage":0,"enemies":"2 Louse","floor":1,"turns":2},{"damage":3,"enemies":"Small Slimes","floor":2,"turns":4},{"damage":0,"enemies":"conspire:RoseBush","floor":4,"turns":3},{"damage":32,"enemies":"Replay:BlueRogue","floor":6,"turns":11},{"damage":18,"enemies":"conspire:MimicChest","floor":7,"turns":7},{"damage":20,"enemies":"Lagavulin","floor":8,"turns":7},{"damage":19,"enemies":"Gremlin Nob","floor":10,"turns":5},{"damage":1,"enemies":"Lots of Slimes","floor":13,"turns":3},{"damage":0,"enemies":"HollowMod:HuskWarrior","floor":14,"turns":6},{"damage":20,"enemies":"Fading Forest","floor":16,"turns":11},{"damage":0,"enemies":"conspire:FuzzyDice","floor":18,"turns":4},{"damage":10,"enemies":"Shell Parasite","floor":21,"turns":4},{"damage":45,"enemies":"Book of Stabbing","floor":23,"turns":5},{"damage":28,"enemies":"Gremlin Leader","floor":27,"turns":7},{"damage":17,"enemies":"conspire:SneckoGhost","floor":30,"turns":5},{"damage":22,"enemies":"Centurion and Healer","floor":31,"turns":4},{"damage":39,"enemies":"hubris:MusketHawk","floor":33,"turns":8},{"damage":19,"enemies":"3 Darklings","floor":35,"turns":5},{"damage":12,"enemies":"3 Shapes","floor":36,"turns":3},{"damage":66,"enemies":"Spire Growth","floor":38,"turns":5},{"damage":67,"enemies":"Giant Head","floor":40,"turns":7}],"seed_played":"-4404442477875737097","potions_obtained":[{"floor":4,"key":"Milkshake"},{"floor":7,"key":"SkillPotion"},{"floor":8,"key":"FearPotion"},{"floor":10,"key":"Fire Potion"},{"floor":13,"key":"Dexterity Potion"},{"floor":18,"key":"Adrenaline Potion"},{"floor":27,"key":"ColorlessPotion"},{"floor":30,"key":"Weak Potion"},{"floor":31,"key":"Doom Potion"},{"floor":33,"key":"Languid Potion"},{"floor":35,"key":"ColorlessPotion"},{"floor":36,"key":"Energy Potion"},{"floor":38,"key":"SkillPotion"}],"is_trial":false,"path_per_floor":["M","M","?","M","$","E","?","E","T","E","$","?","M","M","R","B",null,"M","?","$","M","?","E","?","$","T","E","?","?","E","M","R","B",null,"M","M","?","M","$","E"],"character_chosen":"THE_BUGKNIGHT","items_purchased":["HollowMod:DashSlash","Fire Potion","HollowMod:CrystalDash","HollowMod:MawleksShell","Juzu Bracelet","Membership Card","HandDrill","Anchor","Sling","hubris:HerbalPaste"],"campfire_rested":0,"item_purchase_floors":[0,0,0,5,11,20,20,39,39,39],"current_hp_per_floor":[69,72,77,77,77,55,43,29,29,23,23,23,22,28,28,28,87,87,87,87,77,77,38,38,38,38,10,13,87,70,54,54,25,87,86,74,77,26,26,0,0],"gold":126,"neow_bonus":"","is_daily":false,"chose_seed":false,"campfire_upgraded":2,"win_rate":0.0,"timestamp":1607996175,"path_taken":["M","M","?","M","$","E","?","E","T","E","$","?","M","M","R","BOSS","M","?","$","M","?","E","?","$","T","E","?","?","E","M","R","BOSS","M","M","?","M","$","E"],"items_purchased_type":["Card","Potion","Card","Card","Relic","Relic","Relic","Relic","Relic","Relic"],"build_version":"2020-12-13","purchased_purges":0,"victory":false,"max_hp_per_floor":[75,75,80,80,80,80,80,80,80,87,87,87,87,87,87,87,87,87,87,87,87,87,87,87,87,87,87,87,87,87,87,87,87,87,87,87,87,87,87,87,87],"card_choices":[{"not_picked":["HollowMod:ShadowDash","HollowMod:SoulShaman"],"picked":"HollowMod:SiblingsSouls","floor":1},{"not_picked":["HollowMod:SharpenedNail","HollowMod:HeavyBlow"],"picked":"HollowMod:NewGlowingWomb","floor":2},{"not_picked":["HollowMod:CornifersMapStart","HollowMod:FastStrike"],"picked":"HollowMod:SoulStrike","floor":4},{"not_picked":["HollowMod:NewJinnsSoul","HollowMod:WraithStrike","HollowMod:VengefulSpirit"],"picked":"SKIP","floor":6},{"not_picked":["HollowMod:SharpenedNail","HollowMod:DashSlash"],"picked":"HollowMod:Weaversong","floor":7},{"not_picked":["HollowMod:SoulSplash","HollowMod:PerfectDash"],"picked":"HollowMod:CycloneSlash","floor":8},{"not_picked":["HollowMod:NewJinnsSoul","HollowMod:SoulStrike","HollowMod:WraithStrike"],"picked":"SKIP","floor":10},{"not_picked":["HollowMod:RecoilStrike","HollowMod:MawleksShell"],"picked":"HollowMod:GoodIntentions","floor":13},{"not_picked":["HollowMod:CycloneSlash","HollowMod:InfectedCysts"],"picked":"HollowMod:SoulVessel","floor":14},{"not_picked":["HollowMod:HornetsHelp","HollowMod:ElderbugsWisdom"],"picked":"HollowMod:ZotesMagnificence","floor":16},{"not_picked":["HollowMod:CornifersMapStart+1","HollowMod:ShadowDash"],"picked":"HollowMod:ChannelNail","floor":18},{"not_picked":["HollowMod:InfectionAssault","HollowMod:DescendingDark+1"],"picked":"HollowMod:ChannelNail","floor":21},{"not_picked":["HollowMod:InfectionAssault","HollowMod:ShapeofUnn","HollowMod:CrystalDash"],"picked":"SKIP","floor":23},{"not_picked":["HollowMod:HeavyBlow","HollowMod:DashSlash+1"],"picked":"HollowMod:MothsMistake+1","floor":27},{"not_picked":["HollowMod:theNailsmith","HollowMod:InfectedCysts"],"picked":"HollowMod:HowlingWraiths+1","floor":30},{"not_picked":["HollowMod:InfectionAssault","HollowMod:MothsMistake+1","HollowMod:SoulStrike"],"picked":"SKIP","floor":31},{"not_picked":["HollowMod:VoidDash","HollowMod:MidwifesHunger"],"picked":"HollowMod:Hiveblood","floor":33},{"not_picked":["HollowMod:GoodIntentions","HollowMod:InfectedCysts+1"],"picked":"HollowMod:DashSlash","floor":35},{"not_picked":["HollowMod:InfectionAssault+1","HollowMod:CloakDash+1","HollowMod:CycloneSlash"],"picked":"SKIP","floor":36},{"not_picked":["HollowMod:CoiledNail","HollowMod:AbyssShriek"],"picked":"HollowMod:NewLittleFool","floor":38}],"player_experience":876619,"relics_obtained":[{"floor":6,"key":"Replay:Mystery Machine"},{"floor":7,"key":"aspiration:SeaSaltIceCream"},{"floor":7,"key":"Smiling Mask"},{"floor":7,"key":"HornCleat"},{"floor":7,"key":"aspiration:DSix"},{"floor":8,"key":"hubris:TinFlute"},{"floor":9,"key":"Bronze Scales"},{"floor":10,"key":"Strawberry"},{"floor":23,"key":"aspiration:Stabinomicon"},{"floor":26,"key":"hubris:SphereOfDissonance"},{"floor":27,"key":"White Beast Statue"},{"floor":30,"key":"Counterbalance"}],"event_choices":[{"damage_healed":0,"gold_gain":0,"player_choice":"Donut","damage_taken":0,"max_hp_gain":5,"max_hp_loss":0,"event_name":"Big Fish","floor":3,"gold_loss":0},{"damage_healed":0,"gold_gain":0,"player_choice":"Gave Potion","damage_taken":0,"relics_obtained":["aspiration:HiddenCompartment"],"max_hp_gain":0,"max_hp_loss":0,"event_name":"WeMeetAgain","floor":12,"gold_loss":0},{"damage_healed":0,"gold_gain":100,"player_choice":"Bet on Murderer","damage_taken":0,"max_hp_gain":0,"max_hp_loss":0,"event_name":"The Joust","floor":19,"gold_loss":50},{"damage_healed":0,"gold_gain":0,"player_choice":"Ignored","damage_taken":0,"max_hp_gain":0,"max_hp_loss":0,"event_name":"betterNote:BetterNote","floor":22,"gold_loss":0,"cards_obtained":["Strike_G"]},{"damage_healed":0,"gold_gain":0,"player_choice":"Invest 1","damage_taken":0,"max_hp_gain":0,"max_hp_loss":0,"event_name":"conspire:Investor","floor":24,"gold_loss":0},{"cards_removed":["HollowMod:MawleksShell"],"damage_healed":71,"gold_gain":0,"player_choice":"Offered Uncommon","damage_taken":0,"max_hp_gain":0,"max_hp_loss":0,"event_name":"Bonfire Elementals","floor":29,"gold_loss":0},{"damage_healed":0,"gold_gain":0,"player_choice":"Ignored","damage_taken":0,"max_hp_gain":0,"max_hp_loss":0,"event_name":"Tomb of Lord Red Mask","floor":37,"gold_loss":0}],"is_beta":false,"boss_relics":[{"not_picked":["hubris:VirtuousBlindfold","SlaversCollar"],"picked":"Snecko Heart"},{"not_picked":["Pandora\u0027s Box","conspire:SeveredTorchhead"],"picked":"Ring of Chaos"}],"items_purged_floors":[],"is_endless":false,"potions_floor_spawned":[4,7,8,10,13,18,27,30,31,33,35,36,38],"killed_by":"Giant Head","ascension_level":0}}