{"host":"tknto047uabgu3zm","time":1607999824,"event":{"mods":["AchievementEnabler","BaseMod","Bestiary","Block Reminder","Colored Map","Colored Powertips","Highlight Path","Minty Spire (QoL Compilation)","MonsterHotkey","Permanent Neow","Random Character Button","Rare Cards Sparkle","Relic Sorter","Relic Stats","StSLib"],"gold_per_floor":[115,65,140,157,122,122,155,155,178,178,178,195,43,69,69,144,144,155,5,23,73,89,120,120,138,189,189,220,180,180,36,36,109,109,123,140,2,19,38,38,48,48,48,59,59,75,88,111,111,111],"floor_reached":51,"playtime":3781,"items_purged":[],"score":1129,"play_id":"b3cb09dd-60fa-4b4e-b74b-cd603a18f9cb","local_time":"20201214183704","is_ascension_mode":true,"campfire_choices":[{"data":"Crippling Poison","floor":6,"key":"SMITH"},{"data":"Die Die Die","floor":8,"key":"SMITH"},{"floor":10,"key":"REST"},{"floor":15,"key":"REST"},{"floor":24,"key":"REST"},{"floor":27,"key":"REST"},{"floor":30,"key":"REST"},{"floor":32,"key":"REST"},{"floor":40,"key":"REST"},{"floor":45,"key":"REST"},{"floor":49,"key":"REST"}],"circlet_count":0,"master_deck":["AscendersBane","Strike_G","Strike_G","Strike_G","Defend_G","Defend_G+1","Defend_G","Defend_G","Survivor+1","Neutralize","Poisoned Stab","Crippling Poison+1","Die Die Die+1","Caltrops","Die Die Die+1","Doppelganger","Glass Knife","PiercingWail+1","Crippling Poison","Quick Slash","Footwork","Backflip","Venomology","Heel Hook","Leg Sweep","Bane+1","Footwork+1","Dash+1","Acrobatics","Parasite","Backflip"],"relics":["SlaversCollar","Akabeko","Toy Ornithopter","DollysMirror","Darkstone Periapt","Philosopher\u0027s Stone","Oddly Smooth Stone","Orichalcum","Happy Flower","Potion Belt","Centennial Puzzle","Empty Cage","Ninja Scroll","PreservedInsect"],"acts_visited":["Exordium","TheCity","TheBeyond"],"potions_floor_usage":[7,7,14,16,22,23,33,33,33,33,35,38,39,39,41,44,46,46,47,47,50,50,50,50,50,50,50],"damage_taken":[{"damage":6,"enemies":"Cultist","floor":1,"turns":6},{"damage":6,"enemies":"2 Louse","floor":4,"turns":4},{"damage":7,"enemies":"Lagavulin","floor":7,"turns":7},{"damage":2,"enemies":"Jaw Worm","floor":12,"turns":3},{"damage":21,"enemies":"Gremlin Nob","floor":14,"turns":4},{"damage":12,"enemies":"Slime Boss","floor":16,"turns":12},{"damage":24,"enemies":"2 Thieves","floor":18,"turns":3},{"damage":7,"enemies":"Shell Parasite","floor":20,"turns":5},{"damage":24,"enemies":"Snake Plant","floor":22,"turns":4},{"damage":6,"enemies":"Slavers","floor":23,"turns":4},{"damage":11,"enemies":"Centurion and Healer","floor":25,"turns":5},{"damage":24,"enemies":"Gremlin Leader","floor":28,"turns":7},{"damage":62,"enemies":"Collector","floor":33,"turns":10},{"damage":9,"enemies":"Orb Walker","floor":35,"turns":4},{"damage":0,"enemies":"3 Shapes","floor":36,"turns":6},{"damage":7,"enemies":"3 Darklings","floor":38,"turns":3},{"damage":18,"enemies":"Transient","floor":39,"turns":5},{"damage":17,"enemies":"Maw","floor":41,"turns":8},{"damage":12,"enemies":"Jaw Worm Horde","floor":44,"turns":2},{"damage":7,"enemies":"Writhing Mass","floor":46,"turns":10},{"damage":78,"enemies":"Maw","floor":47,"turns":11},{"damage":112,"enemies":"Donu and Deca","floor":50,"turns":16}],"seed_played":"7305872211585696222","potions_obtained":[{"floor":4,"key":"Explosive Potion"},{"floor":7,"key":"Strength Potion"},{"floor":12,"key":"SpeedPotion"},{"floor":18,"key":"PowerPotion"},{"floor":22,"key":"Block Potion"},{"floor":28,"key":"Poison Potion"},{"floor":29,"key":"SpeedPotion"},{"floor":29,"key":"FearPotion"},{"floor":29,"key":"GamblersBrew"},{"floor":38,"key":"DuplicationPotion"},{"floor":39,"key":"BlessingOfTheForge"},{"floor":41,"key":"BlessingOfTheForge"},{"floor":46,"key":"Strength Potion"},{"floor":47,"key":"EntropicBrew"}],"is_trial":false,"path_per_floor":["M","$","?","M","?","R","E","R","T","R","?","M","$","E","R","B",null,"M","$","M","?","M","E","R","M","T","R","E","?","R","$","R","B",null,"M","M","$","M","M","R","M","?","T","M","R","M","M","T","R","B",null],"character_chosen":"THE_SILENT","items_purchased":["AttackPotion","DollysMirror","Oddly Smooth Stone","Centennial Puzzle","Leg Sweep","AttackPotion","SkillPotion"],"campfire_rested":9,"item_purchase_floors":[2,13,19,31,37,37,37],"current_hp_per_floor":[53,53,42,36,52,52,45,45,45,64,44,42,42,26,45,38,59,35,35,28,28,9,8,27,16,16,35,11,11,30,30,49,7,51,47,47,47,45,37,56,44,44,44,37,56,65,12,12,33,21],"gold":111,"neow_bonus":"BOSS_RELIC","is_daily":false,"chose_seed":false,"campfire_upgraded":2,"win_rate":0.0,"timestamp":1607999824,"path_taken":["M","?","?","M","?","R","E","R","T","R","?","M","$","E","R","BOSS","M","$","M","?","M","E","R","?","T","R","E","?","R","?","R","BOSS","M","M","$","?","M","R","M","?","T","M","R","?","M","?","R","BOSS"],"items_purchased_type":["Potion","Relic","Relic","Relic","Card","Potion","Potion"],"build_version":"2020-12-13","purchased_purges":0,"victory":true,"max_hp_per_floor":[66,66,66,66,66,66,66,66,66,66,66,66,66,66,66,66,66,66,66,66,66,66,66,66,66,66,66,66,66,66,66,66,66,66,66,66,66,66,66,66,66,66,66,66,66,72,72,72,72,72],"relic_stats":{"Darkstone Periapt":6,"Centennial Puzzle":[27],"Happy Flower":[27],"counters":[22,139],"PreservedInsect":0,"Orichalcum":[168],"obtain_stats":[{"Darkstone Periapt":14,"Potion Belt":28,"Happy Flower":26,"Oddly Smooth Stone":19,"PreservedInsect":48,"Orichalcum":23,"Empty Cage":34,"Akabeko":7,"SlaversCollar":0,"Centennial Puzzle":31,"DollysMirror":13,"Ninja Scroll":43,"Philosopher\u0027s Stone":17,"Toy Ornithopter":9,"Ring of the Snake":0},{"Darkstone Periapt":5,"Potion Belt":12,"Happy Flower":11,"Oddly Smooth Stone":7,"PreservedInsect":21,"Orichalcum":10,"Empty Cage":13,"Akabeko":3,"SlaversCollar":0,"Centennial Puzzle":12,"DollysMirror":4,"Ninja Scroll":18,"Philosopher\u0027s Stone":6,"Toy Ornithopter":3,"Ring of the Snake":0},{"Darkstone Periapt":24,"Potion Belt":64,"Happy Flower":57,"Oddly Smooth Stone":39,"PreservedInsect":123,"Orichalcum":52,"Empty Cage":74,"Akabeko":17,"SlaversCollar":0,"Centennial Puzzle":64,"DollysMirror":20,"Ninja Scroll":100,"Philosopher\u0027s Stone":36,"Toy Ornithopter":17,"Ring of the Snake":0}],"Toy Ornithopter":125},"card_choices":[{"not_picked":["Sucker Punch","Flying Knee"],"picked":"Poisoned Stab","floor":1},{"not_picked":["Backstab","Doppelganger"],"picked":"Crippling Poison","floor":4},{"not_picked":["Dagger Throw","Dodge and Roll"],"picked":"Die Die Die","floor":7},{"not_picked":["Catalyst","Deflect"],"picked":"Caltrops","floor":12},{"not_picked":["Skewer","Backstab"],"picked":"Doppelganger","floor":14},{"not_picked":["Phantasmal Killer","After Image"],"picked":"Glass Knife","floor":16},{"not_picked":["Dagger Throw+1","Well Laid Plans"],"picked":"PiercingWail+1","floor":18},{"not_picked":["Eviscerate","Dagger Throw"],"picked":"Crippling Poison","floor":20},{"not_picked":["Skewer","Finisher"],"picked":"Quick Slash","floor":22},{"not_picked":["Malaise","Calculated Gamble"],"picked":"Footwork","floor":23},{"not_picked":["Choke","All Out Attack","Outmaneuver"],"picked":"SKIP","floor":25},{"not_picked":["Dagger Throw","Acrobatics"],"picked":"Backflip","floor":28},{"not_picked":["Night Terror","A Thousand Cuts"],"picked":"Venomology","floor":33},{"not_picked":["Deflect+1","Skewer+1"],"picked":"Heel Hook","floor":35},{"not_picked":["Dagger Throw","Deflect","Finisher"],"picked":"SKIP","floor":36},{"not_picked":["Flechettes","Dagger Throw"],"picked":"Bane+1","floor":38},{"not_picked":["Dodge and Roll","Cloak And Dagger"],"picked":"Footwork+1","floor":39},{"not_picked":["Dodge and Roll","Expertise"],"picked":"Dash+1","floor":41},{"not_picked":["Calculated Gamble","Blade Dance"],"picked":"Acrobatics","floor":44},{"not_picked":["Blade Dance","Acrobatics","Dodge and Roll"],"picked":"SKIP","floor":46},{"not_picked":["Deflect","Flying Knee"],"picked":"Backflip","floor":47}],"player_experience":443178,"relics_obtained":[{"floor":7,"key":"Akabeko"},{"floor":9,"key":"Toy Ornithopter"},{"floor":14,"key":"Darkstone Periapt"},{"floor":23,"key":"Orichalcum"},{"floor":26,"key":"Happy Flower"},{"floor":28,"key":"Potion Belt"},{"floor":43,"key":"Ninja Scroll"},{"floor":48,"key":"PreservedInsect"}],"event_choices":[{"damage_healed":0,"gold_gain":75,"player_choice":"Gather Gold","damage_taken":11,"max_hp_gain":0,"max_hp_loss":0,"event_name":"World of Goop","floor":3,"gold_loss":0},{"damage_healed":16,"gold_gain":0,"player_choice":"Healed","damage_taken":0,"max_hp_gain":0,"max_hp_loss":0,"event_name":"The Cleric","floor":5,"gold_loss":35},{"damage_healed":0,"gold_gain":0,"player_choice":"Entered Light","damage_taken":20,"max_hp_gain":0,"max_hp_loss":0,"event_name":"Shining Light","floor":11,"gold_loss":0,"cards_upgraded":["Defend_G","Survivor"]},{"damage_healed":0,"gold_gain":50,"player_choice":"Pray","damage_taken":0,"max_hp_gain":0,"max_hp_loss":0,"event_name":"Golden Shrine","floor":21,"gold_loss":0},{"damage_healed":0,"gold_gain":0,"player_choice":"Bought 3 Potions","damage_taken":0,"max_hp_gain":0,"max_hp_loss":0,"event_name":"The Woman in Blue","floor":29,"gold_loss":0},{"cards_removed":["Strike_G"],"damage_healed":0,"gold_gain":0,"player_choice":"Purged","damage_taken":0,"max_hp_gain":0,"max_hp_loss":0,"event_name":"Purifier","floor":42,"gold_loss":0}],"is_beta":false,"boss_relics":[{"not_picked":["Runic Pyramid","Tiny House"],"picked":"Philosopher\u0027s Stone"},{"not_picked":["WristBlade","Sozu"],"picked":"Empty Cage"}],"items_purged_floors":[],"is_endless":false,"potions_floor_spawned":[4,7,12,18,22,28,38,39,41,46,47],"ascension_level":15}}