{"host":"6z6y4ky8uzsz1dpj","time":1607997668,"event":{"mods":["2.2 Compatiblity","AchievementEnabler","BaseMod","BetterRewards","Challenge The Spire","Colored Map","Hubris","Minty Spire (QoL Compilation)","Quick Restart","Replay The Spire","StSLib","The Construct","The Cursed","The Hierophant","The Necromancer","The Poker Player","The Servant 0.9.4"],"gold_per_floor":[113,126,54,65,75,107,107,134,157,174,249,276,22,37,37,132,132,142,156,71,71,83,83,108,2,2,15,15,15,29,49,49,147,147,166,85,85,98,98,98,123,123,123,123,151,151,186,203,203,203,203,203,154,185,185],"floor_reached":56,"playtime":4267,"items_purged":["Strike_B","Strike_B"],"score":1115,"play_id":"9a862ea6-eddc-48b6-8356-3618cc49ffa2","local_time":"20201214210108","is_ascension_mode":true,"campfire_choices":[{"data":"Defragment","floor":7.0,"key":"SMITH"},{"data":"Glacier","floor":15.0,"key":"SMITH"},{"data":"ReplayTheSpireMod:Calculation Training","floor":23.0,"key":"SMITH"},{"floor":28.0,"key":"REST"},{"data":"Glacier","floor":32.0,"key":"SMITH"},{"floor":40.0,"key":"RECALL"},{"data":"hubris:DoWhile","floor":42.0,"key":"SMITH"},{"data":"Force Field","floor":44.0,"key":"SMITH"},{"floor":49.0,"key":"REST"},{"data":"FIFO Queue","floor":52.0,"key":"SMITH"}],"circlet_count":0,"master_deck":["Defend_B","Defend_B","Defend_B","Zap","Dualcast","Capacitor","Glacier+1","Defragment+1","Force Field+1","ReplayTheSpireMod:Calculation Training+1","Barrage","Barrage","Leap","Amplify","Coolheaded","Glacier+1","Heatsinks","Cold Snap","FIFO Queue+1","White Noise+1","Heatsinks","Fusion","Biased Cognition","Conserve Battery","Panic Button","Storm+1","Barrage","FIFO Queue","Loop","ReplayTheSpireMod:Repulse+1","Machine Learning","Hologram","ReplayTheSpireMod:Calculation Training","Hologram+1","Self Repair","hubris:DoWhile+1","Consume+1","Heatsinks+1","Creative AI"],"relics":["Cracked Core","hubris:CuriousFeather","Oddly Smooth Stone","Geode","Lantern","Runic Capacitor","Ring of Chaos","Prayer Wheel","Ornamental Fan","hubris:SoftwareUpdate","Nloth\u0027s Gift","hubris:Backtick","Mummified Hand","hubris:PeanutButter","hubris:BallOfYels","construct:BoolHorns","Anchor","Replay:Wax Seal"],"acts_visited":["Exordium","TheCity","TheBeyond","TheEnding"],"potions_floor_usage":[],"damage_taken":[{"damage":0.0,"enemies":"2 Louse","floor":1.0,"turns":3.0},{"damage":9.0,"enemies":"Small Slimes","floor":2.0,"turns":4.0},{"damage":1.0,"enemies":"Jaw Worm","floor":4.0,"turns":5.0},{"damage":0.0,"enemies":"Exordium Wildlife","floor":5.0,"turns":5.0},{"damage":9.0,"enemies":"Gremlin Nob","floor":6.0,"turns":4.0},{"damage":2.0,"enemies":"Lagavulin","floor":8.0,"turns":6.0},{"damage":9.0,"enemies":"Gremlin Gang","floor":10.0,"turns":7.0},{"damage":9.0,"enemies":"Gremlin Nob","floor":12.0,"turns":5.0},{"damage":0.0,"enemies":"Blue Slaver","floor":14.0,"turns":4.0},{"damage":3.0,"enemies":"Hexaghost","floor":16.0,"turns":8.0},{"damage":12.0,"enemies":"Chosen","floor":18.0,"turns":5.0},{"damage":0.0,"enemies":"Shell Parasite","floor":19.0,"turns":4.0},{"damage":12.0,"enemies":"Snake Plant","floor":22.0,"turns":4.0},{"damage":25.0,"enemies":"Slavers","floor":24.0,"turns":7.0},{"damage":0.0,"enemies":"Snecko","floor":27.0,"turns":2.0},{"damage":6.0,"enemies":"3 Cultists","floor":30.0,"turns":3.0},{"damage":0.0,"enemies":"Cultist and Chosen","floor":31.0,"turns":4.0},{"damage":23.0,"enemies":"hubris:MusketHawk","floor":33.0,"turns":5.0},{"damage":14.0,"enemies":"3 Shapes","floor":35.0,"turns":3.0},{"damage":0.0,"enemies":"Orb Walker","floor":38.0,"turns":3.0},{"damage":7.0,"enemies":"Giant Head","floor":41.0,"turns":5.0},{"damage":0.0,"enemies":"Reptomancer","floor":45.0,"turns":3.0},{"damage":58.0,"enemies":"Nemesis","floor":47.0,"turns":5.0},{"damage":0.0,"enemies":"Transient","floor":48.0,"turns":5.0},{"damage":0.0,"enemies":"Replay:Hell Engine","floor":50.0,"turns":5.0},{"damage":0.0,"enemies":"Shield and Spear","floor":54.0,"turns":3.0},{"damage":70,"enemies":"The Heart","floor":55,"turns":5}],"seed_played":"-3905111388980894437","potions_obtained":[{"floor":2.0,"key":"Energy Potion"},{"floor":4.0,"key":"Adrenaline Potion"},{"floor":12.0,"key":"GamblersBrew"},{"floor":14.0,"key":"Explosive Potion"},{"floor":24.0,"key":"PotionOfCapacity"},{"floor":27.0,"key":"Block Potion"},{"floor":33.0,"key":"EntropicBrew"},{"floor":35.0,"key":"EssenceOfSteel"},{"floor":38.0,"key":"Strength Potion"}],"is_trial":false,"path_per_floor":["M","M","$","M","M","E","R","E","T","M","?","E","$","M","R","B",null,"M","M","?","?","M","R","E","$","T","M","R","?","M","M","R_BF","B",null,"M","$","?","M","$","R","E","R","T","R","E","?","E","M","R","B",null,"R","$","E","B",null],"character_chosen":"DEFECT","items_purchased":["Capacitor","Glacier","ReplayTheSpireMod:Calculation Training","Runic Capacitor","Storm+1","Barrage","ReplayTheSpireMod:Calculation Training","Heatsinks+1"],"campfire_rested":2,"item_purchase_floors":[0,0,3,13,25,25,36,53],"current_hp_per_floor":[75,66,66,65,65,56,56,54,54,45,34,25,25,25,25,22,75,63,63,63,63,51,51,26,26,26,26,48,48,42,42,42,19,75,61,61,61,61,61,61,61,61,61,61,68,68,17,31,52,59,71,71,71,71,8],"gold":185,"neow_bonus":"","is_daily":false,"chose_seed":false,"campfire_upgraded":7,"win_rate":0.0,"timestamp":1607997668,"path_taken":["M","M","$","M","M","E","R","E","T","M","?","E","$","M","R","BOSS","M","M","?","?","M","R","E","?","T","?","R","?","M","M","R_BF","BOSS","M","?","?","M","?","R","E","R","T","R","E","?","E","M","R","BOSS","R","$","E","BOSS"],"items_purchased_type":["Card","Card","Card","Relic","Card","Card","Card","Card"],"build_version":"2020-12-13","purchased_purges":2,"victory":true,"max_hp_per_floor":[75,75,75,75,75,75,75,75,75,75,75,75,75,75,75,75,75,75,75,75,75,75,75,75,75,75,75,75,75,75,75,75,75,75,75,75,71,71,71,71,71,71,71,71,71,71,71,71,71,71,71,71,71,71,71],"card_choices":[{"not_picked":["hubris:Ukulele","Beam Cell"],"picked":"Defragment","floor":1.0},{"not_picked":["Streamline","BasicCrystalCard"],"picked":"Force Field","floor":2.0},{"not_picked":["Stack","Steam"],"picked":"Barrage","floor":4.0},{"not_picked":["Redo","Core Surge"],"picked":"Barrage","floor":5.0},{"not_picked":["Blizzard","Hyperbeam"],"picked":"Leap","floor":6.0},{"not_picked":["Rebound","Steam"],"picked":"Amplify","floor":8.0},{"not_picked":["Rebound","Redo"],"picked":"Coolheaded","floor":10.0},{"not_picked":["Steam","Turbo"],"picked":"Glacier","floor":12.0},{"not_picked":["Streamline","Hello World"],"picked":"Heatsinks","floor":14.0},{"not_picked":["Thunder Strike","Buffer"],"picked":"ReplayTheSpireMod:Fabricate Wheel","floor":16.0},{"not_picked":["Ball Lightning+1","Double Energy"],"picked":"Cold Snap","floor":18.0},{"not_picked":["Steam Power","Hologram"],"picked":"FIFO Queue","floor":18.0},{"not_picked":["BasicCrystalCard","ReplayTheSpireMod:Reroute Power"],"picked":"White Noise+1","floor":19.0},{"not_picked":["Turbo","Aggregate","ReplaySort+1"],"picked":"SKIP","floor":19.0},{"not_picked":["Streamline","Go for the Eyes+1"],"picked":"Biased Cognition","floor":22.0},{"not_picked":["Steam","Leap"],"picked":"Conserve Battery","floor":22.0},{"not_picked":["Compile Driver","FIFO Queue"],"picked":"Panic Button","floor":24.0},{"not_picked":["Skim","Streamline+1"],"picked":"FIFO Queue","floor":27.0},{"not_picked":["Go for the Eyes+1","Conserve Battery","Heatsinks"],"picked":"SKIP","floor":27.0},{"not_picked":["Compile Driver","ReplayGash","Ball Lightning"],"picked":"SKIP","floor":30.0},{"not_picked":["Meteor Strike","Stack","Rebound"],"picked":"SKIP","floor":30.0},{"not_picked":["Amplify","Sweeping Beam"],"picked":"Loop","floor":31.0},{"not_picked":["Auto Shields","FIFO Queue"],"picked":"ReplayTheSpireMod:Repulse+1","floor":31.0},{"not_picked":["Creative AI","Buffer"],"picked":"Machine Learning","floor":33.0},{"not_picked":["BootSequence","BasicCrystalCard"],"picked":"Hologram","floor":35.0},{"not_picked":["Melter","Go for the Eyes","FTL"],"picked":"SKIP","floor":35.0},{"not_picked":["Scrape","ReplayTheSpireMod:System Scan"],"picked":"Hologram+1","floor":38.0},{"not_picked":["Stack+1","Blizzard+1"],"picked":"Self Repair","floor":38.0},{"not_picked":["Fusion","Amplify"],"picked":"hubris:DoWhile","floor":41.0},{"not_picked":["Fusion","Sunder","Rebound+1"],"picked":"SKIP","floor":45.0},{"not_picked":["Hologram","ReplayTheSpireMod:Omega Cannon"],"picked":"Consume+1","floor":47.0},{"not_picked":["Cold Snap","FTL+1","Panic Button"],"picked":"SKIP","floor":48.0},{"not_picked":["Barrage+1","Rebound+1","Recycle+1"],"picked":"SKIP","floor":48.0},{"not_picked":["Conserve Battery","Reboot"],"picked":"Creative AI","floor":54.0}],"player_experience":195555,"relics_obtained":[{"floor":6.0,"key":"Oddly Smooth Stone"},{"floor":8.0,"key":"Geode"},{"floor":9.0,"key":"Lantern"},{"floor":12.0,"key":"hubris:CrystalStatue"},{"floor":24.0,"key":"hubris:SoftwareUpdate"},{"floor":41.0,"key":"hubris:PeanutButter"},{"floor":43.0,"key":"hubris:BallOfYels"},{"floor":45.0,"key":"construct:BoolHorns"},{"floor":47.0,"key":"Anchor"},{"floor":54.0,"key":"Replay:Wax Seal"}],"event_choices":[{"damage_healed":0.0,"max_hp_gain":0.0,"max_hp_loss":0.0,"gold_gain":75.0,"event_name":"World of Goop","player_choice":"Gather Gold","floor":11.0,"gold_loss":0.0,"damage_taken":11.0},{"damage_healed":0.0,"max_hp_gain":0.0,"max_hp_loss":0.0,"gold_gain":0.0,"event_name":"Addict","player_choice":"Obtained Relic","floor":20.0,"gold_loss":85.0,"damage_taken":0.0,"relics_obtained":["Ornamental Fan"]},{"damage_healed":0.0,"max_hp_gain":0.0,"max_hp_loss":0.0,"gold_gain":0.0,"cards_transformed":["Defend_B","Strike_B"],"event_name":"Drug Dealer","player_choice":"Became Test Subject","floor":21.0,"gold_loss":0.0,"damage_taken":0.0,"cards_obtained":["Heatsinks","Fusion"]},{"damage_healed":0.0,"max_hp_gain":0.0,"max_hp_loss":0.0,"gold_gain":0.0,"event_name":"N\u0027loth","player_choice":"Traded Relic","floor":29.0,"relics_lost":["hubris:CrystalStatue"],"gold_loss":0.0,"damage_taken":0.0,"relics_obtained":["Nloth\u0027s Gift"]},{"damage_healed":0.0,"max_hp_gain":0.0,"max_hp_loss":4.0,"gold_gain":0.0,"event_name":"Winding Halls","player_choice":"Max HP","floor":37.0,"gold_loss":0.0,"damage_taken":0.0},{"cards_removed":["Strike_B"],"damage_healed":0.0,"max_hp_gain":0.0,"max_hp_loss":0.0,"gold_gain":0.0,"event_name":"Falling","player_choice":"Removed Attack","floor":46.0,"gold_loss":0.0,"damage_taken":0.0}],"is_beta":false,"boss_relics":[{"not_picked":["SacredBark","hubris:CrackedHourglass"],"picked":"Ring of Chaos"},{"not_picked":["hubris:BlackHole","hubris:HollowSoul"],"picked":"hubris:Backtick"}],"items_purged_floors":[0,13],"is_endless":false,"potions_floor_spawned":[2,4,12,14,24,27,33,35,38],"ascension_level":1}}