{"host":"wonp23fsqqcu31ie","time":1607999664,"event":{"mods":["2.2 Compatiblity","AchievementEnabler","Aspiration","BaseMod","Better Altar","Better Match","Better Sensory Stone","Better Skull","Better Third Choice","BetterRewards","Block Reminder","Colored Map","Colored Powertips","Conspire","DeckTracker","Displayed Cursed Tome","Downfall","Hermit","Highlight Path","Hubris","Minty Spire (QoL Compilation)","Permanent Neow","Quick Restart","Rare Cards Sparkle","Relic Stats","Replay The Spire","Shade Mod","Shop Mod","StSLib","SuperFastMode","The Animator","The Cursed","The Gatherer","The Necromancer","The Runesmith","The Servant 0.9.4"],"gold_per_floor":[110,110,123,142,181,181,207,207,207,249,261,261,114,114,227,227,258,258,101,101,131,131],"floor_reached":23,"playtime":554,"items_purged":[],"score":327,"play_id":"fe2a4956-b013-45d2-9e4f-f285f06655c4","local_time":"20201215133424","is_ascension_mode":true,"campfire_choices":[{"floor":7,"key":"REST"},{"floor":10,"key":"RECALL"},{"floor":15,"key":"DIG"}],"circlet_count":0,"master_deck":["animator:Strike_FullmetalAlchemist","animator:Defend_FullmetalAlchemist","animator:Strike","animator:Strike","animator:Strike","animator:Defend","animator:Defend","animator:Defend","animator:ElricEdward","animator:ElricAlphonse","animator:Lancer+1","animator:Darkness","animator:Megumin+3","animator:WinryRockbell","animator:Chris","animator:Shuna","animator:Souei","animator:Envy","animator:Pride"],"relics":["animator:LivingPicture","animator:TheMissingPiece","Vajra","aspiration:Nostalgia","Gatherer:AlchemyBag","hubris:Teleporter","Pantograph","Potion Belt","Eternal Feather","Pet Ghost","Lee\u0027s Waffle","animator:Hoodie","aspiration:PoetsPen_weak","Bloody Idol","Replay:Bandana","hubris:BottledHeart"],"acts_visited":["Exordium","TheCity"],"potions_floor_usage":[16,16,23],"damage_taken":[{"damage":1,"enemies":"Small Slimes","floor":1,"turns":3},{"damage":0,"enemies":"Cultist","floor":3,"turns":3},{"damage":1,"enemies":"Jaw Worm","floor":5,"turns":3},{"damage":24,"enemies":"3 Sentries","floor":6,"turns":7},{"damage":18,"enemies":"Gremlin Nob","floor":8,"turns":4},{"damage":0,"enemies":"Large Slime","floor":11,"turns":5},{"damage":8,"enemies":"3 Louse","floor":12,"turns":2},{"damage":25,"enemies":"The Guardian","floor":16,"turns":8},{"damage":20,"enemies":"3 Byrds","floor":18,"turns":3},{"damage":4,"enemies":"Gremlin Leader","floor":23,"turns":7}],"seed_played":"6411407095097239401","potions_obtained":[{"floor":1,"key":"LiquidBronze"},{"floor":5,"key":"Reflective Coating"},{"floor":6,"key":"conspire:TimeTravelPotion"},{"floor":12,"key":"Strength Potion"}],"is_trial":false,"path_per_floor":["M","?","M","M","E","R","E","T","R","M","M","?","$","R_BF","B",null,"M","?","$","?","E"],"character_chosen":"THE_ANIMATOR","items_purchased":["Vajra","aspiration:Nostalgia","animator:Lancer+1","Lee\u0027s Waffle","Replay:Bandana"],"campfire_rested":1,"item_purchase_floors":[0,0,0,14,21],"current_hp_per_floor":[42,45,45,44,20,39,21,21,30,30,23,11,74,74,50,75,55,17,17,1,0,0],"gold":131,"neow_bonus":"","is_daily":false,"chose_seed":false,"campfire_upgraded":0,"win_rate":0.0,"timestamp":1607999664,"path_taken":["M","?","?","M","E","R","E","T","R","?","M","?","$","R_BF","BOSS","M","?","$","?","E"],"items_purchased_type":["Relic","Relic","Card","Relic","Relic"],"build_version":"2020-12-13","purchased_purges":0,"victory":false,"max_hp_per_floor":[66,66,66,66,66,66,66,66,66,66,67,67,74,74,75,75,75,75,75,1,1,1],"relic_stats":{"Lee\u0027s Waffle":78,"counters":[32,175],"Pantograph":0,"Bloody Idol":18,"Eternal Feather":42,"obtain_stats":[{"animator:Hoodie":15,"animator:TheMissingPiece":0,"Enchiridion":21,"Vajra":0,"aspiration:PoetsPen_weak":17,"Juzu Bracelet":25,"Replay:Mystery Machine":29,"Pet Ghost":13,"Blood Vial":23,"Nunchaku":36,"Replay:Bandana":21,"Chameleon Ring":37,"Ring of Peace":37,"conspire:DecoderRing":54,"Pantograph":6,"Honey Jar":34,"Red Mask":38,"Paper Frog":11,"Potion Belt":37,"TheCursedMod:BlackMagic101":13,"MerchantsRug":20,"Lee\u0027s Waffle":14,"hubris:Teleporter":0,"aspiration:Nostalgia":13,"ReplayTheSpireMod:Ring of Addiction":37,"Eternal Feather":26,"aspiration:HummingbirdHeart":36,"Omamori":46,"Orichalcum":47,"animator:CursedBlade":17,"hubris:BottledHeart":22,"MutagenicStrength":19,"Bronze Scales":53,"Bloody Idol":19,"animator:LivingPicture":0,"hubris:TenFootPole":31,"ReplayTheSpireMod:TigerMarble":40,"Bottled Lightning":23,"Membership Card":36,"conspire:DeflatedDodgeball":43,"Gatherer:AlchemyBag":0},{"animator:Hoodie":29,"animator:TheMissingPiece":0,"Enchiridion":8,"Vajra":22,"aspiration:PoetsPen_weak":30,"Juzu Bracelet":9,"Replay:Mystery Machine":10,"Pet Ghost":29,"Blood Vial":9,"Nunchaku":14,"Replay:Bandana":31,"Chameleon Ring":14,"Ring of Peace":14,"conspire:DecoderRing":21,"Pantograph":26,"Honey Jar":13,"Red Mask":14,"Paper Frog":6,"Potion Belt":14,"TheCursedMod:BlackMagic101":6,"MerchantsRug":8,"Lee\u0027s Waffle":29,"hubris:Teleporter":22,"aspiration:Nostalgia":6,"ReplayTheSpireMod:Ring of Addiction":14,"Eternal Feather":9,"aspiration:HummingbirdHeart":14,"Omamori":18,"Orichalcum":18,"animator:CursedBlade":7,"hubris:BottledHeart":31,"MutagenicStrength":8,"Bronze Scales":20,"Bloody Idol":31,"animator:LivingPicture":0,"hubris:TenFootPole":12,"ReplayTheSpireMod:TigerMarble":16,"Bottled Lightning":9,"Membership Card":14,"conspire:DeflatedDodgeball":16,"Gatherer:AlchemyBag":22},{"animator:Hoodie":157,"animator:TheMissingPiece":0,"Enchiridion":44,"Vajra":130,"aspiration:PoetsPen_weak":165,"Juzu Bracelet":50,"Replay:Mystery Machine":54,"Pet Ghost":157,"Blood Vial":50,"Nunchaku":77,"Replay:Bandana":168,"Chameleon Ring":77,"Ring of Peace":77,"conspire:DecoderRing":124,"Pantograph":146,"Honey Jar":73,"Red Mask":77,"Paper Frog":25,"Potion Belt":77,"TheCursedMod:BlackMagic101":25,"MerchantsRug":44,"Lee\u0027s Waffle":157,"hubris:Teleporter":130,"aspiration:Nostalgia":25,"ReplayTheSpireMod:Ring of Addiction":77,"Eternal Feather":50,"aspiration:HummingbirdHeart":77,"Omamori":102,"Orichalcum":102,"animator:CursedBlade":40,"hubris:BottledHeart":168,"MutagenicStrength":44,"Bronze Scales":116,"Bloody Idol":168,"animator:LivingPicture":0,"hubris:TenFootPole":65,"ReplayTheSpireMod:TigerMarble":90,"Bottled Lightning":50,"Membership Card":77,"conspire:DeflatedDodgeball":90,"Gatherer:AlchemyBag":130}]},"card_choices":[{"not_picked":["animator:MetalKnight","animator:Berserker"],"picked":"animator:Darkness","floor":1},{"not_picked":["animator:Illya","animator:Laby","animator:Berserker"],"picked":"SKIP","floor":3},{"not_picked":["animator:SilverFang","animator:ZankiKiguchi"],"picked":"animator:Megumin","floor":5},{"not_picked":["animator:MaesHughes","animator:Sloth"],"picked":"animator:WinryRockbell","floor":6},{"not_picked":["animator:Alexander","animator:Geryuganshoop"],"picked":"animator:Chris","floor":8},{"not_picked":["animator:Konayuki","animator:ElricEdward"],"picked":"animator:Shuna","floor":11},{"not_picked":["animator:Saber","animator:Konayuki"],"picked":"animator:Souei","floor":12},{"not_picked":["animator:Saitama","animator:Saber"],"picked":"animator:Envy","floor":16},{"not_picked":["animator:Sloth","animator:Scar"],"picked":"animator:Pride","floor":18}],"player_experience":611675,"relics_obtained":[{"floor":6,"key":"Pantograph"},{"floor":8,"key":"Potion Belt"},{"floor":9,"key":"Eternal Feather"},{"floor":15,"key":"animator:Hoodie"}],"event_choices":[{"damage_healed":3,"gold_gain":0,"player_choice":"LEAVE ","damage_taken":0,"relics_obtained":[],"max_hp_gain":0,"max_hp_loss":0,"event_name":"betterSkull:BetterSkull","floor":2,"gold_loss":0,"cards_upgraded":[]},{"damage_healed":0,"gold_gain":0,"player_choice":"Relic ","damage_taken":12,"max_hp_gain":0,"max_hp_loss":0,"event_name":"betterThird:BetterScrap","floor":13,"gold_loss":0,"cards_obtained":["Swivel"]},{"damage_healed":0,"gold_gain":0,"player_choice":" Idol ","damage_taken":38,"relics_obtained":["Bloody Idol"],"max_hp_gain":55,"max_hp_loss":17,"event_name":"betterAltar:BetterAltar","floor":19,"potions_obtained":[],"relics_lost":[],"gold_loss":0}],"is_beta":false,"boss_relics":[{"not_picked":["animator:HolyGrailRelic","SacredBark"],"picked":"aspiration:PoetsPen_weak"}],"items_purged_floors":[],"is_endless":false,"potions_floor_spawned":[1,5,6,12],"killed_by":"Gremlin Leader","ascension_level":2}}