{"host":"wrp3mzqnpgxvyzn2","time":1607999233,"event":{"mods":["BaseMod","Minty Spire (QoL Compilation)"],"gold_per_floor":[113,113,33,43,143,178,197,197,223,223,242,260,272,272,272,377,427,439,453,479,499,109,139,139,139,139,159,178,103,103,115,115,115,115],"floor_reached":33,"playtime":2333,"items_purged":["Doubt"],"score":269,"play_id":"2ac20580-294d-46a4-9e67-8da36e1f426d","local_time":"20201214212713","is_ascension_mode":false,"campfire_choices":[{"data":"Enlightenment","floor":8,"key":"SMITH"},{"data":"WheelKick","floor":10,"key":"SMITH"},{"floor":15,"key":"REST"},{"data":"DevaForm","floor":25,"key":"SMITH"},{"floor":32,"key":"REST"}],"circlet_count":0,"master_deck":["Strike_P+1","Strike_P+1","Strike_P","Strike_P","Defend_P+1","Defend_P","Defend_P","Defend_P+1","Vigilance","Enlightenment+1","TalkToTheHand","Iron Wave+1","Wireheading+1","FlyingSleeves","Vengeance","CutThroughFate","WheelKick+1","Adaptation","LessonLearned+1","Halt","DevaForm+1","CutThroughFate+1","Prostrate","Fasting2","Brilliance+1","Worship+1","Prostrate+1"],"relics":["PureWater","Damaru","Tiny Chest","Bag of Preparation","Tiny House","Matryoshka","Bag of Marbles","Whetstone","Letter Opener"],"acts_visited":["Exordium","TheCity"],"potions_floor_usage":[16,18,23,27,28,33],"damage_taken":[{"damage":0,"enemies":"Cultist","floor":1,"turns":4},{"damage":0,"enemies":"Small Slimes","floor":4,"turns":3},{"damage":39,"enemies":"3 Sentries","floor":6,"turns":8},{"damage":2,"enemies":"2 Louse","floor":7,"turns":3},{"damage":15,"enemies":"Large Slime","floor":11,"turns":5},{"damage":6,"enemies":"Lots of Slimes","floor":12,"turns":4},{"damage":0,"enemies":"Exordium Thugs","floor":13,"turns":5},{"damage":27,"enemies":"The Guardian","floor":16,"turns":10},{"damage":0,"enemies":"Chosen","floor":18,"turns":4},{"damage":3,"enemies":"Shell Parasite","floor":19,"turns":6},{"damage":0,"enemies":"Snecko","floor":21,"turns":3},{"damage":21,"enemies":"Book of Stabbing","floor":23,"turns":6},{"damage":11,"enemies":"Centurion and Healer","floor":27,"turns":4},{"damage":24,"enemies":"Snake Plant","floor":28,"turns":5},{"damage":11,"enemies":"Cultist and Chosen","floor":31,"turns":8},{"damage":42,"enemies":"Champ","floor":33,"turns":8}],"seed_played":"8689705557794417702","potions_obtained":[{"floor":1,"key":"Weak Potion"},{"floor":4,"key":"SpeedPotion"},{"floor":13,"key":"DuplicationPotion"},{"floor":17,"key":"Energy Potion"},{"floor":21,"key":"Weak Potion"},{"floor":28,"key":"EssenceOfSteel"}],"is_trial":false,"path_per_floor":["M","?","$","M","?","E","M","R","T","R","M","M","M","?","R","B",null,"M","M","T","M","$","E","?","R","T","M","M","$","?","M","R","B"],"character_chosen":"WATCHER","items_purchased":["Wireheading","FlyingSleeves","Matryoshka","Brilliance"],"campfire_rested":2,"item_purchase_floors":[3,3,22,22],"current_hp_per_floor":[72,72,72,72,72,33,31,31,31,31,16,10,10,7,28,1,77,77,74,74,74,74,53,53,53,53,42,18,18,18,7,30,0,0],"gold":115,"neow_bonus":"RANDOM_COLORLESS","is_daily":false,"chose_seed":false,"campfire_upgraded":3,"win_rate":0.0,"timestamp":1607999233,"path_taken":["M","?","?","M","?","E","M","R","T","R","M","?","?","?","R","BOSS","M","M","?","M","$","E","?","R","T","M","?","$","?","M","R","BOSS"],"items_purchased_type":["Card","Card","Relic","Card"],"build_version":"2020-12-13","purchased_purges":1,"victory":false,"max_hp_per_floor":[72,72,72,72,72,72,72,72,72,72,72,72,72,72,72,72,77,77,77,77,77,77,77,77,77,77,77,77,77,77,77,77,77,77],"card_choices":[{"not_picked":["Trip","Dark Shackles"],"picked":"Enlightenment","floor":0},{"not_picked":["Protect","InnerPeace"],"picked":"TalkToTheHand","floor":1},{"not_picked":["BowlingBash","Conclude"],"picked":"Vengeance","floor":4},{"not_picked":["Consecrate","Swivel"],"picked":"CutThroughFate","floor":6},{"not_picked":["Halt","DeceiveReality"],"picked":"WheelKick","floor":7},{"not_picked":["Consecrate","Halt"],"picked":"Adaptation","floor":11},{"not_picked":["FearNoEvil","Conclude"],"picked":"LessonLearned","floor":12},{"not_picked":["WreathOfFlame","Conclude"],"picked":"Halt","floor":13},{"not_picked":["MasterReality","Omniscience"],"picked":"DevaForm","floor":16},{"not_picked":["SashWhip","FlurryOfBlows"],"picked":"CutThroughFate","floor":17},{"not_picked":["EmptyFist+1","Halt"],"picked":"Prostrate","floor":18},{"not_picked":["SashWhip","FlurryOfBlows","FearNoEvil"],"picked":"SKIP","floor":19},{"not_picked":["CrushJoints","FollowUp"],"picked":"Fasting2","floor":21},{"not_picked":["WheelKick","Tantrum"],"picked":"Worship","floor":23},{"not_picked":["JustLucky","FearNoEvil","Crescendo+1"],"picked":"SKIP","floor":27},{"not_picked":["FlyingSleeves","Worship"],"picked":"Prostrate+1","floor":28},{"not_picked":["FlyingSleeves","Adaptation","DevaForm"],"picked":"SKIP","floor":31}],"player_experience":148822,"relics_obtained":[{"floor":6,"key":"Damaru"},{"floor":9,"key":"Tiny Chest"},{"floor":23,"key":"Bag of Marbles"},{"floor":26,"key":"Whetstone"},{"floor":26,"key":"Letter Opener"}],"event_choices":[{"cards_removed":["Eruption"],"damage_healed":0,"gold_gain":0,"player_choice":"Took Card","damage_taken":0,"max_hp_gain":0,"max_hp_loss":0,"event_name":"NoteForYourself","floor":2,"gold_loss":0,"cards_obtained":["Iron Wave"]},{"damage_healed":0,"gold_gain":100,"player_choice":"Gold","damage_taken":0,"max_hp_gain":0,"max_hp_loss":0,"event_name":"Wheel of Change","floor":5,"gold_loss":0},{"damage_healed":0,"gold_gain":0,"player_choice":"Success","damage_taken":3,"relics_obtained":["Bag of Preparation"],"max_hp_gain":0,"max_hp_loss":0,"event_name":"Scrap Ooze","floor":14,"gold_loss":0},{"damage_healed":0,"gold_gain":0,"player_choice":"1 cards matched","damage_taken":0,"max_hp_gain":0,"max_hp_loss":0,"event_name":"Match and Keep!","floor":24,"gold_loss":0,"cards_obtained":["Doubt"]},{"damage_healed":0,"gold_gain":0,"player_choice":"Forge","damage_taken":0,"max_hp_gain":0,"max_hp_loss":0,"event_name":"Accursed Blacksmith","floor":30,"gold_loss":0,"cards_upgraded":["Worship"]}],"is_beta":false,"boss_relics":[{"not_picked":["Velvet Choker","SlaversCollar"],"picked":"Tiny House"}],"items_purged_floors":[29],"is_endless":false,"potions_floor_spawned":[1,4,13,21,28],"killed_by":"Champ","ascension_level":0}}