{"host":"o2evyl5sbrgotc3u","time":1607996703,"event":{"mods":["AchievementEnabler","BaseMod","Colored Map","DeckTracker","Faster Ascension Climbing","Keyboard Shortcuts","Minty Spire (QoL Compilation)","Permanent Neow","Quick Restart","Relic Stats","StSLib","SuperFastMode","everything is the same but u backflip on backflip"],"gold_per_floor":[361,361,361,32,57,57,57,95,95,136,161,174,174,193,193,314,314,335,250,77,77,102,133,133,133],"floor_reached":24,"playtime":708,"items_purged":["Strike_B","Defend_B"],"score":266,"play_id":"f143a6c3-f1a4-4ca6-89fc-df2d5c14c25b","local_time":"20201215104503","is_ascension_mode":true,"campfire_choices":[{"data":"Apotheosis","floor":6.0,"key":"SMITH"},{"data":"Capacitor","floor":15.0,"key":"SMITH"}],"circlet_count":0,"master_deck":["Strike_B","Strike_B","Defend_B","Defend_B","Zap","Dualcast","Capacitor+1","FTL","Apotheosis+1","Undo","Sunder","Ball Lightning","Self Repair","Machine Learning","CurseOfTheBell","Coolheaded+1","Heatsinks+1","Ball Lightning+1"],"relics":["Cracked Core","Golden Idol","Pen Nib","Pantograph","Happy Flower","Question Card","Kunai","Calling Bell","Dream Catcher","Frozen Egg 2","Pocketwatch","Toxic Egg 2","StrikeDummy"],"acts_visited":["Exordium","TheCity"],"potions_floor_usage":[23],"damage_taken":[{"damage":2.0,"enemies":"Jaw Worm","floor":1.0,"turns":3.0},{"damage":30.0,"enemies":"Gremlin Nob","floor":8.0,"turns":5.0},{"damage":4.0,"enemies":"Lagavulin","floor":10.0,"turns":6.0},{"damage":0.0,"enemies":"2 Louse","floor":11.0,"turns":3.0},{"damage":0.0,"enemies":"Cultist","floor":12.0,"turns":2.0},{"damage":2.0,"enemies":"2 Fungi Beasts","floor":14.0,"turns":2.0},{"damage":32.0,"enemies":"Slime Boss","floor":16.0,"turns":7.0},{"damage":17.0,"enemies":"Shell Parasite","floor":18.0,"turns":6.0},{"damage":10.0,"enemies":"Chosen","floor":22.0,"turns":4.0},{"damage":53,"enemies":"Book of Stabbing","floor":23,"turns":5},{"damage":23,"enemies":"Centurion and Healer","floor":24,"turns":3}],"seed_played":"414327743459366096","potions_obtained":[{"floor":8.0,"key":"FocusPotion"},{"floor":10.0,"key":"Swift Potion"},{"floor":14.0,"key":"Regen Potion"},{"floor":22.0,"key":"DuplicationPotion"},{"floor":23,"key":"LiquidMemories"}],"is_trial":false,"path_per_floor":["M","?","?","$","T","R","?","E","T","E","M","M","?","M","R","B",null,"M","?","$","?","M","E","M"],"character_chosen":"DEFECT","items_purchased":["FTL","Apotheosis","Heatsinks+1"],"campfire_rested":0,"item_purchase_floors":[4,4,20],"current_hp_per_floor":[52,52,52,52,52,52,52,22,22,18,18,18,18,16,16,19,69,62,62,62,62,62,19,0,0],"gold":133,"neow_bonus":"TWO_FIFTY_GOLD","is_daily":false,"chose_seed":false,"campfire_upgraded":2,"win_rate":0.0,"timestamp":1607996703,"path_taken":["M","?","?","$","?","R","?","E","T","E","?","M","?","M","R","BOSS","M","?","$","?","M","E","M"],"items_purchased_type":["Card","Card","Card"],"build_version":"2020-12-13","purchased_purges":2,"victory":false,"max_hp_per_floor":[75,69,69,69,69,69,69,69,69,69,69,69,69,69,69,69,69,69,69,69,69,69,69,69,69],"relic_stats":{"Dream Catcher":0,"Happy Flower":[12],"counters":[11,46],"Golden Idol":67,"Pantograph":25,"Pen Nib":[5],"Kunai":[1],"Question Card":9,"obtain_stats":[{"Happy Flower":8,"Golden Idol":2,"Pen Nib":5,"Frozen Egg 2":17,"Question Card":9,"Calling Bell":17,"Dream Catcher":17,"Pantograph":7,"Kunai":10,"Toxic Egg 2":19,"Cracked Core":0,"StrikeDummy":23,"Pocketwatch":17},{"Happy Flower":2,"Golden Idol":1,"Pen Nib":1,"Frozen Egg 2":7,"Question Card":2,"Calling Bell":7,"Dream Catcher":7,"Pantograph":1,"Kunai":3,"Toxic Egg 2":8,"Cracked Core":0,"StrikeDummy":10,"Pocketwatch":7},{"Happy Flower":8,"Golden Idol":3,"Pen Nib":3,"Frozen Egg 2":28,"Question Card":8,"Calling Bell":28,"Dream Catcher":28,"Pantograph":3,"Kunai":14,"Toxic Egg 2":34,"Cracked Core":0,"StrikeDummy":43,"Pocketwatch":28}],"Pocketwatch":[6]},"card_choices":[{"not_picked":["Gash","Glacier"],"picked":"Capacitor","floor":1.0},{"not_picked":["Recycle","Tempest"],"picked":"Undo","floor":8.0},{"not_picked":["Double Energy","Redo","Rebound"],"picked":"Sunder","floor":10.0},{"not_picked":["Barrage","Creative AI","Storm","Turbo"],"picked":"SKIP","floor":11.0},{"not_picked":["Redo","Conserve Battery","Sweeping Beam"],"picked":"Ball Lightning","floor":12.0},{"not_picked":["Force Field","Storm","White Noise"],"picked":"Self Repair","floor":14.0},{"not_picked":["Multi-Cast","Creative AI","Fission"],"picked":"Machine Learning","floor":16.0},{"not_picked":["BootSequence","White Noise+1","Stack"],"picked":"Coolheaded+1","floor":18.0},{"not_picked":["Beam Cell","Stack+1","Turbo+1","Steam Power+1"],"picked":"SKIP","floor":22.0},{"not_picked":["Beam Cell","Stack+1","Turbo+1","Steam Power+1"],"picked":"SKIP","floor":22.0},{"not_picked":["Cold Snap","FTL","Compile Driver"],"picked":"Ball Lightning+1","floor":23}],"player_experience":284522,"relics_obtained":[{"floor":5.0,"key":"Pen Nib"},{"floor":7.0,"key":"Pantograph"},{"floor":8.0,"key":"Happy Flower"},{"floor":9.0,"key":"Question Card"},{"floor":10.0,"key":"Kunai"},{"floor":17.0,"key":"Dream Catcher"},{"floor":17.0,"key":"Frozen Egg 2"},{"floor":17.0,"key":"Pocketwatch"},{"floor":23,"key":"StrikeDummy"}],"event_choices":[{"damage_healed":0.0,"max_hp_gain":0.0,"max_hp_loss":6.0,"gold_gain":0.0,"event_name":"Golden Idol","player_choice":"Lose Max HP","floor":2.0,"gold_loss":0.0,"damage_taken":0.0,"relics_obtained":["Golden Idol"]},{"cards_removed":["Strike_B"],"damage_healed":0.0,"max_hp_gain":0.0,"max_hp_loss":0.0,"gold_gain":0.0,"event_name":"Living Wall","player_choice":"Forget","floor":3.0,"gold_loss":0.0,"damage_taken":0.0},{"damage_healed":0.0,"max_hp_gain":0.0,"max_hp_loss":0.0,"gold_gain":0.0,"event_name":"Wheel of Change","player_choice":"Relic","floor":7.0,"gold_loss":0.0,"damage_taken":0.0},{"damage_healed":0.0,"max_hp_gain":0.0,"max_hp_loss":0.0,"gold_gain":0.0,"event_name":"Liars Game","player_choice":"Ignored","floor":13.0,"gold_loss":0.0,"damage_taken":0.0},{"damage_healed":0.0,"max_hp_gain":0.0,"max_hp_loss":0.0,"gold_gain":0.0,"event_name":"Addict","player_choice":"Obtained Relic","floor":19.0,"gold_loss":85.0,"damage_taken":0.0,"relics_obtained":["Toxic Egg 2"]},{"cards_removed":["Defend_B"],"damage_healed":0.0,"max_hp_gain":0.0,"max_hp_loss":0.0,"gold_gain":0.0,"event_name":"Back to Basics","player_choice":"Elegance","floor":21.0,"gold_loss":0.0,"damage_taken":0.0}],"is_beta":false,"boss_relics":[{"not_picked":["SlaversCollar","Snecko Eye"],"picked":"Calling Bell"}],"items_purged_floors":[4,20],"is_endless":false,"potions_floor_spawned":[8,10,14,22,23],"killed_by":"Centurion and Healer","ascension_level":4}}