{"host":"jm9833yuloeli2yd","time":1607991216,"event":{"mods":["AchievementEnabler","BaseMod","Better Altar","Better Match","Better Note","Better Sensory Stone","Better Skull","Better Vampires","Colored Map","Colored Powertips","DeckTracker","Minty Spire (QoL Compilation)","Permanent Neow","Quick Restart","Replay The Spire","StSLib","SuperFastMode"],"gold_per_floor":[364,381,556,32,32,66,66,91,91,103,103,103,121,139,151,184,184,280,280,291,382,352,55,66,101,114,114,114,147,147,162,175,72,72,72,72],"floor_reached":35,"playtime":835,"items_purged":["Doubt"],"score":499,"play_id":"913e50f7-6ea7-47ab-a024-3eec72c1ddc0","local_time":"20201214191336","is_ascension_mode":true,"campfire_choices":[{"data":"Inflame","floor":17.0,"key":"SMITH"},{"floor":27.0,"key":"REST"},{"data":"Double Tap","floor":34.0,"key":"SMITH"}],"circlet_count":0,"master_deck":["AscendersBane","Strike_R","Strike_R","Strike_R","Strike_R","Strike_R","Defend_R","Defend_R","Defend_R","Bash","Defend_B","Eruption","Twin Strike+1","Clothesline","Twin Strike+1","Replay:Undeath\u0027s Touch","Double Tap+1","Twin Strike+1","Inflame+1","Flame Barrier","Armaments","Replay:Undeath\u0027s Touch","Reaper","Flex+1","Sword Boomerang","Evolve","Replay:Undeath\u0027s Touch","Anger","True Grit+1","Iron Wave","Pummel","Dropkick","Feed"],"relics":["Burning Blood","Replay:Bottled Eggs","DollysMirror","Ring of Fury","Replay:PocketPolymizer","Durian","Quantum Egg","Darkstone Periapt","Black Star","Potion Belt","TungstenRod","Replay:Baseball","ReplayTheSpireMod:Ninjato","Pondfish Scales","Red Mask"],"acts_visited":["Exordium","TheCity"],"potions_floor_usage":[35,35,35,35,35],"damage_taken":[{"damage":12.0,"enemies":"Cultist","floor":1.0,"turns":3.0},{"damage":0.0,"enemies":"Small Slimes","floor":2.0,"turns":2.0},{"damage":0.0,"enemies":"3 Sentries","floor":6.0,"turns":2.0},{"damage":28.0,"enemies":"Gremlin Nob","floor":8.0,"turns":4.0},{"damage":2.0,"enemies":"2 Louse","floor":10.0,"turns":2.0},{"damage":13.0,"enemies":"Lots of Slimes","floor":13.0,"turns":3.0},{"damage":0.0,"enemies":"Exordium Wildlife","floor":14.0,"turns":2.0},{"damage":2.0,"enemies":"Looter","floor":15.0,"turns":3.0},{"damage":24.0,"enemies":"Lagavulin","floor":16.0,"turns":6.0},{"damage":42.0,"enemies":"Hexaghost","floor":18.0,"turns":9.0},{"damage":0.0,"enemies":"Chosen","floor":20.0,"turns":3.0},{"damage":22.0,"enemies":"Shell Parasite","floor":24.0,"turns":3.0},{"damage":26.0,"enemies":"Gremlin Leader","floor":25.0,"turns":4.0},{"damage":34.0,"enemies":"Snake Plant","floor":26.0,"turns":3.0},{"damage":17.0,"enemies":"Masked Bandits","floor":29.0,"turns":4.0},{"damage":16.0,"enemies":"Centurion and Healer","floor":31.0,"turns":4.0},{"damage":14.0,"enemies":"Cultist and Chosen","floor":32.0,"turns":5.0},{"damage":70,"enemies":"Pondfish","floor":35,"turns":16}],"seed_played":"-5294775404707327052","potions_obtained":[{"floor":2.0,"key":"BloodPotion"},{"floor":8.0,"key":"ColorlessPotion"},{"floor":14.0,"key":"Regen Potion"},{"floor":16.0,"key":"LiquidBronze"},{"floor":22.0,"key":"Energy Potion"},{"floor":22.0,"key":"Regen Potion"},{"floor":26.0,"key":"FearPotion"}],"is_trial":false,"path_per_floor":["M","M","?","$","?","E","?","E","T","M","PTL","PTL","M","M","M","E","R","B",null,"M","?","?","$","M","E","M","R","T","?","?","M","M","$","R","B"],"character_chosen":"IRONCLAD","items_purchased":["Replay:Bottled Eggs","DollysMirror","AttackPotion","TungstenRod","EntropicBrew"],"campfire_rested":1,"item_purchase_floors":[4,4,4,23,33],"current_hp_per_floor":[66,72,72,72,72,78,78,61,61,65,65,65,58,64,68,64,64,28,71,77,43,43,43,27,36,8,33,33,22,22,38,40,40,40,0,0],"gold":72,"neow_bonus":"TWO_FIFTY_GOLD","is_daily":false,"chose_seed":false,"campfire_upgraded":2,"win_rate":0.0,"timestamp":1607991216,"path_taken":["M","M","?","$","?","E","?","E","T","M","PTL","PTL","?","M","M","E","R","BOSS","M","?","?","$","?","E","?","R","T","?","?","M","?","$","R","BOSS"],"items_purchased_type":["Relic","Relic","Potion","Relic","Potion"],"build_version":"2020-12-13","purchased_purges":1,"victory":false,"max_hp_per_floor":[80,80,80,80,80,80,80,85,85,85,85,85,85,85,85,85,85,85,85,85,85,85,85,85,85,85,85,85,85,85,85,85,85,85,85,85],"card_choices":[{"not_picked":["Body Slam","Spot Weakness"],"picked":"Twin Strike","floor":1.0},{"not_picked":["Second Wind","Burning Pact"],"picked":"Clothesline","floor":2.0},{"not_picked":["Second Wind","Flex"],"picked":"Replay:Undeath\u0027s Touch","floor":6.0},{"not_picked":["Havoc","Cleave"],"picked":"Double Tap","floor":8.0},{"not_picked":["Run Through","Iron Wave"],"picked":"Twin Strike","floor":10.0},{"not_picked":["Ghostly Armor","Cleave"],"picked":"Inflame","floor":13.0},{"not_picked":["Pommel Strike","Rage"],"picked":"Flame Barrier","floor":14.0},{"not_picked":["Cleave","Wild Strike"],"picked":"Armaments","floor":15.0},{"not_picked":["Metallicize","Fire Breathing"],"picked":"Replay:Undeath\u0027s Touch","floor":16.0},{"not_picked":["Demon Form","Double Tap"],"picked":"Reaper","floor":18.0},{"not_picked":["Thunderclap","Defy Death+1"],"picked":"Flex+1","floor":20.0},{"not_picked":["Combust+1","Thunderclap+1"],"picked":"Sword Boomerang","floor":21.0},{"not_picked":["Perfected Strike","Defy Death"],"picked":"Evolve","floor":21.0},{"not_picked":["Iron Wave","Dropkick"],"picked":"Replay:Undeath\u0027s Touch","floor":24.0},{"not_picked":["Rupture","Twin Strike"],"picked":"Anger","floor":25.0},{"not_picked":["Pommel Strike","ReplayReversal"],"picked":"True Grit+1","floor":26.0},{"not_picked":["Abandon","Heavy Blade"],"picked":"Iron Wave","floor":29.0},{"not_picked":["Feel No Pain+1","Clothesline+1"],"picked":"Dropkick","floor":31.0},{"not_picked":["Run Through+1","Thunderclap+1"],"picked":"Feed","floor":32.0}],"player_experience":1068503,"relics_obtained":[{"floor":5.0,"key":"Ring of Fury"},{"floor":6.0,"key":"Replay:PocketPolymizer"},{"floor":8.0,"key":"Durian"},{"floor":9.0,"key":"Quantum Egg"},{"floor":16.0,"key":"Darkstone Periapt"},{"floor":21.0,"key":"Potion Belt"},{"floor":25.0,"key":"Replay:Baseball"},{"floor":25.0,"key":"ReplayTheSpireMod:Ninjato"},{"floor":28.0,"key":"Pondfish Scales"},{"floor":29.0,"key":"Red Mask"}],"event_choices":[{"damage_healed":0.0,"max_hp_gain":0.0,"max_hp_loss":0.0,"gold_gain":175.0,"event_name":"Liars Game","player_choice":"AGREE","floor":3.0,"gold_loss":0.0,"damage_taken":0.0,"cards_obtained":["Doubt"]},{"cards_removed":["Looming Evil"],"damage_healed":0.0,"max_hp_gain":0.0,"max_hp_loss":0.0,"gold_gain":0.0,"event_name":"Purifier","player_choice":"Purged","floor":7.0,"gold_loss":0.0,"damage_taken":0.0},{"damage_healed":0.0,"max_hp_gain":0.0,"max_hp_loss":0.0,"gold_gain":0.0,"event_name":"The Woman in Blue","player_choice":"Bought 2 Potions","floor":22.0,"gold_loss":0.0,"damage_taken":0.0},{"damage_healed":0.0,"max_hp_gain":0.0,"max_hp_loss":0.0,"gold_gain":0.0,"event_name":"Masked Bandits","player_choice":"Fought Bandits","floor":29.0,"gold_loss":0.0,"damage_taken":0.0},{"damage_healed":0.0,"max_hp_gain":0.0,"max_hp_loss":0.0,"gold_gain":0.0,"cards_transformed":["Defend_R"],"event_name":"Transmorgrifier","player_choice":"Transformed","floor":30.0,"gold_loss":0.0,"damage_taken":0.0,"cards_obtained":["Pummel"]}],"is_beta":false,"boss_relics":[{"not_picked":["Runic Dome","Fusion Hammer"],"picked":"Black Star"}],"items_purged_floors":[4],"is_endless":false,"potions_floor_spawned":[2,8,13,14,16,26],"killed_by":"Pondfish","ascension_level":11}}