{"host":"gbop6m4qugddaz18","time":1607994999,"event":{"mods":["2.2 Compatiblity","BaseMod","Better Third Choice","Block Reminder","Downfall","GifTheSpireLib","Highlight Path","Minty Spire (QoL Compilation)","Replay The Spire","StSLib"],"gold_per_floor":[99,130,130,130,130,130,130,159,178,208,227,10,32,32,45,141,141,141,157,175,175,42,42,94,106,136,136,156,166,106,106,122,223,223,223,223,29,29,14,89,89,89,124,124,21,39,57,6,24,24,24],"floor_reached":50,"playtime":5211,"items_purged":["Doubt"],"score":782,"play_id":"6eb7997e-d66b-4553-9da9-365b5b0d1b11","local_time":"20201214201639","is_ascension_mode":true,"campfire_choices":[{"data":"Guardian:TwinSlam","floor":1,"key":"SMITH"},{"data":"Guardian:PrimingBeam","floor":3,"key":"SMITH"},{"data":"Guardian:Orbwalk","floor":18,"key":"SMITH"},{"data":"Guardian:GemFinder","floor":21,"key":"SMITH"},{"data":"Guardian:AncientConstruct","floor":23,"key":"SMITH"},{"floor":27,"key":"REST"},{"data":"Guardian:TimeSifter","floor":35,"key":"SMITH"},{"floor":44,"key":"REST"}],"circlet_count":0,"master_deck":["Guardian:Strike_Guardian","Guardian:Strike_Guardian","Guardian:Strike_Guardian","Guardian:Strike_Guardian","Guardian:Defend_Guardian+1","Guardian:Defend_Guardian","Guardian:Defend_Guardian","Guardian:Defend_Guardian","Guardian:CurlUp","Guardian:TwinSlam+1","Guardian:PrimingBeam+1","Guardian:Orbwalk+1","Guardian:RevengeProtocol","Guardian:Gem_Fragmented","Guardian:AncientConstruct+1","Guardian:SentryBeam","Guardian:PrimingBeam","Guardian:TemporalShield","Guardian:GemFinder+1","Guardian:SpikerProtocol+1","Guardian:SentryBeam+1","Guardian:BronzeOrb+1","Guardian:FuturePlans","Guardian:PolyBeam","Guardian:RevengeProtocol","Guardian:Gem_Cyan","Guardian:TemporalStrike","Guardian:CrystalBeam","Guardian:Recover","Guardian:Recover","Guardian:PiercingHide","Guardian:WalkerClaw","Guardian:SentryBeam+1","Guardian:PrimingBeam","Guardian:TimeSifter+1","CurseOfTheBell","Guardian:BronzeOrb+1","Guardian:Planning","Guardian:Planning","Guardian:Emergency+1","Guardian:ArmoredProtocol","Guardian:BronzeOrb","Guardian:Gem_Red","Guardian:WalkerClaw+1","Guardian:RefractedBeam+1","Guardian:TemporalStrike","Guardian:Gem_Red","Guardian:BronzeOrb","Guardian:ArmoredProtocol+1","Guardian:Gem_Cyan","Guardian:CrystalBeam"],"relics":["Guardian:ModeShifter","downfall:HeartsMalice","Gremlin Food","Guardian:PickAxe","Replay:Kaleidoscope","Blood Vial","Bottled Flame","Odd Mushroom","SlaversCollar","ReplayTheSpireMod:CursedCoin","Regal Pillow","downfall:RedIOU","Guardian:PocketSentry","Replay:Grab Bag","ChewingGum","Painkiller Herb","Runic Pyramid","Calling Bell","Replay:Mystery Machine","Onion Ring","Counterbalance","Pantograph","Guardian:DefensiveModeMoreBlock","Toy Ornithopter","Bottled Tornado","Garlic","Shuriken"],"acts_visited":["Exordium","TheCity","TheBeyond"],"potions_floor_usage":[16,16,33,43,50,50],"damage_taken":[{"damage":0,"enemies":"Gremlin Nob","floor":2,"turns":1},{"damage":0,"enemies":"Small Slimes","floor":4,"turns":1},{"damage":0,"enemies":"2 Louse","floor":5,"turns":1},{"damage":12,"enemies":"Lagavulin","floor":8,"turns":6},{"damage":14,"enemies":"Jaw Worm","floor":9,"turns":3},{"damage":32,"enemies":"Gremlin Nob","floor":10,"turns":4},{"damage":0,"enemies":"2 Fungi Beasts","floor":11,"turns":2},{"damage":4,"enemies":"downfall:FleeingMerchant","floor":12,"turns":4},{"damage":10,"enemies":"The Mushroom Lair","floor":13,"turns":4},{"damage":0,"enemies":"Blue Slaver","floor":15,"turns":3},{"damage":13,"enemies":"downfall:Watcher","floor":16,"turns":6},{"damage":9,"enemies":"Shell Parasite","floor":19,"turns":4},{"damage":1,"enemies":"Chosen","floor":20,"turns":4},{"damage":0,"enemies":"downfall:FleeingMerchant","floor":22,"turns":4},{"damage":16,"enemies":"Slavers","floor":26,"turns":4},{"damage":0,"enemies":"3 Cultists","floor":28,"turns":4},{"damage":8,"enemies":"Snecko","floor":29,"turns":5},{"damage":1,"enemies":"Cultist and Chosen","floor":32,"turns":5},{"damage":23,"enemies":"downfall:Ironclad","floor":33,"turns":7},{"damage":1,"enemies":"downfall:FleeingMerchant","floor":37,"turns":4},{"damage":9,"enemies":"downfall:FleeingMerchant","floor":39,"turns":3},{"damage":6,"enemies":"Giant Head","floor":43,"turns":7},{"damage":0,"enemies":"Orb Walker","floor":46,"turns":2},{"damage":0,"enemies":"3 Darklings","floor":47,"turns":3},{"damage":0,"enemies":"Maw","floor":49,"turns":5},{"damage":99,"enemies":"downfall:Silent","floor":50,"turns":5}],"seed_played":"6676966036163994413","potions_obtained":[{"floor":8,"key":"Regen Potion"},{"floor":9,"key":"SkillPotion"},{"floor":13,"key":"DuplicationPotion"},{"floor":15,"key":"PowerPotion"},{"floor":19,"key":"GamblersBrew"},{"floor":29,"key":"Guardian:AcceleratePotion"},{"floor":33,"key":"DistilledChaos"},{"floor":46,"key":"FearPotion"},{"floor":49,"key":"Toxic Potion"}],"is_trial":false,"path_per_floor":["R","E","R","M","M","?","T","E","M","E","M","$","?","?","M","B",null,"R","M","M","R","$","R","T","?","E","R","M","M","?","?","M","B",null,"T","?","T","?","T","T","T","?","E","T","T","?","?","T","?","B"],"character_chosen":"GUARDIAN","items_purchased":["Guardian:SpikerProtocol","Guardian:SentryBeam+1","Guardian:BronzeOrb","ReplayTheSpireMod:CursedCoin","Regal Pillow","Guardian:Recover","Guardian:DefensiveModeMoreBlock","Guardian:Planning","Guardian:ArmoredProtocol","Toy Ornithopter","Guardian:BronzeOrb","Guardian:Gem_Red","Guardian:RefractedBeam+1","Guardian:TemporalStrike","Guardian:ArmoredProtocol+1"],"campfire_rested":2,"item_purchase_floors":[12,12,12,22,22,22,37,37,39,39,39,39,45,45,48],"current_hp_per_floor":[80,80,80,80,80,80,80,68,56,26,28,26,18,18,20,24,80,80,71,72,72,74,74,74,74,60,80,80,72,72,72,73,52,80,80,80,79,79,71,71,71,63,64,80,80,80,80,80,80,0,0],"gold":24,"neow_bonus":"THREE_ENEMY_KILL","is_daily":false,"chose_seed":false,"campfire_upgraded":6,"win_rate":0.0,"timestamp":1607994999,"path_taken":["R","E","R","M","M","?","T","E","M","E","M","$","?","?","M","BOSS","R","M","M","R","$","R","T","?","E","R","M","M","?","?","M","BOSS","T","?","T","?","T","?","T","?","E","T","T","?","?","?","?","BOSS"],"items_purchased_type":["Card","Card","Card","Relic","Relic","Card","Relic","Card","Card","Relic","Card","Card","Card","Card","Card"],"build_version":"2020-12-13","purchased_purges":1,"victory":false,"max_hp_per_floor":[80,80,80,80,80,80,80,80,80,80,80,80,80,80,80,80,80,80,80,80,80,80,80,80,80,80,80,80,80,80,80,80,80,80,80,80,80,80,80,80,80,80,80,80,80,80,80,80,80,80,80],"card_choices":[{"not_picked":["Guardian:RollAttack","Guardian:Gem_Red"],"picked":"Guardian:PrimingBeam","floor":2},{"not_picked":["Guardian:Gem_Green","Guardian:Gem_Cyan"],"picked":"Guardian:Orbwalk","floor":4},{"not_picked":["Guardian:TemporalStrike","Guardian:Planning"],"picked":"Guardian:RevengeProtocol","floor":5},{"not_picked":["Guardian:Gem_Green","Guardian:Gem_Red"],"picked":"Guardian:AncientConstruct","floor":8},{"not_picked":["Guardian:ChargeUp","Guardian:RefractedBeam"],"picked":"Guardian:SentryBeam","floor":9},{"not_picked":["Guardian:Gem_Cyan","Guardian:ChargeCore"],"picked":"Guardian:PrimingBeam","floor":10},{"not_picked":["Guardian:ShieldCharger","Guardian:Repulse"],"picked":"Guardian:TemporalShield","floor":11},{"not_picked":["Guardian:PrismaticBarrier","Guardian:Gem_Synthetic"],"picked":"Guardian:GemFinder","floor":12},{"not_picked":["Guardian:Recover","Guardian:Planning"],"picked":"Guardian:FuturePlans","floor":13},{"not_picked":["Guardian:Gem_Cyan","Guardian:Gem_Green"],"picked":"Guardian:Gem_Lightblue","floor":15},{"not_picked":["Guardian:TimeBomb","Guardian:Gem_Red"],"picked":"Guardian:PolyBeam","floor":15},{"not_picked":["Guardian:Gem_Green","Guardian:Gem_Lightblue"],"picked":"Guardian:Gem_Red","floor":16},{"not_picked":["Guardian:StasisField","Guardian:Gem_Orange"],"picked":"Guardian:RevengeProtocol","floor":16},{"not_picked":["Guardian:Incinerate","Guardian:TemporalShield"],"picked":"Guardian:Gem_Crimson","floor":19},{"not_picked":["Guardian:Gem_Green","Guardian:Gem_Lightblue"],"picked":"Guardian:Gem_Cyan","floor":20},{"not_picked":["Guardian:BronzeArmor+1","Guardian:CrystalBeam"],"picked":"Guardian:TemporalStrike","floor":20},{"not_picked":["Guardian:Gem_Purple","Guardian:BronzeArmor+1"],"picked":"Guardian:CrystalBeam","floor":22},{"not_picked":["Guardian:Gem_Green","Guardian:Gem_Cyan"],"picked":"Guardian:Gem_Red","floor":26},{"not_picked":["Guardian:VentSteam","Guardian:BaubleBeam"],"picked":"Guardian:PiercingHide","floor":26},{"not_picked":["Guardian:Recover","Guardian:Gem_Cyan"],"picked":"Guardian:WalkerClaw","floor":28},{"not_picked":["Guardian:PrismaticBeam","Guardian:WalkerClaw+1"],"picked":"Guardian:SentryBeam+1","floor":29},{"not_picked":["Guardian:CrystalBeam","Guardian:Preprogram"],"picked":"Guardian:PrimingBeam","floor":32},{"not_picked":["Guardian:Gem_Cyan","Guardian:Gem_Lightblue"],"picked":"Guardian:Gem_Red","floor":33},{"not_picked":["Guardian:GatlingBeam","Guardian:ExploitGems"],"picked":"Guardian:TimeSifter","floor":33},{"not_picked":["Guardian:VentSteam+1","Guardian:ChargeCore+1"],"picked":"Guardian:BronzeOrb+1","floor":37},{"not_picked":["Guardian:Clone","Guardian:TemporalShield+1"],"picked":"Guardian:Emergency","floor":39},{"not_picked":["Guardian:Gem_Cyan","Guardian:Gem_Lightblue"],"picked":"Guardian:Gem_Red","floor":43},{"not_picked":["Guardian:TimeSifter","Guardian:BronzeArmor"],"picked":"Guardian:WalkerClaw+1","floor":43},{"not_picked":["Guardian:Emergency+1","Guardian:VentSteam"],"picked":"Guardian:Gem_Red","floor":46},{"not_picked":["Guardian:Gem_Fragmented","Guardian:Gem_White"],"picked":"Guardian:BronzeOrb","floor":47},{"not_picked":["Guardian:Gem_Green","Guardian:Gem_Lightblue"],"picked":"Guardian:Gem_Cyan","floor":49},{"not_picked":["Guardian:Incinerate","Guardian:GuardianWhirl"],"picked":"Guardian:CrystalBeam","floor":49}],"player_experience":416187,"relics_obtained":[{"floor":2,"key":"Gremlin Food"},{"floor":7,"key":"Replay:Kaleidoscope"},{"floor":8,"key":"Blood Vial"},{"floor":10,"key":"Bottled Flame"},{"floor":13,"key":"Odd Mushroom"},{"floor":24,"key":"MawBank"},{"floor":26,"key":"Guardian:PocketSentry"},{"floor":34,"key":"Replay:Mystery Machine"},{"floor":34,"key":"Onion Ring"},{"floor":34,"key":"Counterbalance"},{"floor":36,"key":"Pantograph"},{"floor":40,"key":"Bottled Tornado"},{"floor":41,"key":"Garlic"},{"floor":43,"key":"Shuriken"}],"event_choices":[{"damage_healed":0,"gold_gain":0,"player_choice":"Fought Mushrooms","damage_taken":0,"max_hp_gain":0,"max_hp_loss":0,"event_name":"Mushrooms","floor":13,"gold_loss":0},{"damage_healed":0,"gold_gain":0,"player_choice":"Grow","damage_taken":0,"max_hp_gain":0,"max_hp_loss":0,"event_name":"Living Wall","floor":14,"gold_loss":0,"cards_upgraded":["Guardian:SpikerProtocol"]}],"is_beta":false,"boss_relics":[{"not_picked":["Guardian:StasisSlotReductionRelic","Pandora\u0027s Box"],"picked":"SlaversCollar"},{"not_picked":["Fusion Hammer","Black Star"],"picked":"Replay:Grab Bag"},{"not_picked":["Coffee Dripper","Replay:Wanted Poster"],"picked":"ChewingGum"},{"not_picked":["Philosopher\u0027s Stone","Cursed Key"],"picked":"Painkiller Herb"},{"not_picked":["Empty Cage","Guardian:ModeShifterPlus"],"picked":"Runic Pyramid"},{"not_picked":["SacredBark","Ring of Chaos"],"picked":"Calling Bell"}],"items_purged_floors":[22],"is_endless":false,"potions_floor_spawned":[8,9,13,15,19,29,32,33,46,47,49],"killed_by":"downfall:Silent","ascension_level":4}}