{"host":"bur01y2cdbn9byel","time":1607992875,"event":{"mods":["2.2 Compatiblity","Bartender","BaseMod","Downfall","Minty Spire (QoL Compilation)","StSLib","The Animator","The Exalted","The Hierophant"],"gold_per_floor":[130,150,225,255,430,430,149,149,203,220,257,257,257,257,257,257,257],"floor_reached":16,"playtime":1775,"items_purged":["Doubt"],"score":98,"play_id":"3403f7ca-b845-478e-a575-142e88eec6f9","local_time":"20201215014115","is_ascension_mode":false,"campfire_choices":[{"data":"animator:Rena","floor":6,"key":"SMITH"},{"data":"animator:Witch","floor":8,"key":"SMITH"},{"data":"animator:Arpeggio","floor":12,"key":"SMITH"},{"floor":15,"key":"REST"}],"circlet_count":0,"master_deck":["animator:Strike_GoblinSlayer","animator:Defend_GoblinSlayer","animator:Strike","animator:Strike","animator:Strike","animator:Defend","animator:Defend","animator:Defend","animator:LizardPriest","animator:DwarfShaman+1","animator:Rena+1","animator:Shalltear","animator:Spearman","animator:Arpeggio+1","animator:Witch+1","animator:Entoma+1","animator:HighElfArcher","animator:SwordMaiden"],"relics":["animator:LivingPicture","animator:TheMissingPiece","animator:PurgingStone","Bag of Preparation","Cleaning_Rag","Bromod:ArcaneDeflection","Bottled Lightning"],"acts_visited":["Exordium"],"potions_floor_usage":[10,11,16],"damage_taken":[{"damage":0,"enemies":"2 Louse","floor":1,"turns":4},{"damage":4,"enemies":"Jaw Worm","floor":2,"turns":3},{"damage":0,"enemies":"Small Slimes","floor":4,"turns":5},{"damage":1,"enemies":"2 Fungi Beasts","floor":10,"turns":5},{"damage":35,"enemies":"Gremlin Nob","floor":11,"turns":6},{"damage":41,"enemies":"The Guardian","floor":16,"turns":13}],"seed_played":"1373121854668466199","potions_obtained":[{"floor":1,"key":"ColorlessPotion"},{"floor":2,"key":"Guardian:BlockOnCardUsePotion"},{"floor":4,"key":"DistilledChaos"}],"is_trial":false,"path_per_floor":["M","M","?","M","?","R","$","R","T","M","E","R","T","T","R","B"],"character_chosen":"THE_ANIMATOR","items_purchased":["animator:Arpeggio","animator:Witch","animator:Entoma"],"campfire_rested":1,"item_purchase_floors":[7,7,7],"current_hp_per_floor":[66,62,51,51,51,51,51,51,51,53,18,18,18,18,38,0,0],"gold":257,"neow_bonus":"UPGRADE_CARD","is_daily":false,"chose_seed":false,"campfire_upgraded":3,"win_rate":0.0,"timestamp":1607992875,"path_taken":["M","M","?","M","?","R","$","R","T","M","E","R","?","?","R","BOSS"],"items_purchased_type":["Card","Card","Card"],"build_version":"2020-12-13","purchased_purges":1,"victory":false,"max_hp_per_floor":[66,66,66,66,66,66,66,66,66,69,69,69,69,69,69,69,69],"card_choices":[{"not_picked":["animator:Gluttony","animator:YuiTsuruno"],"picked":"animator:Rena","floor":1},{"not_picked":["animator:LizardPriest","animator:Togame"],"picked":"animator:Shalltear","floor":2},{"not_picked":["animator:Ara","animator:PandorasActor"],"picked":"animator:Spearman","floor":4},{"not_picked":["animator:DwarfShaman","animator:Priestess"],"picked":"animator:HighElfArcher","floor":10},{"not_picked":["animator:DolaSchwi","animator:ElricEdward"],"picked":"animator:SwordMaiden","floor":11}],"player_experience":1198981,"relics_obtained":[{"floor":9,"key":"Bag of Preparation"},{"floor":11,"key":"Cleaning_Rag"},{"floor":13,"key":"Bromod:ArcaneDeflection"},{"floor":14,"key":"Bottled Lightning"}],"event_choices":[{"damage_healed":0,"gold_gain":75,"player_choice":"Gather Gold","damage_taken":11,"max_hp_gain":0,"max_hp_loss":0,"event_name":"World of Goop","floor":3,"gold_loss":0},{"damage_healed":0,"gold_gain":175,"player_choice":"AGREE","damage_taken":0,"max_hp_gain":0,"max_hp_loss":0,"event_name":"Liars Game","floor":5,"gold_loss":0,"cards_obtained":["Doubt"]}],"is_beta":false,"boss_relics":[],"items_purged_floors":[7],"is_endless":false,"potions_floor_spawned":[1,2,4],"killed_by":"The Guardian","ascension_level":0}}