{"host":"wxm9nhpxzwflah6x","time":1607991721,"event":{"mods":["2.2 Compatiblity","AchievementEnabler","BaseMod","Minty Spire (QoL Compilation)","Quick Restart","Rare Cards Sparkle","Replay The Spire","StSLib"],"gold_per_floor":[113,113,113,130,143,178,178,178,178,178,205,205,223,253,271,306,306,306,306],"floor_reached":18,"playtime":522,"items_purged":[],"score":138,"play_id":"7a99849b-8a7c-4fe7-8e20-6e2938e0e021","local_time":"20201214162201","is_ascension_mode":true,"campfire_choices":[{"floor":7.0,"key":"REST"},{"floor":12.0,"key":"REST"},{"floor":17,"key":"REST"}],"circlet_count":0,"master_deck":["Strike_B","Strike_B","Strike_B","Strike_B","Defend_B","Defend_B","Defend_B","Defend_B","Zap","Dualcast","ReplayGash+1","Hello World+1","Rebound","Consume","Tempest"],"relics":["Cracked Core","NeowsBlessing","Tiny Chest","Omamori","Replay:Antivirus Software"],"acts_visited":["Exordium"],"potions_floor_usage":[16,18],"damage_taken":[{"damage":0.0,"enemies":"Small Slimes","floor":1.0,"turns":1.0},{"damage":0.0,"enemies":"Cultist","floor":4.0,"turns":1.0},{"damage":0.0,"enemies":"2 Louse","floor":5.0,"turns":1.0},{"damage":34.0,"enemies":"3 Sentries","floor":6.0,"turns":8.0},{"damage":21.0,"enemies":"Red Slaver","floor":13.0,"turns":4.0},{"damage":27,"enemies":"Large Slime","floor":15,"turns":6},{"damage":24,"enemies":"Lagavulin","floor":16,"turns":5},{"damage":28,"enemies":"The Guardian","floor":18,"turns":5}],"seed_played":"-845764800807981086","potions_obtained":[{"floor":1.0,"key":"Venom Potion"},{"floor":4.0,"key":"SpeedPotion"},{"floor":6.0,"key":"DuplicationPotion"},{"floor":13.0,"key":"LiquidBronze"}],"is_trial":false,"path_per_floor":["M","?","?","M","M","E","R","?","PTL","PTL","T","R","M","?","M","E","R","B"],"character_chosen":"DEFECT","items_purchased":[],"campfire_rested":3,"item_purchase_floors":[],"current_hp_per_floor":[75,75,75,75,75,41,63,63,63,63,63,75,54,54,27,3,25,0,0],"gold":306,"neow_bonus":"THREE_ENEMY_KILL","is_daily":false,"chose_seed":false,"campfire_upgraded":0,"win_rate":0.0,"timestamp":1607991721,"path_taken":["M","?","?","?","M","E","R","?","PTL","PTL","T","R","?","?","M","E","R","BOSS"],"items_purchased_type":[],"build_version":"2020-12-13","purchased_purges":0,"victory":false,"max_hp_per_floor":[75,75,75,75,75,75,75,75,75,75,75,75,75,75,75,75,75,75,75],"card_choices":[{"not_picked":["Cold Snap","Genetic Algorithm"],"picked":"ReplayGash","floor":1.0},{"not_picked":["Rebound","Compile Driver"],"picked":"Hello World","floor":4.0},{"not_picked":["Redo","Sweeping Beam"],"picked":"Rebound","floor":5.0},{"not_picked":["Hologram","Stack","Recycle"],"picked":"SKIP","floor":6.0},{"not_picked":["Barrage","Compile Driver","Heatsinks"],"picked":"SKIP","floor":13.0},{"not_picked":["Cold Snap","Rebound"],"picked":"Consume","floor":15},{"not_picked":["Ball Lightning","BasicCrystalCard"],"picked":"Tempest","floor":16}],"player_experience":204937,"relics_obtained":[{"floor":6.0,"key":"Tiny Chest"},{"floor":11.0,"key":"Omamori"},{"floor":16,"key":"Replay:Antivirus Software"}],"event_choices":[{"damage_healed":0.0,"max_hp_gain":0.0,"max_hp_loss":0.0,"gold_gain":0.0,"event_name":"The Cleric","player_choice":"Leave","floor":2.0,"gold_loss":0.0,"damage_taken":0.0},{"damage_healed":0.0,"max_hp_gain":0.0,"max_hp_loss":0.0,"gold_gain":0.0,"event_name":"Upgrade Shrine","player_choice":"Upgraded","floor":3.0,"gold_loss":0.0,"damage_taken":0.0,"cards_upgraded":["ReplayGash"]},{"damage_healed":0.0,"max_hp_gain":0.0,"max_hp_loss":0.0,"gold_gain":0.0,"event_name":"Accursed Blacksmith","player_choice":"Forge","floor":8.0,"gold_loss":0.0,"damage_taken":0.0,"cards_upgraded":["Hello World"]},{"damage_healed":0.0,"max_hp_gain":0.0,"max_hp_loss":0.0,"gold_gain":30.0,"event_name":"Dead Adventurer","player_choice":"Searched \u00272\u0027 times","floor":14.0,"gold_loss":0.0,"damage_taken":0.0}],"is_beta":false,"boss_relics":[],"items_purged_floors":[],"is_endless":false,"potions_floor_spawned":[1,4,6,13],"killed_by":"The Guardian","ascension_level":3}}