{"host":"e2ju6k0wppswbhbd","time":1607993631,"event":{"mods":["BaseMod","Minty Spire (QoL Compilation)","Rare Cards Sparkle","StSLib"],"gold_per_floor":[116,135,135,148,161,187,218,258,270,282,306,337,314,344,356,467,479,506,518,548,560,583,620,632,559,597,609,621,645,668,713,725,841,853,876,908,920,932,944,944],"floor_reached":39,"playtime":4377,"items_purged":[],"score":460,"play_id":"1d4fb6b2-871d-47da-a8ec-dd6cc910ddd8","local_time":"20201215015351","is_ascension_mode":false,"campfire_choices":[{"floor":10,"key":"RECALL"},{"data":"Tempest","floor":15,"key":"SMITH"},{"floor":24,"key":"REST"},{"data":"Stack","floor":28,"key":"SMITH"},{"floor":32,"key":"REST"}],"circlet_count":0,"master_deck":["Strike_B","Strike_B","Defend_B","Defend_B","Defend_B","Defend_B","Zap+1","Dualcast","Tempest+1","Conserve Battery","Reinforced Body","Cold Snap","Compile Driver","Beam Cell","Ball Lightning","FTL","Steam","Machine Learning","Fission","Darkness+1","Glacier+1","Redo","Stack+1","Redo+1","Capacitor","White Noise","Multi-Cast","Storm+1","Madness","Madness"],"relics":["Cracked Core","MawBank","Vajra","SlaversCollar","Shuriken","Happy Flower","Bronze Scales","MutagenicStrength","MealTicket","SacredBark"],"acts_visited":["Exordium","TheCity","TheBeyond"],"potions_floor_usage":[5,6,16,20,22,23,33],"damage_taken":[{"damage":11,"enemies":"Jaw Worm","floor":1,"turns":3},{"damage":0,"enemies":"Cultist","floor":2,"turns":3},{"damage":0,"enemies":"2 Louse","floor":4,"turns":2},{"damage":0,"enemies":"2 Fungi Beasts","floor":5,"turns":4},{"damage":9,"enemies":"Lagavulin","floor":6,"turns":9},{"damage":0,"enemies":"Large Slime","floor":7,"turns":5},{"damage":13,"enemies":"Gremlin Nob","floor":8,"turns":4},{"damage":0,"enemies":"Blue Slaver","floor":11,"turns":3},{"damage":0,"enemies":"3 Louse","floor":12,"turns":3},{"damage":0,"enemies":"Looter","floor":14,"turns":2},{"damage":10,"enemies":"Slime Boss","floor":16,"turns":8},{"damage":9,"enemies":"3 Byrds","floor":18,"turns":5},{"damage":23,"enemies":"2 Thieves","floor":20,"turns":4},{"damage":4,"enemies":"Cultist and Chosen","floor":22,"turns":6},{"damage":11,"enemies":"Slavers","floor":23,"turns":6},{"damage":7,"enemies":"3 Cultists","floor":29,"turns":6},{"damage":29,"enemies":"Centurion and Healer","floor":30,"turns":4},{"damage":7,"enemies":"Book of Stabbing","floor":31,"turns":5},{"damage":33,"enemies":"Automaton","floor":33,"turns":8},{"damage":54,"enemies":"3 Shapes","floor":35,"turns":5},{"damage":15,"enemies":"Orb Walker","floor":36,"turns":4},{"damage":6,"enemies":"Maw","floor":39,"turns":2}],"seed_played":"-1470078241373181611","potions_obtained":[{"floor":1,"key":"Block Potion"},{"floor":5,"key":"SteroidPotion"},{"floor":7,"key":"Regen Potion"},{"floor":8,"key":"Weak Potion"},{"floor":12,"key":"SmokeBomb"},{"floor":18,"key":"AttackPotion"},{"floor":20,"key":"EssenceOfSteel"},{"floor":31,"key":"Explosive Potion"},{"floor":33,"key":"Ancient Potion"}],"is_trial":false,"path_per_floor":["M","M","?","M","M","E","M","E","T","R","M","M","?","M","R","B",null,"M","?","M","?","M","E","R","?","T","?","R","M","M","E","R","B",null,"M","M","?","?","M"],"character_chosen":"DEFECT","items_purchased":[],"campfire_rested":2,"item_purchase_floors":[],"current_hp_per_floor":[64,64,64,64,64,55,55,42,42,42,42,42,60,60,60,50,75,66,52,29,29,40,29,53,53,53,53,53,46,17,10,34,1,80,26,11,11,1,0,0],"gold":944,"neow_bonus":"TRANSFORM_CARD","is_daily":false,"chose_seed":false,"campfire_upgraded":2,"win_rate":0.0,"timestamp":1607993631,"path_taken":["M","M","?","M","M","E","M","E","T","R","M","?","?","M","R","BOSS","M","?","M","?","M","E","R","?","T","?","R","M","?","E","R","BOSS","M","M","?","?","M"],"items_purchased_type":[],"build_version":"2020-12-13","purchased_purges":0,"victory":false,"max_hp_per_floor":[75,75,75,75,75,75,75,75,75,75,75,75,75,75,75,75,75,75,80,80,80,80,80,80,80,80,80,80,80,80,80,80,80,80,80,80,80,80,80,80],"card_choices":[{"not_picked":["Hello World","Stack","Barrage"],"picked":"SKIP","floor":1},{"not_picked":["Hello World","Turbo"],"picked":"Conserve Battery","floor":2},{"not_picked":["Hello World","Hologram"],"picked":"Reinforced Body","floor":4},{"not_picked":["Steam","Coolheaded"],"picked":"Cold Snap","floor":5},{"not_picked":["Recycle","Gash"],"picked":"Compile Driver","floor":6},{"not_picked":["Gash","Undo"],"picked":"Beam Cell","floor":7},{"not_picked":["Loop","Leap"],"picked":"Ball Lightning","floor":8},{"not_picked":["Cold Snap","Consume"],"picked":"FTL","floor":11},{"not_picked":["Stack","Go for the Eyes"],"picked":"Steam","floor":12},{"not_picked":["Compile Driver","Turbo"],"picked":"Machine Learning","floor":14},{"not_picked":["Biased Cognition","Buffer"],"picked":"Fission","floor":16},{"not_picked":["Consume","Defragment"],"picked":"Darkness+1","floor":18},{"not_picked":["Steam","Compile Driver+1"],"picked":"Glacier+1","floor":20},{"not_picked":["Go for the Eyes","Gash"],"picked":"Redo","floor":22},{"not_picked":["Thunder Strike","Undo"],"picked":"Stack","floor":23},{"not_picked":["Force Field","Steam"],"picked":"Redo+1","floor":29},{"not_picked":["Storm","Stack"],"picked":"Capacitor","floor":30},{"not_picked":["Go for the Eyes","Rebound"],"picked":"White Noise","floor":31},{"not_picked":["Seek","Biased Cognition"],"picked":"Multi-Cast","floor":33},{"not_picked":["Scrape","Turbo+1","Stack+1"],"picked":"SKIP","floor":35},{"not_picked":["Sweeping Beam","Hologram"],"picked":"Storm+1","floor":36}],"player_experience":2526735,"relics_obtained":[{"floor":6,"key":"MawBank"},{"floor":8,"key":"Vajra"},{"floor":23,"key":"Shuriken"},{"floor":26,"key":"Bronze Scales"},{"floor":31,"key":"MealTicket"}],"event_choices":[{"damage_healed":0,"gold_gain":0,"player_choice":"Forge","damage_taken":0,"max_hp_gain":0,"max_hp_loss":0,"event_name":"Accursed Blacksmith","floor":3,"gold_loss":0,"cards_upgraded":["Zap"]},{"damage_healed":18,"gold_gain":0,"player_choice":"Healed","damage_taken":0,"max_hp_gain":0,"max_hp_loss":0,"event_name":"The Cleric","floor":13,"gold_loss":35},{"damage_healed":0,"gold_gain":0,"player_choice":"Shed Blood","damage_taken":19,"max_hp_gain":5,"max_hp_loss":0,"event_name":"Forgotten Altar","floor":19,"gold_loss":0},{"damage_healed":0,"gold_gain":0,"player_choice":"Ignored","damage_taken":0,"max_hp_gain":0,"max_hp_loss":0,"event_name":"Cursed Tome","floor":21,"gold_loss":0},{"damage_healed":0,"gold_gain":0,"player_choice":"Obtained Relic","damage_taken":0,"relics_obtained":["Happy Flower"],"max_hp_gain":0,"max_hp_loss":0,"event_name":"Addict","floor":25,"gold_loss":85},{"damage_healed":0,"gold_gain":0,"player_choice":"Inject Mutagens","damage_taken":0,"relics_obtained":["MutagenicStrength"],"max_hp_gain":0,"max_hp_loss":0,"event_name":"Drug Dealer","floor":27,"gold_loss":0},{"cards_removed":["Strike_B"],"damage_healed":0,"gold_gain":0,"player_choice":"Removed Attack","damage_taken":0,"max_hp_gain":0,"max_hp_loss":0,"event_name":"Falling","floor":37,"gold_loss":0},{"damage_healed":0,"gold_gain":0,"player_choice":"Embrace Madness","damage_taken":10,"max_hp_gain":0,"max_hp_loss":0,"event_name":"Winding Halls","floor":38,"gold_loss":0,"cards_obtained":["Madness","Madness"]}],"is_beta":false,"boss_relics":[{"not_picked":["Tiny House","Runic Dome"],"picked":"SlaversCollar"},{"not_picked":["Coffee Dripper","Sozu"],"picked":"SacredBark"}],"items_purged_floors":[],"is_endless":false,"potions_floor_spawned":[1,5,7,8,12,18,20,31,33],"killed_by":"Maw","ascension_level":0}}