{"host":"9h8npza6ronlejsv","time":1607994173,"event":{"mods":["BaseMod","Minty Spire (QoL Compilation)","Permanent Neow","StSLib"],"gold_per_floor":[111,111,111,61,76,113,113,135,208,44,119,155,155,155,155,242,242,253,273,54,54,67,107,107,141,213,240,255,255,274,310,310,394,394,409,409,359,693,127,171,171,215,215,2,14,59,91,101,101,101],"floor_reached":51,"playtime":2828,"items_purged":["Strike_G","Strike_G","Strike_G","Strike_G","Strike_G"],"score":1659,"play_id":"ab4fee9d-a564-4c7e-a2f5-a61a8496d948","local_time":"20201214200253","is_ascension_mode":true,"campfire_choices":[{"data":"Blade Dance","floor":7.0,"key":"SMITH"},{"data":"A Thousand Cuts","floor":13.0,"key":"SMITH"},{"data":"Adrenaline","floor":15.0,"key":"SMITH"},{"data":"Trip","floor":24.0,"key":"SMITH"},{"data":"Burst","floor":29.0,"key":"SMITH"},{"data":"Night Terror","floor":32.0,"key":"SMITH"},{"data":"Blur","floor":41.0,"key":"SMITH"},{"data":"Accuracy","floor":49,"key":"SMITH"}],"circlet_count":0,"master_deck":["AscendersBane","Defend_G","Defend_G","Defend_G","Defend_G","Defend_G","Survivor","Neutralize","Blade Dance+1","Adrenaline+1","Backflip","A Thousand Cuts+1","After Image","PiercingWail","Accuracy+1","Trip+1","Escape Plan","Burst+1","Ghostly","Ghostly","Ghostly","Night Terror+1","Tools of the Trade+1","Accuracy+1","Panache+1","Panache+1","Blur+1","Venomology"],"relics":["Ring of the Snake","NeowsBlessing","Smiling Mask","CeramicFish","Question Card","Bronze Scales","Matryoshka","Oddly Smooth Stone","Sundial","Runic Pyramid","Frozen Egg 2","CaptainsWheel","Potion Belt","Bottled Tornado","Molten Egg 2","Cursed Key","Old Coin","Strawberry","DollysMirror","Bag of Marbles","Blood Vial","OrangePellets","Ginger","Du-Vu Doll"],"acts_visited":["Exordium","TheCity","TheBeyond"],"potions_floor_usage":[48,50,50,50,50],"damage_taken":[{"damage":0.0,"enemies":"Small Slimes","floor":1.0,"turns":1.0},{"damage":0.0,"enemies":"Jaw Worm","floor":5.0,"turns":1.0},{"damage":0.0,"enemies":"Lagavulin","floor":6.0,"turns":1.0},{"damage":3.0,"enemies":"2 Louse","floor":8.0,"turns":4.0},{"damage":19.0,"enemies":"3 Sentries","floor":12.0,"turns":10.0},{"damage":4.0,"enemies":"Hexaghost","floor":16.0,"turns":9.0},{"damage":4.0,"enemies":"3 Byrds","floor":18.0,"turns":2.0},{"damage":0.0,"enemies":"Chosen","floor":19.0,"turns":4.0},{"damage":8.0,"enemies":"3 Cultists","floor":22.0,"turns":4.0},{"damage":10.0,"enemies":"Gremlin Leader","floor":23.0,"turns":6.0},{"damage":1.0,"enemies":"Book of Stabbing","floor":25.0,"turns":4.0},{"damage":8.0,"enemies":"Shelled Parasite and Fungi","floor":28.0,"turns":5.0},{"damage":0.0,"enemies":"Sentry and Sphere","floor":30.0,"turns":6.0},{"damage":1.0,"enemies":"Slavers","floor":31.0,"turns":7.0},{"damage":8.0,"enemies":"Automaton","floor":33.0,"turns":11.0},{"damage":0.0,"enemies":"3 Shapes","floor":35.0,"turns":3.0},{"damage":0.0,"enemies":"Mind Bloom Boss Battle","floor":38.0,"turns":7.0},{"damage":0.0,"enemies":"Giant Head","floor":40.0,"turns":5.0},{"damage":0.0,"enemies":"Reptomancer","floor":42.0,"turns":5.0},{"damage":0.0,"enemies":"3 Darklings","floor":45.0,"turns":4.0},{"damage":0.0,"enemies":"2 Orb Walkers","floor":46.0,"turns":5.0},{"damage":0.0,"enemies":"Nemesis","floor":47.0,"turns":7.0},{"damage":0,"enemies":"Jaw Worm Horde","floor":48,"turns":1},{"damage":23,"enemies":"Donu and Deca","floor":50,"turns":8}],"seed_played":"-3061296914446631846","potions_obtained":[{"floor":1.0,"key":"Block Potion"},{"floor":8.0,"key":"EssenceOfSteel"},{"floor":12.0,"key":"Poison Potion"},{"floor":16.0,"key":"PowerPotion"},{"floor":23.0,"key":"EntropicBrew"},{"floor":30.0,"key":"CultistPotion"},{"floor":40.0,"key":"Ancient Potion"},{"floor":42.0,"key":"Swift Potion"},{"floor":48,"key":"AttackPotion"}],"is_trial":false,"path_per_floor":["M","?","?","$","M","E","R","M","T","$","?","E","R","T","R","B",null,"M","M","$","?","M","E","R","E","T","?","M","R","M","E","R","B",null,"M","?","$","?","$","E","R","E","T","$","M","?","E","M","R","B",null],"character_chosen":"THE_SILENT","items_purchased":["Bronze Scales","Accuracy","Trip","Panache+1","Strawberry","DollysMirror","OrangePellets"],"campfire_rested":0,"item_purchase_floors":[10,20,20,39,39,39,44],"current_hp_per_floor":[59,59,59,59,59,59,59,56,56,56,45,26,26,26,26,22,55,51,51,51,51,43,33,33,32,32,32,24,24,24,23,23,15,29,29,29,29,29,36,36,36,36,36,36,38,40,40,40,40,17],"gold":101,"neow_bonus":"THREE_ENEMY_KILL","is_daily":false,"chose_seed":false,"campfire_upgraded":8,"win_rate":0.0,"timestamp":1607994173,"path_taken":["M","?","?","?","M","E","R","M","T","$","?","E","R","?","R","BOSS","M","M","$","?","M","E","R","E","T","?","?","R","M","E","R","BOSS","M","?","$","?","$","E","R","E","T","$","?","?","E","M","R","BOSS"],"items_purchased_type":["Relic","Card","Card","Card","Relic","Relic","Relic"],"build_version":"2020-12-13","purchased_purges":5,"victory":true,"max_hp_per_floor":[66,66,66,66,66,66,66,66,66,66,66,66,66,66,66,66,66,66,66,66,66,66,66,66,66,66,33,33,33,33,33,33,33,33,33,33,33,33,40,40,40,40,40,40,40,40,40,40,40,40],"card_choices":[{"not_picked":["Choke","Backflip"],"picked":"Blade Dance","floor":1.0},{"not_picked":["Eviscerate","Cloak And Dagger","Catalyst"],"picked":"SKIP","floor":5.0},{"not_picked":["Quick Slash","Skewer"],"picked":"Adrenaline","floor":6.0},{"not_picked":["Expertise","Infinite Blades"],"picked":"Backflip","floor":8.0},{"not_picked":["Outmaneuver","Sucker Punch","PiercingWail"],"picked":"A Thousand Cuts","floor":12.0},{"not_picked":["Doppelganger","Venomology","Wraith Form v2"],"picked":"After Image","floor":16.0},{"not_picked":["Blade Dance","Caltrops","Acrobatics","Slice"],"picked":"SKIP","floor":18.0},{"not_picked":["Footwork","Well Laid Plans","Deadly Poison+1"],"picked":"PiercingWail","floor":19.0},{"not_picked":["Poisoned Stab","Caltrops","Dagger Throw","Predator"],"picked":"SKIP","floor":22.0},{"not_picked":["Cloak And Dagger","Infinite Blades+1","Glass Knife"],"picked":"Escape Plan","floor":23.0},{"not_picked":["Dash","Predator","Slice"],"picked":"Burst","floor":25.0},{"not_picked":["Cloak And Dagger","Backflip","Masterful Stab","Dagger Throw"],"picked":"SKIP","floor":28.0},{"not_picked":["Well Laid Plans+1","Dodge and Roll+1","Skewer+1","Heel Hook"],"picked":"SKIP","floor":30.0},{"not_picked":["Infinite Blades+1","Predator+1","Dagger Spray+1"],"picked":"Night Terror","floor":31.0},{"not_picked":["Unload+1","Doppelganger","A Thousand Cuts+1"],"picked":"Tools of the Trade+1","floor":33.0},{"not_picked":["Cloak And Dagger+1","Caltrops+1","Tactician+1","Expertise"],"picked":"SKIP","floor":35.0},{"not_picked":["Escape Plan","Dodge and Roll","Dagger Spray+1"],"picked":"Accuracy+1","floor":38.0},{"not_picked":["Poisoned Stab+1","Dash+1","Backflip+1"],"picked":"Blur","floor":40.0},{"not_picked":["Dagger Spray+1","Deflect+1","Flying Knee+1"],"picked":"Venomology","floor":42.0},{"not_picked":["Slice+1","Flying Knee+1","Bane+1","Backstab+1"],"picked":"SKIP","floor":45.0},{"not_picked":["Riddle With Holes+1","Poisoned Stab+1","Distraction","Backstab+1"],"picked":"SKIP","floor":47.0},{"not_picked":["Predator+1","Dagger Spray+1","Prepared","All Out Attack+1"],"picked":"SKIP","floor":48}],"player_experience":238197,"relics_obtained":[{"floor":6.0,"key":"CeramicFish"},{"floor":9.0,"key":"Question Card"},{"floor":12.0,"key":"Matryoshka"},{"floor":14.0,"key":"Oddly Smooth Stone"},{"floor":14.0,"key":"Sundial"},{"floor":23.0,"key":"Frozen Egg 2"},{"floor":25.0,"key":"CaptainsWheel"},{"floor":26.0,"key":"Potion Belt"},{"floor":26.0,"key":"Bottled Tornado"},{"floor":31.0,"key":"Molten Egg 2"},{"floor":38.0,"key":"Old Coin"},{"floor":40.0,"key":"Bag of Marbles"},{"floor":42.0,"key":"Blood Vial"},{"floor":46.0,"key":"Ginger"},{"floor":47.0,"key":"Du-Vu Doll"}],"event_choices":[{"damage_healed":0.0,"max_hp_gain":0.0,"max_hp_loss":0.0,"gold_gain":0.0,"event_name":"Big Fish","player_choice":"Box","floor":2.0,"gold_loss":0.0,"damage_taken":0.0,"relics_obtained":["Smiling Mask"],"cards_obtained":["Regret"]},{"cards_removed":["Regret"],"damage_healed":0.0,"max_hp_gain":0.0,"max_hp_loss":0.0,"gold_gain":0.0,"event_name":"Living Wall","player_choice":"Forget","floor":3.0,"gold_loss":0.0,"damage_taken":0.0},{"damage_healed":0.0,"max_hp_gain":0.0,"max_hp_loss":0.0,"gold_gain":75.0,"event_name":"World of Goop","player_choice":"Gather Gold","floor":11.0,"gold_loss":0.0,"damage_taken":11.0},{"damage_healed":0.0,"max_hp_gain":0.0,"max_hp_loss":0.0,"gold_gain":0.0,"event_name":"Cursed Tome","player_choice":"Ignored","floor":21.0,"gold_loss":0.0,"damage_taken":0.0},{"damage_healed":0.0,"max_hp_gain":0.0,"max_hp_loss":33.0,"gold_gain":0.0,"event_name":"Ghosts","player_choice":"Became a Ghost","floor":27.0,"gold_loss":0.0,"damage_taken":0.0,"cards_obtained":["Ghostly","Ghostly","Ghostly"]},{"damage_healed":0.0,"max_hp_gain":0.0,"max_hp_loss":0.0,"gold_gain":0.0,"event_name":"Tomb of Lord Red Mask","player_choice":"Ignored","floor":36.0,"gold_loss":0.0,"damage_taken":0.0},{"damage_healed":0.0,"max_hp_gain":0.0,"max_hp_loss":0.0,"gold_gain":0.0,"event_name":"MindBloom","player_choice":"Fight","floor":38.0,"gold_loss":0.0,"damage_taken":0.0},{"damage_healed":0.0,"max_hp_gain":0.0,"max_hp_loss":0.0,"gold_gain":0.0,"event_name":"Mysterious Sphere","player_choice":"Fight","floor":46.0,"gold_loss":0.0,"damage_taken":0.0}],"is_beta":false,"boss_relics":[{"not_picked":["Snecko Eye","Pandora\u0027s Box"],"picked":"Runic Pyramid"},{"not_picked":["SacredBark","Tiny House"],"picked":"Cursed Key"}],"items_purged_floors":[4,20,37,39,44],"is_endless":false,"potions_floor_spawned":[1,8,12,16,18,23,30,40,42,46,48],"ascension_level":18}}