{"host":"irtkyucquvte0m2t","time":1607994070,"event":{"mods":["BaseMod","Better Note","BetterRewards","Colored Map","Colored Powertips","Downfall","Minty Spire (QoL Compilation)","Quick Restart","Rare Cards Sparkle","StSLib","everything is the same but u backflip on backflip"],"gold_per_floor":[99,99,109,128,144,69,69,169,187,187,187,240,256,275,287,287,287],"floor_reached":16,"playtime":566,"items_purged":[],"score":94,"play_id":"6dbd7105-7590-497b-9ccc-4806ed61e423","local_time":"20201214200110","is_ascension_mode":false,"campfire_choices":[{"floor":1,"key":"RECALL"},{"data":"Slimebound:CorrosiveSpit","floor":6,"key":"SMITH"},{"data":"Slimebound:Split","floor":10,"key":"SMITH"}],"circlet_count":0,"master_deck":["Slimebound:Strike_Slimebound","Slimebound:Strike_Slimebound","Slimebound:Strike_Slimebound","Slimebound:Defend_Slimebound","Slimebound:Defend_Slimebound","Slimebound:Defend_Slimebound","Slimebound:Split+1","Slimebound:CorrosiveSpit+1","Slimebound:AcidTongue","Slimebound:SplitBruiser","Slimebound:MegaLick","Slimebound:WasteNot","Slimebound:ViciousTackle","Slimebound:RollThrough","Slimebound:MassRepurpose"],"relics":["Slimebound:AbsorbEndCombat","downfall:HeartBlessingRed","The Courier","Akabeko"],"acts_visited":["Exordium"],"potions_floor_usage":[14,16,16],"damage_taken":[{"damage":13,"enemies":"Jaw Worm","floor":3,"turns":3},{"damage":5,"enemies":"2 Louse","floor":4,"turns":4},{"damage":9,"enemies":"Cultist","floor":5,"turns":3},{"damage":9,"enemies":"2 Fungi Beasts","floor":9,"turns":3},{"damage":11,"enemies":"Blue Slaver","floor":13,"turns":3},{"damage":23,"enemies":"Exordium Thugs","floor":14,"turns":4},{"damage":20,"enemies":"Red Slaver","floor":15,"turns":3},{"damage":49,"enemies":"downfall:Defect","floor":16,"turns":5}],"seed_played":"872358296552214167","potions_obtained":[{"floor":3,"key":"SneckoOil"},{"floor":9,"key":"Guardian:BlockOnCardUsePotion"},{"floor":14,"key":"Swift Potion"}],"is_trial":false,"path_per_floor":["R","?","M","M","M","R","T","?","M","R","?","T","M","M","M","B"],"character_chosen":"SLIMEBOUND","items_purchased":[],"campfire_rested":0,"item_purchase_floors":[],"current_hp_per_floor":[60,60,53,56,57,57,57,57,60,60,60,60,59,53,49,2,2],"gold":287,"neow_bonus":"REMOVE_CARD","is_daily":false,"chose_seed":false,"campfire_upgraded":2,"win_rate":0.0,"timestamp":1607994070,"path_taken":["R","?","M","M","M","R","T","?","?","R","?","?","M","?","M","BOSS"],"items_purchased_type":[],"build_version":"2020-12-13","purchased_purges":0,"victory":false,"max_hp_per_floor":[60,60,60,60,60,60,60,60,60,60,60,60,60,60,60,60,60],"card_choices":[{"not_picked":["Slimebound:FirmFortitude","Slimebound:ViciousTackle"],"picked":"Slimebound:AcidTongue","floor":3},{"not_picked":["Slimebound:ComboTackle","Slimebound:Schlurp"],"picked":"Slimebound:SplitBruiser","floor":4},{"not_picked":["Slimebound:PressTheAttack","Slimebound:SplitBruiser"],"picked":"Slimebound:MegaLick","floor":5},{"not_picked":["Slimebound:SamplingLick","Slimebound:SlimeBarrage"],"picked":"Slimebound:WasteNot","floor":9},{"not_picked":["Slimebound:GrowthPunch","Slimebound:FormOfPuddle","Slimebound:HungryTackle"],"picked":"SKIP","floor":13},{"not_picked":["Slimebound:HungryTackle","Slimebound:GrowthPunch"],"picked":"Slimebound:RollThrough","floor":14},{"not_picked":["Slimebound:HauntingLick","Slimebound:ViciousTackle"],"picked":"Slimebound:MassRepurpose","floor":15}],"player_experience":1373922,"relics_obtained":[{"floor":7,"key":"The Courier"},{"floor":12,"key":"Akabeko"}],"event_choices":[{"damage_healed":0,"gold_gain":0,"cards_transformed":["Slimebound:Tackle"],"player_choice":"Change","damage_taken":0,"max_hp_gain":0,"max_hp_loss":0,"event_name":"Living Wall","floor":11,"gold_loss":0,"cards_obtained":["Slimebound:ViciousTackle"]}],"is_beta":false,"boss_relics":[],"items_purged_floors":[],"is_endless":false,"potions_floor_spawned":[3,9,14],"killed_by":"downfall:Defect","ascension_level":0}}