{"host":"kda2p2afd6bvz6qo","time":1607996431,"event":{"mods":["BaseMod","Colored Map","Minty Spire (QoL Compilation)","Relic Stats"],"gold_per_floor":[166,166,166,183,72,98,127,141,141,160,190,190,516,533,533,638,638,656,676,209,225,225,225,244,277,289,331,353,400,412,449,461,576,588,600,657,689,701,200,230,230,262,286,286,336,336,336,366,366,366],"floor_reached":51,"playtime":3667,"items_purged":["Strike_G","Strike_G"],"score":1388,"play_id":"ba1d7337-df7c-4f8f-81eb-fdbc0005ae1a","local_time":"20201215014031","is_ascension_mode":true,"campfire_choices":[{"floor":12.0,"key":"REST"},{"data":"Noxious Fumes","floor":15.0,"key":"SMITH"},{"data":"Flechettes","floor":23.0,"key":"SMITH"},{"data":"Neutralize","floor":30.0,"key":"SMITH"},{"data":"1","floor":32.0,"key":"LIFT"},{"data":"2","floor":41.0,"key":"LIFT"},{"data":"3","floor":44.0,"key":"LIFT"},{"floor":47,"key":"REST"},{"data":"Tools of the Trade","floor":49,"key":"SMITH"}],"circlet_count":0,"master_deck":["Strike_G+1","Defend_G","Defend_G","Defend_G","Defend_G","Defend_G","Survivor","Neutralize+1","Quick Slash","Deadly Poison","Deadly Poison+1","Noxious Fumes+1","Escape Plan+1","Cloak And Dagger+1","Prepared+1","Bouncing Flask+1","Tactician+1","Malaise+1","Backflip+1","Night Terror+1","Sucker Punch+1","Outmaneuver+1","Prepared+1","Cloak And Dagger+1","Poisoned Stab+1","Phantasmal Killer+1","Flechettes+1","Concentrate+1","Acrobatics+1","Dagger Spray+1","Blur+1","Flechettes","Tools of the Trade+1","Acrobatics+1","Tactician+1","PiercingWail+1","Mayhem","Tactician+1","Adrenaline+1"],"relics":["Tiny House","Toxic Egg 2","Pear","Odd Mushroom","Matryoshka","Blood Vial","Old Coin","Runic Pyramid","Lantern","TwistedFunnel","MawBank","HornCleat","Letter Opener","Mango","PreservedInsect","Girya","HoveringKite","FossilizedHelix","Membership Card","Vajra","Nunchaku","Bottled Lightning","Strawberry","Happy Flower","Regal Pillow","TungstenRod","Paper Crane","Sundial"],"acts_visited":["Exordium","TheCity","TheBeyond"],"potions_floor_usage":[45,50],"damage_taken":[{"damage":2.0,"enemies":"Jaw Worm","floor":1.0,"turns":6.0},{"damage":0.0,"enemies":"2 Louse","floor":4.0,"turns":3.0},{"damage":12.0,"enemies":"Lagavulin","floor":6.0,"turns":5.0},{"damage":26.0,"enemies":"The Mushroom Lair","floor":7.0,"turns":5.0},{"damage":0.0,"enemies":"Cultist","floor":8.0,"turns":4.0},{"damage":20.0,"enemies":"Exordium Thugs","floor":10.0,"turns":6.0},{"damage":6.0,"enemies":"3 Sentries","floor":11.0,"turns":7.0},{"damage":15.0,"enemies":"Gremlin Nob","floor":13.0,"turns":4.0},{"damage":4.0,"enemies":"Looter","floor":14.0,"turns":4.0},{"damage":5.0,"enemies":"The Guardian","floor":16.0,"turns":8.0},{"damage":0.0,"enemies":"Shell Parasite","floor":18.0,"turns":5.0},{"damage":3.0,"enemies":"3 Byrds","floor":19.0,"turns":4.0},{"damage":0.0,"enemies":"Snake Plant","floor":21.0,"turns":5.0},{"damage":0.0,"enemies":"Snecko","floor":24.0,"turns":2.0},{"damage":2.0,"enemies":"Book of Stabbing","floor":25.0,"turns":5.0},{"damage":5.0,"enemies":"Gremlin Leader","floor":27.0,"turns":3.0},{"damage":0.0,"enemies":"Chosen and Byrds","floor":28.0,"turns":3.0},{"damage":18.0,"enemies":"Slavers","floor":29.0,"turns":2.0},{"damage":2.0,"enemies":"Gremlin Leader","floor":31.0,"turns":5.0},{"damage":28.0,"enemies":"Collector","floor":33.0,"turns":8.0},{"damage":1.0,"enemies":"3 Darklings","floor":35.0,"turns":2.0},{"damage":19.0,"enemies":"2 Orb Walkers","floor":36.0,"turns":4.0},{"damage":12.0,"enemies":"3 Shapes","floor":37.0,"turns":4.0},{"damage":0.0,"enemies":"Reptomancer","floor":40.0,"turns":5.0},{"damage":0.0,"enemies":"Giant Head","floor":42.0,"turns":7.0},{"damage":0,"enemies":"Mind Bloom Boss Battle","floor":45,"turns":2},{"damage":0,"enemies":"Nemesis","floor":48,"turns":3},{"damage":11,"enemies":"Donu and Deca","floor":50,"turns":6}],"seed_played":"6991569971244418171","potions_obtained":[{"floor":0.0,"key":"AttackPotion"},{"floor":6.0,"key":"CultistPotion"},{"floor":10.0,"key":"FearPotion"},{"floor":11.0,"key":"AttackPotion"},{"floor":14.0,"key":"EntropicBrew"},{"floor":16.0,"key":"Fire Potion"},{"floor":18.0,"key":"PowerPotion"},{"floor":19.0,"key":"SkillPotion"},{"floor":21.0,"key":"SteroidPotion"},{"floor":25.0,"key":"DuplicationPotion"},{"floor":31.0,"key":"PowerPotion"},{"floor":33.0,"key":"SmokeBomb"},{"floor":36.0,"key":"FairyPotion"},{"floor":42.0,"key":"FearPotion"},{"floor":45,"key":"Energy Potion"},{"floor":48,"key":"GhostInAJar"}],"is_trial":false,"path_per_floor":["M","?","?","M","$","E","?","M","T","M","E","R","E","M","R","B",null,"M","M","$","M","?","R","M","E","T","E","M","E","R","E","R","B",null,"M","?","M","?","$","E","R","E","T","R","?","T","R","E","R","B",null],"character_chosen":"THE_SILENT","items_purchased":["Noxious Fumes","Escape Plan+1","Lantern","Prepared+1","TwistedFunnel","Cloak And Dagger+1","PiercingWail+1","Membership Card","Vajra","Nunchaku","Mayhem","Tactician+1"],"campfire_rested":2,"item_purchase_floors":[5,5,20,20,20,20,39,39,39,39,39,39],"current_hp_per_floor":[66,66,66,66,66,64,38,38,38,18,12,37,24,22,22,19,69,71,70,70,72,72,72,74,74,74,85,87,71,71,71,71,45,86,87,70,60,60,60,62,62,71,71,71,73,73,106,106,106,95],"gold":366,"neow_bonus":"BOSS_RELIC","is_daily":false,"chose_seed":false,"campfire_upgraded":4,"win_rate":0.0,"timestamp":1607996431,"path_taken":["M","?","?","?","?","E","?","M","T","M","E","R","E","M","R","BOSS","M","M","$","M","?","R","M","E","T","E","M","E","R","E","R","BOSS","M","?","M","?","$","E","R","E","T","R","?","?","R","E","R","BOSS"],"items_purchased_type":["Card","Card","Relic","Card","Relic","Card","Card","Relic","Relic","Relic","Card","Card"],"build_version":"2020-12-13","purchased_purges":2,"victory":true,"max_hp_per_floor":[75,75,75,75,75,85,85,85,85,85,85,85,85,85,85,85,85,85,85,85,85,85,85,85,85,85,99,99,99,99,99,99,99,99,99,99,99,99,99,99,99,106,106,106,106,106,106,106,106,106],"relic_stats":{"Blood Vial":38,"Nunchaku":[4],"Regal Pillow":2,"Happy Flower":[3],"counters":[28,127],"Sundial":[0],"HoveringKite":[26],"PreservedInsect":289,"Letter Opener":[355],"MawBank":168,"obtain_stats":[{"TwistedFunnel":20,"Lantern":20,"Regal Pillow":43,"Tiny House":0,"HoveringKite":34,"Vajra":39,"Mango":27,"Old Coin":13,"Blood Vial":11,"Nunchaku":39,"Matryoshka":9,"HornCleat":26,"Sundial":48,"Strawberry":42,"Toxic Egg 2":2,"Ring of the Snake":0,"Runic Pyramid":17,"Girya":31,"Pear":6,"Happy Flower":43,"PreservedInsect":29,"Letter Opener":26,"Odd Mushroom":7,"Paper Crane":46,"MawBank":25,"Membership Card":39,"Bottled Lightning":40,"FossilizedHelix":36,"TungstenRod":45},{"TwistedFunnel":12,"Lantern":12,"Regal Pillow":25,"Tiny House":0,"HoveringKite":20,"Vajra":23,"Mango":16,"Old Coin":8,"Blood Vial":7,"Nunchaku":23,"Matryoshka":5,"HornCleat":15,"Sundial":27,"Strawberry":25,"Toxic Egg 2":1,"Ring of the Snake":0,"Runic Pyramid":10,"Girya":19,"Pear":3,"Happy Flower":25,"PreservedInsect":18,"Letter Opener":15,"Odd Mushroom":4,"Paper Crane":26,"MawBank":15,"Membership Card":23,"Bottled Lightning":24,"FossilizedHelix":22,"TungstenRod":26},{"TwistedFunnel":61,"Lantern":61,"Regal Pillow":116,"Tiny House":0,"HoveringKite":94,"Vajra":104,"Mango":76,"Old Coin":40,"Blood Vial":36,"Nunchaku":104,"Matryoshka":23,"HornCleat":73,"Sundial":121,"Strawberry":116,"Toxic Egg 2":6,"Ring of the Snake":0,"Runic Pyramid":52,"Girya":86,"Pear":14,"Happy Flower":116,"PreservedInsect":81,"Letter Opener":73,"Odd Mushroom":19,"Paper Crane":118,"MawBank":73,"Membership Card":104,"Bottled Lightning":109,"FossilizedHelix":100,"TungstenRod":118}],"TungstenRod":2},"card_choices":[{"not_picked":["Slice","Bane"],"picked":"Quick Slash","floor":0.0},{"not_picked":["Infinite Blades","Dodge and Roll"],"picked":"Deadly Poison","floor":1.0},{"not_picked":["Quick Slash","Masterful Stab"],"picked":"Deadly Poison+1","floor":4.0},{"not_picked":["Predator","Concentrate+1"],"picked":"Cloak And Dagger+1","floor":6.0},{"not_picked":["Dagger Throw","Endless Agony"],"picked":"Prepared+1","floor":7.0},{"not_picked":["Setup+1","Deadly Poison+1"],"picked":"Bouncing Flask+1","floor":8.0},{"not_picked":["Poisoned Stab","Endless Agony","Quick Slash"],"picked":"SKIP","floor":10.0},{"not_picked":["Terror+1","Blur+1"],"picked":"Tactician+1","floor":11.0},{"not_picked":["Blur+1","Acrobatics+1"],"picked":"Malaise+1","floor":13.0},{"not_picked":["Quick Slash","Noxious Fumes"],"picked":"Backflip+1","floor":14.0},{"not_picked":["Grand Finale","Adrenaline+1"],"picked":"Night Terror+1","floor":16.0},{"not_picked":["Dagger Throw","Deadly Poison+1"],"picked":"Sucker Punch+1","floor":18.0},{"not_picked":["Escape Plan+1","Cloak And Dagger+1"],"picked":"Outmaneuver+1","floor":19.0},{"not_picked":["Skewer","Well Laid Plans+1"],"picked":"Poisoned Stab+1","floor":21.0},{"not_picked":["Poisoned Stab","Bane"],"picked":"Concentrate+1","floor":24.0},{"not_picked":["Dagger Throw","Finisher+1","Dodge and Roll+1"],"picked":"SKIP","floor":25.0},{"not_picked":["Die Die Die","Deadly Poison+1"],"picked":"Acrobatics+1","floor":27.0},{"not_picked":["Deflect+1","Bane"],"picked":"Dagger Spray+1","floor":28.0},{"not_picked":["Dagger Throw","Tactician+1"],"picked":"Blur+1","floor":29.0},{"not_picked":["All Out Attack","A Thousand Cuts"],"picked":"Flechettes","floor":31.0},{"not_picked":["Burst+1","Night Terror+1"],"picked":"Tools of the Trade","floor":33.0},{"not_picked":["Choke+1","Bane"],"picked":"Acrobatics+1","floor":36.0},{"not_picked":["Escape Plan+1","Backflip+1"],"picked":"Tactician+1","floor":37.0},{"not_picked":["PiercingWail+1","Dagger Spray"],"picked":"Adrenaline+1","floor":40.0},{"not_picked":["Slice+1","Blade Dance+1","Quick Slash"],"picked":"SKIP","floor":42.0},{"not_picked":["Poisoned Stab","Deflect+1","Deadly Poison+1"],"picked":"SKIP","floor":48}],"player_experience":59791,"relics_obtained":[{"floor":6.0,"key":"Pear"},{"floor":7.0,"key":"Odd Mushroom"},{"floor":9.0,"key":"Matryoshka"},{"floor":11.0,"key":"Blood Vial"},{"floor":13.0,"key":"Old Coin"},{"floor":25.0,"key":"MawBank"},{"floor":26.0,"key":"HornCleat"},{"floor":26.0,"key":"Letter Opener"},{"floor":27.0,"key":"Mango"},{"floor":29.0,"key":"PreservedInsect"},{"floor":31.0,"key":"Girya"},{"floor":36.0,"key":"FossilizedHelix"},{"floor":40.0,"key":"Bottled Lightning"},{"floor":42.0,"key":"Strawberry"},{"floor":43.0,"key":"Happy Flower"},{"floor":43.0,"key":"Regal Pillow"},{"floor":45,"key":"TungstenRod"},{"floor":46,"key":"Paper Crane"},{"floor":48,"key":"Sundial"}],"event_choices":[{"damage_healed":0.0,"max_hp_gain":0.0,"max_hp_loss":0.0,"gold_gain":0.0,"event_name":"Big Fish","player_choice":"Box","floor":2.0,"gold_loss":0.0,"damage_taken":0.0,"relics_obtained":["Toxic Egg 2"],"cards_obtained":["Regret"]},{"cards_removed":["Regret"],"damage_healed":0.0,"max_hp_gain":0.0,"max_hp_loss":0.0,"gold_gain":0.0,"event_name":"Fountain of Cleansing","player_choice":"Removed Curses","floor":3.0,"gold_loss":0.0,"damage_taken":0.0},{"damage_healed":0.0,"max_hp_gain":0.0,"max_hp_loss":0.0,"gold_gain":0.0,"event_name":"Mushrooms","player_choice":"Fought Mushrooms","floor":7.0,"gold_loss":0.0,"damage_taken":0.0},{"damage_healed":0.0,"max_hp_gain":0.0,"max_hp_loss":0.0,"gold_gain":0.0,"cards_transformed":["Strike_G","Strike_G"],"event_name":"Drug Dealer","player_choice":"Became Test Subject","floor":22.0,"gold_loss":0.0,"damage_taken":0.0,"cards_obtained":["Phantasmal Killer","Flechettes"]},{"damage_healed":0.0,"max_hp_gain":0.0,"max_hp_loss":0.0,"gold_gain":0.0,"event_name":"Mysterious Sphere","player_choice":"Fight","floor":36.0,"gold_loss":0.0,"damage_taken":0.0},{"damage_healed":0.0,"max_hp_gain":0.0,"max_hp_loss":0.0,"gold_gain":0.0,"event_name":"Tomb of Lord Red Mask","player_choice":"Ignored","floor":38.0,"gold_loss":0.0,"damage_taken":0.0},{"damage_healed":0,"gold_gain":0,"player_choice":"Fight","damage_taken":0,"max_hp_gain":0,"max_hp_loss":0,"event_name":"MindBloom","floor":45,"gold_loss":0}],"is_beta":false,"boss_relics":[{"not_picked":["Velvet Choker","Astrolabe"],"picked":"Runic Pyramid"},{"not_picked":["SlaversCollar","Busted Crown"],"picked":"HoveringKite"}],"items_purged_floors":[20,39],"is_endless":false,"potions_floor_spawned":[6,10,11,14,16,18,19,21,25,31,33,36,42,45,48],"ascension_level":9}}