{"host":"Sumable","time":1607995110,"event":{"mods":["AchievementEnabler","BaseMod","Better Note","BetterRewards","Googly Eyes","Hermit","Minty Spire (QoL Compilation)","Quick Restart","Shop Mod","StSLib","The Cursed","everything is the same but u backflip on backflip","slay the spire mod where everything is the same but ironclad has a cowboy hat"],"gold_per_floor":[118,134,145,159,171,196,196,97,167,200,210,175,175,191,191,322,322,307,307,307,10,35,76,76,111,162,162,162],"floor_reached":27,"playtime":2272,"items_purged":[],"score":329,"play_id":"b1110b8c-0270-4a4f-9d6f-54f13ea9ae34","local_time":"20201214181830","is_ascension_mode":true,"campfire_choices":[{"data":"Defragment","floor":7,"key":"SMITH"},{"floor":15,"key":"REST"},{"floor":24,"key":"REST"}],"circlet_count":0,"master_deck":["Strike_B","Strike_B","Strike_B","Strike_B","Defend_B","Defend_B","Defend_B","Defend_B","Zap","Dualcast","Self Repair","Chill","Storm","Skim","Conserve Battery","Defragment+1","Storm","Redo","Echo Form","Storm","Injury","Heatsinks","Buffer","Writhe","Shame","Loop","Static Discharge","Loop","Static Discharge","Capacitor"],"relics":["Cracked Core","NeowsBlessing","Dream Catcher","Sundial","Dead Branch","Golden Idol","Busted Crown","Juzu Bracelet","The Courier","Nunchaku","Blue Candle","Orichalcum"],"acts_visited":["Exordium","TheCity"],"potions_floor_usage":[5,5,6,10,10,14,22],"damage_taken":[{"damage":0.0,"enemies":"Jaw Worm","floor":1.0,"turns":1.0},{"damage":0.0,"enemies":"Small Slimes","floor":2.0,"turns":1.0},{"damage":0.0,"enemies":"Cultist","floor":3.0,"turns":1.0},{"damage":3.0,"enemies":"Large Slime","floor":4.0,"turns":5.0},{"damage":7,"enemies":"Red Slaver","floor":5,"turns":3},{"damage":22,"enemies":"Lagavulin","floor":6,"turns":10},{"damage":8,"enemies":"3 Sentries","floor":10,"turns":5},{"damage":40,"enemies":"Lots of Slimes","floor":11,"turns":3},{"damage":22,"enemies":"Exordium Wildlife","floor":14,"turns":4},{"damage":29,"enemies":"Hexaghost","floor":16,"turns":6},{"damage":26,"enemies":"2 Thieves","floor":18,"turns":4},{"damage":11,"enemies":"3 Byrds","floor":22,"turns":2},{"damage":36,"enemies":"Book of Stabbing","floor":23,"turns":4},{"damage":46,"enemies":"Gremlin Leader","floor":25,"turns":6},{"damage":17,"enemies":"Shelled Parasite and Fungi","floor":27,"turns":2}],"seed_played":"2958633889956667051","potions_obtained":[{"floor":2.0,"key":"ColorlessPotion"},{"floor":4,"key":"EntropicBrew"},{"floor":11,"key":"Weak Potion"},{"floor":16,"key":"FairyPotion"},{"floor":18,"key":"FocusPotion"}],"is_trial":false,"path_per_floor":["M","M","M","M","M","E","R","$","T","E","M","?","?","M","R","B",null,"M","?","?","$","M","E","R","E","T","M"],"character_chosen":"DEFECT","items_purchased":["Storm","Redo","Loop","Static Discharge","Loop","Static Discharge","Capacitor"],"campfire_rested":2,"item_purchase_floors":[8,8,21,21,21,21,21],"current_hp_per_floor":[75,75,75,75,75,60,60,60,60,59,26,44,44,22,44,22,62,43,43,43,43,39,10,32,15,15,0,0],"gold":162,"neow_bonus":"THREE_ENEMY_KILL","is_daily":false,"chose_seed":false,"campfire_upgraded":1,"win_rate":0.0,"timestamp":1607995110,"path_taken":["M","M","M","M","M","E","R","$","T","E","M","?","?","M","R","BOSS","M","?","?","?","M","E","R","E","T","M"],"items_purchased_type":["Card","Card","Card","Card","Card","Card","Card"],"build_version":"2020-12-07","purchased_purges":0,"victory":false,"max_hp_per_floor":[75,75,75,75,75,75,75,75,75,75,75,75,75,75,75,75,75,75,75,75,75,75,75,75,75,75,75,75],"card_choices":[{"not_picked":["Conserve Battery","Beam Cell"],"picked":"Self Repair","floor":1.0},{"not_picked":["Gash","Scrape"],"picked":"Chill","floor":2.0},{"not_picked":["Compile Driver","Stack"],"picked":"Storm","floor":3.0},{"not_picked":["Gash","Reprogram"],"picked":"Skim","floor":4},{"not_picked":["Sweeping Beam","Aggregate"],"picked":"Conserve Battery","floor":5},{"not_picked":["Tempest","Compile Driver"],"picked":"Defragment","floor":6},{"not_picked":["Doom and Gloom","Barrage"],"picked":"Echo Form","floor":10},{"not_picked":["Gash","Melter"],"picked":"Storm","floor":11},{"not_picked":["Blizzard","Compile Driver"],"picked":"Heatsinks","floor":14},{"not_picked":["Multi-Cast","Biased Cognition"],"picked":"Buffer","floor":16},{"not_picked":["Turbo"],"picked":"SKIP","floor":18},{"not_picked":["Genetic Algorithm"],"picked":"SKIP","floor":22},{"not_picked":["Doom and Gloom"],"picked":"SKIP","floor":23},{"not_picked":["Ball Lightning"],"picked":"SKIP","floor":25}],"player_experience":969059,"relics_obtained":[{"floor":6,"key":"Dream Catcher"},{"floor":9,"key":"Sundial"},{"floor":10,"key":"Dead Branch"},{"floor":23,"key":"Nunchaku"},{"floor":25,"key":"Blue Candle"},{"floor":26,"key":"Orichalcum"}],"event_choices":[{"damage_healed":18,"gold_gain":0,"player_choice":"Healed","damage_taken":0,"max_hp_gain":0,"max_hp_loss":0,"event_name":"The Cleric","floor":12,"gold_loss":35},{"damage_healed":0,"gold_gain":0,"player_choice":"Take Wound","damage_taken":0,"relics_obtained":["Golden Idol"],"max_hp_gain":0,"max_hp_loss":0,"event_name":"Golden Idol","floor":13,"gold_loss":0,"cards_obtained":["Injury"]},{"damage_healed":0,"gold_gain":0,"player_choice":"Opened","damage_taken":0,"relics_obtained":["Juzu Bracelet"],"max_hp_gain":0,"max_hp_loss":0,"event_name":"The Mausoleum","floor":19,"gold_loss":0,"cards_obtained":["Writhe"]},{"damage_healed":0,"gold_gain":0,"player_choice":"Stole Relic","damage_taken":0,"relics_obtained":["The Courier"],"max_hp_gain":0,"max_hp_loss":0,"event_name":"Addict","floor":20,"gold_loss":0,"cards_obtained":["Shame"]}],"is_beta":true,"boss_relics":[{"not_picked":["Sozu","Pandora\u0027s Box"],"picked":"Busted Crown"}],"items_purged_floors":[],"is_endless":false,"potions_floor_spawned":[2,4,11,16,18],"killed_by":"Shelled Parasite and Fungi","ascension_level":5}}