{"host":"onmzcmq5a68cxj3d","time":1607997087,"event":{"mods":["BaseMod","Colored Map","Minty Spire (QoL Compilation)","Remove Card Discount Mod"],"gold_per_floor":[115,127,28,28,28,28,28,28,79,79,79,154,154,174,174,300,300,320,24,24,24,34,34,34,44,118,118,62,81,81,99,99,203,203,213,1212,1212,1212,1065,1065,1085,778,802,802,81,81,81,94,94,94],"floor_reached":51,"playtime":2723,"items_purged":["Wraith Form v2","Defend_G","Defend_G","Strike_G","Strike_G","Defend_G","Strike_G","Strike_G","Strike_G","Survivor","Normality","Normality","Defend_G"],"score":652,"play_id":"0bb24f41-7634-450f-b66e-b6857f0b4e01","local_time":"20201214185127","daily_mods":["Heirloom","Time Dilation","Flight"],"is_ascension_mode":false,"campfire_choices":[{"data":"DevaForm","floor":6,"key":"SMITH"},{"data":"Echo Form","floor":7,"key":"SMITH"},{"floor":8,"key":"REST"},{"floor":11,"key":"REST"},{"data":"Demon Form","floor":15,"key":"SMITH"},{"floor":23,"key":"REST"},{"floor":27,"key":"REST"},{"data":"Infinite Blades","floor":30,"key":"SMITH"},{"floor":32,"key":"REST"},{"floor":40,"key":"REST"},{"data":"Accuracy","floor":44,"key":"SMITH"},{"data":"Defend_G","floor":46,"key":"SMITH"},{"floor":47,"key":"REST"},{"floor":49,"key":"REST"}],"circlet_count":0,"master_deck":["Demon Form+1","Echo Form+1","DevaForm+1","Defend_G+1","Poisoned Stab+1","Deadly Poison+1","Cloak And Dagger","Infinite Blades+1","Bane","Catalyst","Bane","Accuracy+1","Blade Dance","Cloak And Dagger","Dash+1","Crippling Poison"],"relics":["Unceasing Top","The Specimen","Bloody Idol","Dream Catcher","Sundial","Black Star","TungstenRod","Ninja Scroll","SacredBark","DollysMirror","Strawberry","Toolbox","Pen Nib","Pear","ClockworkSouvenir","Turnip"],"acts_visited":["Exordium","TheCity","TheBeyond"],"potions_floor_usage":[18,25,25,33,50,50],"damage_taken":[{"damage":2,"enemies":"Small Slimes","floor":1,"turns":5},{"damage":11,"enemies":"2 Louse","floor":2,"turns":4},{"damage":6,"enemies":"Jaw Worm","floor":14,"turns":3},{"damage":48,"enemies":"The Guardian","floor":16,"turns":8},{"damage":33,"enemies":"2 Thieves","floor":18,"turns":5},{"damage":15,"enemies":"3 Byrds","floor":22,"turns":6},{"damage":17,"enemies":"Centurion and Healer","floor":25,"turns":5},{"damage":8,"enemies":"3 Cultists","floor":29,"turns":4},{"damage":21,"enemies":"Shelled Parasite and Fungi","floor":31,"turns":4},{"damage":55,"enemies":"Champ","floor":33,"turns":7},{"damage":55,"enemies":"3 Darklings","floor":35,"turns":6},{"damage":42,"enemies":"Orb Walker","floor":41,"turns":4},{"damage":36,"enemies":"4 Shapes","floor":48,"turns":10},{"damage":92,"enemies":"Donu and Deca","floor":50,"turns":8}],"seed_played":"5007923873419331538","potions_obtained":[{"floor":2,"key":"AttackPotion"},{"floor":14,"key":"FairyPotion"},{"floor":18,"key":"Ancient Potion"},{"floor":22,"key":"GamblersBrew"},{"floor":31,"key":"SteroidPotion"},{"floor":41,"key":"FearPotion"},{"floor":48,"key":"CunningPotion"}],"is_trial":true,"path_per_floor":["M","M","$","?","$","R","R","R","T","?","R","?","T","M","R","B",null,"M","$","?","?","M","R","?","M","T","R","$","M","R","M","R","B",null,"M","?","?","?","$","R","M","$","T","R","$","R","R","M","R","B",null],"character_chosen":"THE_SILENT","items_purchased":["Cloak And Dagger","Infinite Blades","TungstenRod","Blade Dance","DollysMirror","Strawberry","Toolbox","Pear","ClockworkSouvenir","Turnip"],"campfire_rested":8,"item_purchase_floors":[3,3,19,28,39,42,42,45,45,45],"current_hp_per_floor":[68,57,57,40,40,40,40,61,61,47,68,57,57,51,51,3,70,37,37,37,37,27,48,48,36,41,62,62,59,59,43,64,14,70,20,25,25,25,25,46,9,16,21,21,31,31,57,26,52,12],"gold":94,"neow_bonus":"","is_daily":false,"chose_seed":false,"campfire_upgraded":6,"win_rate":0.0,"timestamp":1607997087,"path_taken":["M","M","$","?","$","R","R","R","T","?","R","?","?","M","R","BOSS","M","$","?","?","M","R","?","M","T","R","$","M","R","?","R","BOSS","M","?","?","?","$","R","M","$","T","R","$","R","R","M","R","BOSS"],"items_purchased_type":["Card","Card","Relic","Card","Relic","Relic","Relic","Relic","Relic","Relic"],"build_version":"2020-12-13","purchased_purges":13,"victory":true,"max_hp_per_floor":[70,70,70,70,70,70,70,70,70,70,70,70,70,70,70,70,70,70,70,70,70,70,70,70,70,70,70,70,70,70,70,70,70,70,70,70,70,70,70,70,70,77,77,77,87,87,87,87,87,87],"card_choices":[{"not_picked":["Dagger Throw","Bane"],"picked":"Poisoned Stab","floor":1},{"not_picked":["Deflect","All Out Attack"],"picked":"Deadly Poison","floor":2},{"not_picked":["Endless Agony","Backstab"],"picked":"Bane","floor":11},{"not_picked":["Bane","Choke"],"picked":"Catalyst","floor":14},{"not_picked":["Dodge and Roll","Deadly Poison+1"],"picked":"Bane","floor":18},{"not_picked":["Deflect","Heel Hook+1","Slice"],"picked":"SKIP","floor":22},{"not_picked":["Dagger Throw","Sucker Punch","Finisher+1"],"picked":"SKIP","floor":25},{"not_picked":["Reflex","Prepared"],"picked":"Accuracy","floor":27},{"not_picked":["Cloak And Dagger","Masterful Stab","Flying Knee"],"picked":"SKIP","floor":29},{"not_picked":["Cloak And Dagger+1","Outmaneuver+1","Quick Slash"],"picked":"SKIP","floor":31},{"not_picked":["Dagger Throw+1","Distraction+1","Cloak And Dagger+1"],"picked":"SKIP","floor":35},{"not_picked":["Choke","Bane"],"picked":"Dash+1","floor":40},{"not_picked":["Blade Dance+1","Choke+1","Flechettes+1"],"picked":"SKIP","floor":41},{"not_picked":["PiercingWail+1","Bane+1"],"picked":"Crippling Poison","floor":48}],"player_experience":421996,"relics_obtained":[{"floor":9,"key":"Dream Catcher"},{"floor":13,"key":"Sundial"},{"floor":26,"key":"Ninja Scroll"},{"floor":43,"key":"Pen Nib"}],"event_choices":[{"damage_healed":0,"gold_gain":0,"player_choice":"Take Damage","damage_taken":17,"relics_obtained":["Golden Idol"],"max_hp_gain":0,"max_hp_loss":0,"event_name":"Golden Idol","floor":4,"gold_loss":0},{"damage_healed":0,"gold_gain":0,"player_choice":"Entered Light","damage_taken":14,"max_hp_gain":0,"max_hp_loss":0,"event_name":"Shining Light","floor":10,"gold_loss":0,"cards_upgraded":["Deadly Poison","Poisoned Stab"]},{"damage_healed":0,"gold_gain":75,"player_choice":"Gather Gold","damage_taken":11,"max_hp_gain":0,"max_hp_loss":0,"event_name":"World of Goop","floor":12,"gold_loss":0},{"damage_healed":0,"gold_gain":0,"player_choice":"Ignored","damage_taken":0,"max_hp_gain":0,"max_hp_loss":0,"event_name":"Ghosts","floor":20,"gold_loss":0},{"damage_healed":0,"gold_gain":0,"player_choice":"Gave Idol","damage_taken":0,"relics_obtained":["Bloody Idol"],"max_hp_gain":0,"max_hp_loss":0,"event_name":"Forgotten Altar","floor":21,"relics_lost":["Golden Idol"],"gold_loss":0},{"damage_healed":0,"gold_gain":0,"player_choice":"Ignored","damage_taken":0,"max_hp_gain":0,"max_hp_loss":0,"event_name":"NoteForYourself","floor":24,"gold_loss":0},{"damage_healed":0,"gold_gain":999,"player_choice":"Gold","damage_taken":0,"max_hp_gain":0,"max_hp_loss":0,"event_name":"MindBloom","floor":36,"gold_loss":0,"cards_obtained":["Normality","Normality"]},{"damage_healed":0,"gold_gain":0,"player_choice":"Ignored","damage_taken":0,"max_hp_gain":0,"max_hp_loss":0,"event_name":"Tomb of Lord Red Mask","floor":37,"gold_loss":0},{"cards_removed":["Neutralize"],"damage_healed":0,"gold_gain":0,"player_choice":"Removed Attack","damage_taken":0,"max_hp_gain":0,"max_hp_loss":0,"event_name":"Falling","floor":38,"gold_loss":0}],"is_beta":false,"boss_relics":[{"not_picked":["Pandora\u0027s Box","Velvet Choker"],"picked":"Black Star"},{"not_picked":["Cursed Key","Fusion Hammer"],"picked":"SacredBark"}],"items_purged_floors":[3,3,3,3,3,3,19,19,28,28,39,39,42],"is_endless":false,"potions_floor_spawned":[2,14,18,22,31,41,48],"ascension_level":0}}