{"host":"512s0dw15c3jqxy4","time":1607999373,"event":{"mods":["BaseMod","Colored Powertips","Highlight Path","Minty Spire (QoL Compilation)","Quick Restart","Relic Stats"],"gold_per_floor":[119,42,217,233,183,218,229,229,229,263,243,257,257,274,274,274,274],"floor_reached":16,"playtime":666,"items_purged":[],"score":127,"play_id":"3cf81959-0a2f-4c20-8564-9d958ded9138","local_time":"20201214162933","is_ascension_mode":true,"campfire_choices":[{"floor":8,"key":"REST"},{"floor":13,"key":"REST"},{"data":"Echo Form","floor":15,"key":"SMITH"}],"circlet_count":0,"master_deck":["Strike_B","Strike_B","Strike_B","Strike_B","Defend_B","Defend_B","Defend_B","Defend_B","Zap","Dualcast","Streamline","Rebound","Leap","Heatsinks","Recycle","Echo Form+1","Cold Snap","Chill"],"relics":["Black Star","Matryoshka","WingedGreaves","Vajra","Pen Nib","Blue Candle","Strawberry"],"acts_visited":["Exordium"],"potions_floor_usage":[10],"damage_taken":[{"damage":3,"enemies":"Jaw Worm","floor":1,"turns":5},{"damage":1,"enemies":"2 Louse","floor":4,"turns":2},{"damage":45,"enemies":"Lagavulin","floor":6,"turns":8},{"damage":1,"enemies":"Cultist","floor":7,"turns":3},{"damage":31,"enemies":"3 Sentries","floor":10,"turns":12},{"damage":6,"enemies":"2 Fungi Beasts","floor":12,"turns":4},{"damage":26,"enemies":"Exordium Thugs","floor":14,"turns":7},{"damage":16,"enemies":"Hexaghost","floor":16,"turns":3}],"seed_played":"5255944226697933895","potions_obtained":[{"floor":1,"key":"Strength Potion"},{"floor":4,"key":"Block Potion"},{"floor":11,"key":"PotionOfCapacity"},{"floor":12,"key":"SkillPotion"},{"floor":14,"key":"DistilledChaos"}],"is_trial":false,"path_per_floor":["M","$","?","M","?","E","M","R","T","E","?","M","R","M","R","B"],"character_chosen":"DEFECT","items_purchased":["Rebound","Leap"],"campfire_rested":2,"item_purchase_floors":[2,2],"current_hp_per_floor":[72,72,72,71,71,26,25,47,47,23,23,17,41,15,15,0,0],"gold":274,"neow_bonus":"BOSS_RELIC","is_daily":false,"chose_seed":false,"campfire_upgraded":1,"win_rate":0.0,"timestamp":1607999373,"path_taken":["M","$","?","M","?","E","M","R","T","E","?","M","R","M","R","BOSS"],"items_purchased_type":["Card","Card"],"build_version":"2020-12-13","purchased_purges":0,"victory":false,"max_hp_per_floor":[75,75,75,75,75,75,75,75,75,82,82,82,82,82,82,82,82],"relic_stats":{"counters":[8,44],"Blue Candle":[0],"Pen Nib":[2],"Black Star":2,"obtain_stats":[{"Matryoshka":6,"Blue Candle":10,"Strawberry":10,"Vajra":9,"WingedGreaves":6,"Pen Nib":9,"Black Star":0,"Cracked Core":0},{"Matryoshka":3,"Blue Candle":5,"Strawberry":5,"Vajra":4,"WingedGreaves":3,"Pen Nib":4,"Black Star":0,"Cracked Core":0},{"Matryoshka":15,"Blue Candle":30,"Strawberry":30,"Vajra":18,"WingedGreaves":15,"Pen Nib":18,"Black Star":0,"Cracked Core":0}]},"card_choices":[{"not_picked":["Hello World","Scrape"],"picked":"Streamline","floor":1},{"not_picked":["Redo","Ball Lightning"],"picked":"Heatsinks","floor":4},{"not_picked":["Compile Driver","Turbo"],"picked":"Recycle","floor":6},{"not_picked":["Redo","Turbo","Biased Cognition"],"picked":"SKIP","floor":7},{"not_picked":["Compile Driver","Lockon"],"picked":"Echo Form","floor":10},{"not_picked":["Streamline","Gash"],"picked":"Cold Snap","floor":12},{"not_picked":["Barrage","Coolheaded"],"picked":"Chill","floor":14}],"player_experience":204202,"relics_obtained":[{"floor":6,"key":"Matryoshka"},{"floor":6,"key":"WingedGreaves"},{"floor":9,"key":"Vajra"},{"floor":9,"key":"Pen Nib"},{"floor":10,"key":"Blue Candle"},{"floor":10,"key":"Strawberry"}],"event_choices":[{"damage_healed":0,"gold_gain":175,"player_choice":"AGREE","damage_taken":0,"max_hp_gain":0,"max_hp_loss":0,"event_name":"Liars Game","floor":3,"gold_loss":0,"cards_obtained":["Doubt"]},{"cards_removed":["Doubt"],"damage_healed":0,"gold_gain":0,"player_choice":"Card Removal","damage_taken":0,"max_hp_gain":0,"max_hp_loss":0,"event_name":"The Cleric","floor":5,"gold_loss":50},{"damage_healed":0,"gold_gain":0,"player_choice":"Bought 1 Potion","damage_taken":0,"max_hp_gain":0,"max_hp_loss":0,"event_name":"The Woman in Blue","floor":11,"gold_loss":0}],"is_beta":false,"boss_relics":[],"items_purged_floors":[],"is_endless":false,"potions_floor_spawned":[1,4,12,14],"killed_by":"Hexaghost","ascension_level":3}}