{"host":"0fmi5fguj5lvt8pf","time":1607995409,"event":{"mods":["BaseMod","BetterRewards","Colored Map","Downfall","Minty Spire (QoL Compilation)","Permanent Neow","StSLib"],"gold_per_floor":[199,199,213,213,233,243,270,297,317,335,335,354,504,604,619,723,723,723,733,733,743,768,768,768,543,553,581,601,617,617,124,136,231,231,231,206,220,95,108,108,131,131,179,214,226,239,289,11,21,21,21,53,3,3,3],"floor_reached":56,"playtime":4603,"items_purged":["champ:Strike","champ:Defend","Slimebound:Icky","champ:Strike","champ:Strike"],"score":1371,"play_id":"28c5da43-74c8-471b-b952-3398135566ec","local_time":"20201214172329","is_ascension_mode":false,"campfire_choices":[{"data":"champ:Taunt","floor":1.0,"key":"SMITH"},{"data":"champ:AdrenalArmor","floor":4.0,"key":"SMITH"},{"floor":18.0,"key":"RECALL"},{"data":"champ:FocusedBerserking","floor":23.0,"key":"SMITH"},{"data":"champ:RageSigil","floor":25.0,"key":"SMITH"},{"data":"champ:Improvising","floor":35.0,"key":"SMITH"},{"data":"champ:AdrenalArmor","floor":40.0,"key":"SMITH"},{"data":"champ:LastStand","floor":54.0,"key":"SMITH"}],"circlet_count":0,"master_deck":["champ:Strike","champ:Defend","champ:Defend","champ:Defend","champ:Execute","champ:Taunt+1","champ:AdrenalArmor+1","champ:FocusedBerserking+1","champ:CheapShot+1","champ:AdrenalArmor+1","champ:LastStand+1","champ:HeartStrike+1","champ:CrookedStrike+1","champ:Encircle+1","champ:RageSigil","champ:Encircle+1","Necronomicurse","champ:BerserkersShout+1","expansioncontent:DashGenerateEvil+1","PanicButton","champ:FocusedBerserking+1","champ:Improvising+1","champ:Shatter+1","champ:BerserkerStyle+1","champ:Duel+1","champ:SwordThrow+1"],"relics":["champ:ChampionCrown","Oddly Smooth Stone","Molten Egg 2","SlaversCollar","Happy Flower","downfall:HeartBlessingRed","downfall:HeartBlessingGreen","downfall:HeartBlessingBlue","Sundial","Necronomicon","OrangePellets","Sozu","Pear","MealTicket","Calipers","Smiling Mask","champ:GladiatorsBookOfMartialProwess","Membership Card","Lee\u0027s Waffle","Toy Ornithopter"],"acts_visited":["Exordium","TheCity","TheBeyond","TheEnding"],"potions_floor_usage":[55,55],"damage_taken":[{"damage":15.0,"enemies":"Small Slimes","floor":3.0,"turns":5.0},{"damage":30.0,"enemies":"Cultist","floor":5.0,"turns":5.0},{"damage":16.0,"enemies":"2 Louse","floor":6.0,"turns":3.0},{"damage":71.0,"enemies":"3 Sentries","floor":8.0,"turns":9.0},{"damage":22.0,"enemies":"2 Fungi Beasts","floor":9.0,"turns":5.0},{"damage":51.0,"enemies":"Gremlin Gang","floor":10.0,"turns":9.0},{"damage":21.0,"enemies":"3 Louse","floor":12.0,"turns":4.0},{"damage":27.0,"enemies":"Red Slaver","floor":15.0,"turns":6.0},{"damage":125.0,"enemies":"downfall:Defect","floor":16.0,"turns":10.0},{"damage":107.0,"enemies":"Shell Parasite","floor":19.0,"turns":11.0},{"damage":44.0,"enemies":"Chosen","floor":21.0,"turns":6.0},{"damage":82.0,"enemies":"Slavers","floor":22.0,"turns":9.0},{"damage":43.0,"enemies":"Snake Plant","floor":26.0,"turns":7.0},{"damage":69.0,"enemies":"Gremlin Leader","floor":27.0,"turns":9.0},{"damage":62.0,"enemies":"Sentry and Sphere","floor":28.0,"turns":7.0},{"damage":35.0,"enemies":"Snecko","floor":29.0,"turns":3.0},{"damage":46.0,"enemies":"downfall:FleeingMerchant","floor":31.0,"turns":5.0},{"damage":22.0,"enemies":"Snake Plant","floor":32.0,"turns":2.0},{"damage":45.0,"enemies":"downfall:Ironclad","floor":33.0,"turns":4.0},{"damage":38.0,"enemies":"downfall:FleeingMerchant","floor":36.0,"turns":3.0},{"damage":19.0,"enemies":"3 Shapes","floor":37.0,"turns":2.0},{"damage":47.0,"enemies":"3 Darklings","floor":39.0,"turns":3.0},{"damage":67.0,"enemies":"2 Orb Walkers","floor":43.0,"turns":4.0},{"damage":154.0,"enemies":"Reptomancer","floor":44.0,"turns":7.0},{"damage":66.0,"enemies":"Maw","floor":45.0,"turns":3.0},{"damage":48.0,"enemies":"Writhing Mass","floor":46.0,"turns":5.0},{"damage":100.0,"enemies":"Mind Bloom Boss Battle","floor":47.0,"turns":6.0},{"damage":64.0,"enemies":"Sphere and 2 Shapes","floor":49.0,"turns":4.0},{"damage":97.0,"enemies":"downfall:Silent","floor":50.0,"turns":6.0},{"damage":166.0,"enemies":"downfall:CharBossMerchant","floor":52.0,"turns":7.0},{"damage":293,"enemies":"downfall:NeowBoss","floor":55,"turns":19}],"seed_played":"6515681617373226947","potions_obtained":[{"floor":3.0,"key":"SteroidPotion"},{"floor":5.0,"key":"DistilledChaos"},{"floor":9.0,"key":"CultistPotion"},{"floor":10.0,"key":"SpeedPotion"},{"floor":19.0,"key":"Guardian:BlockOnCardUsePotion"},{"floor":29.0,"key":"SpeedPotion"},{"floor":33.0,"key":"Energy Potion"}],"is_trial":false,"path_per_floor":["R","?","M","R","M","M","T","E","M","M","?","M","?","?","M","B",null,"R","M","?","M","E","R","T","R","M","E","M","M","?","$","M","B",null,"R","?","M","$","M","R","T","?","?","E","M","M","?","$","M","B",null,"E","$","R","B",null],"character_chosen":"THE_CHAMP","items_purchased":["expansioncontent:DashGenerateEvil+1","OrangePellets","PanicButton","Pear","Membership Card","champ:SwordThrow+1"],"campfire_rested":0,"item_purchase_floors":[31,31,31,36,48,48],"current_hp_per_floor":[90,75,70,70,63,63,63,48,42,48,79,82,82,82,95,89,95,95,89,89,85,46,46,46,56,52,45,36,52,36,43,51,52,105,105,115,115,115,115,115,115,115,92,74,101,115,115,115,115,115,115,122,122,122,122],"gold":3,"neow_bonus":"HUNDRED_GOLD","is_daily":false,"chose_seed":false,"campfire_upgraded":7,"win_rate":0.0,"timestamp":1607995409,"path_taken":["R","?","M","R","?","M","T","E","M","?","?","M","?","?","M","BOSS","R","?","?","?","E","R","T","R","M","E","M","M","?","$","M","BOSS","R","?","M","$","M","R","T","?","?","E","?","M","?","?","M","BOSS","E","$","R","BOSS"],"items_purchased_type":["Card","Relic","Card","Relic","Relic","Card"],"build_version":"2020-12-13","purchased_purges":5,"victory":true,"max_hp_per_floor":[90,90,90,90,90,90,90,90,90,95,95,95,95,95,95,95,95,95,95,95,95,95,95,95,105,105,105,105,105,105,105,105,105,105,105,115,115,115,115,115,115,115,115,115,115,115,115,115,115,115,115,122,122,122,122],"card_choices":[{"not_picked":["champ:BerserkersShout","champ:BladeFlurry"],"picked":"champ:AdrenalArmor","floor":3.0},{"not_picked":["champ:CrookedStrike","champ:Circumvent","champ:TornadoPunch"],"picked":"SKIP","floor":5.0},{"not_picked":["champ:Control","champ:DefensiveStyle","champ:RecklessLeap"],"picked":"SKIP","floor":6.0},{"not_picked":["champ:RapidStrikes+1","champ:CrookedStrike+1"],"picked":"champ:FightOn","floor":8.0},{"not_picked":["champ:ShieldSigil","champ:GladiatorStyle"],"picked":"champ:FocusedBerserking","floor":9.0},{"not_picked":["champ:DefensiveShout","champ:FanOfKnives+1"],"picked":"champ:RageSigil","floor":10.0},{"not_picked":["champ:Control","champ:Haymaker+1"],"picked":"champ:CheapShot+1","floor":12.0},{"not_picked":["champ:Haymaker+1","champ:GladiatorsShout"],"picked":"champ:AdrenalArmor","floor":15.0},{"not_picked":["champ:ShieldSlam+1","champ:DancingMaster"],"picked":"champ:LastStand","floor":16.0},{"not_picked":["champ:Haymaker+1","champ:GladiatorsShout"],"picked":"champ:HeartStrike+1","floor":19.0},{"not_picked":["champ:Circumvent","champ:EnGarde"],"picked":"champ:CrookedStrike+1","floor":21.0},{"not_picked":["champ:Devastate+1","champ:FocusedDefense"],"picked":"champ:Encircle+1","floor":22.0},{"not_picked":["champ:PerfectedStrike+1","champ:ShieldWall"],"picked":"champ:RageSigil","floor":26.0},{"not_picked":["champ:Riposte+1","champ:GladiatorsShout+1"],"picked":"champ:Encircle+1","floor":27.0},{"not_picked":["champ:ViciousMockery","champ:PreciseThrust+1","champ:SwordSigil"],"picked":"SKIP","floor":28.0},{"not_picked":["champ:FanOfKnives+1","champ:Haymaker+1","champ:Lariat"],"picked":"SKIP","floor":29.0},{"not_picked":["champ:DefensiveShout","champ:Aggression"],"picked":"champ:BerserkersShout+1","floor":31.0},{"not_picked":["champ:HeavySlash+1","champ:RageSigil"],"picked":"champ:FocusedBerserking+1","floor":32.0},{"not_picked":["champ:CrownThrow+1","champ:CheapShot+1"],"picked":"champ:Improvising","floor":33.0},{"not_picked":["champ:SwordSigil","champ:BerserkersShout+1","champ:FlashCut+1"],"picked":"SKIP","floor":36.0},{"not_picked":["champ:TornadoPunch+1","champ:Riposte+1","champ:ShieldSigil"],"picked":"SKIP","floor":37.0},{"not_picked":["champ:SwordSigil+1","champ:Circumvent","champ:CrookedStrike+1"],"picked":"SKIP","floor":39.0},{"not_picked":["champ:RageSigil","champ:FaceSlap+1","champ:HeartStrike+1"],"picked":"SKIP","floor":44.0},{"not_picked":["champ:RageSigil+1","champ:Lariat"],"picked":"champ:Shatter+1","floor":45.0},{"not_picked":["champ:FlashCut+1","champ:EnGarde"],"picked":"champ:BerserkerStyle+1","floor":46.0},{"not_picked":["champ:FalseCounter+1","champ:AdrenalArmor"],"picked":"champ:Duel+1","floor":47.0},{"not_picked":["champ:RageSigil","champ:BerserkersShout+1","champ:TornadoPunch+1"],"picked":"SKIP","floor":49.0},{"not_picked":["champ:DefensiveStyle","champ:RecklessLeap+1","champ:StrikeOfGenius"],"picked":"SKIP","floor":52.0}],"player_experience":1146865,"relics_obtained":[{"floor":7.0,"key":"Oddly Smooth Stone"},{"floor":8.0,"key":"Molten Egg 2"},{"floor":22.0,"key":"Happy Flower"},{"floor":27.0,"key":"Sundial"},{"floor":30.0,"key":"Necronomicon"},{"floor":41.0,"key":"MealTicket"},{"floor":43.0,"key":"Calipers"},{"floor":44.0,"key":"Smiling Mask"},{"floor":47.0,"key":"champ:GladiatorsBookOfMartialProwess"},{"floor":52.0,"key":"Lee\u0027s Waffle"},{"floor":52.0,"key":"Toy Ornithopter"}],"event_choices":[{"damage_healed":31.0,"max_hp_gain":0.0,"max_hp_loss":0.0,"gold_gain":0.0,"event_name":"Big Fish","player_choice":"Banana","floor":11.0,"gold_loss":0.0,"damage_taken":0.0},{"damage_healed":0.0,"max_hp_gain":0.0,"max_hp_loss":0.0,"gold_gain":0.0,"event_name":"Lab","player_choice":"Got Potions","floor":20.0,"gold_loss":0.0,"damage_taken":0.0},{"cards_removed":["champ:RageSigil"],"damage_healed":0.0,"max_hp_gain":0.0,"max_hp_loss":0.0,"gold_gain":0.0,"event_name":"Falling","player_choice":"Removed Skill","floor":42.0,"gold_loss":0.0,"damage_taken":0.0},{"damage_healed":0.0,"max_hp_gain":0.0,"max_hp_loss":0.0,"gold_gain":0.0,"event_name":"Mysterious Sphere","player_choice":"Fight","floor":43.0,"gold_loss":0.0,"damage_taken":0.0}],"is_beta":false,"boss_relics":[{"not_picked":["sneckomod:SneckoTalon","SacredBark"],"picked":"SlaversCollar"},{"not_picked":["Tiny House","Runic Pyramid"],"picked":"Sozu"}],"items_purged_floors":[31,36,38,48,53],"is_endless":false,"potions_floor_spawned":[3,5,9,10,19,21,29,33,39,45,47,52],"ascension_level":0}}