{"host":"f5n4tidiz2n5sooh","time":1607997192,"event":{"mods":["BaseMod","Colored Map","Minty Spire (QoL Compilation)","Relic Stats","StSLib"],"gold_per_floor":[99,99,18,18,18,18,18,18,18,18,18,18,18,18,18,18,18,18,0,0,0,0,0,0,0],"floor_reached":24,"playtime":1647,"items_purged":[],"score":578,"play_id":"dda01af7-f29d-4570-aa31-8245b25401c7","local_time":"20201214195312","is_ascension_mode":true,"campfire_choices":[{"data":"Second Wind","floor":7,"key":"SMITH"},{"data":"Demon Form","floor":10,"key":"SMITH"},{"data":"Shrug It Off","floor":15,"key":"SMITH"},{"floor":23,"key":"REST"}],"circlet_count":0,"master_deck":["AscendersBane","Strike_R","Strike_R","Strike_R","Strike_R","Strike_R","Defend_R","Defend_R","Defend_R","Defend_R","Bash","Rampage","Second Wind+1","Battle Trance","Demon Form+1","Dark Embrace","Carnage","Shrug It Off+1","Reaper","True Grit","True Grit","Decay"],"relics":["Ectoplasm","FossilizedHelix","MawBank","Mercury Hourglass","Strawberry","Pocketwatch","Philosopher\u0027s Stone"],"acts_visited":["Exordium","TheCity"],"potions_floor_usage":[11,13,16,19,19],"damage_taken":[{"damage":5,"enemies":"Small Slimes","floor":1,"turns":4},{"damage":0,"enemies":"Cultist","floor":2,"turns":4},{"damage":4,"enemies":"2 Louse","floor":4,"turns":2},{"damage":23,"enemies":"Gremlin Nob","floor":6,"turns":4},{"damage":0,"enemies":"Blue Slaver","floor":8,"turns":4},{"damage":10,"enemies":"3 Sentries","floor":11,"turns":4},{"damage":6,"enemies":"3 Louse","floor":12,"turns":3},{"damage":0,"enemies":"Lagavulin","floor":13,"turns":5},{"damage":0,"enemies":"The Guardian","floor":16,"turns":8},{"damage":38,"enemies":"3 Byrds","floor":18,"turns":5},{"damage":29,"enemies":"2 Thieves","floor":19,"turns":4},{"damage":57,"enemies":"Book of Stabbing","floor":24,"turns":5}],"seed_played":"5554538276682410608","potions_obtained":[{"floor":6,"key":"SteroidPotion"},{"floor":8,"key":"DistilledChaos"},{"floor":13,"key":"ColorlessPotion"},{"floor":16,"key":"Dexterity Potion"},{"floor":18,"key":"FearPotion"}],"is_trial":false,"path_per_floor":["M","M","$","M","?","E","R","M","T","R","E","M","E","?","R","B",null,"M","M","?","?","?","R","E"],"character_chosen":"IRONCLAD","items_purchased":["Battle Trance"],"campfire_rested":1,"item_purchase_floors":[3],"current_hp_per_floor":[63,63,63,59,59,36,36,36,36,36,33,27,27,27,27,27,68,34,5,21,21,21,45,0,0],"gold":0,"neow_bonus":"BOSS_RELIC","is_daily":false,"chose_seed":false,"campfire_upgraded":3,"win_rate":0.0,"timestamp":1607997192,"path_taken":["M","M","$","M","?","E","R","?","T","R","E","M","E","?","R","BOSS","M","M","?","?","?","R","E"],"items_purchased_type":["Card"],"build_version":"2020-12-13","purchased_purges":0,"victory":false,"max_hp_per_floor":[75,75,75,75,75,75,75,75,75,75,82,82,82,82,82,82,82,82,82,82,82,82,82,82,82],"relic_stats":{"counters":[12,51],"Ectoplasm":586,"MawBank":0,"obtain_stats":[{"Strawberry":11,"Philosopher\u0027s Stone":17,"Ectoplasm":0,"MawBank":6,"Burning Blood":0,"FossilizedHelix":5,"Mercury Hourglass":9,"Pocketwatch":13},{"Strawberry":6,"Philosopher\u0027s Stone":9,"Ectoplasm":0,"MawBank":4,"Burning Blood":0,"FossilizedHelix":3,"Mercury Hourglass":5,"Pocketwatch":8},{"Strawberry":22,"Philosopher\u0027s Stone":37,"Ectoplasm":0,"MawBank":14,"Burning Blood":0,"FossilizedHelix":10,"Mercury Hourglass":18,"Pocketwatch":29}],"Mercury Hourglass":[145],"Pocketwatch":[30]},"card_choices":[{"not_picked":["Armaments","Headbutt"],"picked":"Rampage","floor":1},{"not_picked":["Anger","Cleave"],"picked":"Second Wind","floor":2},{"not_picked":["Searing Blow","Iron Wave"],"picked":"Uppercut","floor":4},{"not_picked":["Iron Wave","Rage"],"picked":"Demon Form","floor":6},{"not_picked":["Shrug It Off","Anger"],"picked":"Dark Embrace","floor":8},{"not_picked":["Perfected Strike","Clash","Cleave"],"picked":"SKIP","floor":11},{"not_picked":["Anger","Wild Strike"],"picked":"Carnage","floor":12},{"not_picked":["Dark Embrace","Wild Strike"],"picked":"Shrug It Off","floor":13},{"not_picked":["Impervious","Juggernaut"],"picked":"Reaper","floor":16},{"not_picked":["Blood for Blood+1","Sever Soul"],"picked":"True Grit","floor":18},{"not_picked":["Cleave","Anger"],"picked":"True Grit","floor":19}],"player_experience":1888455,"relics_obtained":[{"floor":6,"key":"MawBank"},{"floor":9,"key":"Mercury Hourglass"},{"floor":11,"key":"Strawberry"},{"floor":13,"key":"Pocketwatch"}],"event_choices":[{"cards_removed":["Uppercut"],"damage_healed":0,"gold_gain":0,"player_choice":"Gave Card","damage_taken":0,"relics_obtained":["FossilizedHelix"],"max_hp_gain":0,"max_hp_loss":0,"event_name":"WeMeetAgain","floor":5,"gold_loss":0},{"damage_healed":0,"gold_gain":0,"player_choice":"Fled","damage_taken":0,"max_hp_gain":0,"max_hp_loss":0,"event_name":"Scrap Ooze","floor":14,"gold_loss":0},{"damage_healed":16,"gold_gain":0,"player_choice":"Heal","damage_taken":0,"max_hp_gain":0,"max_hp_loss":0,"event_name":"The Library","floor":20,"gold_loss":0},{"damage_healed":0,"gold_gain":0,"player_choice":"Smashed Altar","damage_taken":0,"max_hp_gain":0,"max_hp_loss":0,"event_name":"Forgotten Altar","floor":21,"gold_loss":0,"cards_obtained":["Decay"]}],"is_beta":false,"boss_relics":[{"not_picked":["Pandora\u0027s Box","Runic Dome"],"picked":"Philosopher\u0027s Stone"}],"items_purged_floors":[],"is_endless":false,"potions_floor_spawned":[6,8,13,16,18],"killed_by":"Book of Stabbing","ascension_level":20}}