{"host":"wonp23fsqqcu31ie","time":1607999789,"event":{"mods":["2.2 Compatiblity","AchievementEnabler","Aspiration","BaseMod","Better Altar","Better Match","Better Sensory Stone","Better Skull","Better Third Choice","BetterRewards","Block Reminder","Colored Map","Colored Powertips","Conspire","DeckTracker","Displayed Cursed Tome","Downfall","Hermit","Highlight Path","Hubris","Minty Spire (QoL Compilation)","Permanent Neow","Quick Restart","Rare Cards Sparkle","Relic Stats","Replay The Spire","Shade Mod","Shop Mod","StSLib","SuperFastMode","The Animator","The Cursed","The Gatherer","The Necromancer","The Runesmith","The Servant 0.9.4"],"gold_per_floor":[126,89,89,89,311,311,311,311],"floor_reached":7,"playtime":122,"items_purged":[],"score":41,"play_id":"798e048b-c9b0-4512-8fcf-b659d87f1cb9","local_time":"20201215133629","is_ascension_mode":true,"campfire_choices":[{"floor":6,"key":"REST"}],"circlet_count":0,"master_deck":["animator:Strike_FullmetalAlchemist","animator:Defend_FullmetalAlchemist","animator:Strike","animator:Strike","animator:Strike","animator:Defend","animator:Defend","animator:ElricEdward","animator:ElricAlphonse","animator:Lancer","animator:Emonzaemon","animator:Emonzaemon","BattleHymn"],"relics":["animator:LivingPicture","animator:TheMissingPiece","aspiration:Nostalgia","Gatherer:AlchemyBag","Smiling Mask","Juzu Bracelet"],"acts_visited":["Exordium"],"potions_floor_usage":[],"damage_taken":[{"damage":9,"enemies":"2 Louse","floor":1,"turns":3},{"damage":36,"enemies":"Lagavulin","floor":7,"turns":4}],"seed_played":"4241663389337809296","potions_obtained":[],"is_trial":false,"path_per_floor":["M","$","?","?","?","R","E"],"character_chosen":"THE_ANIMATOR","items_purchased":["animator:Emonzaemon"],"campfire_rested":1,"item_purchase_floors":[2],"current_hp_per_floor":[57,57,45,45,16,35,0,0],"gold":311,"neow_bonus":"NOSTALGIA","is_daily":false,"chose_seed":false,"campfire_upgraded":0,"win_rate":0.0,"timestamp":1607999789,"path_taken":["M","$","?","?","?","R","E"],"items_purchased_type":["Card"],"build_version":"2020-12-13","purchased_purges":0,"victory":false,"max_hp_per_floor":[66,66,66,66,66,66,66,66],"relic_stats":{"counters":[2,7],"Juzu Bracelet":0,"Smiling Mask":0,"obtain_stats":[{"aspiration:Nostalgia":0,"animator:TheMissingPiece":0,"animator:LivingPicture":0,"Juzu Bracelet":5,"Smiling Mask":3,"Gatherer:AlchemyBag":0},{"aspiration:Nostalgia":0,"animator:TheMissingPiece":0,"animator:LivingPicture":0,"Juzu Bracelet":1,"Smiling Mask":1,"Gatherer:AlchemyBag":0},{"aspiration:Nostalgia":0,"animator:TheMissingPiece":0,"animator:LivingPicture":0,"Juzu Bracelet":3,"Smiling Mask":3,"Gatherer:AlchemyBag":0}]},"card_choices":[{"not_picked":["animator:Alexander","animator:Emonzaemon"],"picked":"animator:Lancer","floor":1}],"player_experience":611675,"relics_obtained":[],"event_choices":[{"damage_healed":0,"gold_gain":222,"player_choice":"RE GO GO ","damage_taken":33,"relics_obtained":["Juzu Bracelet"],"max_hp_gain":0,"max_hp_loss":0,"event_name":"betterSkull:BetterSkull","floor":5,"gold_loss":0,"cards_upgraded":[]}],"is_beta":false,"boss_relics":[],"items_purged_floors":[],"is_endless":false,"potions_floor_spawned":[],"killed_by":"Lagavulin","ascension_level":2}}