{"host":"hjw1ay65n7jm40lc","time":1607996048,"event":{"mods":["AchievementEnabler","BaseMod","Colored Map","Colored Powertips","Googly Eyes","Highlight Path","Minty Spire (QoL Compilation)","Quick Restart","Relic Stats"],"gold_per_floor":[116,86,101,24,24,24,54,54,107,123,157,157,157,197,197,322,322,342,91,91,134,134,134,165,22,76,119,128,156,156,191,191,325,325,350,410,410,137,153,202,202,236,262,296,296,316,316,356,356,356,356,356,42,86,86],"floor_reached":56,"playtime":6098,"items_purged":["Injury"],"score":1654,"play_id":"0794322d-fa44-4357-9946-b5473ae07cad","local_time":"20201214203408","is_ascension_mode":true,"campfire_choices":[{"data":"Eruption","floor":6.0,"key":"SMITH"},{"data":"Vigilance","floor":8.0,"key":"SMITH"},{"data":"Devotion","floor":15.0,"key":"SMITH"},{"data":"MentalFortress","floor":23.0,"key":"SMITH"},{"floor":30.0,"key":"REST"},{"data":"Meditate","floor":32.0,"key":"SMITH"},{"data":"Vault","floor":41.0,"key":"SMITH"},{"data":"Scrawl","floor":45.0,"key":"SMITH"},{"floor":49.0,"key":"RECALL"},{"data":"WaveOfTheHand","floor":52.0,"key":"SMITH"}],"circlet_count":0,"master_deck":["Strike_P","Strike_P","Strike_P","Defend_P","Defend_P","Defend_P","Eruption+1","Vigilance+1","EmptyFist","Consecrate","ThirdEye","MentalFortress+1","Devotion+1","Brilliance","CutThroughFate+1","Evaluate","WheelKick","RitualDagger","Vault+1","Meditate+1","Necronomicurse","WheelKick","Scrawl+1","WaveOfTheHand+1","Worship+1","LikeWater+1","ThirdEye+1","Devotion+1"],"relics":["Empty Cage","Darkstone Periapt","Potion Belt","Torii","Golden Idol","Mummified Hand","InkBottle","Philosopher\u0027s Stone","Strange Spoon","Yang","Red Mask","Peace Pipe","CeramicFish","Eternal Feather","Necronomicon","Strawberry","Coffee Dripper","StoneCalendar","ClockworkSouvenir","Nunchaku","Turnip","Thread and Needle","DollysMirror","Blood Vial"],"acts_visited":["Exordium","TheCity","TheBeyond","TheEnding"],"potions_floor_usage":[55,55,55],"damage_taken":[{"damage":8.0,"enemies":"Jaw Worm","floor":1.0,"turns":4.0},{"damage":0.0,"enemies":"Cultist","floor":3.0,"turns":3.0},{"damage":7.0,"enemies":"3 Sentries","floor":7.0,"turns":5.0},{"damage":0.0,"enemies":"Small Slimes","floor":10.0,"turns":2.0},{"damage":0.0,"enemies":"Gremlin Nob","floor":11.0,"turns":2.0},{"damage":6.0,"enemies":"Lagavulin","floor":14.0,"turns":6.0},{"damage":2.0,"enemies":"The Guardian","floor":16.0,"turns":8.0},{"damage":16.0,"enemies":"Shell Parasite","floor":18.0,"turns":4.0},{"damage":11.0,"enemies":"Masked Bandits","floor":21.0,"turns":3.0},{"damage":25.0,"enemies":"Book of Stabbing","floor":24.0,"turns":5.0},{"damage":0.0,"enemies":"Gremlin Leader","floor":27.0,"turns":3.0},{"damage":1.0,"enemies":"3 Byrds","floor":29.0,"turns":5.0},{"damage":8.0,"enemies":"Slavers","floor":31.0,"turns":5.0},{"damage":58.0,"enemies":"Champ","floor":33.0,"turns":6.0},{"damage":14.0,"enemies":"Orb Walker","floor":35.0,"turns":3.0},{"damage":29.0,"enemies":"2 Orb Walkers","floor":36.0,"turns":4.0},{"damage":2.0,"enemies":"3 Darklings","floor":39.0,"turns":3.0},{"damage":1.0,"enemies":"Giant Head","floor":40.0,"turns":7.0},{"damage":2.0,"enemies":"Nemesis","floor":42.0,"turns":6.0},{"damage":0.0,"enemies":"Spire Growth","floor":44.0,"turns":3.0},{"damage":0.0,"enemies":"Sphere and 2 Shapes","floor":46.0,"turns":2.0},{"damage":36.0,"enemies":"Reptomancer","floor":48.0,"turns":3.0},{"damage":0.0,"enemies":"Awakened One","floor":50.0,"turns":5.0},{"damage":0,"enemies":"Shield and Spear","floor":54,"turns":4},{"damage":40,"enemies":"The Heart","floor":55,"turns":8}],"seed_played":"-6929651594581913237","potions_obtained":[{"floor":1.0,"key":"Energy Potion"},{"floor":2.0,"key":"Fruit Juice"},{"floor":2.0,"key":"SteroidPotion"},{"floor":7.0,"key":"Fire Potion"},{"floor":10.0,"key":"SpeedPotion"},{"floor":16.0,"key":"Explosive Potion"},{"floor":27.0,"key":"SpeedPotion"},{"floor":29.0,"key":"Swift Potion"},{"floor":31.0,"key":"FearPotion"},{"floor":36.0,"key":"Energy Potion"},{"floor":39.0,"key":"GamblersBrew"},{"floor":40.0,"key":"DuplicationPotion"},{"floor":42.0,"key":"Block Potion"}],"is_trial":false,"path_per_floor":["M","?","M","$","?","R","E","R","T","M","E","?","?","E","R","B",null,"M","$","?","?","?","R","E","$","T","E","?","M","R","E","R","B",null,"M","?","?","$","M","E","R","E","T","M","R","M","?","E","R","B",null,"R","$","E","B",null],"character_chosen":"WATCHER","items_purchased":["BattleHymn","Evaluate","Strange Spoon","Fire Potion","Meditate","WaveOfTheHand","ClockworkSouvenir","SteroidPotion","DollysMirror","SpeedPotion","DuplicationPotion","BlessingOfTheForge"],"campfire_rested":1,"item_purchase_floors":[4,19,19,19,25,38,38,38,53,53,53,53],"current_hp_per_floor":[64,64,64,64,64,64,62,62,62,62,62,68,61,55,55,53,83,67,67,67,56,50,50,25,25,25,25,15,14,52,51,63,5,96,82,53,53,53,51,50,65,63,63,63,78,78,78,42,57,57,96,96,96,96,56],"gold":86,"neow_bonus":"BOSS_RELIC","is_daily":false,"chose_seed":false,"campfire_upgraded":8,"win_rate":0.0,"timestamp":1607996048,"path_taken":["M","?","?","$","?","R","E","R","T","M","E","?","?","E","R","BOSS","M","$","?","?","?","R","E","?","T","E","?","M","R","E","R","BOSS","M","?","?","$","M","E","R","E","T","M","R","M","?","E","R","BOSS","R","$","E","BOSS"],"items_purchased_type":["Card","Card","Relic","Potion","Card","Card","Relic","Potion","Relic","Potion","Potion","Potion"],"build_version":"2020-12-13","purchased_purges":1,"victory":true,"max_hp_per_floor":[72,72,72,72,72,72,77,77,77,77,77,83,83,83,83,83,83,83,83,83,83,83,83,83,83,83,83,89,89,89,96,96,96,96,96,96,96,96,96,96,96,96,96,96,96,96,96,96,96,96,96,96,96,96,96],"relic_stats":{"Darkstone Periapt":12,"Torii":43,"counters":[25,109],"Golden Idol":205,"CeramicFish":72,"Yang":[230],"Eternal Feather":69,"StoneCalendar":[0],"Peace Pipe":0,"Blood Vial":0,"Strange Spoon":[30],"Nunchaku":[9],"Mummified Hand":[61],"Turnip":[2],"Necronomicon":[29],"obtain_stats":[{"Darkstone Periapt":7,"Torii":11,"CeramicFish":26,"Yang":20,"StoneCalendar":36,"Empty Cage":0,"ClockworkSouvenir":38,"Blood Vial":54,"Nunchaku":40,"Mummified Hand":13,"DollysMirror":53,"Strawberry":31,"Philosopher\u0027s Stone":17,"Red Mask":21,"Necronomicon":28,"InkBottle":14,"Potion Belt":9,"Golden Idol":12,"Eternal Feather":27,"Thread and Needle":48,"Peace Pipe":24,"Strange Spoon":19,"Turnip":42,"Coffee Dripper":34,"PureWater":0},{"Darkstone Periapt":3,"Torii":5,"CeramicFish":10,"Yang":8,"StoneCalendar":16,"Empty Cage":0,"ClockworkSouvenir":16,"Blood Vial":24,"Nunchaku":18,"Mummified Hand":5,"DollysMirror":23,"Strawberry":13,"Philosopher\u0027s Stone":7,"Red Mask":9,"Necronomicon":11,"InkBottle":6,"Potion Belt":3,"Golden Idol":5,"Eternal Feather":11,"Thread and Needle":22,"Peace Pipe":10,"Strange Spoon":8,"Turnip":19,"Coffee Dripper":14,"PureWater":0},{"Darkstone Periapt":12,"Torii":16,"CeramicFish":42,"Yang":34,"StoneCalendar":68,"Empty Cage":0,"ClockworkSouvenir":68,"Blood Vial":101,"Nunchaku":78,"Mummified Hand":16,"DollysMirror":97,"Strawberry":55,"Philosopher\u0027s Stone":30,"Red Mask":37,"Necronomicon":45,"InkBottle":22,"Potion Belt":12,"Golden Idol":16,"Eternal Feather":45,"Thread and Needle":92,"Peace Pipe":42,"Strange Spoon":34,"Turnip":84,"Coffee Dripper":61,"PureWater":0}],"InkBottle":[41]},"card_choices":[{"not_picked":["Indignation","ClearTheMind","SignatureMove"],"picked":"SKIP","floor":1.0},{"not_picked":["Prostrate","PathToVictory"],"picked":"EmptyFist","floor":3.0},{"not_picked":["ClearTheMind","Conclude"],"picked":"Consecrate","floor":7.0},{"not_picked":["Prostrate","Swivel"],"picked":"ThirdEye","floor":10.0},{"not_picked":["Adaptation","Wireheading"],"picked":"MentalFortress","floor":11.0},{"not_picked":["Indignation","EmptyBody"],"picked":"Devotion","floor":14.0},{"not_picked":["Devotion","Judgement"],"picked":"Brilliance","floor":16.0},{"not_picked":["Evaluate","Halt"],"picked":"CutThroughFate+1","floor":18.0},{"not_picked":["Prostrate","Crescendo"],"picked":"WheelKick","floor":21.0},{"not_picked":["Collect","Fasting2"],"picked":"Vault","floor":24.0},{"not_picked":["SignatureMove+1","BattleHymn","PathToVictory"],"picked":"SKIP","floor":27.0},{"not_picked":["FlyingSleeves+1","CutThroughFate"],"picked":"WheelKick","floor":29.0},{"not_picked":["Ragnarok","JustLucky+1","SignatureMove+1"],"picked":"SKIP","floor":31.0},{"not_picked":["ConjureBlade","Brilliance"],"picked":"Scrawl","floor":33.0},{"not_picked":["FollowUp","Halt+1","Consecrate"],"picked":"SKIP","floor":35.0},{"not_picked":["Conclude","Evaluate","FollowUp+1"],"picked":"SKIP","floor":39.0},{"not_picked":["Evaluate+1","DeusExMachina"],"picked":"Worship+1","floor":40.0},{"not_picked":["Ragnarok","Conclude+1","EmptyBody+1"],"picked":"SKIP","floor":42.0},{"not_picked":["CrushJoints+1","FlyingSleeves"],"picked":"LikeWater+1","floor":44.0},{"not_picked":["JustLucky","EmptyFist+1","EmptyBody"],"picked":"SKIP","floor":46.0},{"not_picked":["WheelKick+1","JustLucky"],"picked":"ThirdEye+1","floor":48.0},{"not_picked":["ForeignInfluence+1","WindmillStrike+1","CutThroughFate"],"picked":"SKIP","floor":54}],"player_experience":222710,"relics_obtained":[{"floor":7.0,"key":"Darkstone Periapt"},{"floor":9.0,"key":"Potion Belt"},{"floor":11.0,"key":"Torii"},{"floor":14.0,"key":"InkBottle"},{"floor":21.0,"key":"Red Mask"},{"floor":24.0,"key":"Peace Pipe"},{"floor":26.0,"key":"CeramicFish"},{"floor":27.0,"key":"Eternal Feather"},{"floor":28.0,"key":"Necronomicon"},{"floor":31.0,"key":"Strawberry"},{"floor":36.0,"key":"StoneCalendar"},{"floor":40.0,"key":"Nunchaku"},{"floor":42.0,"key":"Turnip"},{"floor":48.0,"key":"Thread and Needle"},{"floor":54,"key":"Blood Vial"}],"event_choices":[{"damage_healed":0.0,"max_hp_gain":0.0,"max_hp_loss":0.0,"gold_gain":0.0,"event_name":"The Woman in Blue","player_choice":"Bought 2 Potions","floor":2.0,"gold_loss":0.0,"damage_taken":0.0},{"damage_healed":0.0,"max_hp_gain":0.0,"max_hp_loss":0.0,"gold_gain":0.0,"event_name":"Living Wall","player_choice":"Grow","floor":5.0,"gold_loss":0.0,"damage_taken":0.0,"cards_upgraded":["BattleHymn"]},{"damage_healed":0.0,"max_hp_gain":0.0,"max_hp_loss":0.0,"gold_gain":0.0,"event_name":"Golden Idol","player_choice":"Take Wound","floor":12.0,"gold_loss":0.0,"damage_taken":0.0,"relics_obtained":["Golden Idol"],"cards_obtained":["Injury"]},{"damage_healed":0.0,"max_hp_gain":0.0,"max_hp_loss":0.0,"gold_gain":0.0,"event_name":"Scrap Ooze","player_choice":"Success","floor":13.0,"gold_loss":0.0,"damage_taken":7.0,"relics_obtained":["Mummified Hand"]},{"damage_healed":0.0,"max_hp_gain":0.0,"max_hp_loss":0.0,"gold_gain":0.0,"event_name":"The Mausoleum","player_choice":"Opened","floor":20.0,"gold_loss":0.0,"damage_taken":0.0,"relics_obtained":["Yang"]},{"damage_healed":0.0,"max_hp_gain":0.0,"max_hp_loss":0.0,"gold_gain":0.0,"event_name":"Masked Bandits","player_choice":"Fought Bandits","floor":21.0,"gold_loss":0.0,"damage_taken":0.0},{"damage_healed":0.0,"max_hp_gain":0.0,"max_hp_loss":0.0,"gold_gain":0.0,"event_name":"Nest","player_choice":"Joined the Cult","floor":22.0,"gold_loss":0.0,"damage_taken":6.0,"cards_obtained":["RitualDagger"]},{"damage_healed":0.0,"max_hp_gain":0.0,"max_hp_loss":0.0,"gold_gain":0.0,"event_name":"Cursed Tome","player_choice":"Obtained Book","floor":28.0,"gold_loss":0.0,"damage_taken":16.0},{"damage_healed":0.0,"max_hp_gain":0.0,"max_hp_loss":0.0,"gold_gain":0.0,"event_name":"Mysterious Sphere","player_choice":"Fight","floor":36.0,"gold_loss":0.0,"damage_taken":0.0},{"cards_removed":["BattleHymn"],"damage_healed":0.0,"max_hp_gain":0.0,"max_hp_loss":0.0,"gold_gain":0.0,"event_name":"Falling","player_choice":"Removed Power","floor":37.0,"gold_loss":0.0,"damage_taken":0.0},{"damage_healed":0.0,"max_hp_gain":0.0,"max_hp_loss":0.0,"gold_gain":0.0,"event_name":"SensoryStone","player_choice":"Memory 1","floor":47.0,"gold_loss":0.0,"damage_taken":0.0}],"is_beta":false,"boss_relics":[{"not_picked":["Runic Dome","Sozu"],"picked":"Philosopher\u0027s Stone"},{"not_picked":["Pandora\u0027s Box","SacredBark"],"picked":"Coffee Dripper"}],"items_purged_floors":[25],"is_endless":false,"potions_floor_spawned":[1,7,10,16,27,29,31,36,39,40,42],"ascension_level":4}}