{"host":"2ejh8pm4r3nhfji7","time":1607991829,"event":{"mods":["2.2 Compatiblity","AchievementEnabler","BaseMod","Better Third Choice","Better Vampires","Block Reminder","Colored Map","Colored Powertips","Hermit","Minty Spire (QoL Compilation)","Rare Cards Sparkle","StSLib"],"gold_per_floor":[109,123,133,147,161,194,213,213,263,283,300,300,300,312,312,312,312],"floor_reached":16,"playtime":1065,"items_purged":[],"score":108,"play_id":"ea6cb4c2-fb66-432d-b85c-333d72b62231","local_time":"20201214222349","is_ascension_mode":false,"campfire_choices":[{"floor":8,"key":"REST"},{"floor":12,"key":"REST"},{"data":"Envenom","floor":15,"key":"SMITH"}],"circlet_count":0,"master_deck":["Strike_G","Strike_G","Strike_G","Strike_G","Strike_G","Defend_G","Defend_G","Defend_G","Defend_G","Defend_G","Survivor","Neutralize","Distraction","Blade Dance","Expertise","Poisoned Stab+1","Quick Slash","Quick Slash","Blade Dance","Blur","Outmaneuver","Envenom+1"],"relics":["Ring of the Snake","NeowsBlessing","Gremlin Horn","Happy Flower"],"acts_visited":["Exordium"],"potions_floor_usage":[6,7,16,16],"damage_taken":[{"damage":0,"enemies":"2 Louse","floor":1,"turns":1},{"damage":0,"enemies":"Cultist","floor":2,"turns":1},{"damage":0,"enemies":"Small Slimes","floor":3,"turns":1},{"damage":5,"enemies":"2 Fungi Beasts","floor":4,"turns":4},{"damage":12,"enemies":"3 Louse","floor":5,"turns":3},{"damage":28,"enemies":"3 Sentries","floor":6,"turns":8},{"damage":10,"enemies":"Large Slime","floor":7,"turns":8},{"damage":7,"enemies":"2 Fungi Beasts","floor":10,"turns":4},{"damage":0,"enemies":"Looter","floor":11,"turns":3},{"damage":5,"enemies":"Blue Slaver","floor":14,"turns":3},{"damage":62,"enemies":"The Guardian","floor":16,"turns":8}],"seed_played":"-2946447365953279863","potions_obtained":[{"floor":1,"key":"Poison Potion"},{"floor":3,"key":"Swift Potion"},{"floor":4,"key":"Weak Potion"},{"floor":10,"key":"SpeedPotion"},{"floor":14,"key":"Regen Potion"}],"is_trial":false,"path_per_floor":["M","M","M","M","M","E","M","R","T","M","M","R","?","M","R","B"],"character_chosen":"THE_SILENT","items_purchased":[],"campfire_rested":2,"item_purchase_floors":[],"current_hp_per_floor":[70,70,70,65,53,25,15,36,36,29,29,50,50,45,45,0,0],"gold":312,"neow_bonus":"THREE_ENEMY_KILL","is_daily":false,"chose_seed":false,"campfire_upgraded":1,"win_rate":0.0,"timestamp":1607991829,"path_taken":["M","M","M","M","M","E","M","R","T","M","M","R","?","M","R","BOSS"],"items_purchased_type":[],"build_version":"2020-12-13","purchased_purges":0,"victory":false,"max_hp_per_floor":[70,70,70,70,70,70,70,70,70,70,70,70,70,70,70,70,70],"card_choices":[{"not_picked":["Terror","Caltrops"],"picked":"Distraction","floor":1},{"not_picked":["Flechettes","Underhanded Strike"],"picked":"Blade Dance","floor":2},{"not_picked":["Footwork","Outmaneuver"],"picked":"Expertise","floor":3},{"not_picked":["Underhanded Strike","Outmaneuver"],"picked":"Poisoned Stab","floor":4},{"not_picked":["Acrobatics","Blur"],"picked":"Quick Slash","floor":5},{"not_picked":["Acrobatics","Infinite Blades"],"picked":"Quick Slash","floor":6},{"not_picked":["Masterful Stab","Backflip"],"picked":"Blade Dance","floor":7},{"not_picked":["Riddle With Holes","Prepared"],"picked":"Blur","floor":10},{"not_picked":["Eviscerate","Sucker Punch"],"picked":"Outmaneuver","floor":11},{"not_picked":["Dodge and Roll","PiercingWail"],"picked":"Envenom","floor":14}],"player_experience":6698,"relics_obtained":[{"floor":6,"key":"Gremlin Horn"},{"floor":9,"key":"Happy Flower"}],"event_choices":[{"damage_healed":0,"gold_gain":0,"player_choice":"Forge","damage_taken":0,"max_hp_gain":0,"max_hp_loss":0,"event_name":"Accursed Blacksmith","floor":13,"gold_loss":0,"cards_upgraded":["Poisoned Stab"]}],"is_beta":false,"boss_relics":[],"items_purged_floors":[],"is_endless":false,"potions_floor_spawned":[1,3,4,10,14],"killed_by":"The Guardian","ascension_level":0}}