{"host":"77nx5a0i0k7ns1qu","time":1607998770,"event":{"mods":["2.2 Compatiblity","AchievementEnabler","AlwaysNeverKeys","Ascension Reborn","Ascension Unlocker","Aspiration","BaseMod","Better Note","BetterRewards","Card Filter","Card Forge","Challenge The Spire","Colored Powertips","Colorless Booster Pack","Conspire","Curses Come First","Custom Start","DeckTracker","Defuse TimeMaze Blight","Downfall","Energized Spire","Friendly Minions","GifTheSpireLib","Halation","Hubris","Hyrulean Relics","Infinite Spire","Marisa????????","Marked Mod","Mimic Mod","Minty Spire (QoL Compilation)","MostiFishMod","Prisma Mod","Random Character Mod","Rare Cards Sparkle","RatMod","Relic Stats","Replay The Spire","Reworked Bosses","Small Relic Pack","Spicy Shops","Spikes Relics","StSLib","Strawberry Spire","Stuff the Spire","The Alterego","The Blue Laboratory","The Factory","Trackpad","UnlockEverythingMod","Useless Jewels Mod","vexMod"],"gold_per_floor":[119,119,164,164,164,195,195,228,274,291,291,303,317,317,317,416,416,432,444,455,455,730,761,761,761,801,801,30,45,80,21,21,126,126,96,110,110,110,129,161,180,194,266,31,58,58,92,92,92,92],"floor_reached":51,"playtime":5378,"items_purged":[],"score":1104,"play_id":"c7be345d-a50f-40c4-9e57-e8c367be6ad6","local_time":"20201214211926","is_ascension_mode":true,"campfire_choices":[{"floor":7,"key":"REST"},{"data":"ReplayTheSpireMod:Chaos Vortex","floor":11,"key":"SMITH"},{"data":"alterego_mod:Nekomimi","floor":15,"key":"SMITH"},{"data":"sneckomod:UnknownUncommonPower","floor":25,"key":"SMITH"},{"data":"Turbo","floor":27,"key":"SMITH"},{"data":"champ:FanOfKnives","floor":46,"key":"SMITH"},{"floor":49,"key":"REST"}],"circlet_count":0,"master_deck":["alterego_mod:Strike+1","alterego_mod:Strike+1","alterego_mod:Defend+1","alterego_mod:Defend+1","alterego_mod:Defend+1","alterego_mod:Impale+1","alterego_mod:BigMeatyClaws+1","alterego_mod:BrynhildrsRune+1","alterego_mod:Nekomimi+1","ReplayTheSpireMod:Splinters","Turbo+1","strawberrySpire:Plunge","strawberrySpire:DreamfoilDart","rat:MimicPod+1","ReplayTheSpireMod:Chaos Vortex+1","PowerUp","Guardian:ChargeCore","rat:DextrousStrike","sneckomod:UnknownUncommonPower+1","StuffTheSpire:Coldhearted","champ:HeavySlash","CurseOfTheBell","Guardian:DonusPower+1","strawberrySpire:JustAWound+1","champ:FanOfKnives+1","alterego_mod:Santa+1","strawberrySpire:JustAWound","alterego_mod:Punishment","Guardian:PiercingHide","hubris:InfiniteBlow+6990","Decay","PrismaMod:IllyaInstallAvenger","champ:DefensiveShout+1","Replay:SS_hec_2+1","IllusionStar+1","Slimebound:Schlurp+1","ForeignInfluence+1","Assess","alterego_mod:Smother","MostiFishMod:Unraveling","Pot Of Greed","Pot Of Greed","Pot Of Greed","Pot Of Greed","alterego_mod:BreastValley+1","alterego_mod:Santa+1"],"relics":["alterego_mod:MasochisticConstitution","Hammer of Thor","Seething Fire","Anvil of the Gods","DaveBox","FeatherPendant","NeowsBlessing","PrismaticShard","Question Card","hubris:KleinBottle","Chemical X","hubris:FruitBowl","hubris:ToyBattleship","Centennial Puzzle","Vajra","ImportantClient","Calling Bell","halation:KoshaPiece","conspire:DecoderRing","aspiration:SneckoTail","Nloth\u0027s Gift","StuffTheSpire:NeowsTribute","Rawhide","hubris:BottledRain","StrikeDummy","Lee\u0027s Waffle","Bottled Flame","SpikesRelics:DaevaFist","Regal Pillow","Replay:Grab Bag","trackpad:Coffee","Sozu","Black Star","hubris:Backtick","Dead Branch","Ying","HaiYi:Twilight","Turnip","hubris:MedicalManual","Replay:Bottled Steam","aspiration:FetidBarrel","infinitespire:Broken Mirror","ReplayFunnel","Grinning Jar","StuffTheSpire:RubySignet"],"acts_visited":["Exordium","TheCity","TheBeyond"],"potions_floor_usage":[30,30,33,35],"damage_taken":[{"damage":2,"enemies":"conspire:RoseBush","floor":1,"turns":1},{"damage":0,"enemies":"Replay:BlueRogue","floor":6,"turns":1},{"damage":0,"enemies":"strawberrySpire:EnergyPylons","floor":8,"turns":1},{"damage":8,"enemies":"Jaw Worm","floor":10,"turns":2},{"damage":0,"enemies":"2 Louse","floor":12,"turns":1},{"damage":8,"enemies":"Lots of Slimes","floor":13,"turns":2},{"damage":0,"enemies":"Fading Forest","floor":16,"turns":9},{"damage":4,"enemies":"Chosen","floor":18,"turns":3},{"damage":4,"enemies":"conspire:FuzzyDice","floor":19,"turns":4},{"damage":0,"enemies":"Centurion and Healer","floor":20,"turns":1},{"damage":0,"enemies":"conspire:SneckoGhost","floor":23,"turns":5},{"damage":17,"enemies":"Chosen and Byrds","floor":26,"turns":4},{"damage":5,"enemies":"Chosen and Byrds","floor":29,"turns":3},{"damage":12,"enemies":"Nightmare","floor":30,"turns":5},{"damage":8,"enemies":"bossMod:newChamp","floor":33,"turns":4},{"damage":17,"enemies":"Orb Walker","floor":35,"turns":1},{"damage":0,"enemies":"3 Darklings","floor":36,"turns":1},{"damage":27,"enemies":"Writhing Mass","floor":39,"turns":3},{"damage":0,"enemies":"Nightmare","floor":40,"turns":3},{"damage":12,"enemies":"Spire Growth","floor":41,"turns":2},{"damage":0,"enemies":"Transient","floor":42,"turns":2},{"damage":0,"enemies":"R_Hoarder","floor":45,"turns":1},{"damage":25,"enemies":"Nemesis","floor":47,"turns":3},{"damage":23,"enemies":"Time Eater","floor":50,"turns":2}],"seed_played":"7290473003520118098","potions_obtained":[{"floor":1,"key":"Block Potion"},{"floor":3,"key":"Block Potion"},{"floor":3,"key":"Milkshake"},{"floor":3,"key":"Slimebound:ThreeZeroPotion"},{"floor":23,"key":"LiquidBronze"},{"floor":33,"key":"Swift Potion"}],"is_trial":false,"path_per_floor":["M","?","?","?","$","E","R","E","T","M","R","M","M","?","R","B",null,"M","M","M","?","?","E","?","R","MIM","R","$","M","NM","$","R","B",null,"M","M","AVR","?","M","NM","M","M","T","$","E","R","E","?","R","B",null],"character_chosen":"The_Alterego","items_purchased":["hubris:KleinBottle","Chemical X","hubris:FruitBowl","hubris:BottledRain","StrikeDummy","Lee\u0027s Waffle","alterego_mod:Punishment","Bottled Flame","Regal Pillow","aspiration:FetidBarrel","alterego_mod:Smother"],"campfire_rested":2,"item_purchase_floors":[5,5,5,28,28,28,28,28,31,44,44],"current_hp_per_floor":[69,69,69,69,21,21,42,63,63,56,56,63,56,56,56,63,73,70,67,74,74,74,75,75,75,59,59,86,87,83,83,83,76,89,73,73,73,73,50,50,39,39,39,39,39,39,15,4,46,24],"gold":92,"neow_bonus":"THREE_ENEMY_KILL","is_daily":false,"chose_seed":false,"campfire_upgraded":5,"win_rate":0.0,"timestamp":1607998766,"path_taken":["M","?","?","?","?","E","R","E","T","M","R","M","?","?","R","BOSS","M","M","M","?","?","E","?","R","MIM","R","$","M","NM","?","R","BOSS","M","M","AVR","?","?","NM","M","M","T","$","E","R","E","?","R","BOSS"],"items_purchased_type":["Relic","Relic","Relic","Relic","Relic","Relic","Card","Relic","Relic","Relic","Card"],"build_version":"2020-12-13","purchased_purges":0,"victory":true,"max_hp_per_floor":[71,71,71,71,71,71,71,71,71,72,72,72,73,73,73,73,73,74,75,75,75,75,75,75,75,76,76,86,87,88,88,88,89,89,90,90,90,90,91,91,92,92,92,92,92,92,93,93,93,94],"relic_stats":{"Sozu":2,"Centennial Puzzle":[39],"Lee\u0027s Waffle":27,"Regal Pillow":15,"counters":[24,64],"Dead Branch":[28],"Turnip":[0],"Nloth\u0027s Gift":9,"Black Star":3,"Chemical X":[37],"Question Card":33,"obtain_stats":[{"ReplayFunnel":45,"Regal Pillow":31,"Ying":37,"DaveBox":0,"aspiration:SneckoTail":17,"Vajra":9,"Rawhide":26,"Hammer of Thor":0,"PrismaticShard":1,"trackpad:Coffee":34,"Sozu":34,"Centennial Puzzle":8,"hubris:Icosahedron":2,"hubris:Backtick":34,"conspire:DecoderRing":17,"halation:KoshaPiece":17,"Chemical X":5,"StuffTheSpire:NeowsTribute":23,"ImportantClient":16,"Replay:Bottled Steam":43,"hubris:KleinBottle":5,"alterego_mod:MasochisticConstitution":0,"Lee\u0027s Waffle":28,"NeowsBlessing":0,"aspiration:FetidBarrel":44,"Replay:Grab Bag":34,"Dead Branch":34,"hubris:FruitBowl":5,"hubris:MedicalManual":40,"Seething Fire":0,"Question Card":1,"Calling Bell":17,"Bottled Flame":28,"HaiYi:Twilight":37,"Anvil of the Gods":0,"FeatherPendant":0,"infinitespire:Broken Mirror":45,"Turnip":40,"hubris:ToyBattleship":6,"Nloth\u0027s Gift":21,"SpikesRelics:DaevaFist":30,"Black Star":34,"StuffTheSpire:RubySignet":47,"Grinning Jar":47,"StrikeDummy":28,"hubris:BottledRain":28},{"ReplayFunnel":22,"Regal Pillow":14,"Ying":17,"DaveBox":0,"aspiration:SneckoTail":7,"Vajra":3,"Rawhide":12,"Hammer of Thor":0,"PrismaticShard":1,"trackpad:Coffee":15,"Sozu":15,"Centennial Puzzle":3,"hubris:Icosahedron":1,"hubris:Backtick":15,"conspire:DecoderRing":7,"halation:KoshaPiece":7,"Chemical X":1,"StuffTheSpire:NeowsTribute":11,"ImportantClient":7,"Replay:Bottled Steam":21,"hubris:KleinBottle":1,"alterego_mod:MasochisticConstitution":0,"Lee\u0027s Waffle":12,"NeowsBlessing":0,"aspiration:FetidBarrel":21,"Replay:Grab Bag":15,"Dead Branch":15,"hubris:FruitBowl":1,"hubris:MedicalManual":19,"Seething Fire":0,"Question Card":1,"Calling Bell":7,"Bottled Flame":12,"HaiYi:Twilight":17,"Anvil of the Gods":0,"FeatherPendant":0,"infinitespire:Broken Mirror":22,"Turnip":19,"hubris:ToyBattleship":2,"Nloth\u0027s Gift":10,"SpikesRelics:DaevaFist":14,"Black Star":15,"StuffTheSpire:RubySignet":23,"Grinning Jar":23,"StrikeDummy":12,"hubris:BottledRain":12},{"ReplayFunnel":59,"Regal Pillow":42,"Ying":48,"DaveBox":0,"aspiration:SneckoTail":17,"Vajra":3,"Rawhide":34,"Hammer of Thor":0,"PrismaticShard":1,"trackpad:Coffee":46,"Sozu":46,"Centennial Puzzle":3,"hubris:Icosahedron":1,"hubris:Backtick":46,"conspire:DecoderRing":17,"halation:KoshaPiece":17,"Chemical X":1,"StuffTheSpire:NeowsTribute":30,"ImportantClient":17,"Replay:Bottled Steam":58,"hubris:KleinBottle":1,"alterego_mod:MasochisticConstitution":0,"Lee\u0027s Waffle":34,"NeowsBlessing":0,"aspiration:FetidBarrel":58,"Replay:Grab Bag":46,"Dead Branch":46,"hubris:FruitBowl":1,"hubris:MedicalManual":54,"Seething Fire":0,"Question Card":1,"Calling Bell":17,"Bottled Flame":34,"HaiYi:Twilight":48,"Anvil of the Gods":0,"FeatherPendant":0,"infinitespire:Broken Mirror":59,"Turnip":54,"hubris:ToyBattleship":2,"Nloth\u0027s Gift":25,"SpikesRelics:DaevaFist":42,"Black Star":46,"StuffTheSpire:RubySignet":62,"Grinning Jar":62,"StrikeDummy":34,"hubris:BottledRain":34}]},"card_choices":[{"not_picked":["alterego_mod:HighServant","alterego_mod:Clap"],"picked":"alterego_mod:Nekomimi","floor":1},{"not_picked":["hexamod:ShieldOfDarkness","FlyingSleeves","strawberrySpire:FireDrill"],"picked":"Turbo","floor":3},{"not_picked":["infinitespire:DeathsTouch","infinitespire:Starlight"],"picked":"ReplayTheSpireMod:Chaos Vortex","floor":5},{"not_picked":["Guardian:Gem_White","Guardian:FierceBash","Go for the Eyes"],"picked":"PowerUp","floor":6},{"not_picked":["ShadowRift","Slimebound:Teamwork","Leap"],"picked":"Guardian:ChargeCore","floor":8},{"not_picked":["strawberrySpire:Disreguard","sneckomod:DiceCrush","strawberrySpire:Disconnect"],"picked":"rat:DextrousStrike","floor":10},{"not_picked":["Cold Snap","PrismaMod:IllyaInstallForeigner","PrismaMod:IllyaBlindPoisonToss"],"picked":"sneckomod:UnknownUncommonPower","floor":12},{"not_picked":["MarkedMod:GentlePulse","PrismaMod:IllyaCheapChannelAttack","PrismaMod:MiyuDefenseExplosion"],"picked":"StuffTheSpire:Coldhearted","floor":13},{"not_picked":["StuffTheSpire:FinalStruggle","PrismaMod:ChloeExhaustThree","alterego_mod:IdEs"],"picked":"champ:HeavySlash","floor":16},{"not_picked":["strawberrySpire:Adapter","Slimebound:ForwardTackle","MarkedMod:SlowDance"],"picked":"Guardian:DonusPower+1","floor":18},{"not_picked":["Crescendo","DoubleSpark+1","alterego_mod:Crossover"],"picked":"strawberrySpire:JustAWound+1","floor":19},{"not_picked":["PrismaMod:MiyuDefenseExplosion+1","BlazeAway","Clothesline"],"picked":"champ:FanOfKnives","floor":20},{"not_picked":["Flying Knee","alterego_mod:BiFurious","rat:Lunge"],"picked":"alterego_mod:Santa+1","floor":23},{"not_picked":["Slimebound:SplitMire","Slimebound:LeechEnergy","Streamline"],"picked":"strawberrySpire:JustAWound","floor":26},{"not_picked":["Slimebound:Replication+1","alterego_mod:RidiculouslyBig+1","Slimebound:SamplingLick+1"],"picked":"Guardian:PiercingHide","floor":29},{"not_picked":["Replay:Fractal Strike","infinitespire:DeathsTouch"],"picked":"hubris:InfiniteBlow+6990","floor":30},{"not_picked":["ReplayTheSpireMod:LeadingStrike+1","PrismaMod:MiyuCheapChannelVul","Dagger Spray"],"picked":"Guardian:Gem_Red","floor":30},{"not_picked":["Electrodynamics","champ:SteelEdge","conspire:Purge"],"picked":"PrismaMod:IllyaInstallAvenger","floor":33},{"not_picked":["alterego_mod:Bounce","Nirvana+1","CutThroughFate+1"],"picked":"champ:DefensiveShout+1","floor":35},{"not_picked":["MarkedMod:FirstStrike","alterego_mod:MagicResistance","Slimebound:ViciousTackle+1"],"picked":"Replay:SS_hec_2+1","floor":36},{"not_picked":["alterego_mod:1TonWallop","PrismaMod:IllyaBlindPoisonToss+1","rat:SilverDagger+1"],"picked":"IllusionStar+1","floor":39},{"not_picked":["PrismaMod:ChloeUnlimitedBladeWorks","hexamod:HauntingEcho+1","Meditate"],"picked":"Slimebound:Schlurp+1","floor":40},{"not_picked":["Guardian:ConstructionForm","ReplayTheSpireMod:Strike From Hell","PrismaMod:MiyuEvokeBuffDex+1"],"picked":"ForeignInfluence+1","floor":41},{"not_picked":["ReplayTheSpireMod:LeadingStrike","PrismaMod:MiyuCheapAttack2+1","Good Instincts"],"picked":"Assess","floor":42},{"not_picked":["Night Terror","Guardian:Recover","alterego_mod:Lift"],"picked":"MostiFishMod:Unraveling","floor":45},{"not_picked":["White Noise+1","rat:Execute","Guardian:Planning+1"],"picked":"alterego_mod:BreastValley+1","floor":47}],"player_experience":652273,"relics_obtained":[{"floor":1,"key":"PrismaticShard"},{"floor":1,"key":"Question Card"},{"floor":6,"key":"hubris:ToyBattleship"},{"floor":8,"key":"Centennial Puzzle"},{"floor":9,"key":"Vajra"},{"floor":16,"key":"ImportantClient"},{"floor":17,"key":"halation:KoshaPiece"},{"floor":17,"key":"conspire:DecoderRing"},{"floor":17,"key":"aspiration:SneckoTail"},{"floor":23,"key":"StuffTheSpire:NeowsTribute"},{"floor":26,"key":"Rawhide"},{"floor":30,"key":"SpikesRelics:DaevaFist"},{"floor":40,"key":"Turnip"},{"floor":40,"key":"hubris:MedicalManual"},{"floor":43,"key":"Replay:Bottled Steam"},{"floor":45,"key":"infinitespire:Broken Mirror"},{"floor":45,"key":"ReplayFunnel"},{"floor":47,"key":"Grinning Jar"},{"floor":47,"key":"StuffTheSpire:RubySignet"}],"event_choices":[{"damage_healed":0,"gold_gain":0,"player_choice":"Traded Relic","damage_taken":0,"relics_obtained":["Nloth\u0027s Gift"],"max_hp_gain":0,"max_hp_loss":0,"event_name":"N\u0027loth","floor":21,"relics_lost":["hubris:Icosahedron"],"gold_loss":0},{"damage_healed":0,"gold_gain":275,"player_choice":"Desecrate","damage_taken":0,"max_hp_gain":0,"max_hp_loss":0,"event_name":"Golden Shrine","floor":22,"gold_loss":0,"cards_obtained":["Regret"]},{"cards_removed":["ReplayTheSpireMod:Chaos Vortex"],"damage_healed":0,"gold_gain":0,"player_choice":"Give","damage_taken":0,"max_hp_gain":0,"max_hp_loss":0,"event_name":"betterNote:BetterNote","floor":24,"gold_loss":0,"cards_obtained":["None"]},{"damage_healed":0,"gold_gain":0,"player_choice":"Cursed","damage_taken":0,"max_hp_gain":0,"max_hp_loss":0,"event_name":"Wheel of Change","floor":32,"gold_loss":0,"cards_obtained":["Decay"]},{"cards_removed":["Regret"],"damage_healed":0,"gold_gain":0,"player_choice":"Purged","damage_taken":0,"max_hp_gain":0,"max_hp_loss":0,"event_name":"Purifier","floor":38,"gold_loss":0}],"is_beta":false,"boss_relics":[{"not_picked":["aspiration:FutureDiary","conspire:RunicOctahedron"],"picked":"Calling Bell"},{"not_picked":["Cursed Key","hubris:BlackHole"],"picked":"Replay:Grab Bag"},{"not_picked":["Runic Dome","Velvet Choker"],"picked":"trackpad:Coffee"},{"not_picked":["Replay:Wanted Poster","energizedSpire:OgreHead"],"picked":"Sozu"},{"not_picked":["halation:Yufonium","aspiration:RitualDagger"],"picked":"Black Star"},{"not_picked":["Replay:Drink Me","relicPack:ShieldShield"],"picked":"hubris:Backtick"}],"items_purged_floors":[],"is_endless":false,"potions_floor_spawned":[1,12,18,20,23,33,36,41],"ascension_level":0}}