{"host":"9v3x998ddbx8o276","time":1607999984,"event":{"mods":["AchievementEnabler","BaseMod","Colored Map","Highlight Path","Minty Spire (QoL Compilation)","Quick Restart","Rare Cards Sparkle"],"gold_per_floor":[119,119,14,14,32,61,211,8,8,25,39,39,73,91,91,165,165,183,183,203,203,203],"floor_reached":21,"playtime":845,"items_purged":["Doubt"],"score":378,"play_id":"6eb4fbe2-0c71-4354-adaf-a35b78ca2407","local_time":"20201215130944","is_ascension_mode":true,"campfire_choices":[{"floor":12.0,"key":"REST"},{"floor":15.0,"key":"REST"}],"circlet_count":0,"master_deck":["AscendersBane","Strike_B+1","Strike_B","Strike_B+1","Strike_B+1","Defend_B+1","Defend_B","Defend_B","Defend_B","Zap","Dualcast","Compile Driver","White Noise","Barrage","Sweeping Beam","Rebound","BootSequence","Defragment","Defragment","Loop","Beam Cell","Echo Form","Defragment","Fusion"],"relics":["Cracked Core","Whetstone","Orichalcum","Potion Belt","Bottled Lightning","Gambling Chip","Busted Crown"],"acts_visited":["Exordium","TheCity"],"potions_floor_usage":[16,16,21,21],"damage_taken":[{"damage":1.0,"enemies":"2 Louse","floor":1.0,"turns":2.0},{"damage":0.0,"enemies":"Jaw Worm","floor":5.0,"turns":4.0},{"damage":14.0,"enemies":"Lagavulin","floor":6.0,"turns":6.0},{"damage":0.0,"enemies":"Cultist","floor":10.0,"turns":3.0},{"damage":3.0,"enemies":"Blue Slaver","floor":11.0,"turns":2.0},{"damage":20.0,"enemies":"Gremlin Nob","floor":13.0,"turns":4.0},{"damage":3.0,"enemies":"Lots of Slimes","floor":14.0,"turns":3.0},{"damage":18,"enemies":"Slime Boss","floor":16,"turns":8},{"damage":17,"enemies":"Spheric Guardian","floor":18,"turns":5},{"damage":0,"enemies":"Chosen","floor":20,"turns":3},{"damage":39,"enemies":"Shelled Parasite and Fungi","floor":21,"turns":4}],"seed_played":"-8349827461546873775","potions_obtained":[{"floor":1.0,"key":"FearPotion"},{"floor":5.0,"key":"GamblersBrew"},{"floor":13.0,"key":"Block Potion"},{"floor":16,"key":"Strength Potion"},{"floor":18,"key":"PowerPotion"}],"is_trial":false,"path_per_floor":["M","?","$","?","M","E","?","$","T","M","M","R","E","M","R","B",null,"M","?","M","M"],"character_chosen":"DEFECT","items_purchased":["White Noise","Barrage","DuplicationPotion","BootSequence"],"campfire_rested":2,"item_purchase_floors":[3,3,8,8],"current_hp_per_floor":[63,42,42,31,31,17,17,17,17,17,14,35,15,12,33,15,57,40,40,40,1,1],"gold":203,"neow_bonus":"RANDOM_COMMON_RELIC","is_daily":false,"chose_seed":false,"campfire_upgraded":0,"win_rate":0.0,"timestamp":1607999984,"path_taken":["M","?","$","?","M","E","?","$","T","M","M","R","E","M","R","BOSS","M","?","?","M"],"items_purchased_type":["Card","Card","Potion","Card"],"build_version":"2020-12-13","purchased_purges":1,"victory":false,"max_hp_per_floor":[71,71,71,71,71,71,71,71,71,71,71,71,71,71,71,71,71,71,71,71,71,71],"card_choices":[{"not_picked":["Fusion","Barrage"],"picked":"Compile Driver","floor":1.0},{"not_picked":["Static Discharge","Turbo"],"picked":"Sweeping Beam","floor":5.0},{"not_picked":["All For One","Compile Driver"],"picked":"Rebound","floor":6.0},{"not_picked":["Hello World","Redo"],"picked":"Defragment","floor":10.0},{"not_picked":["Rebound","Stack"],"picked":"Defragment","floor":11.0},{"not_picked":["Blizzard","Gash"],"picked":"Loop","floor":13.0},{"not_picked":["Steam","Melter"],"picked":"Beam Cell","floor":14.0},{"not_picked":["Thunder Strike","Buffer"],"picked":"Echo Form","floor":16},{"not_picked":["Double Energy"],"picked":"SKIP","floor":18},{"not_picked":[],"picked":"Fusion","floor":20}],"player_experience":2029880,"relics_obtained":[{"floor":6.0,"key":"Potion Belt"},{"floor":9.0,"key":"Bottled Lightning"},{"floor":13.0,"key":"Gambling Chip"}],"event_choices":[{"damage_healed":0.0,"max_hp_gain":0.0,"max_hp_loss":0.0,"gold_gain":0.0,"event_name":"Shining Light","player_choice":"Entered Light","floor":2.0,"gold_loss":0.0,"damage_taken":21.0,"cards_upgraded":["Defend_B","Strike_B"]},{"damage_healed":0.0,"max_hp_gain":0.0,"max_hp_loss":0.0,"gold_gain":0.0,"event_name":"Scrap Ooze","player_choice":"Success","floor":4.0,"gold_loss":0.0,"damage_taken":11.0,"relics_obtained":["Orichalcum"]},{"damage_healed":0.0,"max_hp_gain":0.0,"max_hp_loss":0.0,"gold_gain":150.0,"event_name":"Liars Game","player_choice":"AGREE","floor":7.0,"gold_loss":0.0,"damage_taken":0.0,"cards_obtained":["Doubt"]},{"damage_healed":0,"gold_gain":0,"player_choice":"Copied","damage_taken":0,"max_hp_gain":0,"max_hp_loss":0,"event_name":"Duplicator","floor":19,"gold_loss":0,"cards_obtained":["Defragment"]}],"is_beta":false,"boss_relics":[{"not_picked":["Coffee Dripper","Runic Pyramid"],"picked":"Busted Crown"}],"items_purged_floors":[8],"is_endless":false,"potions_floor_spawned":[1,5,13,16,18],"killed_by":"Shelled Parasite and Fungi","ascension_level":20}}