{"host":"w7o06k3e8uel8euj","time":1607999886,"event":{"mods":["AchievementEnabler","BaseMod","Colored Powertips","Custom Start","DeckTracker","Keyboard Shortcuts","Minty Spire (QoL Compilation)","Quick Restart","Relic Stats","StSLib","SuperFastMode","everything is the same but u backflip on backflip"],"gold_per_floor":[115,131,149,169,94,124,124,151,151,177,211,229,229,229,229,326,326,346,246,265,278,228,228,238,238,238],"floor_reached":25,"playtime":487,"items_purged":["Doubt","Strike_P"],"score":357,"play_id":"88090129-3138-4422-95e5-9b32300f2e90","local_time":"20201215113806","is_ascension_mode":true,"campfire_choices":[{"data":"Eruption","floor":7.0,"key":"SMITH"},{"floor":13.0,"key":"REST"},{"data":"Wallop","floor":15.0,"key":"SMITH"},{"floor":23,"key":"REST"}],"circlet_count":0,"master_deck":["AscendersBane","Strike_P+1","Strike_P+1","Strike_P+1","Defend_P+1","Defend_P+1","Defend_P+1","Defend_P+1","Eruption+1","Vigilance+1","LessonLearned+1","FlurryOfBlows","Consecrate+1","SandsOfTime+1","EmptyFist+1","Wallop+1","EmptyMind+1","MentalFortress+1","InnerPeace+1"],"relics":["PureWater","Shuriken","Du-Vu Doll","Question Card","Odd Mushroom","TeardropLocket","VioletLotus"],"acts_visited":["Exordium","TheCity"],"potions_floor_usage":[20],"damage_taken":[{"damage":17.0,"enemies":"Jaw Worm","floor":1.0,"turns":4.0},{"damage":13.0,"enemies":"Cultist","floor":2.0,"turns":5.0},{"damage":0.0,"enemies":"2 Louse","floor":3.0,"turns":2.0},{"damage":0.0,"enemies":"Red Slaver","floor":4.0,"turns":1.0},{"damage":16.0,"enemies":"Gremlin Nob","floor":6.0,"turns":3.0},{"damage":12.0,"enemies":"3 Sentries","floor":8.0,"turns":5.0},{"damage":0.0,"enemies":"The Mushroom Lair","floor":10.0,"turns":2.0},{"damage":6.0,"enemies":"Gremlin Nob","floor":11.0,"turns":3.0},{"damage":0.0,"enemies":"Exordium Wildlife","floor":12.0,"turns":2.0},{"damage":30.0,"enemies":"Slime Boss","floor":16.0,"turns":6.0},{"damage":8,"enemies":"Chosen","floor":18,"turns":6},{"damage":9,"enemies":"3 Byrds","floor":20,"turns":6},{"damage":43,"enemies":"Sentry and Sphere","floor":21,"turns":5},{"damage":7,"enemies":"Cultist and Chosen","floor":24,"turns":3},{"damage":27,"enemies":"Slavers","floor":25,"turns":1}],"seed_played":"4672442199745545932","potions_obtained":[{"floor":3.0,"key":"Energy Potion"},{"floor":6.0,"key":"LiquidMemories"},{"floor":11.0,"key":"Explosive Potion"},{"floor":12.0,"key":"BottledMiracle"},{"floor":16.0,"key":"Regen Potion"},{"floor":24,"key":"Block Potion"}],"is_trial":false,"path_per_floor":["M","M","M","M","$","E","R","E","T","?","E","M","R","?","R","B",null,"M","$","M","M","?","R","M","E"],"character_chosen":"WATCHER","items_purchased":[],"campfire_rested":2,"item_purchase_floors":[],"current_hp_per_floor":[48,35,35,35,35,19,19,7,7,7,1,1,22,46,46,16,58,50,50,55,12,12,33,26,0,0],"gold":238,"neow_bonus":"THREE_RARE_CARDS","is_daily":false,"chose_seed":false,"campfire_upgraded":2,"win_rate":0.0,"timestamp":1607999886,"path_taken":["M","M","M","M","$","E","R","E","T","?","E","M","R","?","R","BOSS","M","$","M","M","?","R","?","E"],"items_purchased_type":[],"build_version":"2020-12-13","purchased_purges":2,"victory":false,"max_hp_per_floor":[72,72,72,72,72,72,72,72,72,72,72,72,72,72,72,72,72,72,72,72,72,72,72,72,72,72],"relic_stats":{"counters":[15,54],"Shuriken":[19],"VioletLotus":[6],"Question Card":8,"obtain_stats":[{"Du-Vu Doll":8,"Shuriken":6,"VioletLotus":17,"TeardropLocket":11,"PureWater":0,"Odd Mushroom":10,"Question Card":9},{"Du-Vu Doll":6,"Shuriken":5,"VioletLotus":10,"TeardropLocket":8,"PureWater":0,"Odd Mushroom":7,"Question Card":6},{"Du-Vu Doll":20,"Shuriken":15,"VioletLotus":33,"TeardropLocket":25,"PureWater":0,"Odd Mushroom":22,"Question Card":20}]},"card_choices":[{"not_picked":["DeusExMachina","Judgement"],"picked":"LessonLearned","floor":0.0},{"not_picked":["SashWhip","FlyingSleeves","JustLucky"],"picked":"SKIP","floor":1.0},{"not_picked":["ClearTheMind","WaveOfTheHand"],"picked":"FlurryOfBlows","floor":2.0},{"not_picked":["Perseverance","Pray"],"picked":"Consecrate","floor":3.0},{"not_picked":["CutThroughFate","SpiritShield"],"picked":"SandsOfTime","floor":4.0},{"not_picked":["CrushJoints","FollowUp"],"picked":"EmptyFist","floor":6.0},{"not_picked":["ReachHeaven","Conclude","JustLucky"],"picked":"SKIP","floor":8.0},{"not_picked":["FlyingSleeves","CrushJoints","Consecrate"],"picked":"Wallop","floor":10.0},{"not_picked":["Omniscience","Study","SashWhip","SignatureMove"],"picked":"SKIP","floor":11.0},{"not_picked":["Evaluate","JustLucky","Protect","FlurryOfBlows"],"picked":"SKIP","floor":12.0},{"not_picked":["SashWhip+1","Evaluate","FlyingSleeves"],"picked":"EmptyMind","floor":18},{"not_picked":["Evaluate","WreathOfFlame","ClearTheMind"],"picked":"MentalFortress+1","floor":20},{"not_picked":["ReachHeaven","SashWhip","Study","WaveOfTheHand"],"picked":"SKIP","floor":21},{"not_picked":["PathToVictory","WaveOfTheHand","Ragnarok"],"picked":"InnerPeace","floor":24}],"player_experience":551638,"relics_obtained":[{"floor":6.0,"key":"Shuriken"},{"floor":8.0,"key":"Du-Vu Doll"},{"floor":9.0,"key":"Question Card"},{"floor":10.0,"key":"Odd Mushroom"},{"floor":11.0,"key":"TeardropLocket"}],"event_choices":[{"damage_healed":0.0,"max_hp_gain":0.0,"max_hp_loss":0.0,"gold_gain":0.0,"event_name":"Mushrooms","player_choice":"Fought Mushrooms","floor":10.0,"gold_loss":0.0,"damage_taken":0.0},{"damage_healed":24.0,"max_hp_gain":0.0,"max_hp_loss":0.0,"gold_gain":0.0,"event_name":"Big Fish","player_choice":"Banana","floor":14.0,"gold_loss":0.0,"damage_taken":0.0},{"damage_healed":0,"gold_gain":0,"player_choice":"Bet on Murderer","damage_taken":0,"max_hp_gain":0,"max_hp_loss":0,"event_name":"The Joust","floor":22,"gold_loss":50}],"is_beta":false,"boss_relics":[{"not_picked":["SacredBark","Velvet Choker"],"picked":"VioletLotus"}],"items_purged_floors":[5,19],"is_endless":false,"potions_floor_spawned":[3,6,11,12,16,18,24],"killed_by":"Slavers","ascension_level":12}}