{"host":"j4g6ia6asvpyu2b0","time":1607995274,"event":{"mods":["BaseMod","Colored Map","Minty Spire (QoL Compilation)","Permanent Neow","Quick Restart","Relic Stats","StSLib","Unceasing Turn Reminder"],"gold_per_floor":[118,137,87,87,102,102,131,131,131,131,131,165,165,201,201,329,329,329],"floor_reached":17,"playtime":463,"items_purged":[],"score":185,"play_id":"87fb3600-5101-40f0-89ef-80e8f975803f","local_time":"20201214182114","is_ascension_mode":true,"campfire_choices":[{"data":"Core Surge","floor":6,"key":"SMITH"},{"floor":11,"key":"REST"},{"data":"Chill","floor":13,"key":"SMITH"},{"data":"Gash","floor":15,"key":"SMITH"}],"circlet_count":0,"master_deck":["Zap+1","Dualcast","Fusion","Core Surge+1","Chill+1","Gash+1","Cold Snap","Machine Learning","Gash+1","Go for the Eyes+1","Fission","Redo","Amplify","Rainbow","Steam","Storm"],"relics":["Cracked Core","Molten Egg 2","Orichalcum","Golden Idol","Bottled Tornado","Odd Mushroom","Pandora\u0027s Box"],"acts_visited":["Exordium","TheCity"],"potions_floor_usage":[],"damage_taken":[{"damage":0,"enemies":"2 Louse","floor":1,"turns":2},{"damage":0,"enemies":"Small Slimes","floor":2,"turns":3},{"damage":0,"enemies":"Cultist","floor":5,"turns":3},{"damage":44,"enemies":"Gremlin Nob","floor":7,"turns":5},{"damage":1,"enemies":"3 Sentries","floor":12,"turns":9},{"damage":0,"enemies":"The Mushroom Lair","floor":14,"turns":4},{"damage":15,"enemies":"The Guardian","floor":16,"turns":11}],"seed_played":"1975999090784820471","potions_obtained":[{"floor":7,"key":"SkillPotion"},{"floor":12,"key":"Explosive Potion"}],"is_trial":false,"path_per_floor":["M","M","?","?","M","R","E","?","T","?","R","E","R","?","R","B",null],"character_chosen":"DEFECT","items_purchased":[],"campfire_rested":1,"item_purchase_floors":[],"current_hp_per_floor":[68,68,68,68,68,68,24,10,10,10,28,27,27,27,27,12,63,63],"gold":329,"neow_bonus":"TRANSFORM_TWO_CARDS","is_daily":false,"chose_seed":false,"campfire_upgraded":3,"win_rate":0.0,"timestamp":1607995274,"path_taken":["M","M","?","?","M","R","E","?","T","?","R","E","R","?","R","BOSS"],"items_purchased_type":[],"build_version":"2020-12-13","purchased_purges":0,"victory":false,"max_hp_per_floor":[68,68,68,68,68,68,68,68,68,63,63,63,63,63,63,63,63,63],"relic_stats":{"counters":[7,37],"Golden Idol":40,"Pandora\u0027s Box":["Redo","Amplify","Rainbow","Steam","Storm"],"Orichalcum":[36],"obtain_stats":[{"Golden Idol":10,"Molten Egg 2":7,"Pandora\u0027s Box":17,"Orichalcum":9,"Bottled Tornado":12,"Odd Mushroom":14,"Cracked Core":0},{"Golden Idol":4,"Molten Egg 2":4,"Pandora\u0027s Box":7,"Orichalcum":4,"Bottled Tornado":5,"Odd Mushroom":6,"Cracked Core":0},{"Golden Idol":13,"Molten Egg 2":13,"Pandora\u0027s Box":37,"Orichalcum":13,"Bottled Tornado":22,"Odd Mushroom":26,"Cracked Core":0}]},"card_choices":[{"not_picked":["Stack","Barrage"],"picked":"Chill","floor":1},{"not_picked":["Tempest","Undo"],"picked":"Gash","floor":2},{"not_picked":["Turbo","Steam"],"picked":"Cold Snap","floor":5},{"not_picked":["Steam","Hologram"],"picked":"Machine Learning","floor":7},{"not_picked":["Barrage+1","Reboot"],"picked":"Gash+1","floor":12},{"not_picked":["Force Field","Leap"],"picked":"Go for the Eyes+1","floor":14},{"not_picked":["Multi-Cast","Buffer"],"picked":"Fission","floor":16}],"player_experience":662134,"relics_obtained":[{"floor":7,"key":"Molten Egg 2"},{"floor":9,"key":"Orichalcum"},{"floor":12,"key":"Bottled Tornado"},{"floor":14,"key":"Odd Mushroom"}],"event_choices":[{"cards_removed":["Defend_B"],"damage_healed":0,"gold_gain":0,"player_choice":"Card Removal","damage_taken":0,"max_hp_gain":0,"max_hp_loss":0,"event_name":"The Cleric","floor":3,"gold_loss":50},{"damage_healed":0,"gold_gain":0,"player_choice":"Grow","damage_taken":0,"max_hp_gain":0,"max_hp_loss":0,"event_name":"Living Wall","floor":4,"gold_loss":0,"cards_upgraded":["Zap"]},{"damage_healed":0,"gold_gain":0,"player_choice":"Entered Light","damage_taken":14,"max_hp_gain":0,"max_hp_loss":0,"event_name":"Shining Light","floor":8,"gold_loss":0,"cards_upgraded":["Strike_B","Defend_B"]},{"damage_healed":0,"gold_gain":0,"player_choice":"Lose Max HP","damage_taken":0,"relics_obtained":["Golden Idol"],"max_hp_gain":0,"max_hp_loss":5,"event_name":"Golden Idol","floor":10,"gold_loss":0},{"damage_healed":0,"gold_gain":0,"player_choice":"Fought Mushrooms","damage_taken":0,"max_hp_gain":0,"max_hp_loss":0,"event_name":"Mushrooms","floor":14,"gold_loss":0}],"is_beta":false,"boss_relics":[{"not_picked":["Empty Cage","Astrolabe"],"picked":"Pandora\u0027s Box"}],"items_purged_floors":[],"is_endless":false,"potions_floor_spawned":[7,12],"ascension_level":3}}