{"host":"csaqw07vjsqfysdp","time":1607997096,"event":{"mods":["AchievementEnabler","BaseMod","Colored Powertips","Downfall","Googly Eyes","Minty Spire (QoL Compilation)","Permanent Neow","Quick Restart","StSLib","Unceasing Turn Reminder"],"gold_per_floor":[99,109,120,120,149,149,219,219,244,244,344,344,344,344,357,459,459,459,459,459,309,309,169,169,169,169,169,169,169,169,4,4,4,4,4,4,4,4,4,0,0,0,0,0,0,0,0,0,0,0,0],"floor_reached":50,"playtime":2918,"items_purged":[],"score":496,"play_id":"36c3f465-cf13-42db-9975-22eba15153f0","local_time":"20201214205136","is_ascension_mode":false,"campfire_choices":[{"data":"champ:Execute","floor":1,"key":"SMITH"},{"data":"champ:GladiatorsShout","floor":6,"key":"SMITH"},{"floor":8,"key":"REST"},{"floor":10,"key":"REST"},{"data":"champ:VampiricStrike","floor":18,"key":"SMITH"},{"data":"champ:TornadoPunch","floor":22,"key":"SMITH"},{"data":"champ:RapidStrikes","floor":25,"key":"SMITH"},{"data":"champ:DancingMaster","floor":35,"key":"SMITH"},{"data":"champ:CalledShot","floor":39,"key":"SMITH"},{"data":"champ:StrikeOfGenius","floor":42,"key":"SMITH"},{"data":"champ:Circumvent","floor":44,"key":"SMITH"}],"circlet_count":0,"master_deck":["champ:Strike","champ:Strike","champ:Defend","champ:Defend","champ:Defend","champ:Defend","champ:Execute+1","champ:Taunt+1","champ:DeathBlow","champ:Circumvent","champ:GladiatorsShout+1","champ:Backstep","champ:Circumvent+1","champ:Backstep","champ:TornadoPunch+1","champ:VampiricStrike+1","Ghostly","champ:Haymaker","champ:RapidStrikes+1","champ:StrikeOfGenius+1","champ:CrookedStrike","champ:CalledShot+1","champ:BladeFlurry","champ:DefensiveShout","champ:ArenaPreparation","champ:DancingMaster+1","champ:FaceSlap+1","champ:ArenaPreparation+1","champ:TornadoPunch+1"],"relics":["champ:ChampionCrown","downfall:ShatteredFragment","Letter Opener","Blood Vial","Toy Ornithopter","Blue Candle","Ectoplasm","Kunai","downfall:RedIOU","Shuriken","StrikeDummy","champ:ChampionCrownUpgraded","PreservedInsect","Toxic Egg 2","CeramicFish"],"acts_visited":["Exordium","TheCity","TheBeyond"],"potions_floor_usage":[33,50,50,50],"damage_taken":[{"damage":7,"enemies":"Jaw Worm","floor":2,"turns":4},{"damage":25,"enemies":"Small Slimes","floor":3,"turns":3},{"damage":45,"enemies":"3 Sentries","floor":5,"turns":5},{"damage":66,"enemies":"Lagavulin","floor":9,"turns":6},{"damage":66,"enemies":"downfall:LadyInBlue","floor":11,"turns":9},{"damage":0,"enemies":"Cultist","floor":15,"turns":3},{"damage":32,"enemies":"downfall:Watcher","floor":16,"turns":15},{"damage":14,"enemies":"downfall:FleeingMerchant","floor":23,"turns":4},{"damage":27,"enemies":"Gremlin Leader","floor":26,"turns":5},{"damage":20,"enemies":"Chosen","floor":27,"turns":5},{"damage":5,"enemies":"Spheric Guardian","floor":28,"turns":4},{"damage":3,"enemies":"Cultist and Chosen","floor":30,"turns":5},{"damage":11,"enemies":"downfall:FleeingMerchant","floor":31,"turns":4},{"damage":8,"enemies":"Snecko","floor":32,"turns":4},{"damage":27,"enemies":"downfall:Defect","floor":33,"turns":8},{"damage":32,"enemies":"Reptomancer","floor":36,"turns":5},{"damage":20,"enemies":"3 Darklings","floor":38,"turns":3},{"damage":33,"enemies":"downfall:FleeingMerchant","floor":40,"turns":4},{"damage":26,"enemies":"Orb Walker","floor":43,"turns":2},{"damage":46,"enemies":"Transient","floor":46,"turns":5},{"damage":58,"enemies":"Maw","floor":47,"turns":5},{"damage":23,"enemies":"Jaw Worm Horde","floor":48,"turns":3},{"damage":28,"enemies":"3 Darklings","floor":49,"turns":4},{"damage":109,"enemies":"downfall:Silent","floor":50,"turns":5}],"seed_played":"-7257994607799023476","potions_obtained":[{"floor":2,"key":"Dexterity Potion"},{"floor":5,"key":"SkillPotion"},{"floor":11,"key":"FearPotion"},{"floor":27,"key":"Energy Potion"},{"floor":33,"key":"sneckomod:MuddlingPotion"}],"is_trial":false,"path_per_floor":["R","M","M","?","E","R","T","R","E","R","?","?","?","?","M","B",null,"R","T","?","?","R","$","T","R","E","M","M","?","M","$","M","B",null,"R","E","T","M","R","$","T","R","M","R","?","M","M","M","M","B"],"character_chosen":"THE_CHAMP","items_purchased":["champ:Haymaker","champ:RapidStrikes","champ:CalledShot","champ:BladeFlurry","champ:DefensiveShout"],"campfire_rested":2,"item_purchase_floors":[23,23,31,31,31],"current_hp_per_floor":[90,88,88,61,47,47,47,74,53,80,56,38,38,38,40,23,90,90,90,90,90,90,90,90,90,88,90,90,90,90,90,90,90,90,90,90,90,90,90,90,90,90,90,90,90,81,69,90,84,0,0],"gold":0,"neow_bonus":"UPGRADE_CARD","is_daily":false,"chose_seed":false,"campfire_upgraded":9,"win_rate":0.0,"timestamp":1607997096,"path_taken":["R","M","M","?","E","R","T","R","E","R","?","?","?","?","M","BOSS","R","?","?","?","R","$","T","R","E","M","M","?","M","?","M","BOSS","R","E","?","M","R","$","T","R","M","R","?","?","M","M","M","BOSS"],"items_purchased_type":["Card","Card","Card","Card","Card"],"build_version":"2020-12-13","purchased_purges":0,"victory":false,"max_hp_per_floor":[90,90,90,90,90,90,90,90,90,90,90,90,90,90,90,90,90,90,90,90,90,90,90,90,90,90,90,90,90,90,90,90,90,90,90,90,90,90,90,90,90,90,90,90,90,90,90,90,90,90,90],"card_choices":[{"not_picked":["champ:Circumvent","champ:EnGarde"],"picked":"champ:DeathBlow","floor":2},{"not_picked":["champ:FlashCut","champ:RecklessLeap"],"picked":"champ:Circumvent","floor":3},{"not_picked":["champ:SwordThrow","champ:RapidStrikes"],"picked":"champ:GladiatorsShout","floor":5},{"not_picked":["champ:FightOn","champ:GladiatorStyle"],"picked":"champ:Backstep","floor":9},{"not_picked":["champ:FlashCut","champ:BerserkersShout"],"picked":"champ:Circumvent","floor":11},{"not_picked":["champ:FocusedBerserking","champ:ShieldSlam"],"picked":"champ:TornadoPunch","floor":15},{"not_picked":["champ:DancingMaster","champ:SteelEdge"],"picked":"champ:VampiricStrike","floor":16},{"not_picked":["champ:FlashCut","champ:AdrenalArmor","champ:Circumvent+1"],"picked":"SKIP","floor":23},{"not_picked":["champ:Lariat","champ:GladiatorsShout"],"picked":"champ:StrikeOfGenius","floor":26},{"not_picked":["champ:FlashCut","champ:Lariat","champ:GladiatorsShout"],"picked":"SKIP","floor":27},{"not_picked":["champ:FlashCut","champ:Lariat","champ:GladiatorsShout"],"picked":"SKIP","floor":27},{"not_picked":["champ:Duel","champ:BerserkersShout+1","champ:HeartStrike"],"picked":"SKIP","floor":28},{"not_picked":["champ:Haymaker","champ:TornadoPunch","champ:FanOfKnives"],"picked":"SKIP","floor":30},{"not_picked":["champ:SwordThrow","champ:TornadoPunch"],"picked":"champ:CrookedStrike","floor":31},{"not_picked":["champ:RisingSlash","champ:BerserkerStyle+1"],"picked":"champ:ArenaPreparation","floor":32},{"not_picked":["champ:SteelEdge","champ:Improvising"],"picked":"champ:DancingMaster","floor":33},{"not_picked":["champ:RecklessLeap+1","champ:AdrenalArmor+1","champ:PerfectedStrike"],"picked":"SKIP","floor":36},{"not_picked":["champ:EndlessRage","champ:Shatter"],"picked":"champ:FaceSlap+1","floor":38},{"not_picked":["champ:Duel","champ:DefensiveShout+1"],"picked":"champ:ArenaPreparation+1","floor":40},{"not_picked":["champ:Backstep+1","champ:GladiatorsShout+1","champ:Riposte+1"],"picked":"SKIP","floor":43},{"not_picked":["champ:FlashCut+1","champ:RecklessLeap+1","champ:EndlessRage"],"picked":"SKIP","floor":46},{"not_picked":["champ:StanceDance+1","champ:BerserkersShout+1","champ:Encircle"],"picked":"SKIP","floor":47},{"not_picked":["champ:GladiatorsShout+1","champ:Haymaker+1","champ:RecklessLeap+1"],"picked":"SKIP","floor":48},{"not_picked":["champ:AdrenalArmor+1","champ:Backstep+1","champ:Circumvent+1"],"picked":"SKIP","floor":49}],"player_experience":372849,"relics_obtained":[{"floor":5,"key":"Juzu Bracelet"},{"floor":7,"key":"Letter Opener"},{"floor":9,"key":"Blood Vial"},{"floor":11,"key":"Toy Ornithopter"},{"floor":19,"key":"Kunai"},{"floor":24,"key":"Shuriken"},{"floor":26,"key":"StrikeDummy"},{"floor":36,"key":"PreservedInsect"},{"floor":37,"key":"Toxic Egg 2"},{"floor":41,"key":"CeramicFish"}],"event_choices":[{"damage_healed":0,"gold_gain":0,"player_choice":"Success","damage_taken":18,"relics_obtained":["Blue Candle"],"max_hp_gain":0,"max_hp_loss":0,"event_name":"Scrap Ooze","floor":12,"gold_loss":0},{"damage_healed":0,"gold_gain":0,"cards_transformed":["champ:Strike"],"player_choice":"Transformed","damage_taken":0,"max_hp_gain":0,"max_hp_loss":0,"event_name":"Transmorgrifier","floor":13,"gold_loss":0,"cards_obtained":["champ:Backstep"]},{"cards_removed":["champ:Strike"],"damage_healed":0,"gold_gain":0,"player_choice":"Card Removal","damage_taken":0,"max_hp_gain":0,"max_hp_loss":0,"event_name":"Wheel of Change","floor":14,"gold_loss":0},{"damage_healed":0,"gold_gain":0,"player_choice":"Copied","damage_taken":0,"max_hp_gain":0,"max_hp_loss":0,"event_name":"Duplicator","floor":45,"gold_loss":0,"cards_obtained":["champ:TornadoPunch"]}],"is_beta":false,"boss_relics":[{"not_picked":["Runic Dome","Astrolabe"],"picked":"Ectoplasm"},{"not_picked":["SacredBark","Snecko Eye"],"picked":"champ:ChampionCrownUpgraded"}],"items_purged_floors":[],"is_endless":false,"potions_floor_spawned":[2,5,27,32,33,36,47],"killed_by":"downfall:Silent","ascension_level":0}}