{"host":"32dedufnxebqtmo3","time":1607995714,"event":{"mods":["AchievementEnabler","BaseMod","Better Third Choice","Card Filter","Colored Powertips","Defuse TimeMaze Blight","Downfall","GifTheSpireLib","Minty Spire (QoL Compilation)","Permanent Neow","Relic Filter","Relic Stats","Remove Card Discount Mod","Shop Mod","StSLib","The Cursed","Unceasing Turn Reminder"],"gold_per_floor":[99,112,112,123,135,135,159,208,58,91,5,18,18,31,48,143,143,68,80,114,114,125,125,125,125,141,175,190,75,89,0,16,113,113,113,125,135,190,190,207,255,255,4,4,4,24,22,22,34,34,34,66,64,64,64],"floor_reached":56,"playtime":5840,"items_purged":["Guardian:Strike_Guardian","Guardian:Defend_Guardian","Guardian:Strike_Guardian+1","Guardian:Defend_Guardian+1","Guardian:VentSteam","Guardian:Strike_Guardian+1","Guardian:Strike_Guardian+1","Guardian:ChargeCore","Guardian:Defend_Guardian+1","Guardian:Defend_Guardian+1"],"score":1322,"play_id":"22c58ad6-6b8a-4268-be8c-4fc256e66849","local_time":"20201214172834","is_ascension_mode":false,"campfire_choices":[{"data":"Guardian:Recover","floor":1.0,"key":"SMITH"},{"data":"Guardian:TwinSlam","floor":6.0,"key":"SMITH"},{"floor":9.0,"key":"RECALL"},{"data":"Guardian:PrismaticBeam","floor":18.0,"key":"SMITH"},{"data":"Guardian:DecasProtection","floor":21.0,"key":"SMITH"},{"data":"Guardian:PrismaticBeam","floor":35.0,"key":"SMITH"},{"data":"Guardian:StasisEngine","floor":42.0,"key":"SMITH"},{"data":"Guardian:ExploitGems","floor":44.0,"key":"SMITH"},{"data":"Guardian:StasisStrike","floor":54.0,"key":"SMITH"}],"circlet_count":0,"master_deck":["Guardian:CurlUp","Guardian:TwinSlam+1","Guardian:Recover+1","Guardian:SpikerProtocol","Guardian:PrimingBeam","Guardian:DecasProtection+1","Guardian:Harden","Guardian:ChargeUp","Guardian:TemporalShield+1","Guardian:StasisStrike+1","Guardian:PrismaticBeam+1","Guardian:ExploitGems+1","Guardian:PrimingBeam+1","Guardian:BronzeArmor+1","Guardian:BronzeArmor","Guardian:PrismaticBarrier","Guardian:TimeCapacitor","expansioncontent:Collect","Guardian:BronzeArmor+1","Guardian:PrismaticBeam+1","Guardian:BronzeArmor+1","Guardian:Incinerate","Guardian:StasisEngine+1","Guardian:PrimingBeam","Guardian:MultiBeam","Guardian:SpikerProtocol","expansioncontent:Chronoboost","Guardian:PrimingBeam+1","Guardian:Gem_White","Guardian:ArmoredProtocol","Guardian:TemporalShield+1","Guardian:AncientConstruct"],"relics":["Guardian:ModeShifter","Incense Burner","downfall:HeartBlessingGreen","downfall:HeartBlessingBlue","Prayer Wheel","Guardian:StasisSlotReductionRelic","downfall:HeartBlessingRed","Oddly Smooth Stone","Strawberry","Meat on the Bone","Philosopher\u0027s Stone","ClockworkSouvenir","Bag of Marbles","StoneCalendar","Art of War","Shuriken","OrangePellets","War Paint"],"acts_visited":["Exordium","TheCity","TheBeyond","TheEnding"],"potions_floor_usage":[],"damage_taken":[{"damage":0.0,"enemies":"Small Slimes","floor":2.0,"turns":5.0},{"damage":0.0,"enemies":"Cultist","floor":4.0,"turns":3.0},{"damage":7.0,"enemies":"2 Louse","floor":5.0,"turns":3.0},{"damage":20.0,"enemies":"Gremlin Nob","floor":8.0,"turns":4.0},{"damage":7.0,"enemies":"3 Sentries","floor":10.0,"turns":7.0},{"damage":0.0,"enemies":"downfall:FleeingMerchant","floor":11.0,"turns":4.0},{"damage":1.0,"enemies":"Exordium Thugs","floor":12.0,"turns":4.0},{"damage":0.0,"enemies":"Blue Slaver","floor":14.0,"turns":4.0},{"damage":4.0,"enemies":"Exordium Wildlife","floor":15.0,"turns":4.0},{"damage":40.0,"enemies":"downfall:Defect","floor":16.0,"turns":9.0},{"damage":10.0,"enemies":"Spheric Guardian","floor":19.0,"turns":4.0},{"damage":0.0,"enemies":"Slavers","floor":20.0,"turns":5.0},{"damage":0.0,"enemies":"Cultist and Chosen","floor":22.0,"turns":5.0},{"damage":0.0,"enemies":"Chosen and Byrds","floor":26.0,"turns":5.0},{"damage":0.0,"enemies":"Book of Stabbing","floor":27.0,"turns":4.0},{"damage":0.0,"enemies":"3 Cultists","floor":28.0,"turns":5.0},{"damage":0.0,"enemies":"downfall:FleeingMerchant","floor":29.0,"turns":4.0},{"damage":12.0,"enemies":"Cultist and Chosen","floor":30.0,"turns":6.0},{"damage":0.0,"enemies":"downfall:FleeingMerchant","floor":31.0,"turns":4.0},{"damage":0.0,"enemies":"Snecko","floor":32.0,"turns":6.0},{"damage":11.0,"enemies":"downfall:Silent","floor":33.0,"turns":7.0},{"damage":0.0,"enemies":"3 Darklings","floor":36.0,"turns":5.0},{"damage":0.0,"enemies":"downfall:FleeingMerchant","floor":37.0,"turns":4.0},{"damage":23.0,"enemies":"2 Orb Walkers","floor":38.0,"turns":6.0},{"damage":4.0,"enemies":"3 Shapes","floor":40.0,"turns":4.0},{"damage":0.0,"enemies":"Maw","floor":46.0,"turns":5.0},{"damage":1.0,"enemies":"3 Darklings","floor":49.0,"turns":3.0},{"damage":5.0,"enemies":"downfall:Watcher","floor":50.0,"turns":6.0},{"damage":3.0,"enemies":"downfall:CharBossMerchant","floor":52.0,"turns":7.0},{"damage":0,"enemies":"downfall:NeowBoss","floor":55,"turns":12}],"seed_played":"3164839994619636434","potions_obtained":[{"floor":4.0,"key":"ColorlessPotion"},{"floor":8.0,"key":"EntropicBrew"},{"floor":14.0,"key":"hexamod:EctoCoolerPotion"},{"floor":15.0,"key":"LiquidBronze"},{"floor":19.0,"key":"Guardian:StasisDiscoveryPotion"},{"floor":20.0,"key":"SmokeBomb"},{"floor":26.0,"key":"GamblersBrew"},{"floor":32.0,"key":"Energy Potion"}],"is_trial":false,"path_per_floor":["R","M","?","M","M","R","T","E","R","E","$","M","?","M","M","B",null,"R","M","E","R","M","?","T","?","M","E","M","$","M","$","M","B",null,"R","M","$","?","?","M","T","R","$","R","?","M","$","?","M","B",null,"E","$","R","B",null],"character_chosen":"GUARDIAN","items_purchased":["Guardian:Harden","expansioncontent:Collect","Guardian:PrismaticBeam","ClockworkSouvenir","Guardian:MultiBeam","Bag of Marbles","Shuriken"],"campfire_rested":0,"item_purchase_floors":[11,29,31,37,37,37,43],"current_hp_per_floor":[80,80,80,80,73,73,73,53,63,56,56,69,69,69,65,25,90,90,80,80,80,80,80,87,87,87,87,87,87,75,75,75,64,97,97,97,97,74,74,70,70,70,70,70,70,70,70,70,69,64,97,94,94,94,94],"gold":64,"neow_bonus":"THREE_CARDS","is_daily":false,"chose_seed":false,"campfire_upgraded":8,"win_rate":0.0,"timestamp":1607995714,"path_taken":["R","M","?","M","?","R","T","E","R","E","$","M","?","M","M","BOSS","R","M","E","R","M","?","T","?","M","E","M","?","M","$","M","BOSS","R","M","$","?","?","M","T","R","$","R","?","?","$","?","M","BOSS","E","$","R","BOSS"],"items_purchased_type":["Card","Card","Card","Relic","Card","Relic","Relic"],"build_version":"2020-12-13","purchased_purges":10,"victory":true,"max_hp_per_floor":[80,80,80,80,80,80,80,80,90,90,90,90,90,90,90,90,90,90,90,90,90,90,90,97,97,97,97,97,97,97,97,97,97,97,97,97,97,97,97,97,97,97,97,97,97,97,97,97,97,97,97,97,97,97,97],"relic_stats":{"OrangePellets":[3],"counters":[30,154],"Shuriken":[24],"Prayer Wheel":13,"StoneCalendar":[0],"Art of War":[3],"War Paint":["Guardian:BronzeArmor","Guardian:TemporalShield"],"obtain_stats":[{"Guardian:StasisSlotReductionRelic":17,"downfall:HeartBlessingRed":18,"Guardian:ModeShifter":0,"Oddly Smooth Stone":20,"downfall:HeartBlessingGreen":9,"StoneCalendar":38,"Incense Burner":8,"War Paint":52,"ClockworkSouvenir":37,"OrangePellets":52,"downfall:HeartBlessingBlue":9,"Shuriken":43,"Strawberry":24,"Prayer Wheel":10,"Philosopher\u0027s Stone":34,"Bag of Marbles":37,"Art of War":41,"Meat on the Bone":27},{"Guardian:StasisSlotReductionRelic":10,"downfall:HeartBlessingRed":10,"Guardian:ModeShifter":0,"Oddly Smooth Stone":12,"downfall:HeartBlessingGreen":4,"StoneCalendar":24,"Incense Burner":4,"War Paint":29,"ClockworkSouvenir":23,"OrangePellets":29,"downfall:HeartBlessingBlue":4,"Shuriken":25,"Strawberry":13,"Prayer Wheel":5,"Philosopher\u0027s Stone":21,"Bag of Marbles":23,"Art of War":25,"Meat on the Bone":15},{"Guardian:StasisSlotReductionRelic":47,"downfall:HeartBlessingRed":47,"Guardian:ModeShifter":0,"Oddly Smooth Stone":56,"downfall:HeartBlessingGreen":15,"StoneCalendar":117,"Incense Burner":15,"War Paint":142,"ClockworkSouvenir":111,"OrangePellets":142,"downfall:HeartBlessingBlue":15,"Shuriken":121,"Strawberry":61,"Prayer Wheel":22,"Philosopher\u0027s Stone":102,"Bag of Marbles":111,"Art of War":121,"Meat on the Bone":70}],"Meat on the Bone":0},"card_choices":[{"not_picked":["Guardian:TemporalShield","Guardian:PolyBeam"],"picked":"Guardian:Recover","floor":0.0},{"not_picked":["Guardian:GuardianWhirl","Guardian:PiercingHide"],"picked":"Guardian:ChargeCore","floor":2.0},{"not_picked":["Guardian:Incinerate","Guardian:RollAttack"],"picked":"Guardian:Gem_Cyan","floor":4.0},{"not_picked":["Guardian:Gem_Red","Guardian:RefractedBeam","Guardian:Emergency"],"picked":"SKIP","floor":5.0},{"not_picked":["Guardian:Gem_Green","Guardian:TemporalShield"],"picked":"Guardian:SpikerProtocol","floor":8.0},{"not_picked":["Guardian:WalkerClaw","Guardian:Gem_Lightblue"],"picked":"Guardian:PrimingBeam","floor":10.0},{"not_picked":["Guardian:MultiBeam","Guardian:TemporalStrike"],"picked":"Guardian:DecasProtection","floor":11.0},{"not_picked":["Guardian:Gem_Red","Guardian:DecasProtection"],"picked":"Guardian:ChargeUp","floor":12.0},{"not_picked":["Guardian:PiercingHide","Guardian:RollAttack"],"picked":"Guardian:Gem_Red","floor":12.0},{"not_picked":["Guardian:ShieldSpikes","Guardian:RefractedBeam"],"picked":"Guardian:TemporalShield","floor":14.0},{"not_picked":["Guardian:Gem_Yellow","Guardian:Planning"],"picked":"Guardian:StasisStrike","floor":14.0},{"not_picked":["Guardian:EvasiveProtocol","Guardian:Gem_Green"],"picked":"Guardian:VentSteam","floor":15.0},{"not_picked":["Guardian:RollAttack","Guardian:ShieldCharger"],"picked":"Guardian:PrismaticBeam","floor":15.0},{"not_picked":["Guardian:GemFire","Guardian:Gem_Orange"],"picked":"Guardian:ExploitGems","floor":16.0},{"not_picked":["Guardian:RollAttack+1","Guardian:ShieldCharger+1"],"picked":"Guardian:PrimingBeam+1","floor":19.0},{"not_picked":["Guardian:Incinerate","Guardian:CrystalBeam"],"picked":"Guardian:Gem_Cyan","floor":19.0},{"not_picked":["Guardian:PrismaticBarrier+1","Guardian:Gem_Crimson"],"picked":"Guardian:BronzeArmor+1","floor":20.0},{"not_picked":["Guardian:FastForward","Guardian:WalkerClaw"],"picked":"Guardian:Gem_White","floor":22.0},{"not_picked":["Guardian:PrismaticBarrier","Guardian:Incinerate"],"picked":"Guardian:Gem_Cyan","floor":22.0},{"not_picked":["Guardian:TimeBomb","Guardian:PrismaticBeam"],"picked":"Guardian:BronzeArmor","floor":26.0},{"not_picked":["Guardian:Clone+1","Guardian:TemporalStrike"],"picked":"Guardian:Gem_Cyan","floor":26.0},{"not_picked":["Guardian:ChargeUp","Guardian:Planning"],"picked":"Guardian:Gem_Yellow","floor":27.0},{"not_picked":["Guardian:Suspension","Guardian:PiercingHide"],"picked":"Guardian:PrismaticBarrier","floor":28.0},{"not_picked":["Guardian:Harden","Guardian:CrystalBeam"],"picked":"Guardian:Gem_Lightblue","floor":28.0},{"not_picked":["Guardian:BronzeOrb","Guardian:ArmoredProtocol+1"],"picked":"Guardian:TimeCapacitor","floor":29.0},{"not_picked":["Guardian:Reroute","Guardian:Preprogram"],"picked":"Guardian:BronzeArmor","floor":30.0},{"not_picked":["Guardian:ConstructionForm","Guardian:TemporalStrike","Guardian:FuturePlans"],"picked":"SKIP","floor":30.0},{"not_picked":["Guardian:ShieldCharger","Guardian:Recover"],"picked":"Guardian:Gem_Cyan","floor":31.0},{"not_picked":["Guardian:TemporalShield","Guardian:Recover"],"picked":"Guardian:BronzeArmor+1","floor":32.0},{"not_picked":["Guardian:VentSteam","Guardian:Recover"],"picked":"Guardian:Incinerate","floor":32.0},{"not_picked":["Guardian:GemFire","Guardian:CompilePackage"],"picked":"Guardian:StasisEngine","floor":33.0},{"not_picked":["Guardian:Gem_Green","Guardian:ChargeUp"],"picked":"Guardian:PrimingBeam","floor":36.0},{"not_picked":["Guardian:Emergency","Guardian:GuardianWhirl","Guardian:ChargeCore+1"],"picked":"SKIP","floor":36.0},{"not_picked":["Guardian:Emergency","Guardian:TemporalStrike","Guardian:ShieldCharger"],"picked":"SKIP","floor":37.0},{"not_picked":["Guardian:CrystalBeam+1","Guardian:Incinerate"],"picked":"Guardian:SpikerProtocol","floor":38.0},{"not_picked":["expansioncontent:PolyBeam","expansioncontent:FaceSlap"],"picked":"expansioncontent:Chronoboost","floor":39.0},{"not_picked":["Guardian:Emergency","Guardian:Gem_Cyan"],"picked":"Guardian:PrimingBeam+1","floor":40.0},{"not_picked":["Guardian:TimeCapacitor+1","Guardian:TemporalShield"],"picked":"Guardian:Gem_Purple","floor":40.0},{"not_picked":["Guardian:RollAttack+1","Guardian:Gem_Lightblue"],"picked":"Guardian:ArmoredProtocol","floor":46.0},{"not_picked":["Guardian:TemporalShield","Guardian:EvasiveProtocol+1"],"picked":"Guardian:BronzeOrb+1","floor":46.0},{"not_picked":["Guardian:RefractedBeam+1","Guardian:TemporalStrike+1"],"picked":"Guardian:TemporalShield+1","floor":49.0},{"not_picked":["Guardian:Recover+1","Guardian:RollAttack"],"picked":"Guardian:AncientConstruct","floor":49.0},{"not_picked":["Guardian:Gem_Lightblue","Guardian:PiercingHide+1"],"picked":"Guardian:Gem_Red","floor":52.0}],"player_experience":771605,"relics_obtained":[{"floor":8.0,"key":"Incense Burner"},{"floor":10.0,"key":"Prayer Wheel"},{"floor":20.0,"key":"Oddly Smooth Stone"},{"floor":24.0,"key":"Strawberry"},{"floor":27.0,"key":"Meat on the Bone"},{"floor":38.0,"key":"StoneCalendar"},{"floor":41.0,"key":"Art of War"},{"floor":52.0,"key":"OrangePellets"},{"floor":52.0,"key":"War Paint"}],"event_choices":[{"damage_healed":0.0,"max_hp_gain":0.0,"max_hp_loss":6.0,"gold_gain":0.0,"event_name":"betterThird:BetterWriting","player_choice":"Simplicity","floor":23.0,"gold_loss":0.0,"damage_taken":0.0},{"damage_healed":0.0,"max_hp_gain":0.0,"max_hp_loss":0.0,"gold_gain":0.0,"event_name":"Mysterious Sphere","player_choice":"Fight","floor":38.0,"gold_loss":0.0,"damage_taken":0.0},{"cards_removed":["Guardian:BronzeOrb"],"damage_healed":0.0,"max_hp_gain":0.0,"max_hp_loss":0.0,"gold_gain":0.0,"event_name":"Falling","player_choice":"Removed Attack","floor":48.0,"gold_loss":0.0,"damage_taken":0.0}],"is_beta":false,"boss_relics":[{"not_picked":["Cursed Key","Pandora\u0027s Box"],"picked":"Guardian:StasisSlotReductionRelic"},{"not_picked":["Sozu","Runic Dome"],"picked":"Philosopher\u0027s Stone"}],"items_purged_floors":[11,11,29,29,29,37,37,43,47,53],"is_endless":false,"potions_floor_spawned":[4,8,14,15,19,20,26,32,33,46],"ascension_level":0}}