{"host":"vsssrh9c5j56q07s","time":1608019002,"event":{"mods":["AchievementEnabler","BaseMod","Colored Map","Colored Powertips","Custom Start","DeckTracker","Highlight Path","Minty Spire (QoL Compilation)","Relic Sorter","StSLib"],"gold_per_floor":[119,132,151,165,19,46,46,56,82,142,157,12,12,31,31,126,126,140,160,180,180,191,221,221,231,278,278,278],"floor_reached":27,"playtime":3381,"items_purged":[],"score":239,"play_id":"38112d78-a04d-4f0b-b59f-a865c5b8c301","local_time":"20201214235642","is_ascension_mode":false,"campfire_choices":[{"floor":13,"key":"REST"},{"data":"PathToVictory","floor":15,"key":"SMITH"}],"circlet_count":0,"master_deck":["Strike_P","Strike_P","Strike_P","Strike_P+1","Defend_P","Defend_P","Defend_P","Defend_P","Eruption+1","Vigilance","ThirdEye","Pray","LikeWater","SashWhip","Consecrate","CarveReality","PathToVictory+1","ThirdEye","Blasphemy","SandsOfTime","PathToVictory","WindmillStrike+1","FlurryOfBlows"],"relics":["PureWater","Gambling Chip","Tiny Chest","Letter Opener","Regal Pillow","Whetstone","MealTicket","Strange Spoon","Velvet Choker","Nunchaku","PreservedInsect","Anchor"],"acts_visited":["Exordium","TheCity"],"potions_floor_usage":[10,10,16,16,20,23],"damage_taken":[{"damage":2,"enemies":"2 Louse","floor":1,"turns":5},{"damage":2,"enemies":"Small Slimes","floor":2,"turns":4},{"damage":0,"enemies":"Jaw Worm","floor":3,"turns":4},{"damage":4,"enemies":"2 Fungi Beasts","floor":4,"turns":6},{"damage":15,"enemies":"Gremlin Nob","floor":6,"turns":6},{"damage":0,"enemies":"Blue Slaver","floor":8,"turns":4},{"damage":0,"enemies":"Gremlin Nob","floor":10,"turns":2},{"damage":3,"enemies":"Large Slime","floor":11,"turns":5},{"damage":21,"enemies":"Exordium Thugs","floor":14,"turns":5},{"damage":34,"enemies":"Hexaghost","floor":16,"turns":13},{"damage":1,"enemies":"Shell Parasite","floor":18,"turns":6},{"damage":6,"enemies":"3 Byrds","floor":19,"turns":4},{"damage":5,"enemies":"Snake Plant","floor":20,"turns":3},{"damage":14,"enemies":"Centurion and Healer","floor":22,"turns":5},{"damage":20,"enemies":"Gremlin Leader","floor":23,"turns":7},{"damage":5,"enemies":"Snecko","floor":25,"turns":4},{"damage":20,"enemies":"Shelled Parasite and Fungi","floor":27,"turns":2}],"seed_played":"9016608454420594222","potions_obtained":[{"floor":2,"key":"Dexterity Potion"},{"floor":3,"key":"ColorlessPotion"},{"floor":8,"key":"Fire Potion"},{"floor":11,"key":"SteroidPotion"},{"floor":19,"key":"Ambrosia"},{"floor":22,"key":"AttackPotion"},{"floor":25,"key":"CultistPotion"}],"is_trial":false,"path_per_floor":["M","M","M","M","$","E","?","M","T","?","M","$","R","M","R","B",null,"M","M","M","?","M","E","T","M","T","M"],"character_chosen":"WATCHER","items_purchased":["Tiny Chest","Strange Spoon"],"campfire_rested":1,"item_purchase_floors":[5,12],"current_hp_per_floor":[49,47,47,43,43,28,10,10,10,10,7,22,58,37,37,3,72,71,65,60,47,33,13,13,8,8,0,0],"gold":278,"neow_bonus":"ONE_RARE_RELIC","is_daily":false,"chose_seed":false,"campfire_upgraded":1,"win_rate":0.0,"timestamp":1608019002,"path_taken":["M","M","M","M","$","E","?","M","T","?","M","$","R","M","R","BOSS","M","M","M","?","M","E","?","M","T","M"],"items_purchased_type":["Relic","Relic"],"build_version":"2020-12-13","purchased_purges":0,"victory":false,"max_hp_per_floor":[72,72,72,72,72,72,72,72,72,72,72,72,72,72,72,72,72,72,72,72,77,77,77,77,77,77,77,77],"card_choices":[{"not_picked":["Halt","Conclude"],"picked":"ThirdEye","floor":1},{"not_picked":["Prostrate","EmptyFist"],"picked":"Pray","floor":2},{"not_picked":["WaveOfTheHand","BattleHymn"],"picked":"LikeWater","floor":3},{"not_picked":["SignatureMove","Judgement"],"picked":"SashWhip","floor":4},{"not_picked":["FlyingSleeves","EmptyBody"],"picked":"Consecrate","floor":6},{"not_picked":["ClearTheMind","SashWhip"],"picked":"CarveReality","floor":8},{"not_picked":["Prostrate","WheelKick"],"picked":"PathToVictory","floor":11},{"not_picked":["MentalFortress","JustLucky"],"picked":"ThirdEye","floor":14},{"not_picked":["Brilliance","Vault"],"picked":"Blasphemy","floor":16},{"not_picked":["Prostrate","InnerPeace"],"picked":"SandsOfTime","floor":18},{"not_picked":["Evaluate","ClearTheMind","BowlingBash+1"],"picked":"SKIP","floor":19},{"not_picked":["Protect","WheelKick"],"picked":"PathToVictory","floor":20},{"not_picked":["Wallop","Pray","JustLucky"],"picked":"SKIP","floor":22},{"not_picked":["Perseverance","Collect"],"picked":"WindmillStrike+1","floor":23},{"not_picked":["EmptyBody","Study"],"picked":"FlurryOfBlows","floor":25}],"player_experience":391826,"relics_obtained":[{"floor":6,"key":"Letter Opener"},{"floor":9,"key":"Whetstone"},{"floor":23,"key":"Nunchaku"},{"floor":24,"key":"PreservedInsect"},{"floor":26,"key":"Anchor"}],"event_choices":[{"damage_healed":0,"gold_gain":0,"player_choice":"Success","damage_taken":18,"relics_obtained":["Regal Pillow"],"max_hp_gain":0,"max_hp_loss":0,"event_name":"Scrap Ooze","floor":7,"gold_loss":0},{"damage_healed":0,"gold_gain":0,"player_choice":"Searched \u00272\u0027 times","damage_taken":0,"relics_obtained":["MealTicket"],"max_hp_gain":0,"max_hp_loss":0,"event_name":"Dead Adventurer","floor":10,"gold_loss":0},{"damage_healed":0,"gold_gain":0,"player_choice":"Shed Blood","damage_taken":18,"max_hp_gain":5,"max_hp_loss":0,"event_name":"Forgotten Altar","floor":21,"gold_loss":0}],"is_beta":false,"boss_relics":[{"not_picked":["Coffee Dripper","Ectoplasm"],"picked":"Velvet Choker"}],"items_purged_floors":[],"is_endless":false,"potions_floor_spawned":[2,3,8,11,19,22,25],"killed_by":"Shelled Parasite and Fungi","ascension_level":0}}