{"host":"qwttrqaysb380yri","time":1608039487,"event":{"mods":["BaseMod","Custom Start","Minty Spire (QoL Compilation)","Puzzle Mod","Relic Stats","StSLib","The Cursed","The Hierophant"],"gold_per_floor":[119,119,131,144,48,70,70,76,76,76,121,151,201,236,236,228,228],"floor_reached":16,"playtime":469,"items_purged":[],"score":210,"play_id":"d250eec0-42c6-41c3-b939-5670e478aeee","local_time":"20201215143807","is_ascension_mode":true,"campfire_choices":[{"data":"hierophant:ChurchCoffers","floor":7,"key":"SMITH"},{"floor":10,"key":"REST"},{"data":"hierophant:Remorse","floor":15,"key":"SMITH"}],"circlet_count":0,"master_deck":["AscendersBane","hierophant:Strike_Hierophant","hierophant:Strike_Hierophant","hierophant:Strike_Hierophant","hierophant:Punish","hierophant:Defend_Hierophant","hierophant:Defend_Hierophant","hierophant:Defend_Hierophant","hierophant:Defend_Hierophant","hierophant:ChurchCoffers+1","hierophant:Zeal","hierophant:HolyVerse","hierophant:Shelter","hierophant:Remorse+1","hierophant:Doubloon","hierophant:Doubloon","hierophant:ThreeLashes","hierophant:FieryStrike","hierophant:Doubloon","hierophant:ConvertCurrency","hierophant:Chorus"],"relics":["hierophant:PropheticMaskRelic","TungstenRod","Meat on the Bone","CeramicFish","Mercury Hourglass","Omamori","Centennial Puzzle"],"acts_visited":["Exordium"],"potions_floor_usage":[6,8,8],"damage_taken":[{"damage":2,"enemies":"Jaw Worm","floor":1,"turns":3},{"damage":1,"enemies":"2 Louse","floor":3,"turns":2},{"damage":2,"enemies":"Small Slimes","floor":4,"turns":4},{"damage":10,"enemies":"3 Sentries","floor":6,"turns":5},{"damage":22,"enemies":"Lagavulin","floor":8,"turns":9},{"damage":3,"enemies":"2 Fungi Beasts","floor":11,"turns":2},{"damage":0,"enemies":"3 Louse","floor":13,"turns":1},{"damage":17,"enemies":"3 Sentries","floor":14,"turns":4},{"damage":9,"enemies":"The Guardian","floor":16,"turns":4}],"seed_played":"-6882234917627293902","potions_obtained":[{"floor":3,"key":"PowerPotion"},{"floor":6,"key":"Block Potion"},{"floor":8,"key":"SteroidPotion"}],"is_trial":false,"path_per_floor":["M","?","M","M","$","E","R","E","T","R","M","?","M","E","R","B"],"character_chosen":"HIEROPHANT","items_purchased":["Fire Potion","hierophant:Remorse"],"campfire_rested":1,"item_purchase_floors":[5,5],"current_hp_per_floor":[66,48,47,45,45,35,35,25,25,47,44,44,44,39,39,30,30],"gold":228,"neow_bonus":"TRANSFORM_CARD","is_daily":false,"chose_seed":false,"campfire_upgraded":2,"win_rate":0.0,"timestamp":1608039487,"path_taken":["M","?","M","M","$","E","R","E","T","R","M","?","M","E","R","BOSS"],"items_purchased_type":["Potion","Card"],"build_version":"2020-12-13","purchased_purges":0,"victory":false,"max_hp_per_floor":[75,75,75,75,75,75,75,75,75,75,75,75,75,75,75,75,75],"relic_stats":{"Centennial Puzzle":[3],"counters":[9,34],"CeramicFish":45,"obtain_stats":[{"Centennial Puzzle":14,"hierophant:PropheticMaskRelic":0,"CeramicFish":8,"Omamori":12,"TungstenRod":2,"Meat on the Bone":6,"Mercury Hourglass":9},{"Centennial Puzzle":8,"hierophant:PropheticMaskRelic":0,"CeramicFish":5,"Omamori":6,"TungstenRod":1,"Meat on the Bone":4,"Mercury Hourglass":5},{"Centennial Puzzle":30,"hierophant:PropheticMaskRelic":0,"CeramicFish":23,"Omamori":25,"TungstenRod":3,"Meat on the Bone":14,"Mercury Hourglass":23}],"TungstenRod":11,"Meat on the Bone":24,"Mercury Hourglass":[59]},"card_choices":[{"not_picked":["hierophant:Shelter","hierophant:Glossolalia"],"picked":"hierophant:HolyVerse","floor":1},{"not_picked":["hierophant:Doomsaying","hierophant:AuricShield"],"picked":"hierophant:Shelter","floor":3},{"not_picked":["hierophant:Prophecy","hierophant:RecallFunds","hierophant:Sermon"],"picked":"SKIP","floor":4},{"not_picked":["hierophant:Racketeering","hierophant:Prophecy"],"picked":"hierophant:Doubloon","floor":6},{"not_picked":["hierophant:OrnateJavelin","hierophant:AuricBeam"],"picked":"hierophant:ThreeLashes","floor":8},{"not_picked":["hierophant:CoinFling","hierophant:Shelter"],"picked":"hierophant:FieryStrike","floor":11},{"not_picked":["hierophant:RepressedViolence","hierophant:DisplayOfPower"],"picked":"hierophant:ConvertCurrency","floor":13},{"not_picked":["hierophant:AuricBeam","hierophant:ThreeLashes"],"picked":"hierophant:Chorus","floor":14}],"player_experience":1854578,"relics_obtained":[{"floor":6,"key":"Meat on the Bone"},{"floor":8,"key":"CeramicFish"},{"floor":9,"key":"Mercury Hourglass"},{"floor":14,"key":"Centennial Puzzle"}],"event_choices":[{"damage_healed":0,"gold_gain":0,"player_choice":"Success","damage_taken":18,"relics_obtained":["TungstenRod"],"max_hp_gain":0,"max_hp_loss":0,"event_name":"Scrap Ooze","floor":2,"gold_loss":0},{"damage_healed":0,"gold_gain":30,"player_choice":"Searched \u00273\u0027 times","damage_taken":0,"relics_obtained":["Omamori"],"max_hp_gain":0,"max_hp_loss":0,"event_name":"Dead Adventurer","floor":12,"gold_loss":0}],"is_beta":false,"boss_relics":[],"items_purged_floors":[],"is_endless":false,"potions_floor_spawned":[3,6,8],"killed_by":"The Guardian","ascension_level":15}}