{"host":"otf1z5955ddlv5pq","time":1608018889,"event":{"mods":["BaseMod","Beaked The Cultist","Better Altar","Better Match","Better Note","Better Sensory Stone","Better Skull","Better Third Choice","Colored Map","Colored Powertips","Downfall","Minty Spire (QoL Compilation)","Rare Cards Sparkle","Replay The Spire","StSLib"],"gold_per_floor":[110,128,53,72,91,91,102,133,157,157,67,83,83,23,23,143,143,156,177,77,91,116,159,159,159,159,159,284,284,298,97,97,218,218,237,87,87,151,151,151,172,172,172,505,539,556,225,235,235,235],"floor_reached":51,"playtime":11185,"items_purged":["Strike_G","Voices","Strike_G+1","Defend_G"],"score":799,"play_id":"31c2f4c3-66d7-46fc-a16f-c8ea78e5ecc9","local_time":"20201214235449","is_ascension_mode":true,"campfire_choices":[{"data":"Dodge and Roll","floor":6,"key":"SMITH"},{"floor":13,"key":"REST"},{"data":"Poisoned Stab","floor":15,"key":"SMITH"},{"floor":24,"key":"REST"},{"data":"Replay:Bag of Tricks","floor":27,"key":"SMITH"},{"floor":32,"key":"REST"},{"data":"1","floor":40,"key":"LIFT"},{"data":"Envenom","floor":42,"key":"SMITH"},{"floor":49,"key":"REST"}],"circlet_count":0,"master_deck":["Defend_G+1","Defend_G","Survivor+1","Neutralize","Poisoned Stab+1","Backstab+1","Dodge and Roll+1","Die Die Die","Noxious Fumes+1","Replay:Bag of Tricks+1","Slice+1","Slice+1","Backstab","Atom Bomb+1","Envenom+1","Bouncing Flask","Cloak And Dagger+1","Blade Dance+1","Accuracy+1","Mayhem+1","Deadly Poison+1"],"relics":["Ring of the Snake","Gremlin Food","Replay:Wax Seal","Pen Nib","Kintsugi","Lantern","BranchBurnRelic","StoneCalendar","Replay:Accelerometer","Philosopher\u0027s Stone","Girya","Frozen Egg 2","FossilizedHelix"],"acts_visited":["Exordium","TheCity","TheBeyond"],"potions_floor_usage":[8,18,23,28,33,35,48,50,50,50],"damage_taken":[{"damage":0,"enemies":"Small Slimes","floor":1,"turns":3},{"damage":0,"enemies":"Cultist","floor":2,"turns":4},{"damage":1,"enemies":"Jaw Worm","floor":4,"turns":4},{"damage":1,"enemies":"3 Louse","floor":5,"turns":3},{"damage":2,"enemies":"2 Fungi Beasts","floor":7,"turns":4},{"damage":33,"enemies":"Gremlin Nob","floor":8,"turns":6},{"damage":0,"enemies":"Gremlin Gang","floor":12,"turns":1},{"damage":41,"enemies":"Fading Forest","floor":16,"turns":11},{"damage":22,"enemies":"3 Byrds","floor":18,"turns":4},{"damage":7,"enemies":"Spheric Guardian","floor":19,"turns":5},{"damage":9,"enemies":"Snecko","floor":21,"turns":4},{"damage":12,"enemies":"Centurion and Healer","floor":22,"turns":8},{"damage":10,"enemies":"Slavers","floor":23,"turns":4},{"damage":8,"enemies":"Colosseum Slavers","floor":28,"turns":2},{"damage":1,"enemies":"Colosseum Nobs","floor":28,"turns":4},{"damage":1,"enemies":"Cultist and Chosen","floor":30,"turns":4},{"damage":37,"enemies":"Champ","floor":33,"turns":7},{"damage":1,"enemies":"3 Shapes","floor":35,"turns":4},{"damage":14,"enemies":"2 Orb Walkers","floor":38,"turns":3},{"damage":9,"enemies":"3 Darklings","floor":41,"turns":3},{"damage":18,"enemies":"Giant Head","floor":45,"turns":6},{"damage":0,"enemies":"Jaw Worm Horde","floor":46,"turns":2},{"damage":0,"enemies":"Sphere and 2 Shapes","floor":48,"turns":3},{"damage":64,"enemies":"Donu and Deca","floor":50,"turns":6}],"seed_played":"-5138988294749908423","potions_obtained":[{"floor":7,"key":"Guardian:BlockOnCardUsePotion"},{"floor":16,"key":"AttackPotion"},{"floor":19,"key":"SpeedPotion"},{"floor":23,"key":"LiquidMemories"},{"floor":30,"key":"Strength Potion"},{"floor":33,"key":"Guardian:BlockOnCardUsePotion"},{"floor":38,"key":"Dexterity Potion"},{"floor":48,"key":"Milkshake"}],"is_trial":false,"path_per_floor":["M","M","$","M","M","R","M","E","T","?","?","M","R","$","R","B",null,"M","M","$","M","M","E","R","?","T","R","?","?","M","$","R","B",null,"M","$","?","?","$","R","M","R","T","?","E","M","$","M","R","B",null],"character_chosen":"THE_SILENT","items_purchased":["Noxious Fumes+1","Atom Bomb","Accuracy+1","Mayhem+1","Elixir","Adrenaline Potion"],"campfire_rested":4,"item_purchase_floors":[14,31,47,47,47,47],"current_hp_per_floor":[70,70,70,69,68,68,66,33,33,33,33,33,52,52,52,19,65,43,36,36,27,15,5,24,45,45,45,41,41,40,40,59,37,65,64,64,62,48,48,48,51,51,51,51,44,44,44,44,62,8],"gold":235,"neow_bonus":"UPGRADE_CARD","is_daily":false,"chose_seed":false,"campfire_upgraded":4,"win_rate":0.0,"timestamp":1608018889,"path_taken":["M","M","$","M","M","R","M","E","T","?","?","M","R","$","R","BOSS","M","M","$","M","?","E","R","?","T","R","?","?","?","$","R","BOSS","M","$","?","?","?","R","M","R","T","?","E","M","$","M","R","BOSS"],"items_purchased_type":["Card","Card","Card","Card","Potion","Potion"],"build_version":"2020-12-13","purchased_purges":4,"victory":true,"max_hp_per_floor":[70,70,70,70,70,70,70,70,70,65,65,65,65,65,65,65,65,65,65,65,65,65,65,65,65,65,65,65,65,65,65,65,65,65,65,65,62,62,62,62,62,62,62,62,62,62,62,62,62,62],"card_choices":[{"not_picked":["Dagger Spray","Hidden Blade"],"picked":"Poisoned Stab","floor":1},{"not_picked":["Outmaneuver","Slice"],"picked":"Backstab","floor":2},{"not_picked":["Underhanded Strike","Terror"],"picked":"Dodge and Roll","floor":4},{"not_picked":["Hidden Blade","PiercingWail","Masterful Stab"],"picked":"SKIP","floor":5},{"not_picked":["Endless Agony","Prepared","Concentrate"],"picked":"SKIP","floor":7},{"not_picked":["Distraction","Backflip"],"picked":"Die Die Die","floor":8},{"not_picked":["Dodge and Roll","Backflip","Leg Sweep"],"picked":"SKIP","floor":12},{"not_picked":["Phantasmal Killer","Grand Finale"],"picked":"Replay:Bag of Tricks","floor":16},{"not_picked":["Dagger Throw","Endless Agony","Slice"],"picked":"SKIP","floor":18},{"not_picked":["Quick Slash","Underhanded Strike","Acrobatics"],"picked":"SKIP","floor":19},{"not_picked":["Leg Sweep","PiercingWail","Flying Knee"],"picked":"SKIP","floor":21},{"not_picked":["Draining Mist+1","Tactician+1"],"picked":"Slice+1","floor":22},{"not_picked":["Footwork","Hidden Blade"],"picked":"Slice+1","floor":23},{"not_picked":["Endless Agony+1","Backflip"],"picked":"Backstab","floor":28},{"not_picked":["Blur","Phantasmal Killer","Prepared"],"picked":"SKIP","floor":30},{"not_picked":["Storm of Steel","Unload"],"picked":"Envenom","floor":33},{"not_picked":["Dagger Throw+1","Tactician","Sucker Punch+1"],"picked":"SKIP","floor":35},{"not_picked":["Heel Hook","Catalyst"],"picked":"Bouncing Flask","floor":38},{"not_picked":["Endless Agony+1","Flying Knee+1"],"picked":"Cloak And Dagger+1","floor":41},{"not_picked":["Underhanded Strike+1","Quick Slash"],"picked":"Blade Dance+1","floor":45},{"not_picked":["Poisoned Stab+1","Flying Knee","Hidden Blade+1"],"picked":"SKIP","floor":46},{"not_picked":["Riddle With Holes","Burst"],"picked":"Deadly Poison+1","floor":48}],"player_experience":903388,"relics_obtained":[{"floor":8,"key":"Gremlin Food"},{"floor":9,"key":"Replay:Wax Seal"},{"floor":23,"key":"Lantern"},{"floor":26,"key":"Dead Branch"},{"floor":28,"key":"StoneCalendar"},{"floor":28,"key":"Replay:Accelerometer"},{"floor":38,"key":"Girya"},{"floor":43,"key":"Frozen Egg 2"},{"floor":45,"key":"FossilizedHelix"}],"event_choices":[{"damage_healed":0,"gold_gain":0,"player_choice":"Lose Max HP","damage_taken":0,"relics_obtained":["Golden Idol"],"max_hp_gain":0,"max_hp_loss":5,"event_name":"Golden Idol","floor":10,"gold_loss":0},{"damage_healed":0,"gold_gain":0,"player_choice":"Paid Gold","damage_taken":0,"relics_obtained":["Pen Nib"],"max_hp_gain":0,"max_hp_loss":0,"event_name":"WeMeetAgain","floor":11,"gold_loss":90},{"damage_healed":21,"gold_gain":0,"player_choice":"Heal","damage_taken":0,"max_hp_gain":0,"max_hp_loss":0,"event_name":"The Library","floor":25,"gold_loss":0},{"damage_healed":0,"gold_gain":0,"player_choice":"Fight","damage_taken":0,"max_hp_gain":0,"max_hp_loss":0,"event_name":"Colosseum","floor":28,"gold_loss":0},{"damage_healed":0,"gold_gain":0,"player_choice":"Fought Nobs","damage_taken":0,"max_hp_gain":0,"max_hp_loss":0,"event_name":"Colosseum","floor":28,"gold_loss":0},{"cards_removed":["Slimebound:Icky"],"damage_healed":0,"gold_gain":0,"player_choice":"Purged","damage_taken":0,"max_hp_gain":0,"max_hp_loss":0,"event_name":"Purifier","floor":29,"gold_loss":0},{"damage_healed":0,"gold_gain":0,"player_choice":"Max HP","damage_taken":0,"max_hp_gain":0,"max_hp_loss":3,"event_name":"Winding Halls","floor":37,"gold_loss":0},{"damage_healed":0,"gold_gain":0,"player_choice":"Fight","damage_taken":0,"max_hp_gain":0,"max_hp_loss":0,"event_name":"Mysterious Sphere","floor":38,"gold_loss":0},{"damage_healed":0,"gold_gain":333,"player_choice":"Gave Idol","damage_taken":0,"max_hp_gain":0,"max_hp_loss":0,"event_name":"The Moai Head","floor":44,"relics_lost":["Golden Idol"],"gold_loss":0}],"is_beta":false,"boss_relics":[{"not_picked":["Replay:Ancient Bell","Ring of Chaos"],"picked":"Kintsugi"},{"not_picked":["Snecko Eye","Sozu"],"picked":"Philosopher\u0027s Stone"}],"items_purged_floors":[3,20,31,36],"is_endless":false,"potions_floor_spawned":[7,16,19,23,28,30,33,38,48],"ascension_level":4}}