{"host":"ek19s9symjhb78i2","time":1608004325,"event":{"mods":["BaseMod","Better Note","Downfall","Hero for Fun","Hubris","Infinite Spire","JesterMod","Mimic Mod","Minty Spire (QoL Compilation)","Quick Restart","Shop Mod","StSLib","SuperFastMode","The Animator","The Blackbeard","The Bladedancer","The Death Knight","The Necromancer","Thieving Mod","Unceasing Turn Reminder","Wandering Minibosses"],"gold_per_floor":[119,119,129,148,162,177,188,199,224,238,238,29,43,43,43,147,147,161,180,180,180,198,198,223,242,277,277,277],"floor_reached":27,"playtime":1043,"items_purged":[],"score":231,"play_id":"68f4f945-92c7-4f9a-a981-6c346249da71","local_time":"20201214205205","is_ascension_mode":false,"campfire_choices":[{"floor":15,"key":"REST"},{"floor":23,"key":"REST"}],"circlet_count":0,"master_deck":["Strike_W","Strike_W","Strike_W","Strike_W","Defend_W","Defend_W","Defend_W","Defend_W","Negative_Energy_Arrows","Bone_Wall","Bone_Armory","Summon_Undead","Finger_Of_Death","Vampiric_Strike","Siphon_Strength","Flesh_Made_Foul","Hellfire","Negative_Energy_Javelin","Summon_Death_Knight","Bone_Armor","Blood_Magic","Toxic_Smoke_Screen","Shade_Step+1","infinitespire:Punishment","Summon_Lich+1","hubris:Rewind","Reap_The_Weak","Summon_Undead_Army","Death_Coil+1"],"relics":["Vampire_Amulet","NeowsBlessing","Strawberry","MerchantsRug","CultistMask","hubris:ScarierMask","jesterMod:MirrorMask","Blue Candle","Dream Catcher","The Courier"],"acts_visited":["Exordium","TheCity"],"potions_floor_usage":[7,16,24,27],"damage_taken":[{"damage":0,"enemies":"Cultist","floor":1,"turns":1},{"damage":0,"enemies":"Jaw Worm","floor":3,"turns":1},{"damage":0,"enemies":"2 Louse","floor":4,"turns":2},{"damage":11,"enemies":"Large Slime","floor":5,"turns":6},{"damage":31,"enemies":"Looter","floor":6,"turns":4},{"damage":18,"enemies":"3 Louse","floor":7,"turns":2},{"damage":17,"enemies":"Gremlin Gang","floor":8,"turns":5},{"damage":9,"enemies":"Looter","floor":10,"turns":2},{"damage":2,"enemies":"Large Slime","floor":13,"turns":5},{"damage":13,"enemies":"The Guardian","floor":16,"turns":11},{"damage":6,"enemies":"2 Thieves","floor":18,"turns":3},{"damage":39,"enemies":"Spheric Guardian","floor":19,"turns":6},{"damage":8,"enemies":"3 Cultists","floor":22,"turns":4},{"damage":38,"enemies":"Nightmare","floor":24,"turns":8},{"damage":8,"enemies":"Cultist and Chosen","floor":25,"turns":5},{"damage":14,"enemies":"Snake Plant","floor":26,"turns":6},{"damage":26,"enemies":"Snake Plant","floor":27,"turns":2}],"seed_played":"-3132168553849933384","potions_obtained":[{"floor":1,"key":"SkillPotion"},{"floor":3,"key":"Explosive Potion"},{"floor":4,"key":"Swift Potion"},{"floor":6,"key":"LiquidMemories"},{"floor":8,"key":"ThievingMod:ThievingPotion"},{"floor":13,"key":"BlessingOfTheForge"},{"floor":22,"key":"Strength Potion"},{"floor":25,"key":"hexamod:EctoCoolerPotion"}],"is_trial":false,"path_per_floor":["M","?","M","M","M","M","M","M","T","M","?","$","M","?","R","B",null,"M","M","AVR","T","M","R","NM","M","MIM","M"],"character_chosen":"NECROMANCER","items_purchased":["MerchantsRug","Summon_Death_Knight"],"campfire_rested":2,"item_purchase_floors":[12,12],"current_hp_per_floor":[75,75,75,75,68,39,32,23,30,23,23,23,27,27,51,72,82,78,53,53,53,54,78,43,37,26,0,0],"gold":277,"neow_bonus":"THREE_ENEMY_KILL","is_daily":false,"chose_seed":false,"campfire_upgraded":0,"win_rate":0.0,"timestamp":1608004325,"path_taken":["M","?","?","M","M","M","M","M","T","M","?","$","?","?","R","BOSS","M","M","AVR","?","M","R","NM","?","MIM","M"],"items_purchased_type":["Relic","Card"],"build_version":"2020-12-13","purchased_purges":0,"victory":false,"max_hp_per_floor":[75,75,75,75,75,75,75,75,82,82,82,82,82,82,82,82,82,82,82,82,82,82,82,82,82,82,82,82],"card_choices":[{"not_picked":["Bones_to_Steel","Bone_Shift"],"picked":"Bone_Armory","floor":1},{"not_picked":["Life_Tap","Vampiric_Strike"],"picked":"Summon_Undead","floor":3},{"not_picked":["Scare","Consume_Illness"],"picked":"Finger_Of_Death","floor":4},{"not_picked":["Uncharnel","Death_Coil"],"picked":"Vampiric_Strike","floor":5},{"not_picked":["Deaths_Shadow","Life_Tap"],"picked":"Siphon_Strength","floor":6},{"not_picked":["Blood_for_Blood","Blood_Curse"],"picked":"Flesh_Made_Foul","floor":7},{"not_picked":["Negative_Energy_Shield","Epidemic"],"picked":"Hellfire","floor":8},{"not_picked":["Life_Tap","Finger_Of_Death"],"picked":"Negative_Energy_Javelin","floor":10},{"not_picked":["Bone_Bullets","Bone_Armory"],"picked":"Bone_Armor","floor":13},{"not_picked":["Summon_Death_Knight","Cloudkill"],"picked":"Blood_Magic","floor":16},{"not_picked":["Blood_Whip","Uncharnel+1"],"picked":"Toxic_Smoke_Screen","floor":18},{"not_picked":["Bone_Shift","Stop_Heart"],"picked":"Shade_Step+1","floor":19},{"not_picked":["Bone_Shift","Stop_Heart+1"],"picked":"Summon_Lich+1","floor":22},{"not_picked":["infinitespire:Fortify","infinitespire:Execution"],"picked":"hubris:Rewind","floor":24},{"not_picked":["Spectral_Walk","Scare+1"],"picked":"Reap_The_Weak","floor":24},{"not_picked":["Siphon_Strength","Blood_Curse"],"picked":"Summon_Undead_Army","floor":25},{"not_picked":["Bone_Shift","Bone_Armory"],"picked":"Death_Coil+1","floor":26}],"player_experience":162619,"relics_obtained":[{"floor":9,"key":"Strawberry"},{"floor":21,"key":"Blue Candle"},{"floor":24,"key":"Dream Catcher"},{"floor":26,"key":"The Courier"}],"event_choices":[{"damage_healed":0,"gold_gain":0,"player_choice":"Ignored","damage_taken":0,"max_hp_gain":0,"max_hp_loss":0,"event_name":"betterNote:BetterNote","floor":2,"gold_loss":0,"cards_obtained":["Doubt"]},{"damage_healed":0,"gold_gain":0,"player_choice":"Gave Potion","damage_taken":0,"relics_obtained":["Smiling Mask"],"max_hp_gain":0,"max_hp_loss":0,"event_name":"WeMeetAgain","floor":11,"gold_loss":0},{"damage_healed":0,"gold_gain":0,"player_choice":"Trade","damage_taken":0,"relics_obtained":["CultistMask"],"max_hp_gain":0,"max_hp_loss":0,"event_name":"FaceTrader","floor":14,"gold_loss":0}],"is_beta":false,"boss_relics":[{"not_picked":["hubris:TerracottaHorce","hubris:VirtuousBlindfold"],"picked":"hubris:ScarierMask"}],"items_purged_floors":[],"is_endless":false,"potions_floor_spawned":[1,3,4,6,8,13,22,25],"killed_by":"Snake Plant","ascension_level":0}}