{"host":"dcj2yvrgcvh5dl2s","time":1608062402,"event":{"mods":["BaseMod","Better Note","Block Reminder","Colored Powertips","DeckTracker","Minty Spire (QoL Compilation)","Quick Restart","Rare Cards Sparkle","Relic Stats","StSLib"],"gold_per_floor":[114,114,289,289,364,398,416,449,476,80,80,0,25,41,41,41,41],"floor_reached":16,"playtime":392,"items_purged":["Doubt","Strike_R"],"score":212,"play_id":"5a84b8d9-45d0-47f5-98e8-ca161dd9c3f0","local_time":"20201216060002","is_ascension_mode":true,"campfire_choices":[{"data":"Double Tap","floor":11.0,"key":"SMITH"},{"data":"Flex","floor":15.0,"key":"SMITH"}],"circlet_count":0,"master_deck":["AscendersBane","Strike_R","Strike_R","Strike_R+1","Strike_R","Defend_R","Defend_R","Defend_R+1","Defend_R","Bash","Whirlwind+1","Sword Boomerang","Battle Trance","Double Tap+1","Flex+1","Shrug It Off","Shrug It Off"],"relics":["Burning Blood","NeowsBlessing","Juzu Bracelet","The Courier","Pen Nib","Gremlin Horn","Sling","White Beast Statue"],"acts_visited":["Exordium"],"potions_floor_usage":[16],"damage_taken":[{"damage":0.0,"enemies":"2 Louse","floor":1.0,"turns":1.0},{"damage":0.0,"enemies":"3 Sentries","floor":6.0,"turns":2.0},{"damage":0.0,"enemies":"Jaw Worm","floor":7.0,"turns":1.0},{"damage":32.0,"enemies":"Lagavulin","floor":8.0,"turns":6.0},{"damage":5.0,"enemies":"3 Sentries","floor":13.0,"turns":2.0},{"damage":0.0,"enemies":"Small Slimes","floor":14.0,"turns":2.0},{"damage":60,"enemies":"Slime Boss","floor":16,"turns":7}],"seed_played":"4892134274029730794","potions_obtained":[{"floor":1.0,"key":"Strength Potion"},{"floor":7.0,"key":"BloodPotion"},{"floor":14.0,"key":"DuplicationPotion"}],"is_trial":false,"path_per_floor":["M","?","?","?","?","E","M","E","T","$","R","$","E","M","R","B"],"character_chosen":"IRONCLAD","items_purchased":["Gremlin Horn","Sling","Flex"],"campfire_rested":0,"item_purchase_floors":[10,10,10],"current_hp_per_floor":[78,78,78,62,51,57,63,53,53,53,53,53,54,60,60,0,0],"gold":41,"neow_bonus":"THREE_ENEMY_KILL","is_daily":false,"chose_seed":false,"campfire_upgraded":2,"win_rate":0.0,"timestamp":1608062402,"path_taken":["M","?","?","?","?","E","M","E","T","?","R","$","E","M","R","BOSS"],"items_purchased_type":["Relic","Relic","Card"],"build_version":"2020-12-13","purchased_purges":2,"victory":false,"max_hp_per_floor":[80,80,80,80,80,80,80,80,80,80,80,80,80,80,80,80,80],"relic_stats":{"Gremlin Horn":[2,4],"counters":[7,21],"Pen Nib":[1],"Juzu Bracelet":0,"obtain_stats":[{"NeowsBlessing":0,"Gremlin Horn":10,"The Courier":8,"Pen Nib":9,"Juzu Bracelet":6,"Sling":10,"Burning Blood":0,"White Beast Statue":13},{"NeowsBlessing":0,"Gremlin Horn":4,"The Courier":4,"Pen Nib":4,"Juzu Bracelet":2,"Sling":4,"Burning Blood":0,"White Beast Statue":5},{"NeowsBlessing":0,"Gremlin Horn":10,"The Courier":10,"Pen Nib":10,"Juzu Bracelet":3,"Sling":10,"Burning Blood":0,"White Beast Statue":12}],"Burning Blood":36},"card_choices":[{"not_picked":["Body Slam","True Grit"],"picked":"Whirlwind","floor":1.0},{"not_picked":["True Grit","Perfected Strike"],"picked":"Sword Boomerang","floor":6.0},{"not_picked":["Infernal Blade","Rage"],"picked":"Battle Trance","floor":7.0},{"not_picked":["Clothesline","Inflame"],"picked":"Double Tap","floor":8.0},{"not_picked":["Exhume","Body Slam"],"picked":"Shrug It Off","floor":13.0},{"not_picked":["Dark Embrace","Rage"],"picked":"Shrug It Off","floor":14.0}],"player_experience":1974116,"relics_obtained":[{"floor":6.0,"key":"Juzu Bracelet"},{"floor":8.0,"key":"The Courier"},{"floor":9.0,"key":"Pen Nib"},{"floor":13.0,"key":"White Beast Statue"}],"event_choices":[{"damage_healed":0.0,"max_hp_gain":0.0,"max_hp_loss":0.0,"gold_gain":0.0,"event_name":"Living Wall","player_choice":"Grow","floor":2.0,"gold_loss":0.0,"damage_taken":0.0,"cards_upgraded":["Whirlwind"]},{"damage_healed":0.0,"max_hp_gain":0.0,"max_hp_loss":0.0,"gold_gain":175.0,"event_name":"Liars Game","player_choice":"AGREE","floor":3.0,"gold_loss":0.0,"damage_taken":0.0,"cards_obtained":["Doubt"]},{"damage_healed":0.0,"max_hp_gain":0.0,"max_hp_loss":0.0,"gold_gain":0.0,"event_name":"Shining Light","player_choice":"Entered Light","floor":4.0,"gold_loss":0.0,"damage_taken":16.0,"cards_upgraded":["Defend_R","Strike_R"]},{"damage_healed":0.0,"max_hp_gain":0.0,"max_hp_loss":0.0,"gold_gain":75.0,"event_name":"World of Goop","player_choice":"Gather Gold","floor":5.0,"gold_loss":0.0,"damage_taken":11.0}],"is_beta":false,"boss_relics":[],"items_purged_floors":[10,12],"is_endless":false,"potions_floor_spawned":[1,7,14],"killed_by":"Slime Boss","ascension_level":10}}