{"host":"nox","time":1608019771,"event":{"mods":["BaseMod","Colored Powertips","Minty Spire (QoL Compilation)","Quick Restart","Replay The Spire","StSLib"],"gold_per_floor":[114,64,76,76,88,88,104,104,104,138,138,170,170,198,198,198,198],"floor_reached":16,"playtime":413,"items_purged":[],"score":153,"play_id":"ed253736-6e8d-4ec5-a402-573210e14a7a","local_time":"20201215150931","is_ascension_mode":true,"campfire_choices":[{"data":"Bash","floor":6.0,"key":"SMITH"},{"floor":8.0,"key":"RECALL"},{"data":"Twin Strike","floor":11.0,"key":"SMITH"},{"data":"Defend_R","floor":15.0,"key":"SMITH"}],"circlet_count":0,"master_deck":["Strike_R","Strike_R","Strike_R","Defend_R","Defend_R","Defend_R+1","Defend_R","Bash+1","Twin Strike+1"],"relics":["Burning Blood","Singing Bowl","Regal Pillow","Blood Vial"],"acts_visited":["Exordium"],"potions_floor_usage":[16],"damage_taken":[{"damage":2.0,"enemies":"2 Louse","floor":1.0,"turns":3.0},{"damage":9.0,"enemies":"Jaw Worm","floor":3.0,"turns":3.0},{"damage":1.0,"enemies":"Cultist","floor":5.0,"turns":3.0},{"damage":1.0,"enemies":"3 Louse","floor":7.0,"turns":4.0},{"damage":24.0,"enemies":"Gremlin Nob","floor":10.0,"turns":4.0},{"damage":25.0,"enemies":"Lagavulin","floor":12.0,"turns":6.0},{"damage":25.0,"enemies":"3 Sentries","floor":14.0,"turns":8.0},{"damage":46,"enemies":"Slime Boss","floor":16,"turns":8}],"seed_played":"-4722346646204488257","potions_obtained":[{"floor":3.0,"key":"BlessingOfTheForge"},{"floor":5.0,"key":"BlessingOfTheForge"},{"floor":12.0,"key":"Strength Potion"},{"floor":14.0,"key":"Adrenaline Potion"}],"is_trial":false,"path_per_floor":["M","?","M","$","M","R","M","R","T","E","R","E","?","E","R","B"],"character_chosen":"IRONCLAD","items_purchased":[],"campfire_rested":0,"item_purchase_floors":[],"current_hp_per_floor":[84,84,81,81,86,86,88,88,88,72,72,55,55,38,38,0,0],"gold":198,"neow_bonus":"TEN_PERCENT_HP_BONUS","is_daily":false,"chose_seed":false,"campfire_upgraded":3,"win_rate":0.0,"timestamp":1608019771,"path_taken":["M","?","M","?","?","R","M","R","T","E","R","E","?","E","R","BOSS"],"items_purchased_type":[],"build_version":"2020-11-17","purchased_purges":0,"victory":false,"max_hp_per_floor":[88,88,88,88,88,88,88,88,88,90,90,92,92,94,94,94,94],"card_choices":[{"not_picked":["True Grit","Infernal Blade"],"picked":"Twin Strike","floor":1.0},{"not_picked":["Pommel Strike","Dual Wield","Armaments"],"picked":"SKIP","floor":3.0},{"not_picked":["Battle Trance","Disarm","Iron Wave"],"picked":"SKIP","floor":5.0},{"not_picked":["Feel No Pain","Run Through","True Grit"],"picked":"SKIP","floor":7.0},{"not_picked":["Brutality","ReplayTheSpireMod:Corrosion Curse","Shrug It Off"],"picked":"Singing Bowl","floor":10.0},{"not_picked":["Shrug It Off","True Grit","Replay:Undeath\u0027s Touch"],"picked":"Singing Bowl","floor":12.0},{"not_picked":["Iron Wave","Brutality","Run Through"],"picked":"Singing Bowl","floor":14.0}],"player_experience":110972,"relics_obtained":[{"floor":10.0,"key":"Singing Bowl"},{"floor":12.0,"key":"Regal Pillow"},{"floor":14.0,"key":"Blood Vial"}],"event_choices":[{"cards_removed":["Strike_R"],"damage_healed":0.0,"max_hp_gain":0.0,"max_hp_loss":0.0,"gold_gain":0.0,"event_name":"The Cleric","player_choice":"Card Removal","floor":2.0,"gold_loss":50.0,"damage_taken":0.0},{"cards_removed":["Strike_R"],"damage_healed":0.0,"max_hp_gain":0.0,"max_hp_loss":0.0,"gold_gain":0.0,"event_name":"Purifier","player_choice":"Purged","floor":13.0,"gold_loss":0.0,"damage_taken":0.0}],"is_beta":true,"boss_relics":[],"items_purged_floors":[],"is_endless":false,"potions_floor_spawned":[3,5,12,14],"killed_by":"Slime Boss","ascension_level":6}}