{"host":"kh6fvhxn285ncg0o","time":1608074334,"event":{"mods":["Act Like it!","BaseMod","Colored Map","Friendly Minions","Keyboard Shortcuts","Minty Spire (QoL Compilation)","Quick Restart","Relic Stats","StSLib","SuperFastMode"],"gold_per_floor":[109,109,109,127,137,137,157,186,186,186,202,29,29,57,57,131,131,144,144,162,193,193,193],"floor_reached":22,"playtime":536,"items_purged":["Strike_R"],"score":388,"play_id":"385461d4-e98c-462a-bc29-ea9a8dd4f6f9","local_time":"20201216081854","is_ascension_mode":true,"campfire_choices":[{"data":"Bash","floor":6.0,"key":"SMITH"},{"floor":10,"key":"REST"},{"data":"Deep Breath","floor":13,"key":"SMITH"},{"data":"Fire Breathing","floor":15,"key":"SMITH"}],"circlet_count":0,"master_deck":["AscendersBane","Strike_R","Strike_R","Strike_R","Defend_R+1","Defend_R","Defend_R","Defend_R","Bash+1","Armaments","Body Slam+1","Feed","Fire Breathing+1","Shockwave","Feed","Deep Breath+1","Second Wind"],"relics":["Burning Blood","Boot","Happy Flower","InkBottle","Coffee Dripper","Red Mask"],"acts_visited":["Exordium","TheCity"],"potions_floor_usage":[16,18,21,21],"damage_taken":[{"damage":1.0,"enemies":"2 Louse","floor":1.0,"turns":4.0},{"damage":6.0,"enemies":"Cultist","floor":4.0,"turns":4.0},{"damage":7.0,"enemies":"Small Slimes","floor":5.0,"turns":7.0},{"damage":13.0,"enemies":"Blue Slaver","floor":7.0,"turns":3.0},{"damage":45,"enemies":"Gremlin Nob","floor":8,"turns":5},{"damage":1,"enemies":"Looter","floor":11,"turns":4},{"damage":27,"enemies":"3 Sentries","floor":14,"turns":6},{"damage":2,"enemies":"Slime Boss","floor":16,"turns":7},{"damage":20,"enemies":"Shell Parasite","floor":18,"turns":6},{"damage":15,"enemies":"Spheric Guardian","floor":20,"turns":5},{"damage":52,"enemies":"Masked Bandits","floor":21,"turns":5},{"damage":21,"enemies":"Cultist and Chosen","floor":22,"turns":3}],"seed_played":"2374882480431964471","potions_obtained":[{"floor":8,"key":"Energy Potion"},{"floor":11,"key":"BloodPotion"},{"floor":16,"key":"Regen Potion"},{"floor":20,"key":"EssenceOfSteel"},{"floor":21,"key":"FearPotion"}],"is_trial":false,"path_per_floor":["M","?","?","M","M","R","M","E","T","R","M","$","R","E","R","B",null,"M","?","M","?","M"],"character_chosen":"IRONCLAD","items_purchased":["Deep Breath"],"campfire_rested":1,"item_purchase_floors":[12],"current_hp_per_floor":[73,50,50,53,52,52,49,10,10,34,39,39,39,21,21,25,70,72,46,37,9,0,0],"gold":193,"neow_bonus":"TRANSFORM_CARD","is_daily":false,"chose_seed":false,"campfire_upgraded":3,"win_rate":0.0,"timestamp":1608074334,"path_taken":["M","?","?","M","?","R","M","E","T","R","M","?","R","E","R","BOSS","M","?","M","?","M"],"items_purchased_type":["Card"],"build_version":"2020-12-13","purchased_purges":1,"victory":false,"max_hp_per_floor":[75,75,75,78,78,78,82,82,82,82,82,82,82,85,85,85,85,89,94,94,94,94,94],"relic_stats":{"Happy Flower":[12],"counters":[12,59],"Boot":[11],"obtain_stats":[{"Happy Flower":9,"Coffee Dripper":17,"Red Mask":21,"Boot":8,"Burning Blood":0,"InkBottle":14},{"Happy Flower":5,"Coffee Dripper":8,"Red Mask":11,"Boot":5,"Burning Blood":0,"InkBottle":7},{"Happy Flower":23,"Coffee Dripper":40,"Red Mask":56,"Boot":23,"Burning Blood":0,"InkBottle":33}],"Burning Blood":66,"InkBottle":[9]},"card_choices":[{"not_picked":["Shrug It Off","Clothesline"],"picked":"Body Slam","floor":1.0},{"not_picked":["Perfected Strike","Wild Strike"],"picked":"Fire Breathing","floor":4.0},{"not_picked":["Sword Boomerang","Warcry","Cleave"],"picked":"SKIP","floor":5.0},{"not_picked":["Cleave","Armaments"],"picked":"Shockwave","floor":7.0},{"not_picked":["True Grit","Pommel Strike"],"picked":"Feed","floor":8},{"not_picked":["Headbutt","Whirlwind","Twin Strike"],"picked":"SKIP","floor":11},{"not_picked":["Flex","Whirlwind","Warcry"],"picked":"SKIP","floor":14},{"not_picked":["Fire Breathing","Sword Boomerang","Thunderclap"],"picked":"SKIP","floor":18},{"not_picked":["Dual Wield","Cleave+1","Perfected Strike"],"picked":"SKIP","floor":20},{"not_picked":["Combust","Feel No Pain"],"picked":"Second Wind","floor":21}],"player_experience":3183953,"relics_obtained":[{"floor":8,"key":"Boot"},{"floor":9,"key":"Happy Flower"},{"floor":14,"key":"InkBottle"},{"floor":21,"key":"Red Mask"}],"event_choices":[{"damage_healed":0.0,"max_hp_gain":0.0,"max_hp_loss":0.0,"gold_gain":0.0,"event_name":"Shining Light","player_choice":"Entered Light","floor":2.0,"gold_loss":0.0,"damage_taken":23.0,"cards_upgraded":["Defend_R","Body Slam"]},{"damage_healed":0.0,"max_hp_gain":0.0,"max_hp_loss":0.0,"gold_gain":0.0,"event_name":"Match and Keep!","player_choice":"1 cards matched","floor":3.0,"gold_loss":0.0,"damage_taken":0.0,"cards_obtained":["Feed"]},{"damage_healed":0,"gold_gain":0,"player_choice":"Shed Blood","damage_taken":31,"max_hp_gain":5,"max_hp_loss":0,"event_name":"Forgotten Altar","floor":19,"gold_loss":0},{"damage_healed":0,"gold_gain":0,"player_choice":"Fought Bandits","damage_taken":0,"max_hp_gain":0,"max_hp_loss":0,"event_name":"Masked Bandits","floor":21,"gold_loss":0}],"is_beta":false,"boss_relics":[{"not_picked":["Empty Cage","Astrolabe"],"picked":"Coffee Dripper"}],"items_purged_floors":[12],"is_endless":false,"potions_floor_spawned":[8,11,16,20,21],"killed_by":"Cultist and Chosen","ascension_level":20}}