{"host":"6p0attdrtjqaih7v","time":1608015302,"event":{"mods":["2.2 Compatiblity","AchievementEnabler","Bard","BaseMod","Better Skull","Better Third Choice","Colored Powertips","Hermit","Highlight Path","Jorbs\u0027s Wanderer Trilogy","Key Reminder","Minty Spire (QoL Compilation)","Permanent Neow","Quick Restart","Random Character Button","Relic Stats","Replay The Spire","StSLib","The Construct"],"gold_per_floor":[119,138,138,155,155,155,186,186,209,209,209,241,0,25,25,102,102,134,114,147,178,213,213,245,280,307,339,31,31,31,31,31,110,110,129,129,49,59,73,73,85,85,110,137,137,137,148,165,165,165],"floor_reached":51,"playtime":2884,"items_purged":["hermit:Strike_Hermit","hermit:Glare"],"score":1533,"play_id":"27b9c6aa-e9de-4911-8951-fcf336795c82","local_time":"20201215015502","is_ascension_mode":true,"campfire_choices":[{"data":"hermit:GoldenBullet","floor":6,"key":"SMITH"},{"data":"hermit:Midnight","floor":11,"key":"SMITH"},{"data":"hermit:DeadOrAlive","floor":15,"key":"SMITH"},{"data":"hermit:LoneWolf","floor":23,"key":"SMITH"},{"floor":30,"key":"REST"},{"data":"hermit:Covet","floor":32,"key":"SMITH"},{"data":"hermit:FlashPowder","floor":40,"key":"SMITH"},{"data":"hermit:FlashPowder","floor":42,"key":"SMITH"},{"data":"hermit:FromBeyond","floor":46,"key":"SMITH"},{"floor":49,"key":"REST"}],"circlet_count":0,"master_deck":["AscendersBane","hermit:Defend_Hermit+1","hermit:Defend_Hermit+1","hermit:Defend_Hermit+1","hermit:Snapshot+1","hermit:Covet+1","hermit:GoldenBullet+1","hermit:Midnight+1","hermit:DeadOrAlive+1","hermit:Adapt+1","hermit:Deadeye","hermit:ShadowCloak","hermit:LoneWolf+1","hermit:FlashPowder+1","hermit:FlashPowder+1","hermit:Deadeye","hermit:GhostlyPresence","hermit:FromBeyond+1","hermit:EyeOfTheStorm+1"],"relics":["hermit:Momento","Dream Catcher","Strawberry","PreservedInsect","Replay:Bottled Eggs","ReplayTheSpireMod:Lightbulb","Toy Ornithopter","The Courier","Replay:Drink Me","Bag of Preparation","Lantern","Vajra","Philosopher\u0027s Stone","Boot","Regal Pillow"],"acts_visited":["Exordium","TheCity","TheBeyond"],"potions_floor_usage":[14,16,18,21,21,27,35,50],"damage_taken":[{"damage":2,"enemies":"2 Louse","floor":1,"turns":3},{"damage":2,"enemies":"Cultist","floor":2,"turns":4},{"damage":3,"enemies":"Small Slimes","floor":4,"turns":2},{"damage":41,"enemies":"Lagavulin","floor":7,"turns":6},{"damage":0,"enemies":"3 Sentries","floor":12,"turns":7},{"damage":0,"enemies":"Gremlin Nob","floor":14,"turns":2},{"damage":40,"enemies":"The Guardian","floor":16,"turns":19},{"damage":2,"enemies":"Chosen","floor":18,"turns":9},{"damage":33,"enemies":"3 Byrds","floor":20,"turns":8},{"damage":3,"enemies":"Snecko","floor":21,"turns":10},{"damage":8,"enemies":"Snake Plant","floor":22,"turns":4},{"damage":11,"enemies":"Gremlin Leader","floor":24,"turns":8},{"damage":3,"enemies":"Shelled Parasite and Fungi","floor":25,"turns":7},{"damage":0,"enemies":"Chosen and Byrds","floor":27,"turns":7},{"damage":4,"enemies":"Automaton","floor":33,"turns":8},{"damage":10,"enemies":"3 Darklings","floor":35,"turns":6},{"damage":0,"enemies":"3 Shapes","floor":38,"turns":4},{"damage":0,"enemies":"Spire Growth","floor":39,"turns":5},{"damage":0,"enemies":"Writhing Mass","floor":41,"turns":5},{"damage":0,"enemies":"Giant Head","floor":44,"turns":5},{"damage":0,"enemies":"Sphere and 2 Shapes","floor":47,"turns":3},{"damage":10,"enemies":"Maw","floor":48,"turns":4},{"damage":0,"enemies":"Awakened One","floor":50,"turns":5}],"seed_played":"-5122357138091240202","potions_obtained":[{"floor":2,"key":"Explosive Potion"},{"floor":7,"key":"Fire Potion"},{"floor":16,"key":"SkillPotion"},{"floor":18,"key":"Block Potion"},{"floor":19,"key":"Regen Potion"},{"floor":25,"key":"AttackPotion"},{"floor":27,"key":"LiquidBronze"},{"floor":35,"key":"Toxic Potion"},{"floor":39,"key":"Dexterity Potion"}],"is_trial":false,"path_per_floor":["M","M","?","M","?","R","E","?","T","T","R","E","$","E","R","B",null,"M","?","M","M","M","R","E","M","T","M","$","?","R","$","R","B",null,"M","?","$","M","M","R","M","R","T","E","?","R","M","M","R","B",null],"character_chosen":"HERMIT","items_purchased":["Toy Ornithopter","hermit:Deadeye","hermit:GhostlyPresence","Vajra","Weak Potion"],"campfire_rested":2,"item_purchase_floors":[13,28,28,28,28],"current_hp_per_floor":[62,60,60,57,50,50,16,42,42,42,42,42,42,47,47,12,47,50,50,17,39,31,31,20,17,17,22,22,22,39,39,39,35,53,48,48,48,48,48,48,48,48,48,48,48,48,48,38,59,59],"gold":165,"neow_bonus":"RANDOM_COMMON_RELIC","is_daily":false,"chose_seed":false,"campfire_upgraded":8,"win_rate":0.0,"timestamp":1608015302,"path_taken":["M","M","?","?","?","R","E","?","T","?","R","E","$","E","R","BOSS","M","?","M","?","M","R","E","M","T","M","$","?","R","?","R","BOSS","M","?","$","?","M","R","M","R","T","E","?","R","?","M","R","BOSS"],"items_purchased_type":["Relic","Card","Card","Relic","Potion"],"build_version":"2020-12-13","purchased_purges":2,"victory":true,"max_hp_per_floor":[71,71,71,71,71,71,78,78,78,78,78,78,78,78,78,78,59,59,59,59,59,59,59,59,59,59,59,59,59,59,59,59,59,59,59,59,59,59,59,59,59,59,59,59,59,59,59,59,59,59],"relic_stats":{"Dream Catcher":2,"Regal Pillow":4,"counters":[23,141],"PreservedInsect":228,"Bag of Preparation":[22],"Boot":[0],"obtain_stats":[{"Lantern":26,"Regal Pillow":44,"Vajra":28,"PreservedInsect":9,"The Courier":14,"Bag of Preparation":24,"Boot":43,"Dream Catcher":0,"Strawberry":7,"Philosopher\u0027s Stone":34,"Replay:Bottled Eggs":10,"ReplayTheSpireMod:Lightbulb":12,"Replay:Drink Me":17,"hermit:Momento":0,"Toy Ornithopter":13},{"Lantern":13,"Regal Pillow":20,"Vajra":14,"PreservedInsect":4,"The Courier":6,"Bag of Preparation":12,"Boot":19,"Dream Catcher":0,"Strawberry":4,"Philosopher\u0027s Stone":15,"Replay:Bottled Eggs":4,"ReplayTheSpireMod:Lightbulb":5,"Replay:Drink Me":7,"hermit:Momento":0,"Toy Ornithopter":5},{"Lantern":89,"Regal Pillow":129,"Vajra":96,"PreservedInsect":15,"The Courier":24,"Bag of Preparation":82,"Boot":124,"Dream Catcher":0,"Strawberry":15,"Philosopher\u0027s Stone":104,"Replay:Bottled Eggs":15,"ReplayTheSpireMod:Lightbulb":22,"Replay:Drink Me":43,"hermit:Momento":0,"Toy Ornithopter":22}],"Toy Ornithopter":35},"card_choices":[{"not_picked":["hermit:Quickdraw","hermit:BigShot","hermit:Ricochet"],"picked":"SKIP","floor":1},{"not_picked":["hermit:Spite","hermit:WideOpen"],"picked":"hermit:GoldenBullet","floor":2},{"not_picked":["hermit:Grudge","hermit:Snipe","hermit:ItchyTrigger"],"picked":"SKIP","floor":4},{"not_picked":["hermit:ShadowCloak","hermit:Desperado"],"picked":"hermit:Midnight","floor":7},{"not_picked":["hermit:Feint","hermit:WideOpen","hermit:TakeAim"],"picked":"SKIP","floor":12},{"not_picked":["hermit:Horror","hermit:Dive"],"picked":"hermit:DeadOrAlive","floor":14},{"not_picked":["hermit:HeroicBravado","hermit:HighNoon"],"picked":"hermit:Adapt","floor":16},{"not_picked":["hermit:CalledShot","hermit:Determination"],"picked":"hermit:Deadeye","floor":18},{"not_picked":["hermit:LowProfile","hermit:Manifest"],"picked":"hermit:ShadowCloak","floor":20},{"not_picked":["hermit:Roulette","hermit:Scavenge"],"picked":"hermit:LoneWolf","floor":21},{"not_picked":["hermit:CalledShot","hermit:Showdown"],"picked":"hermit:FlashPowder","floor":22},{"not_picked":["hermit:Cheat","hermit:Ricochet"],"picked":"hermit:FlashPowder","floor":24},{"not_picked":["hermit:ItchyTrigger","hermit:Dive","hermit:CalledShot"],"picked":"SKIP","floor":25},{"not_picked":["hermit:CursedWeapon","hermit:ItchyTrigger"],"picked":"hermit:Glare","floor":27},{"not_picked":["hermit:Magnum","hermit:Dissolve"],"picked":"hermit:FromBeyond","floor":33},{"not_picked":["hermit:HighCaliber","hermit:Quickdraw+1","hermit:Dive"],"picked":"SKIP","floor":35},{"not_picked":["hermit:ItchyTrigger+1","hermit:Glare","hermit:ShadowCloak"],"picked":"SKIP","floor":38},{"not_picked":["hermit:Desperado","hermit:Manifest","hermit:WideOpen"],"picked":"SKIP","floor":39},{"not_picked":["hermit:Feint+1","hermit:LowProfile","hermit:SprayPray"],"picked":"SKIP","floor":41},{"not_picked":["hermit:FlashPowder","hermit:Dissolve","hermit:TrackingShot"],"picked":"SKIP","floor":44},{"not_picked":["hermit:TrackingShot+1","hermit:Dive"],"picked":"hermit:EyeOfTheStorm+1","floor":47},{"not_picked":["hermit:Scavenge","hermit:ItchyTrigger","hermit:Coalescence"],"picked":"SKIP","floor":48}],"player_experience":843667,"relics_obtained":[{"floor":7,"key":"Strawberry"},{"floor":9,"key":"PreservedInsect"},{"floor":10,"key":"Replay:Bottled Eggs"},{"floor":12,"key":"ReplayTheSpireMod:Lightbulb"},{"floor":14,"key":"The Courier"},{"floor":24,"key":"Bag of Preparation"},{"floor":26,"key":"Lantern"},{"floor":43,"key":"Boot"},{"floor":44,"key":"Regal Pillow"}],"event_choices":[{"damage_healed":0,"gold_gain":0,"player_choice":"Upgraded","damage_taken":0,"max_hp_gain":0,"max_hp_loss":0,"event_name":"Upgrade Shrine","floor":3,"gold_loss":0,"cards_upgraded":["hermit:Snapshot"]},{"cards_removed":["hermit:Strike_Hermit"],"damage_healed":0,"gold_gain":0,"player_choice":"Card Removal","damage_taken":7,"max_hp_gain":0,"max_hp_loss":0,"event_name":"Golden Wing","floor":5,"gold_loss":0},{"damage_healed":26,"gold_gain":0,"player_choice":"Banana","damage_taken":0,"max_hp_gain":0,"max_hp_loss":0,"event_name":"Big Fish","floor":8,"gold_loss":0},{"damage_healed":0,"gold_gain":0,"player_choice":"Bought 1 Potion","damage_taken":0,"max_hp_gain":0,"max_hp_loss":0,"event_name":"The Woman in Blue","floor":19,"gold_loss":0},{"damage_healed":0,"gold_gain":0,"player_choice":"Ignored","damage_taken":0,"max_hp_gain":0,"max_hp_loss":0,"event_name":"The Mausoleum","floor":29,"gold_loss":0},{"damage_healed":0,"gold_gain":0,"player_choice":"Ignored","damage_taken":0,"max_hp_gain":0,"max_hp_loss":0,"event_name":"Transmorgrifier","floor":36,"gold_loss":0},{"damage_healed":0,"gold_gain":0,"player_choice":"Forge","damage_taken":0,"max_hp_gain":0,"max_hp_loss":0,"event_name":"Accursed Blacksmith","floor":45,"gold_loss":0,"cards_upgraded":["hermit:Adapt"]}],"is_beta":false,"boss_relics":[{"not_picked":["Honey Jar","Abe\u0027s Treasure"],"picked":"Replay:Drink Me"},{"not_picked":["Calling Bell","Runic Dome"],"picked":"Philosopher\u0027s Stone"}],"items_purged_floors":[13,37],"is_endless":false,"potions_floor_spawned":[2,7,12,16,18,25,27,35,38,39,47,48],"ascension_level":17}}