{"host":"qrt7o4dq2qslzw13","time":1608056256,"event":{"mods":["AchievementEnabler","BaseMod","Colored Map","Colored Powertips","Minty Spire (QoL Compilation)","Quick Restart","Rare Cards Sparkle","StSLib","SuperFastMode"],"gold_per_floor":[114,94,104,116,81,81,111,111,192,192,210,210,210,228,228,299,299,317,140,140,156,24,49,49,63,63,63,63,76,76,39,39,110,110,123,123,140,140,140,140,153,103,103,103,103],"floor_reached":44,"playtime":1029,"items_purged":[],"score":906,"play_id":"5132c8c0-c6c2-45b7-bf9a-9fcae329edeb","local_time":"20201215131736","is_ascension_mode":true,"campfire_choices":[{"data":"Rupture","floor":6.0,"key":"SMITH"},{"data":"Fire Breathing","floor":8.0,"key":"SMITH"},{"data":"Bash","floor":10.0,"key":"SMITH"},{"floor":13.0,"key":"REST"},{"data":"Thunderclap","floor":15.0,"key":"SMITH"},{"floor":24.0,"key":"REST"},{"floor":27.0,"key":"REST"},{"floor":30.0,"key":"REST"},{"floor":32.0,"key":"REST"},{"data":"Barricade","floor":40.0,"key":"SMITH"}],"circlet_count":0,"master_deck":["AscendersBane","Bash+1","Pain","Ghostly Armor","Fire Breathing+1","Rupture+1","Ghostly Armor","Armaments+1","Thunderclap+1","Limit Break","Whirlwind","Inflame","Barricade+1","Immolate","Rage","Metallicize","Feel No Pain","Battle Trance","Anger","Impervious","Shockwave","Combust","Purity","Fiend Fire","Warcry","Disarm","Limit Break","Inflame+1","True Grit","Warcry"],"relics":["Burning Blood","Mango","Akabeko","White Beast Statue","Pandora\u0027s Box","Tiny Chest","Letter Opener","Busted Crown","Toxic Egg 2"],"acts_visited":["Exordium","TheCity","TheBeyond"],"potions_floor_usage":[44],"damage_taken":[{"damage":27.0,"enemies":"Jaw Worm","floor":1.0,"turns":4.0},{"damage":11.0,"enemies":"Cultist","floor":3.0,"turns":5.0},{"damage":6.0,"enemies":"2 Louse","floor":4.0,"turns":3.0},{"damage":23.0,"enemies":"3 Sentries","floor":7.0,"turns":5.0},{"damage":11.0,"enemies":"2 Fungi Beasts","floor":11.0,"turns":3.0},{"damage":3.0,"enemies":"Looter","floor":14.0,"turns":4.0},{"damage":24.0,"enemies":"The Guardian","floor":16.0,"turns":9.0},{"damage":19.0,"enemies":"2 Thieves","floor":18.0,"turns":2.0},{"damage":2.0,"enemies":"Spheric Guardian","floor":20.0,"turns":2.0},{"damage":20.0,"enemies":"Centurion and Healer","floor":21.0,"turns":6.0},{"damage":34.0,"enemies":"Gremlin Leader","floor":23.0,"turns":4.0},{"damage":32.0,"enemies":"Cultist and Chosen","floor":25.0,"turns":4.0},{"damage":55.0,"enemies":"Snake Plant","floor":29.0,"turns":5.0},{"damage":50.0,"enemies":"Champ","floor":33.0,"turns":11.0},{"damage":13.0,"enemies":"Orb Walker","floor":35.0,"turns":4.0},{"damage":0.0,"enemies":"3 Shapes","floor":37.0,"turns":1.0},{"damage":0.0,"enemies":"Jaw Worm Horde","floor":38.0,"turns":1.0},{"damage":56.0,"enemies":"4 Shapes","floor":41.0,"turns":3.0},{"damage":30,"enemies":"Transient","floor":44,"turns":5}],"seed_played":"-2154493672153438222","potions_obtained":[{"floor":1.0,"key":"HeartOfIron"},{"floor":2.0,"key":"SteroidPotion"},{"floor":4.0,"key":"SpeedPotion"},{"floor":11.0,"key":"PowerPotion"},{"floor":14.0,"key":"PowerPotion"},{"floor":16.0,"key":"GamblersBrew"},{"floor":18.0,"key":"SmokeBomb"},{"floor":21.0,"key":"Weak Potion"},{"floor":23.0,"key":"FairyPotion"},{"floor":25.0,"key":"Explosive Potion"},{"floor":29.0,"key":"GamblersBrew"},{"floor":33.0,"key":"Dexterity Potion"},{"floor":35.0,"key":"SmokeBomb"},{"floor":41.0,"key":"SteroidPotion"}],"is_trial":false,"path_per_floor":["M","?","M","M","?","R","E","R","T","R","M","?","R","M","R","B",null,"M","$","M","M","$","E","R","M","T","R","?","M","R","$","R","B",null,"M","$","M","M","?","R","M","$","T","M"],"character_chosen":"IRONCLAD","items_purchased":["Impervious","Combust","Purity","Disarm","Warcry"],"campfire_rested":5,"item_purchase_floors":[19,22,22,31,42],"current_hp_per_floor":[61,61,56,56,78,78,61,61,61,61,56,29,55,58,58,40,77,64,64,68,54,54,26,52,26,26,52,70,21,47,47,73,29,74,67,67,73,79,79,79,29,29,29,26,26],"gold":103,"neow_bonus":"ONE_RARE_RELIC","is_daily":false,"chose_seed":false,"campfire_upgraded":5,"win_rate":0.0,"timestamp":1608056256,"path_taken":["M","?","M","?","?","R","E","R","T","R","M","?","R","M","R","BOSS","M","$","M","M","$","E","R","M","T","R","?","M","R","?","R","BOSS","M","$","M","M","?","R","M","$","T","M"],"items_purchased_type":["Card","Card","Card","Card","Card"],"build_version":"2020-12-13","purchased_purges":0,"victory":false,"max_hp_per_floor":[89,89,89,89,89,89,89,89,89,89,89,89,89,89,89,89,89,89,89,89,89,89,89,89,89,89,89,89,89,89,89,89,89,89,89,89,89,89,89,89,89,89,89,89,89],"card_choices":[{"not_picked":["Havoc","Headbutt"],"picked":"Ghostly Armor","floor":1.0},{"not_picked":["True Grit","Headbutt"],"picked":"Fire Breathing","floor":3.0},{"not_picked":["True Grit","Thunderclap"],"picked":"Rupture","floor":4.0},{"not_picked":["Exhume","Twin Strike"],"picked":"Ghostly Armor","floor":7.0},{"not_picked":["Anger","Heavy Blade"],"picked":"Armaments","floor":11.0},{"not_picked":["Perfected Strike","Inflame"],"picked":"Thunderclap","floor":14.0},{"not_picked":["Fiend Fire","Berserk"],"picked":"Limit Break","floor":16.0},{"not_picked":["True Grit","Heavy Blade"],"picked":"Anger","floor":18.0},{"not_picked":["Clothesline","Body Slam"],"picked":"Shockwave","floor":21.0},{"not_picked":["Shockwave","Disarm"],"picked":"Fiend Fire","floor":23.0},{"not_picked":["Clothesline","Second Wind"],"picked":"Warcry","floor":25.0},{"not_picked":["Perfected Strike","Flex","Inflame"],"picked":"SKIP","floor":29.0},{"not_picked":["Juggernaut","Demon Form"],"picked":"Limit Break","floor":33.0},{"not_picked":[],"picked":"Inflame+1","floor":35.0},{"not_picked":[],"picked":"True Grit","floor":37.0},{"not_picked":["Inflame"],"picked":"SKIP","floor":41.0}],"player_experience":455786,"relics_obtained":[{"floor":7.0,"key":"Akabeko"},{"floor":9.0,"key":"White Beast Statue"},{"floor":23.0,"key":"Tiny Chest"},{"floor":26.0,"key":"Letter Opener"},{"floor":43.0,"key":"Toxic Egg 2"}],"event_choices":[{"damage_healed":0.0,"max_hp_gain":0.0,"max_hp_loss":0.0,"gold_gain":0.0,"event_name":"The Woman in Blue","player_choice":"Bought 1 Potion","floor":2.0,"gold_loss":0.0,"damage_taken":0.0},{"damage_healed":22.0,"max_hp_gain":0.0,"max_hp_loss":0.0,"gold_gain":0.0,"event_name":"The Cleric","player_choice":"Healed","floor":5.0,"gold_loss":35.0,"damage_taken":0.0},{"damage_healed":0.0,"max_hp_gain":0.0,"max_hp_loss":0.0,"gold_gain":0.0,"event_name":"Shining Light","player_choice":"Entered Light","floor":12.0,"gold_loss":0.0,"damage_taken":27.0,"cards_upgraded":["Armaments","Strike_R"]},{"damage_healed":18.0,"max_hp_gain":0.0,"max_hp_loss":0.0,"gold_gain":0.0,"event_name":"The Library","player_choice":"Heal","floor":28.0,"gold_loss":0.0,"damage_taken":0.0},{"cards_removed":["Rampage"],"damage_healed":0.0,"max_hp_gain":0.0,"max_hp_loss":0.0,"gold_gain":0.0,"event_name":"Falling","player_choice":"Removed Attack","floor":39.0,"gold_loss":0.0,"damage_taken":0.0}],"is_beta":false,"boss_relics":[{"not_picked":["SlaversCollar","Fusion Hammer"],"picked":"Pandora\u0027s Box"},{"not_picked":["Tiny House","Runic Cube"],"picked":"Busted Crown"}],"items_purged_floors":[],"is_endless":false,"potions_floor_spawned":[1,4,11,14,16,18,20,21,23,25,29,33,35,37,38,41],"killed_by":"Transient","ascension_level":20}}