{"host":"erulnpr9qdnrfj6h","time":1608043251,"event":{"mods":["AchievementEnabler","BaseMod","Colored Map","Minty Spire (QoL Compilation)","Rare Cards Sparkle","SuperFastMode"],"gold_per_floor":[115,115,129,129,61,61,90,90,116,47,64,95,95,108,108,205,205,224,237,5,17,52,52,87,106,106,33,47,47,80,100,100,200,200,213,213,263,263,276,276,304,304,330,361,374,140,154,169,169,169,169,169,53,81,81,81],"floor_reached":55,"playtime":3299,"items_purged":["Strike_G"],"score":1313,"play_id":"9aabfca1-05b0-4e32-81e1-808d00489451","local_time":"20201215234051","is_ascension_mode":true,"campfire_choices":[{"data":"Noxious Fumes","floor":6.0,"key":"SMITH"},{"data":"Infinite Blades","floor":8.0,"key":"SMITH"},{"data":"Accuracy","floor":15.0,"key":"SMITH"},{"data":"Venomology","floor":23.0,"key":"SMITH"},{"floor":32.0,"key":"REST"},{"data":"Apotheosis","floor":40.0,"key":"SMITH"},{"data":"Mayhem","floor":42.0,"key":"SMITH"},{"floor":49.0,"key":"RECALL"},{"data":"Tactician","floor":52.0,"key":"SMITH"}],"circlet_count":0,"master_deck":["AscendersBane","Strike_G+1","Strike_G+1","Strike_G","Defend_G","Defend_G","Defend_G","Defend_G","Defend_G","Survivor","Neutralize","Noxious Fumes+1","Infinite Blades+1","Accuracy+1","After Image","Terror","Venomology+1","Footwork","Calculated Gamble+1","Blade Dance","Escape Plan+1","Prepared","Acrobatics","Accuracy","Cloak And Dagger","PiercingWail+1","Bullet Time","Backflip+1","Violence","Apotheosis+1","Mayhem+1","Prepared+1","Finisher","Tactician+1"],"relics":["Ring of the Snake","NeowsBlessing","Whetstone","Akabeko","Blood Vial","Runic Pyramid","Vajra","Red Mask","MealTicket","HornCleat","Enchiridion","Happy Flower","SlaversCollar","CaptainsWheel","The Courier","Art of War","Ninja Scroll","HandDrill","Orichalcum"],"acts_visited":["Exordium","TheCity","TheBeyond","TheEnding"],"potions_floor_usage":[55],"damage_taken":[{"damage":0.0,"enemies":"2 Louse","floor":1.0,"turns":1.0},{"damage":0.0,"enemies":"Cultist","floor":3.0,"turns":1.0},{"damage":0.0,"enemies":"Lagavulin","floor":7.0,"turns":1.0},{"damage":4.0,"enemies":"Small Slimes","floor":11.0,"turns":3.0},{"damage":29.0,"enemies":"Gremlin Nob","floor":12.0,"turns":5.0},{"damage":6.0,"enemies":"Looter","floor":14.0,"turns":3.0},{"damage":16.0,"enemies":"The Guardian","floor":16.0,"turns":9.0},{"damage":9.0,"enemies":"Spheric Guardian","floor":18.0,"turns":4.0},{"damage":28.0,"enemies":"3 Byrds","floor":19.0,"turns":6.0},{"damage":22.0,"enemies":"Snake Plant","floor":21.0,"turns":4.0},{"damage":0.0,"enemies":"Masked Bandits","floor":22.0,"turns":3.0},{"damage":8.0,"enemies":"Slavers","floor":24.0,"turns":7.0},{"damage":0.0,"enemies":"Sentry and Sphere","floor":25.0,"turns":4.0},{"damage":10.0,"enemies":"3 Cultists","floor":28.0,"turns":4.0},{"damage":0.0,"enemies":"Gremlin Leader","floor":30.0,"turns":3.0},{"damage":0.0,"enemies":"Centurion and Healer","floor":31.0,"turns":4.0},{"damage":0.0,"enemies":"Automaton","floor":33.0,"turns":6.0},{"damage":2.0,"enemies":"Orb Walker","floor":35.0,"turns":3.0},{"damage":0.0,"enemies":"Mind Bloom Boss Battle","floor":37.0,"turns":5.0},{"damage":3.0,"enemies":"3 Darklings","floor":39.0,"turns":4.0},{"damage":0.0,"enemies":"Nemesis","floor":41.0,"turns":7.0},{"damage":0.0,"enemies":"Reptomancer","floor":44.0,"turns":1.0},{"damage":27.0,"enemies":"Jaw Worm Horde","floor":45.0,"turns":4.0},{"damage":3.0,"enemies":"Writhing Mass","floor":47.0,"turns":5.0},{"damage":0.0,"enemies":"3 Darklings","floor":48.0,"turns":5.0},{"damage":7.0,"enemies":"Awakened One","floor":50.0,"turns":9.0},{"damage":37.0,"enemies":"Shield and Spear","floor":54.0,"turns":6.0},{"damage":81,"enemies":"The Heart","floor":55,"turns":8}],"seed_played":"7512164450314073789","potions_obtained":[{"floor":1.0,"key":"SneckoOil"},{"floor":12.0,"key":"Explosive Potion"},{"floor":16.0,"key":"Energy Potion"},{"floor":19.0,"key":"Swift Potion"},{"floor":25.0,"key":"CunningPotion"},{"floor":28.0,"key":"SkillPotion"},{"floor":31.0,"key":"Swift Potion"},{"floor":33.0,"key":"Fire Potion"},{"floor":35.0,"key":"ColorlessPotion"},{"floor":39.0,"key":"FearPotion"},{"floor":44.0,"key":"ColorlessPotion"}],"is_trial":false,"path_per_floor":["M","?","M","?","$","R","E","R","T","$","M","E","?","M","R","B",null,"M","M","$","M","?","R","E","M","T","$","M","?","E","M","R","B",null,"M","?","?","?","M","R","E","R","T","E","M","$","M","M","R","B",null,"R","$","E","B"],"character_chosen":"THE_SILENT","items_purchased":["Noxious Fumes","Accuracy","Vajra","Accuracy","Ninja Scroll","SkillPotion","HandDrill"],"campfire_rested":1,"item_purchase_floors":[5,10,20,27,46,46,53],"current_hp_per_floor":[63,63,63,63,63,63,63,63,63,63,59,30,70,64,64,50,65,58,32,32,12,14,14,8,10,10,25,17,1,3,5,26,28,60,60,60,62,52,51,51,53,53,53,55,30,45,44,46,46,41,60,60,66,29,10,10],"gold":81,"neow_bonus":"THREE_ENEMY_KILL","is_daily":false,"chose_seed":false,"campfire_upgraded":7,"win_rate":0.0,"timestamp":1608043251,"path_taken":["M","?","?","?","$","R","E","R","T","$","M","E","?","M","R","BOSS","M","M","$","?","?","R","E","M","T","$","M","?","E","M","R","BOSS","M","?","?","?","M","R","E","R","T","E","M","$","?","M","R","BOSS","R","$","E","BOSS"],"items_purchased_type":["Card","Card","Relic","Card","Relic","Potion","Relic"],"build_version":"2020-12-13","purchased_purges":1,"victory":false,"max_hp_per_floor":[70,70,70,70,70,70,70,70,70,70,70,70,70,70,70,70,70,70,70,70,70,70,70,70,70,70,70,70,70,70,70,70,70,70,70,66,66,66,66,66,66,66,66,66,66,66,66,66,66,66,66,66,66,66,66,66],"card_choices":[{"not_picked":["Expertise","Endless Agony"],"picked":"Caltrops","floor":1.0},{"not_picked":["Underhanded Strike","Riddle With Holes","All Out Attack"],"picked":"SKIP","floor":3.0},{"not_picked":["Deflect","Sucker Punch"],"picked":"Infinite Blades","floor":7.0},{"not_picked":["Dagger Throw","Deadly Poison"],"picked":"After Image","floor":11.0},{"not_picked":["Sucker Punch","Deflect"],"picked":"Terror","floor":12.0},{"not_picked":["Deadly Poison","Outmaneuver","Sucker Punch"],"picked":"SKIP","floor":14.0},{"not_picked":["Phantasmal Killer","Die Die Die"],"picked":"Venomology","floor":16.0},{"not_picked":["Skewer","Well Laid Plans"],"picked":"Footwork","floor":18.0},{"not_picked":["Cloak And Dagger","Dagger Spray"],"picked":"Calculated Gamble+1","floor":19.0},{"not_picked":["Backflip","Flying Knee"],"picked":"Blade Dance","floor":21.0},{"not_picked":["Dagger Throw","Dagger Spray"],"picked":"Escape Plan+1","floor":22.0},{"not_picked":["Catalyst","Deadly Poison+1"],"picked":"Prepared","floor":24.0},{"not_picked":["Backflip","Eviscerate"],"picked":"Acrobatics","floor":25.0},{"not_picked":["Outmaneuver","Dagger Throw"],"picked":"Cloak And Dagger","floor":28.0},{"not_picked":["Glass Knife","Underhanded Strike+1","Skewer"],"picked":"SKIP","floor":30.0},{"not_picked":["Heel Hook+1","Leg Sweep+1"],"picked":"PiercingWail+1","floor":31.0},{"not_picked":["Burst","Corpse Explosion"],"picked":"Bullet Time","floor":33.0},{"not_picked":["Outmaneuver+1","Dagger Throw"],"picked":"Backflip+1","floor":35.0},{"not_picked":["Forethought","Dramatic Entrance"],"picked":"Violence","floor":38.0},{"not_picked":["Swift Strike","Forethought"],"picked":"Apotheosis","floor":38.0},{"not_picked":["Violence","Magnetism"],"picked":"Mayhem","floor":38.0},{"not_picked":["All Out Attack","Dagger Throw"],"picked":"Prepared+1","floor":39.0},{"not_picked":["Outmaneuver","Setup","PiercingWail+1"],"picked":"SKIP","floor":41.0},{"not_picked":["Dagger Spray","Poisoned Stab+1"],"picked":"Finisher","floor":44.0},{"not_picked":["PiercingWail","Underhanded Strike+1","Deadly Poison"],"picked":"SKIP","floor":45.0},{"not_picked":["Poisoned Stab","Acrobatics+1","Slice"],"picked":"SKIP","floor":47.0},{"not_picked":["Slice","Reflex"],"picked":"Tactician","floor":48.0},{"not_picked":["Flying Knee","Outmaneuver+1","Leg Sweep+1"],"picked":"SKIP","floor":54.0}],"player_experience":167144,"relics_obtained":[{"floor":7.0,"key":"Whetstone"},{"floor":9.0,"key":"Akabeko"},{"floor":12.0,"key":"Blood Vial"},{"floor":22.0,"key":"Red Mask"},{"floor":24.0,"key":"MealTicket"},{"floor":26.0,"key":"HornCleat"},{"floor":29.0,"key":"Enchiridion"},{"floor":30.0,"key":"Happy Flower"},{"floor":37.0,"key":"CaptainsWheel"},{"floor":41.0,"key":"The Courier"},{"floor":44.0,"key":"Art of War"},{"floor":54.0,"key":"Orichalcum"}],"event_choices":[{"cards_removed":["Strike_G"],"damage_healed":0.0,"max_hp_gain":0.0,"max_hp_loss":0.0,"gold_gain":0.0,"event_name":"Wheel of Change","player_choice":"Card Removal","floor":2.0,"gold_loss":0.0,"damage_taken":0.0},{"damage_healed":0.0,"max_hp_gain":0.0,"max_hp_loss":0.0,"gold_gain":0.0,"event_name":"The Cleric","player_choice":"Leave","floor":4.0,"gold_loss":0.0,"damage_taken":0.0},{"cards_removed":["Caltrops"],"damage_healed":40.0,"max_hp_gain":0.0,"max_hp_loss":0.0,"gold_gain":0.0,"event_name":"Bonfire Elementals","player_choice":"Offered Uncommon","floor":13.0,"gold_loss":0.0,"damage_taken":0.0},{"damage_healed":0.0,"max_hp_gain":0.0,"max_hp_loss":0.0,"gold_gain":0.0,"event_name":"Masked Bandits","player_choice":"Fought Bandits","floor":22.0,"gold_loss":0.0,"damage_taken":0.0},{"damage_healed":0.0,"max_hp_gain":0.0,"max_hp_loss":0.0,"gold_gain":0.0,"event_name":"Cursed Tome","player_choice":"Obtained Book","floor":29.0,"gold_loss":0.0,"damage_taken":16.0},{"damage_healed":0.0,"max_hp_gain":0.0,"max_hp_loss":4.0,"gold_gain":0.0,"event_name":"Winding Halls","player_choice":"Max HP","floor":36.0,"gold_loss":0.0,"damage_taken":0.0},{"damage_healed":0.0,"max_hp_gain":0.0,"max_hp_loss":0.0,"gold_gain":0.0,"event_name":"MindBloom","player_choice":"Fight","floor":37.0,"gold_loss":0.0,"damage_taken":0.0},{"damage_healed":0.0,"max_hp_gain":0.0,"max_hp_loss":0.0,"gold_gain":0.0,"event_name":"SensoryStone","player_choice":"Memory 3","floor":38.0,"gold_loss":0.0,"damage_taken":10.0}],"is_beta":false,"boss_relics":[{"not_picked":["Runic Dome","Velvet Choker"],"picked":"Runic Pyramid"},{"not_picked":["Sozu","Coffee Dripper"],"picked":"SlaversCollar"}],"items_purged_floors":[20],"is_endless":false,"potions_floor_spawned":[1,12,16,19,25,28,31,33,35,39,44],"killed_by":"The Heart","ascension_level":10}}