{"host":"vzugls1u57eppbds","time":1608070506,"event":{"mods":["AchievementEnabler","BaseMod","Better Third Choice","Minty Spire (QoL Compilation)","Relic Stats","Shop Mod","StSLib","The IronCluck"],"gold_per_floor":[110,285,285,296,296,324,341,364,364,364,374,384,384,404,404,404,404],"floor_reached":16,"playtime":437,"items_purged":[],"score":102,"play_id":"39e1f054-d34f-4b19-ae51-30af20d2107d","local_time":"20201215231506","is_ascension_mode":false,"campfire_choices":[{"floor":15,"key":"REST"}],"circlet_count":0,"master_deck":["Strike_B","Strike_B","Strike_B","Strike_B","Defend_B","Defend_B","Defend_B","Zap","Dualcast","Impatience","Gash","BootSequence","Reboot","Steam","Chill","Gash"],"relics":["Cracked Core","Art of War","Odd Mushroom","HornCleat"],"acts_visited":["Exordium"],"potions_floor_usage":[16,16,16],"damage_taken":[{"damage":0,"enemies":"2 Louse","floor":1,"turns":2},{"damage":8,"enemies":"Jaw Worm","floor":4,"turns":3},{"damage":57,"enemies":"3 Sentries","floor":6,"turns":10},{"damage":0,"enemies":"Small Slimes","floor":7,"turns":2},{"damage":14,"enemies":"The Mushroom Lair","floor":8,"turns":4},{"damage":2,"enemies":"2 Fungi Beasts","floor":11,"turns":3},{"damage":0,"enemies":"Lots of Slimes","floor":12,"turns":4},{"damage":0,"enemies":"Exordium Wildlife","floor":14,"turns":4},{"damage":24,"enemies":"The Guardian","floor":16,"turns":8}],"seed_played":"2169357579591626334","potions_obtained":[{"floor":1,"key":"Ancient Potion"},{"floor":6,"key":"LiquidBronze"},{"floor":8,"key":"GamblersBrew"},{"floor":12,"key":"Weak Potion"}],"is_trial":false,"path_per_floor":["M","?","?","M","?","E","M","?","T","?","M","M","?","M","R","B"],"character_chosen":"DEFECT","items_purchased":[],"campfire_rested":1,"item_purchase_floors":[],"current_hp_per_floor":[75,75,68,60,75,18,18,4,4,4,2,2,2,2,24,0,0],"gold":404,"neow_bonus":"RANDOM_COLORLESS","is_daily":false,"chose_seed":false,"campfire_upgraded":0,"win_rate":0.0,"timestamp":1608070506,"path_taken":["M","?","?","M","?","E","M","?","T","?","M","M","?","M","R","BOSS"],"items_purchased_type":[],"build_version":"2020-12-13","purchased_purges":0,"victory":false,"max_hp_per_floor":[75,75,75,75,75,75,75,75,75,75,75,75,75,75,75,75,75],"relic_stats":{"counters":[9,40],"Art of War":[2],"obtain_stats":[{"HornCleat":9,"Art of War":6,"Odd Mushroom":8,"Cracked Core":0},{"HornCleat":5,"Art of War":3,"Odd Mushroom":5,"Cracked Core":0},{"HornCleat":21,"Art of War":15,"Odd Mushroom":21,"Cracked Core":0}]},"card_choices":[{"not_picked":["Mind Blast","Deep Breath"],"picked":"Impatience","floor":0},{"not_picked":["Sweeping Beam","Redo","Hello World"],"picked":"SKIP","floor":1},{"not_picked":["Aggregate","Reinforced Body","Turbo"],"picked":"SKIP","floor":4},{"not_picked":["Amplify","Hologram"],"picked":"Gash","floor":6},{"not_picked":["Turbo","Hologram"],"picked":"BootSequence","floor":7},{"not_picked":["Compile Driver","Capacitor"],"picked":"Steam","floor":11},{"not_picked":["Barrage","Stack"],"picked":"Chill","floor":12},{"not_picked":["Beam Cell","Sweeping Beam"],"picked":"Gash","floor":14}],"player_experience":219153,"relics_obtained":[{"floor":6,"key":"Art of War"},{"floor":8,"key":"Odd Mushroom"},{"floor":9,"key":"HornCleat"}],"event_choices":[{"damage_healed":0,"gold_gain":175,"player_choice":"AGREE","damage_taken":110,"max_hp_gain":0,"max_hp_loss":0,"event_name":"betterThird:BetterSerpent","floor":2,"gold_loss":0},{"cards_removed":["Doubt"],"damage_healed":0,"gold_gain":0,"player_choice":"Card Removal","damage_taken":7,"max_hp_gain":0,"max_hp_loss":0,"event_name":"Golden Wing","floor":3,"gold_loss":0},{"damage_healed":25,"gold_gain":0,"player_choice":"Banana","damage_taken":0,"max_hp_gain":0,"max_hp_loss":0,"event_name":"Big Fish","floor":5,"gold_loss":0},{"damage_healed":0,"gold_gain":0,"player_choice":"Fought Mushrooms","damage_taken":0,"max_hp_gain":0,"max_hp_loss":0,"event_name":"Mushrooms","floor":8,"gold_loss":0},{"damage_healed":0,"gold_gain":0,"cards_transformed":["Defend_B"],"player_choice":"Change","damage_taken":0,"max_hp_gain":0,"max_hp_loss":0,"event_name":"Living Wall","floor":10,"gold_loss":0,"cards_obtained":["Reboot"]},{"damage_healed":2,"gold_gain":0,"player_choice":"Leave","damage_taken":0,"max_hp_gain":0,"max_hp_loss":75,"event_name":"betterThird:BetterShining","floor":13,"gold_loss":0}],"is_beta":false,"boss_relics":[],"items_purged_floors":[],"is_endless":false,"potions_floor_spawned":[1,6,8,12],"killed_by":"The Guardian","ascension_level":0}}