{"host":"6bsan6hkua32tfq7","time":1608033093,"event":{"mods":["BaseMod","Better Third Choice","Colored Map","Highlight Path","Minty Spire (QoL Compilation)","StSLib"],"gold_per_floor":[118,118,135,149,74,107,12,12,12,12,22,33,33,43,43,120,120,140,140,154,154,180,215,215,226,226,226,35,35,35,54,54,128,128,138,138,153,153,178,178,178,190,190,225,225,258,258,268,268,268,268,268],"floor_reached":51,"playtime":2625,"items_purged":["Defend_G","Strike_G"],"score":1421,"play_id":"8879911e-d9cb-42df-ba20-f960f835cb38","local_time":"20201215125133","is_ascension_mode":true,"campfire_choices":[{"data":"Dagger Spray","floor":8,"key":"SMITH"},{"data":"Tools of the Trade","floor":10,"key":"SMITH"},{"data":"Neutralize","floor":15,"key":"SMITH"},{"floor":24,"key":"REST"},{"floor":27,"key":"REST"},{"data":"A Thousand Cuts","floor":30,"key":"SMITH"},{"data":"Well Laid Plans","floor":32,"key":"SMITH"},{"data":"Discovery","floor":40,"key":"SMITH"},{"data":"Bouncing Flask","floor":45,"key":"SMITH"},{"floor":47,"key":"RECALL"},{"data":"PiercingWail","floor":49,"key":"SMITH"}],"circlet_count":0,"master_deck":["AscendersBane","Strike_G","Strike_G","Defend_G","Defend_G","Survivor","Neutralize+1","Slice","Well Laid Plans+1","Dagger Spray+1","Tools of the Trade+1","Endless Agony+1","Finisher+1","Footwork+1","Unload+1","Dash+1","A Thousand Cuts+1","Slice+1","RitualDagger+1","Dagger Spray+1","Adrenaline","Impatience","Leg Sweep+1","Glass Knife+1","Prepared+1","Underhanded Strike+1","Adrenaline+1","Discovery+1","Sucker Punch+1","Bouncing Flask+1","PiercingWail+1","Deadly Poison+1","Crippling Poison"],"relics":["Ring of the Snake","NeowsBlessing","Matryoshka","Question Card","Paper Crane","Molten Egg 2","SlaversCollar","Blood Vial","Vajra","Gremlin Horn","Astrolabe","FossilizedHelix","Pear","Tough Bandages","Bronze Scales"],"acts_visited":["Exordium","TheCity","TheBeyond"],"potions_floor_usage":[6,16,16,23,35,42,48,51],"damage_taken":[{"damage":0,"enemies":"Small Slimes","floor":1,"turns":1},{"damage":0,"enemies":"Cultist","floor":3,"turns":1},{"damage":0,"enemies":"Jaw Worm","floor":4,"turns":1},{"damage":22,"enemies":"3 Sentries","floor":6,"turns":9},{"damage":3,"enemies":"Blue Slaver","floor":11,"turns":5},{"damage":0,"enemies":"Large Slime","floor":12,"turns":4},{"damage":0,"enemies":"Exordium Thugs","floor":14,"turns":3},{"damage":12,"enemies":"Hexaghost","floor":16,"turns":7},{"damage":14,"enemies":"Shell Parasite","floor":18,"turns":4},{"damage":7,"enemies":"3 Byrds","floor":20,"turns":5},{"damage":15,"enemies":"Gremlin Leader","floor":23,"turns":6},{"damage":12,"enemies":"Snake Plant","floor":25,"turns":6},{"damage":3,"enemies":"Cultist and Chosen","floor":31,"turns":5},{"damage":35,"enemies":"Collector","floor":33,"turns":11},{"damage":3,"enemies":"Orb Walker","floor":35,"turns":3},{"damage":7,"enemies":"3 Shapes","floor":37,"turns":4},{"damage":2,"enemies":"Mind Bloom Boss Battle","floor":39,"turns":6},{"damage":0,"enemies":"3 Darklings","floor":42,"turns":3},{"damage":8,"enemies":"Nemesis","floor":44,"turns":7},{"damage":0,"enemies":"Reptomancer","floor":46,"turns":4},{"damage":0,"enemies":"Transient","floor":48,"turns":6},{"damage":57,"enemies":"Awakened One","floor":50,"turns":15},{"damage":12,"enemies":"Donu and Deca","floor":51,"turns":1}],"seed_played":"2048415355971974546","potions_obtained":[{"floor":2,"key":"Fire Potion"},{"floor":2,"key":"ColorlessPotion"},{"floor":3,"key":"FearPotion"},{"floor":6,"key":"FearPotion"},{"floor":11,"key":"AttackPotion"},{"floor":20,"key":"Explosive Potion"},{"floor":31,"key":"Poison Potion"},{"floor":35,"key":"Strength Potion"},{"floor":37,"key":"Energy Potion"},{"floor":42,"key":"SkillPotion"}],"is_trial":false,"path_per_floor":["M","?","M","M","$","E","?","R","T","R","M","M","$","M","R","B",null,"M","?","M","?","T","E","R","M","T","R","$","?","R","M","R","B",null,"M","?","M","?","?","R","?","M","T","E","R","E","R","M","R","B","B"],"character_chosen":"THE_SILENT","items_purchased":["Impatience"],"campfire_rested":2,"item_purchase_floors":[28],"current_hp_per_floor":[59,59,59,59,59,37,37,37,37,37,34,34,34,34,34,22,55,41,41,34,28,28,15,34,24,24,43,43,66,66,63,63,30,57,56,56,51,51,51,51,51,53,63,57,57,59,59,61,61,6,0,0],"gold":268,"neow_bonus":"THREE_ENEMY_KILL","is_daily":false,"chose_seed":false,"campfire_upgraded":8,"win_rate":0.0,"timestamp":1608033093,"path_taken":["M","?","M","?","?","E","?","R","T","R","M","?","$","M","R","BOSS","M","?","?","?","?","E","R","M","T","R","?","?","R","?","R","BOSS","M","?","M","?","?","R","?","?","T","E","R","E","R","M","R","BOSS","BOSS"],"items_purchased_type":["Card"],"build_version":"2020-12-13","purchased_purges":2,"victory":false,"max_hp_per_floor":[66,66,66,66,66,66,66,66,66,66,66,66,66,66,66,66,66,66,66,66,66,66,66,66,66,66,66,66,66,66,66,66,66,66,66,66,66,66,66,66,66,66,76,76,76,76,76,76,76,76,76,76],"card_choices":[{"not_picked":["Distraction","Acrobatics"],"picked":"Slice","floor":1},{"not_picked":["Bane","Underhanded Strike"],"picked":"Well Laid Plans","floor":3},{"not_picked":["Sucker Punch","Escape Plan"],"picked":"Dagger Spray","floor":4},{"not_picked":["Accuracy","Tactician"],"picked":"Tools of the Trade","floor":6},{"not_picked":["PiercingWail","Expertise","Tactician"],"picked":"Endless Agony+1","floor":11},{"not_picked":["Deadly Poison","Outmaneuver","Well Laid Plans"],"picked":"Finisher+1","floor":12},{"not_picked":["Poisoned Stab+1","Masterful Stab+1","Bane+1"],"picked":"Footwork","floor":14},{"not_picked":["After Image","A Thousand Cuts","Envenom"],"picked":"Unload+1","floor":16},{"not_picked":["Cloak And Dagger","Deflect","Prepared"],"picked":"Dash+1","floor":18},{"not_picked":["Dagger Throw+1","Poisoned Stab+1","Bouncing Flask"],"picked":"Slice+1","floor":20},{"not_picked":["Dagger Throw+1","Acrobatics","Catalyst"],"picked":"Dagger Spray+1","floor":23},{"not_picked":["Well Laid Plans","Catalyst","Prepared"],"picked":"Adrenaline","floor":25},{"not_picked":["Crippling Poison","Cloak And Dagger","Deflect"],"picked":"Leg Sweep+1","floor":31},{"not_picked":["Doppelganger","Envenom","Tools of the Trade"],"picked":"Glass Knife+1","floor":33},{"not_picked":["Eviscerate+1","Prepared","Dagger Throw+1","Distraction"],"picked":"SKIP","floor":35},{"not_picked":["Accuracy+1","Catalyst","Bane+1","Dagger Throw+1"],"picked":"SKIP","floor":37},{"not_picked":["Secret Technique","Master of Strategy","Violence"],"picked":"Discovery","floor":38},{"not_picked":["Poisoned Stab+1","Bane+1","Backflip"],"picked":"Sucker Punch+1","floor":39},{"not_picked":["Heel Hook+1","Quick Slash+1","Bane+1"],"picked":"Bouncing Flask","floor":42},{"not_picked":["Escape Plan","Quick Slash+1","Infinite Blades"],"picked":"PiercingWail","floor":44},{"not_picked":["Skewer+1","Cloak And Dagger","Deflect"],"picked":"Deadly Poison+1","floor":46},{"not_picked":["Outmaneuver+1","Accuracy","Well Laid Plans"],"picked":"Crippling Poison","floor":48}],"player_experience":5155522,"relics_obtained":[{"floor":6,"key":"Matryoshka"},{"floor":9,"key":"Paper Crane"},{"floor":9,"key":"Molten Egg 2"},{"floor":22,"key":"Blood Vial"},{"floor":23,"key":"Vajra"},{"floor":26,"key":"Gremlin Horn"},{"floor":39,"key":"FossilizedHelix"},{"floor":43,"key":"Pear"},{"floor":44,"key":"Tough Bandages"},{"floor":46,"key":"Bronze Scales"}],"event_choices":[{"damage_healed":0,"gold_gain":0,"player_choice":"Got Potions","damage_taken":0,"max_hp_gain":0,"max_hp_loss":0,"event_name":"Lab","floor":2,"gold_loss":0},{"damage_healed":0,"gold_gain":0,"player_choice":"Paid Gold","damage_taken":0,"relics_obtained":["Question Card"],"max_hp_gain":0,"max_hp_loss":0,"event_name":"WeMeetAgain","floor":7,"gold_loss":95},{"damage_healed":0,"gold_gain":0,"player_choice":"1 cards matched","damage_taken":0,"max_hp_gain":0,"max_hp_loss":0,"event_name":"Match and Keep!","floor":19,"gold_loss":0,"cards_obtained":["A Thousand Cuts"]},{"damage_healed":0,"gold_gain":0,"player_choice":"Dagger","damage_taken":6,"max_hp_gain":0,"max_hp_loss":0,"event_name":"betterThird:BetterNest","floor":21,"gold_loss":0,"cards_obtained":["RitualDagger"]},{"damage_healed":23,"gold_gain":0,"player_choice":"Full Heal","damage_taken":0,"max_hp_gain":0,"max_hp_loss":0,"event_name":"Wheel of Change","floor":29,"gold_loss":0},{"cards_removed":["Defend_G"],"damage_healed":0,"gold_gain":0,"player_choice":"Removed Skill","damage_taken":0,"max_hp_gain":0,"max_hp_loss":0,"event_name":"Falling","floor":36,"gold_loss":0},{"damage_healed":0,"gold_gain":0,"player_choice":"Memory 1","damage_taken":0,"max_hp_gain":0,"max_hp_loss":0,"event_name":"SensoryStone","floor":38,"gold_loss":0},{"damage_healed":0,"gold_gain":0,"player_choice":"Fight","damage_taken":0,"max_hp_gain":0,"max_hp_loss":0,"event_name":"MindBloom","floor":39,"gold_loss":0},{"damage_healed":0,"gold_gain":0,"player_choice":"Forge","damage_taken":0,"max_hp_gain":0,"max_hp_loss":0,"event_name":"Accursed Blacksmith","floor":41,"gold_loss":0,"cards_upgraded":["Footwork"]}],"is_beta":false,"boss_relics":[{"not_picked":["Calling Bell","HoveringKite"],"picked":"SlaversCollar"},{"not_picked":["SacredBark","Velvet Choker"],"picked":"Astrolabe"}],"items_purged_floors":[5,28],"is_endless":false,"potions_floor_spawned":[3,4,6,11,14,20,31,35,37,42,46],"killed_by":"Donu and Deca","ascension_level":20}}