{"host":"3rixevx6n8b56xaj","time":1608046924,"event":{"mods":["2.2 Compatiblity","AchievementEnabler","BaseMod","Better Third Choice","Colored Map","DeckTracker","Friendly Minions","Minty Spire (QoL Compilation)","StSLib","SuperFastMode"],"gold_per_floor":[210,226,246,226,239,239,239,257,257,282,302,313,313,326,326,431,431,441,452,466,484,484,484,120,153,178,178,192,203,69,84,84,185,185,195,70,81,101,112,112,112,140,140,140,151,170,203,218,218,218,218,218,20,51,51],"floor_reached":56,"playtime":2689,"items_purged":["Strike_P","Defend_P","Strike_P","LessonLearned+1"],"score":1339,"play_id":"b1edcf71-fe93-4a33-b83d-dd1346c25685","local_time":"20201216004204","is_ascension_mode":false,"campfire_choices":[{"data":"Eruption","floor":6.0,"key":"SMITH"},{"data":"MentalFortress","floor":13.0,"key":"SMITH"},{"data":"Adaptation","floor":15.0,"key":"SMITH"},{"data":"TalkToTheHand","floor":23.0,"key":"SMITH"},{"floor":27.0,"key":"DIG"},{"floor":32.0,"key":"REST"},{"floor":40.0,"key":"DIG"},{"floor":49,"key":"REST"},{"floor":52,"key":"DIG"}],"circlet_count":0,"master_deck":["Strike_P+1","Strike_P+1","Defend_P+1","Defend_P+1","Eruption+1","Vigilance+1","BowlingBash+1","Adaptation+1","TalkToTheHand+1","Evaluate+1","MentalFortress+1","FollowUp+1","EmptyBody+1","EmptyFist+1","Perseverance+1","DevaForm+1","CrushJoints+1","Tantrum+1","FearNoEvil+1","Fasting2+1","Madness+1","Madness+1","Wallop+1"],"relics":["HolyWater","betterThird:SlimedRelic","Mercury Hourglass","Blood Vial","Runic Pyramid","Nilry\u0027s Codex","Shovel","Prayer Wheel","PreservedInsect","Ancient Tea Set","Ice Cream","The Courier","StoneCalendar","InkBottle","Happy Flower"],"acts_visited":["Exordium","TheCity","TheBeyond","TheEnding"],"potions_floor_usage":[54,54,55],"damage_taken":[{"damage":0.0,"enemies":"2 Louse","floor":1.0,"turns":2.0},{"damage":0.0,"enemies":"Cultist","floor":2.0,"turns":2.0},{"damage":0.0,"enemies":"Jaw Worm","floor":3.0,"turns":3.0},{"damage":3.0,"enemies":"Large Slime","floor":5.0,"turns":4.0},{"damage":12.0,"enemies":"Lots of Slimes","floor":8.0,"turns":6.0},{"damage":6.0,"enemies":"3 Sentries","floor":10.0,"turns":6.0},{"damage":11.0,"enemies":"3 Louse","floor":11.0,"turns":2.0},{"damage":0.0,"enemies":"Gremlin Gang","floor":12.0,"turns":4.0},{"damage":1.0,"enemies":"Lots of Slimes","floor":14.0,"turns":3.0},{"damage":0.0,"enemies":"Slime Boss","floor":16.0,"turns":6.0},{"damage":0.0,"enemies":"Chosen","floor":18.0,"turns":3.0},{"damage":9.0,"enemies":"Shell Parasite","floor":19.0,"turns":5.0},{"damage":19.0,"enemies":"Shelled Parasite and Fungi","floor":20.0,"turns":6.0},{"damage":9.0,"enemies":"Chosen and Byrds","floor":21.0,"turns":7.0},{"damage":11.0,"enemies":"Gremlin Leader","floor":25.0,"turns":5.0},{"damage":23.0,"enemies":"Cultist and Chosen","floor":28.0,"turns":8.0},{"damage":0.0,"enemies":"3 Cultists","floor":29.0,"turns":6.0},{"damage":1.0,"enemies":"Snake Plant","floor":31.0,"turns":4.0},{"damage":0.0,"enemies":"Automaton","floor":33.0,"turns":8.0},{"damage":0.0,"enemies":"3 Darklings","floor":35.0,"turns":4.0},{"damage":0.0,"enemies":"3 Shapes","floor":37.0,"turns":2.0},{"damage":0.0,"enemies":"Transient","floor":38.0,"turns":5.0},{"damage":5.0,"enemies":"Writhing Mass","floor":39.0,"turns":6.0},{"damage":0.0,"enemies":"Giant Head","floor":42.0,"turns":8.0},{"damage":16.0,"enemies":"Spire Growth","floor":45.0,"turns":4.0},{"damage":2.0,"enemies":"3 Darklings","floor":46.0,"turns":5.0},{"damage":41.0,"enemies":"Nemesis","floor":47.0,"turns":7.0},{"damage":7,"enemies":"Sphere and 2 Shapes","floor":48,"turns":6},{"damage":23,"enemies":"Donu and Deca","floor":50,"turns":9},{"damage":20,"enemies":"Shield and Spear","floor":54,"turns":5},{"damage":41,"enemies":"The Heart","floor":55,"turns":7}],"seed_played":"536959586828945461","potions_obtained":[{"floor":1.0,"key":"CultistPotion"},{"floor":3.0,"key":"PowerPotion"},{"floor":10.0,"key":"Energy Potion"},{"floor":19.0,"key":"Regen Potion"},{"floor":25.0,"key":"BlessingOfTheForge"},{"floor":29.0,"key":"DistilledChaos"},{"floor":31.0,"key":"SpeedPotion"},{"floor":47.0,"key":"StancePotion"},{"floor":54,"key":"Explosive Potion"}],"is_trial":false,"path_per_floor":["M","M","M","?","M","R","?","M","T","E","M","M","R","M","R","B",null,"M","M","M","M","?","R","$","E","T","R","M","M","$","M","R","B",null,"M","$","M","M","M","R","?","E","T","?","M","M","E","M","R","B",null,"R","$","E","B",null],"character_chosen":"WATCHER","items_purchased":["Shovel","Tantrum","Ambrosia"],"campfire_rested":2,"item_purchase_floors":[24,30,53],"current_hp_per_floor":[72,72,72,61,58,58,58,46,46,40,31,33,33,34,34,36,72,72,63,60,53,37,37,37,28,28,28,7,9,9,10,31,33,72,72,72,72,72,67,67,58,60,60,60,46,46,7,2,23,2,72,72,72,52,13],"gold":51,"neow_bonus":"HUNDRED_GOLD","is_daily":false,"chose_seed":false,"campfire_upgraded":4,"win_rate":0.0,"timestamp":1608046924,"path_taken":["M","M","M","?","M","R","?","M","T","E","M","M","R","?","R","BOSS","M","M","M","M","?","R","$","E","T","R","M","M","$","M","R","BOSS","M","$","M","M","M","R","?","E","T","?","M","?","E","M","R","BOSS","R","$","E","BOSS"],"items_purchased_type":["Relic","Card","Potion"],"build_version":"2020-12-13","purchased_purges":4,"victory":true,"max_hp_per_floor":[72,72,72,72,72,72,72,72,72,72,72,72,72,72,72,72,72,72,72,72,72,72,72,72,72,72,72,72,72,72,72,72,72,72,72,72,72,72,72,72,72,72,72,72,72,72,72,72,72,72,72,72,72,72,72],"card_choices":[{"not_picked":["ReachHeaven","JustLucky"],"picked":"BowlingBash","floor":1.0},{"not_picked":["Crescendo","FlyingSleeves","WaveOfTheHand"],"picked":"SKIP","floor":2.0},{"not_picked":["Crescendo","FlyingSleeves","WaveOfTheHand"],"picked":"SKIP","floor":2.0},{"not_picked":["EmptyBody","BowlingBash"],"picked":"Adaptation","floor":3.0},{"not_picked":["Consecrate","CutThroughFate"],"picked":"TalkToTheHand","floor":5.0},{"not_picked":["SashWhip","CutThroughFate","BattleHymn"],"picked":"SKIP","floor":8.0},{"not_picked":["WreathOfFlame","Halt"],"picked":"Evaluate","floor":10.0},{"not_picked":["FollowUp","LessonLearned"],"picked":"MentalFortress","floor":11.0},{"not_picked":["Halt","Prostrate","ClearTheMind"],"picked":"SKIP","floor":12.0},{"not_picked":["ThirdEye","ReachHeaven"],"picked":"FollowUp","floor":14.0},{"not_picked":["Scrawl","Devotion"],"picked":"LessonLearned","floor":16.0},{"not_picked":["Prostrate","ThirdEye","Crescendo+1"],"picked":"SKIP","floor":18.0},{"not_picked":["Collect","ThirdEye"],"picked":"EmptyBody","floor":19.0},{"not_picked":["JustLucky+1","Prostrate","FollowUp"],"picked":"SKIP","floor":20.0},{"not_picked":["Nirvana","Prostrate+1","TalkToTheHand+1"],"picked":"SKIP","floor":21.0},{"not_picked":["Halt","Crescendo"],"picked":"EmptyFist+1","floor":25.0},{"not_picked":["Collect","FlyingSleeves"],"picked":"Perseverance+1","floor":28.0},{"not_picked":["Protect","PathToVictory"],"picked":"DevaForm","floor":28.0},{"not_picked":["ClearTheMind","SashWhip","Crescendo+1"],"picked":"SKIP","floor":29.0},{"not_picked":["CrushJoints","CarveReality+1","BowlingBash"],"picked":"SKIP","floor":29.0},{"not_picked":["CarveReality+1","BowlingBash"],"picked":"CrushJoints","floor":29.0},{"not_picked":["ClearTheMind","SashWhip","Crescendo+1"],"picked":"SKIP","floor":29.0},{"not_picked":["Consecrate","Nirvana+1","EmptyFist+1"],"picked":"SKIP","floor":31.0},{"not_picked":["Conclude","Crescendo","Pray"],"picked":"SKIP","floor":31.0},{"not_picked":["Perseverance+1","EmptyBody+1"],"picked":"FearNoEvil+1","floor":35.0},{"not_picked":["EmptyFist+1","Weave+1","Conclude+1"],"picked":"SKIP","floor":35.0},{"not_picked":["Tantrum+1","Evaluate","JustLucky+1"],"picked":"SKIP","floor":37.0},{"not_picked":["Ragnarok","FollowUp","ThirdEye+1"],"picked":"SKIP","floor":37.0},{"not_picked":["Prostrate","EmptyBody+1","FlurryOfBlows+1"],"picked":"SKIP","floor":38.0},{"not_picked":["EmptyMind","Prostrate","JustLucky+1"],"picked":"SKIP","floor":38.0},{"not_picked":["Protect+1","Vengeance"],"picked":"Fasting2+1","floor":39.0},{"not_picked":["SashWhip","FlurryOfBlows","Consecrate+1"],"picked":"SKIP","floor":39.0},{"not_picked":["EmptyMind","ClearTheMind+1","SandsOfTime+1"],"picked":"SKIP","floor":42.0},{"not_picked":["CutThroughFate+1","DeceiveReality","Ragnarok"],"picked":"SKIP","floor":45.0},{"not_picked":["BowlingBash","Perseverance+1","WheelKick"],"picked":"SKIP","floor":45.0},{"not_picked":["DeceiveReality+1","FollowUp+1"],"picked":"Wallop+1","floor":46.0},{"not_picked":["WreathOfFlame+1","ThirdEye+1","Fasting2"],"picked":"SKIP","floor":46.0},{"not_picked":["DeceiveReality","Collect","FollowUp+1"],"picked":"SKIP","floor":47.0},{"not_picked":["SashWhip","Prostrate","WreathOfFlame+1"],"picked":"SKIP","floor":48},{"not_picked":["MentalFortress","FollowUp+1","Crescendo+1"],"picked":"SKIP","floor":48},{"not_picked":["DeceiveReality+1","WaveOfTheHand","CutThroughFate"],"picked":"SKIP","floor":54}],"player_experience":526312,"relics_obtained":[{"floor":9.0,"key":"Mercury Hourglass"},{"floor":10.0,"key":"Blood Vial"},{"floor":22.0,"key":"Nilry\u0027s Codex"},{"floor":25.0,"key":"Prayer Wheel"},{"floor":26.0,"key":"PreservedInsect"},{"floor":27.0,"key":"Ancient Tea Set"},{"floor":40.0,"key":"Ice Cream"},{"floor":42.0,"key":"The Courier"},{"floor":47.0,"key":"StoneCalendar"},{"floor":52,"key":"InkBottle"},{"floor":54,"key":"Happy Flower"}],"event_choices":[{"damage_healed":0.0,"max_hp_gain":0.0,"max_hp_loss":0.0,"gold_gain":0.0,"event_name":"betterThird:BetterGoop","player_choice":"Slimed","floor":4.0,"gold_loss":20.0,"damage_taken":11.0},{"damage_healed":0.0,"max_hp_gain":0.0,"max_hp_loss":0.0,"gold_gain":0.0,"event_name":"NoteForYourself","player_choice":"Ignored","floor":7.0,"gold_loss":0.0,"damage_taken":0.0},{"damage_healed":0.0,"max_hp_gain":0.0,"max_hp_loss":0.0,"gold_gain":0.0,"event_name":"Cursed Tome","player_choice":"Obtained Book","floor":22.0,"gold_loss":0.0,"damage_taken":16.0},{"damage_healed":0.0,"max_hp_gain":0.0,"max_hp_loss":0.0,"gold_gain":0.0,"event_name":"Winding Halls","player_choice":"Embrace Madness","floor":41.0,"gold_loss":0.0,"damage_taken":9.0,"cards_obtained":["Madness","Madness"]},{"cards_removed":["Defend_P"],"damage_healed":0.0,"max_hp_gain":0.0,"max_hp_loss":0.0,"gold_gain":0.0,"event_name":"Bonfire Elementals","player_choice":"Offered Basic","floor":44.0,"gold_loss":0.0,"damage_taken":0.0}],"is_beta":false,"boss_relics":[{"not_picked":["Cursed Key","Runic Dome"],"picked":"Runic Pyramid"},{"not_picked":["Tiny House","Philosopher\u0027s Stone"],"picked":"HolyWater"}],"items_purged_floors":[24,30,36,53],"is_endless":false,"potions_floor_spawned":[1,3,10,12,19,25,29,31,39,45,47,54],"ascension_level":0}}