{"host":"4e7ld00gewa6mlu4","time":1608073899,"event":{"mods":["2.2 Compatiblity","Act Like it!","BaseMod","Conspire","Downfall","Hubris","Infinite Spire","Jedi Mod","Minty Spire (QoL Compilation)","Practice Mode","Quick Restart","Random Character Button","Random Character Mod","Replay The Spire","Shop Mod","StSLib"],"gold_per_floor":[99,116,41,59,74,101,125,110,35,66,81,97,97,82,101,200,200,200,200,212,247,266,294,319,319,229,154,168,185,231,250,261,358,358,358,347,347,380,390,402,426,453,466,499,512,151,167,181,193,193,193,227,77,77,77],"floor_reached":56,"playtime":5572,"items_purged":["champ:Strike","champ:Strike","champ:Backstep","champ:Taunt"],"score":1543,"play_id":"a137cf3d-aa86-443a-a353-a8509954107b","local_time":"20201215181139","is_ascension_mode":false,"campfire_choices":[{"floor":1.0,"key":"RECALL"},{"data":"champ:FaceSlap","floor":3.0,"key":"SMITH"},{"data":"champ:Haymaker","floor":9.0,"key":"SMITH"},{"data":"champ:Strike","floor":18.0,"key":"PURGE"},{"data":"champ:Improvising","floor":27.0,"key":"SMITH"},{"data":"champ:ViciousMockery","floor":35.0,"key":"SMITH"},{"data":"expansioncontent:Flail","floor":54,"key":"SMITH"}],"circlet_count":0,"master_deck":["champ:Strike","champ:Defend","champ:Defend","champ:Defend","champ:Defend","champ:Execute","champ:FaceSlap+1","champ:FlashCut","champ:Haymaker+1","champ:PreciseThrust","champ:FanOfKnives","champ:Improvising+1","champ:GladiatorStyle","champ:PreciseThrust+1","champ:ViciousMockery+1","champ:CrownThrow","expansioncontent:Flail+1","champ:PreciseThrust+1","champ:GladiatorStyle"],"relics":["champ:ChampionCrown","downfall:HeartBlessingRed","Omamori","downfall:HeartBlessingBlue","jedi:kaleidoscope","Painkiller Herb","infinitespire:Beetle Shell","ReplayFunnel","Bag of Preparation","champ:BerserkersGuideToSlaughter","downfall:HeartBlessingGreen","Lantern","Ring of Chaos","hubris:PeanutButter","Shuriken","conspire:TopHat","Gambling Chip","conspire:Flyswatter","champ:FightingForDummies","ReplayTheSpireMod:Ninjato"],"acts_visited":["Exordium","TheCity","TheBeyond","TheEnding"],"potions_floor_usage":[55,55,55],"damage_taken":[{"damage":5.0,"enemies":"Cultist","floor":2.0,"turns":3.0},{"damage":3.0,"enemies":"Jaw Worm","floor":4.0,"turns":2.0},{"damage":0.0,"enemies":"2 Louse","floor":5.0,"turns":2.0},{"damage":22.0,"enemies":"3 Sentries","floor":6.0,"turns":8.0},{"damage":0.0,"enemies":"downfall:FleeingMerchant","floor":8.0,"turns":4.0},{"damage":18.0,"enemies":"Gremlin Nob","floor":10.0,"turns":5.0},{"damage":5.0,"enemies":"Exordium Wildlife","floor":11.0,"turns":5.0},{"damage":2.0,"enemies":"2 Fungi Beasts","floor":12.0,"turns":4.0},{"damage":9.0,"enemies":"downfall:FleeingMerchant","floor":14.0,"turns":4.0},{"damage":6.0,"enemies":"Lots of Slimes","floor":15.0,"turns":3.0},{"damage":47.0,"enemies":"downfall:Silent","floor":16.0,"turns":10.0},{"damage":0.0,"enemies":"Chosen","floor":19.0,"turns":1.0},{"damage":38.0,"enemies":"Centurion and Healer","floor":20.0,"turns":6.0},{"damage":21.0,"enemies":"Book of Stabbing","floor":21.0,"turns":5.0},{"damage":28.0,"enemies":"3 Cultists","floor":22.0,"turns":6.0},{"damage":13.0,"enemies":"Gremlin Leader","floor":23.0,"turns":5.0},{"damage":5.0,"enemies":"downfall:FleeingMerchant","floor":26.0,"turns":4.0},{"damage":21.0,"enemies":"Snake Plant","floor":28.0,"turns":3.0},{"damage":0.0,"enemies":"Centurion and Healer","floor":29.0,"turns":3.0},{"damage":11.0,"enemies":"conspire:MimicChest","floor":30.0,"turns":6.0},{"damage":0.0,"enemies":"Chosen and Byrds","floor":31.0,"turns":4.0},{"damage":0.0,"enemies":"Snake Plant","floor":32.0,"turns":2.0},{"damage":5.0,"enemies":"downfall:Defect","floor":33.0,"turns":6.0},{"damage":5.0,"enemies":"downfall:FleeingMerchant","floor":36.0,"turns":2.0},{"damage":12.0,"enemies":"Giant Head","floor":38.0,"turns":6.0},{"damage":0.0,"enemies":"3 Shapes","floor":39.0,"turns":3.0},{"damage":2.0,"enemies":"3 Darklings","floor":40.0,"turns":3.0},{"damage":0.0,"enemies":"Reptomancer","floor":42.0,"turns":5.0},{"damage":0.0,"enemies":"Sphere and 2 Shapes","floor":43.0,"turns":4.0},{"damage":3.0,"enemies":"Nemesis","floor":44.0,"turns":7.0},{"damage":0,"enemies":"Maw","floor":45,"turns":6},{"damage":0,"enemies":"Writhing Mass","floor":47,"turns":4},{"damage":0,"enemies":"Jaw Worm Horde","floor":48,"turns":3},{"damage":0,"enemies":"3 Darklings","floor":49,"turns":3},{"damage":0,"enemies":"downfall:Watcher","floor":50,"turns":7},{"damage":0,"enemies":"downfall:CharBossMerchant","floor":52,"turns":7},{"damage":0,"enemies":"downfall:NeowBoss","floor":55,"turns":18}],"seed_played":"949280469781209815","potions_obtained":[{"floor":2.0,"key":"AttackPotion"},{"floor":4.0,"key":"AttackPotion"},{"floor":5.0,"key":"Cursed Concoction"},{"floor":16.0,"key":"champ:CounterPotion"},{"floor":28.0,"key":"Adrenaline Potion"},{"floor":33.0,"key":"Energy Potion"},{"floor":42.0,"key":"Block Potion"}],"is_trial":false,"path_per_floor":["R","M","R","M","M","E","T","$","R","E","M","M","?","$","M","B",null,"T","?","?","E","?","E","T","?","T","T","?","?","?","?","?","B",null,"T","T","?","E","?","?","T","E","?","E","?","T","?","?","?","B",null,"E","T","T","B",null],"character_chosen":"THE_CHAMP","items_purchased":["hubris:PeanutButter","champ:GladiatorStyle","champ:FightingForDummies"],"campfire_rested":0,"item_purchase_floors":[36,46,46],"current_hp_per_floor":[81,81,81,78,78,66,66,66,76,63,63,61,61,57,51,14,118,118,118,90,77,54,44,44,44,44,44,28,28,22,22,22,22,118,118,118,118,118,118,116,116,116,116,113,113,113,113,113,113,113,118,118,118,118,118],"gold":77,"neow_bonus":"TWENTY_PERCENT_HP_BONUS","is_daily":false,"chose_seed":false,"campfire_upgraded":5,"win_rate":0.0,"timestamp":1608073899,"path_taken":["R","M","R","M","M","E","T","?","R","E","M","M","?","?","M","BOSS","T","?","?","E","?","E","T","?","?","T","?","?","?","?","?","BOSS","T","T","?","E","?","?","T","E","?","E","?","T","?","?","?","BOSS","E","T","T","BOSS"],"items_purchased_type":["Relic","Card","Relic"],"build_version":"2020-12-13","purchased_purges":4,"victory":true,"max_hp_per_floor":[108,108,108,108,108,108,108,108,118,118,118,118,118,118,118,118,118,118,118,118,118,118,118,118,118,118,118,118,118,118,118,118,118,118,118,118,118,118,118,118,118,118,118,118,118,118,118,118,118,118,118,118,118,118,118],"card_choices":[{"not_picked":["champ:GladiatorsShout","champ:PerfectedStrike"],"picked":"champ:FaceSlap","floor":2.0},{"not_picked":["champ:FanOfKnives","champ:AdrenalArmor"],"picked":"champ:FlashCut","floor":4.0},{"not_picked":["champ:Haymaker","champ:GladiatorsShout"],"picked":"champ:Backstep","floor":5.0},{"not_picked":["champ:ShieldWall","champ:GladiatorsShout"],"picked":"champ:Haymaker","floor":6.0},{"not_picked":["champ:RapidStrikes","champ:AdrenalArmor","champ:FocusedGladiator"],"picked":"SKIP","floor":8.0},{"not_picked":["champ:Circumvent","champ:ShieldSlam","champ:DefensiveShout"],"picked":"SKIP","floor":10.0},{"not_picked":["champ:PerfectedStrike","champ:GutPunch"],"picked":"champ:PreciseThrust","floor":11.0},{"not_picked":["champ:FanOfKnives","champ:StanceDance","champ:RapidStrikes"],"picked":"SKIP","floor":12.0},{"not_picked":["champ:FanOfKnives","champ:StanceDance","champ:RapidStrikes"],"picked":"SKIP","floor":12.0},{"not_picked":["champ:IronFortress","champ:FightOn"],"picked":"champ:FanOfKnives","floor":14.0},{"not_picked":["champ:StanceDance","champ:EnGarde","champ:Circumvent"],"picked":"SKIP","floor":15.0},{"not_picked":["champ:ShieldThrow","champ:DancingMaster"],"picked":"champ:Improvising","floor":16.0},{"not_picked":["champ:GutPunch","champ:RisingSlash"],"picked":"champ:GladiatorStyle","floor":19.0},{"not_picked":["champ:PerfectedStrike","champ:Haymaker"],"picked":"champ:PreciseThrust+1","floor":20.0},{"not_picked":["champ:CrookedStrike","champ:Circumvent","champ:GutPunch"],"picked":"SKIP","floor":21.0},{"not_picked":["champ:Circumvent","champ:PerfectedStrike","champ:BringItOn"],"picked":"SKIP","floor":22.0},{"not_picked":["champ:Lariat","champ:RisingSlash+1","champ:SwordThrow"],"picked":"SKIP","floor":23.0},{"not_picked":["champ:BerserkersShout","champ:DefensiveStyle","champ:Shatter+1"],"picked":"SKIP","floor":26.0},{"not_picked":["champ:IronFortress+1","champ:AdrenalArmor","champ:Haymaker"],"picked":"SKIP","floor":28.0},{"not_picked":["champ:Encircle","champ:CalledShot","champ:ArenaPreparation"],"picked":"SKIP","floor":29.0},{"not_picked":["champ:Circumvent+1","champ:Lariat"],"picked":"champ:ViciousMockery","floor":30.0},{"not_picked":["champ:EnGarde","champ:DefensiveShout+1","champ:RapidStrikes+1"],"picked":"SKIP","floor":31.0},{"not_picked":["champ:DancingMaster","champ:Encircle","champ:Riposte"],"picked":"SKIP","floor":32.0},{"not_picked":["champ:CheapShot","champ:VampiricStrike"],"picked":"champ:CrownThrow","floor":33.0},{"not_picked":["champ:BerserkersShout","champ:Shatter+1","champ:FanOfKnives"],"picked":"SKIP","floor":36.0},{"not_picked":["Replay:SS_fish_2","expansioncontent:YouAreMine"],"picked":"expansioncontent:Flail","floor":37.0},{"not_picked":["champ:CrookedStrike","champ:EnragedBash+1","champ:RisingSlash"],"picked":"SKIP","floor":38.0},{"not_picked":["champ:CrookedStrike+1","champ:DefensiveShout","champ:Circumvent+1"],"picked":"SKIP","floor":39.0},{"not_picked":["champ:TornadoPunch","champ:GutPunch"],"picked":"champ:PreciseThrust+1","floor":40.0},{"not_picked":["champ:DeathBlow+1","champ:EnragedBash","champ:TornadoPunch+1"],"picked":"SKIP","floor":42.0},{"not_picked":["champ:PreciseThrust","champ:Haymaker","champ:TornadoPunch+1"],"picked":"SKIP","floor":43.0},{"not_picked":["champ:BerserkersShout+1","champ:Backstep","champ:CrookedStrike+1"],"picked":"SKIP","floor":44.0},{"not_picked":["champ:DeathBlow+1","champ:StanceDance","champ:Duel+1"],"picked":"SKIP","floor":45},{"not_picked":["champ:Riposte+1","champ:AdrenalArmor","champ:GladiatorsShout+1"],"picked":"SKIP","floor":47},{"not_picked":["champ:Haymaker+1","champ:PerfectedStrike","champ:Backstep"],"picked":"SKIP","floor":48},{"not_picked":["champ:FlashCut","champ:FightOn","champ:CrownThrow"],"picked":"SKIP","floor":49},{"not_picked":["champ:LastStand","champ:Shatter","champ:Lariat"],"picked":"SKIP","floor":52}],"player_experience":937111,"relics_obtained":[{"floor":6.0,"key":"Omamori"},{"floor":10.0,"key":"jedi:kaleidoscope"},{"floor":21.0,"key":"infinitespire:Beetle Shell"},{"floor":23.0,"key":"ReplayFunnel"},{"floor":24.0,"key":"Bag of Preparation"},{"floor":30.0,"key":"Lantern"},{"floor":38.0,"key":"Shuriken"},{"floor":41.0,"key":"conspire:TopHat"},{"floor":42.0,"key":"Gambling Chip"},{"floor":44.0,"key":"conspire:Flyswatter"},{"floor":52,"key":"ReplayTheSpireMod:Ninjato"}],"event_choices":[],"is_beta":false,"boss_relics":[{"not_picked":["Astrolabe","Replay:Grab Bag"],"picked":"Painkiller Herb"},{"not_picked":["Pandora\u0027s Box","infinitespire:Cupcake"],"picked":"Ring of Chaos"}],"items_purged_floors":[26,36,46,53],"is_endless":false,"potions_floor_spawned":[2,4,5,12,16,23,28,30,33,39,42,44,45,47],"ascension_level":0}}