{"host":"1p8eqzpvl5sxeu5t","time":1608000319,"event":{"mods":["BaseMod","Bestiary","Block Reminder","Colored Map","Colored Powertips","Downfall","Highlight Path","Minty Spire (QoL Compilation)","Relic Stats","StSLib","The IronCluck","Waifu the Spire","everything is the same but u backflip on backflip","slay the spire mod where everything is the same but ironclad has a cowboy hat"],"gold_per_floor":[99,99,24,50,50,150,173,207,116,143,162,162,172,187,207,207,207],"floor_reached":16,"playtime":1196,"items_purged":[],"score":143,"play_id":"6af4efd7-ba0f-4a96-bcd1-35ea0125cbee","local_time":"20201215104519","is_ascension_mode":false,"campfire_choices":[{"floor":1,"key":"RECALL"},{"data":"champ:Taunt","floor":3,"key":"SMITH"},{"data":"champ:Execute","floor":5,"key":"SMITH"}],"circlet_count":0,"master_deck":["champ:Strike","champ:Strike","champ:Strike","champ:Strike","champ:Defend","champ:Defend","champ:Defend","champ:Defend","champ:Execute+1","champ:Taunt+1","champ:BringItOn","champ:Riposte","champ:PerfectedStrike","champ:ArenaPreparation","champ:Duel","champ:BerserkersShout","champ:FlashCut","champ:Circumvent","champ:FocusedGladiator","champ:ArenaPreparation","champ:Devastate"],"relics":["champ:ChampionCrown","downfall:HeartsMalice","downfall:HeartBlessingRed","Letter Opener","Champion Belt","champ:FightingForDummies","StoneCalendar","Girya"],"acts_visited":["Exordium"],"potions_floor_usage":[10,10,16,16],"damage_taken":[{"damage":0,"enemies":"Jaw Worm","floor":2,"turns":1},{"damage":0,"enemies":"Gremlin Nob","floor":4,"turns":1},{"damage":0,"enemies":"Gremlin Nob","floor":6,"turns":1},{"damage":16,"enemies":"3 Sentries","floor":8,"turns":9},{"damage":10,"enemies":"downfall:FleeingMerchant","floor":9,"turns":4},{"damage":36,"enemies":"Lagavulin","floor":10,"turns":6},{"damage":19,"enemies":"2 Louse","floor":11,"turns":2},{"damage":10,"enemies":"Cultist","floor":13,"turns":3},{"damage":7,"enemies":"Exordium Wildlife","floor":14,"turns":3},{"damage":22,"enemies":"Lots of Slimes","floor":15,"turns":4},{"damage":57,"enemies":"downfall:Defect","floor":16,"turns":5}],"seed_played":"-2590355910542015446","potions_obtained":[{"floor":4,"key":"FearPotion"},{"floor":6,"key":"EssenceOfSteel"},{"floor":11,"key":"sneckomod:MuddlingPotion"},{"floor":15,"key":"DuplicationPotion"}],"is_trial":false,"path_per_floor":["R","M","R","E","R","?","T","E","$","E","M","?","M","M","M","B"],"character_chosen":"THE_CHAMP","items_purchased":["champ:BerserkersShout","champ:FlashCut"],"campfire_rested":0,"item_purchase_floors":[9,9],"current_hp_per_floor":[90,90,90,90,90,90,90,79,79,71,60,60,60,58,56,0,0],"gold":207,"neow_bonus":"THREE_ENEMY_KILL","is_daily":false,"chose_seed":false,"campfire_upgraded":2,"win_rate":0.0,"timestamp":1608000319,"path_taken":["R","M","R","E","R","?","T","E","?","E","M","?","?","M","M","BOSS"],"items_purchased_type":["Card","Card"],"build_version":"2020-12-13","purchased_purges":0,"victory":false,"max_hp_per_floor":[90,90,90,90,90,90,90,90,90,90,90,90,90,90,90,90,90],"relic_stats":{"counters":[11,36],"StoneCalendar":[0],"Letter Opener":[64],"Champion Belt":[1],"obtain_stats":[{"Girya":10,"downfall:HeartBlessingRed":3,"champ:ChampionCrown":0,"downfall:HeartsMalice":0,"StoneCalendar":8,"Letter Opener":4,"Champion Belt":6,"champ:FightingForDummies":7},{"Girya":6,"downfall:HeartBlessingRed":1,"champ:ChampionCrown":0,"downfall:HeartsMalice":0,"StoneCalendar":4,"Letter Opener":2,"Champion Belt":3,"champ:FightingForDummies":3},{"Girya":19,"downfall:HeartBlessingRed":0,"champ:ChampionCrown":0,"downfall:HeartsMalice":0,"StoneCalendar":9,"Letter Opener":0,"Champion Belt":0,"champ:FightingForDummies":0}]},"card_choices":[{"not_picked":["champ:Circumvent","champ:Backstep"],"picked":"champ:BringItOn","floor":2},{"not_picked":["champ:DefensiveShout","champ:Circumvent"],"picked":"champ:Riposte","floor":4},{"not_picked":["champ:CrookedStrike","champ:EndlessRage"],"picked":"champ:PerfectedStrike","floor":6},{"not_picked":["champ:FocusedBerserking","champ:AdrenalArmor"],"picked":"champ:ArenaPreparation","floor":8},{"not_picked":["champ:Backstep","champ:FocusedGladiator"],"picked":"champ:Duel","floor":9},{"not_picked":["champ:PreciseThrust","champ:Haymaker"],"picked":"champ:Circumvent","floor":10},{"not_picked":["champ:Duel","champ:FlashCut"],"picked":"champ:FocusedGladiator","floor":11},{"not_picked":["champ:SkillfulDodge","champ:EnragedBash","champ:Haymaker"],"picked":"SKIP","floor":13},{"not_picked":["champ:CalledShot","champ:FlashCut"],"picked":"champ:ArenaPreparation","floor":14},{"not_picked":["champ:RecklessLeap","champ:FocusedBerserking"],"picked":"champ:Devastate","floor":15}],"player_experience":802011,"relics_obtained":[{"floor":4,"key":"Letter Opener"},{"floor":6,"key":"Champion Belt"},{"floor":7,"key":"champ:FightingForDummies"},{"floor":8,"key":"StoneCalendar"},{"floor":10,"key":"Girya"}],"event_choices":[],"is_beta":false,"boss_relics":[],"items_purged_floors":[],"is_endless":false,"potions_floor_spawned":[4,6,11,15],"killed_by":"downfall:Defect","ascension_level":0}}