{"host":"6bsan6hkua32tfq7","time":1608047033,"event":{"mods":["BaseMod","Better Third Choice","Colored Map","Highlight Path","Minty Spire (QoL Compilation)","StSLib"],"gold_per_floor":[114,131,143,193,209,209,222,222,222],"floor_reached":8,"playtime":242,"items_purged":[],"score":100,"play_id":"9880f647-ef71-49bb-8216-478c9a6f4e43","local_time":"20201215164353","is_ascension_mode":true,"campfire_choices":[{"data":"PathToVictory","floor":6,"key":"SMITH"}],"circlet_count":0,"master_deck":["AscendersBane","Strike_P","Strike_P","Strike_P","Strike_P","Defend_P","Defend_P","Defend_P","Defend_P","Eruption","Vigilance","Establishment","EmptyFist","SashWhip","PathToVictory+1","Protect","SandsOfTime"],"relics":["PureWater"],"acts_visited":["Exordium"],"potions_floor_usage":[8,8],"damage_taken":[{"damage":0.0,"enemies":"Cultist","floor":1.0,"turns":3.0},{"damage":0.0,"enemies":"2 Louse","floor":2.0,"turns":2.0},{"damage":0.0,"enemies":"Small Slimes","floor":3.0,"turns":2.0},{"damage":9.0,"enemies":"Blue Slaver","floor":5.0,"turns":4.0},{"damage":16,"enemies":"Gremlin Gang","floor":7,"turns":7},{"damage":49,"enemies":"Gremlin Nob","floor":8,"turns":4}],"seed_played":"665826197114173396","potions_obtained":[{"floor":2.0,"key":"PowerPotion"},{"floor":5,"key":"SteroidPotion"}],"is_trial":false,"path_per_floor":["M","M","M","?","M","R","M","E"],"character_chosen":"WATCHER","items_purchased":[],"campfire_rested":0,"item_purchase_floors":[],"current_hp_per_floor":[61,61,61,61,52,52,36,0,0],"gold":222,"neow_bonus":"ONE_RANDOM_RARE_CARD","is_daily":false,"chose_seed":false,"campfire_upgraded":1,"win_rate":0.0,"timestamp":1608047033,"path_taken":["M","M","M","?","?","R","M","E"],"items_purchased_type":[],"build_version":"2020-12-13","purchased_purges":0,"victory":false,"max_hp_per_floor":[68,68,68,68,68,68,68,68,68],"card_choices":[{"not_picked":["CrushJoints","Prostrate"],"picked":"EmptyFist","floor":1.0},{"not_picked":["Fasting2","ClearTheMind"],"picked":"SashWhip","floor":2.0},{"not_picked":["WindmillStrike","Consecrate"],"picked":"PathToVictory","floor":3.0},{"not_picked":["Tantrum","SandsOfTime"],"picked":"Protect","floor":5},{"not_picked":["ClearTheMind","SashWhip"],"picked":"SandsOfTime","floor":7}],"player_experience":5171509,"relics_obtained":[],"event_choices":[{"damage_healed":0.0,"max_hp_gain":0.0,"max_hp_loss":0.0,"gold_gain":50.0,"event_name":"Golden Shrine","player_choice":"Pray","floor":4.0,"gold_loss":0.0,"damage_taken":0.0}],"is_beta":false,"boss_relics":[],"items_purged_floors":[],"is_endless":false,"potions_floor_spawned":[2,5],"killed_by":"Gremlin Nob","ascension_level":20}}