{"host":"q9718omregw4er46","time":1608046902,"event":{"mods":["BaseMod","Bestiary","Colored Powertips","Custom Start","Highlight Path","Minty Spire (QoL Compilation)","Practice Mode","Quick Restart","Relic Stats"],"gold_per_floor":[110,126,126,39,55,55,85,85,135,185,220,234,246,280,280,354,354,364,364,364,364,364,364,394,404,404,404,435,449,466,485,485,561,561,571,582,593,612,457,482,482,162,162,194,209,225,225,254,254,254,254,254,51,76,76,76],"floor_reached":55,"playtime":3759,"items_purged":["Darkness","Steam"],"score":1642,"play_id":"52f7db5e-fe78-41b3-a440-db0fe320c595","local_time":"20201215204142","is_ascension_mode":true,"campfire_choices":[{"data":"Sunder","floor":6.0,"key":"SMITH"},{"data":"Self Repair","floor":8.0,"key":"SMITH"},{"data":"Glacier","floor":15.0,"key":"SMITH"},{"data":"Self Repair","floor":23.0,"key":"SMITH"},{"data":"Buffer","floor":27.0,"key":"SMITH"},{"data":"Glacier","floor":32.0,"key":"SMITH"},{"data":"Capacitor","floor":47.0,"key":"SMITH"},{"floor":49.0,"key":"RECALL"},{"data":"Rainbow","floor":52,"key":"SMITH"}],"circlet_count":0,"master_deck":["AscendersBane","Zap+1","Dualcast","CurseOfTheBell","Glacier+1","Sunder+1","Self Repair+1","FTL","Cold Snap","Creative AI","Self Repair+1","Buffer+1","Glacier+1","Meteor Strike","Hologram","Recycle","Capacitor+1","Self Repair","Fusion","Sweeping Beam","Force Field","Defragment+1","All For One","Apotheosis","Coolheaded","Hologram","Rainbow+1","Defragment","Heatsinks"],"relics":["Calling Bell","Orichalcum","Sundial","Pocketwatch","Potion Belt","War Paint","Letter Opener","TungstenRod","Snecko Eye","Oddly Smooth Stone","Centennial Puzzle","Gremlin Horn","Vajra","Pandora\u0027s Box","Boot","Juzu Bracelet","Pen Nib","Runic Capacitor","Ornamental Fan"],"acts_visited":["Exordium","TheCity","TheBeyond","TheEnding"],"potions_floor_usage":[50,50,54,55,55],"damage_taken":[{"damage":6.0,"enemies":"Small Slimes","floor":1.0,"turns":4.0},{"damage":0.0,"enemies":"2 Louse","floor":2.0,"turns":3.0},{"damage":0.0,"enemies":"Cultist","floor":5.0,"turns":3.0},{"damage":1.0,"enemies":"Lagavulin","floor":7.0,"turns":7.0},{"damage":0.0,"enemies":"3 Sentries","floor":11.0,"turns":11.0},{"damage":3.0,"enemies":"2 Fungi Beasts","floor":12.0,"turns":3.0},{"damage":0.0,"enemies":"Exordium Wildlife","floor":13.0,"turns":3.0},{"damage":3.0,"enemies":"Lagavulin","floor":14.0,"turns":6.0},{"damage":57.0,"enemies":"Hexaghost","floor":16.0,"turns":15.0},{"damage":6.0,"enemies":"Spheric Guardian","floor":18.0,"turns":6.0},{"damage":11.0,"enemies":"Slavers","floor":24.0,"turns":7.0},{"damage":2.0,"enemies":"2 Thieves","floor":25.0,"turns":4.0},{"damage":28.0,"enemies":"Book of Stabbing","floor":28.0,"turns":7.0},{"damage":7.0,"enemies":"Centurion and Healer","floor":29.0,"turns":9.0},{"damage":0.0,"enemies":"Snecko","floor":30.0,"turns":4.0},{"damage":0.0,"enemies":"Snake Plant","floor":31.0,"turns":5.0},{"damage":34.0,"enemies":"Champ","floor":33.0,"turns":17.0},{"damage":13.0,"enemies":"3 Darklings","floor":35.0,"turns":4.0},{"damage":0.0,"enemies":"3 Shapes","floor":36.0,"turns":3.0},{"damage":19.0,"enemies":"Transient","floor":37.0,"turns":6.0},{"damage":0.0,"enemies":"Spire Growth","floor":38.0,"turns":5.0},{"damage":0.0,"enemies":"Giant Head","floor":40.0,"turns":9.0},{"damage":0.0,"enemies":"Nemesis","floor":44.0,"turns":7.0},{"damage":0.0,"enemies":"Maw","floor":45.0,"turns":6.0},{"damage":0.0,"enemies":"Transient","floor":46.0,"turns":6.0},{"damage":2.0,"enemies":"Giant Head","floor":48.0,"turns":10.0},{"damage":36,"enemies":"Awakened One","floor":50,"turns":12},{"damage":66,"enemies":"Shield and Spear","floor":54,"turns":8},{"damage":78,"enemies":"The Heart","floor":55,"turns":3}],"seed_played":"2949432387122202206","potions_obtained":[{"floor":5.0,"key":"EssenceOfSteel"},{"floor":12.0,"key":"Swift Potion"},{"floor":13.0,"key":"Swift Potion"},{"floor":14.0,"key":"AttackPotion"},{"floor":18.0,"key":"Dexterity Potion"},{"floor":24.0,"key":"Swift Potion"},{"floor":30.0,"key":"Energy Potion"},{"floor":33.0,"key":"PotionOfCapacity"},{"floor":35.0,"key":"AttackPotion"},{"floor":45.0,"key":"PowerPotion"},{"floor":54,"key":"PowerPotion"}],"is_trial":false,"path_per_floor":["M","M","?","$","M","R","E","R","T","?","E","M","M","E","R","B",null,"M","?","?","?","T","R","E","M","T","R","E","M","M","M","R","B",null,"M","M","M","M","$","E","?","$","T","E","M","M","R","E","R","B",null,"R","$","E","B"],"character_chosen":"DEFECT","items_purchased":["Sunder","DuplicationPotion","Apotheosis","Coolheaded","Runic Capacitor","Defragment"],"campfire_rested":0,"item_purchase_floors":[4,39,42,42,53,53],"current_hp_per_floor":[58,58,58,58,58,58,64,64,64,57,67,71,71,71,71,24,59,63,44,44,44,44,44,53,71,71,71,63,76,76,76,76,62,73,76,76,76,76,76,76,76,76,76,76,76,76,76,76,76,70,75,75,75,39,0,0],"gold":76,"neow_bonus":"BOSS_RELIC","is_daily":false,"chose_seed":false,"campfire_upgraded":8,"win_rate":0.0,"timestamp":1608046902,"path_taken":["M","M","?","$","M","R","E","R","T","?","E","M","?","E","R","BOSS","M","?","?","?","?","R","E","M","T","R","E","M","M","M","R","BOSS","M","?","M","M","$","E","?","$","T","E","M","M","R","E","R","BOSS","R","$","E","BOSS"],"items_purchased_type":["Card","Potion","Card","Card","Relic","Card"],"build_version":"2020-12-13","purchased_purges":2,"victory":false,"max_hp_per_floor":[71,71,71,71,71,71,71,71,71,71,71,71,71,71,71,71,71,71,76,76,76,76,76,76,76,76,76,76,76,76,76,76,76,76,76,76,76,76,76,76,76,76,76,76,76,76,76,76,76,76,76,76,76,76,76,76],"relic_stats":{"Gremlin Horn":[10,10],"counters":[29,193],"Pen Nib":[5],"Juzu Bracelet":0,"Letter Opener":[278],"Orichalcum":[294],"War Paint":["Defend_B","Defend_B"],"Boot":[17],"Centennial Puzzle":[30],"Sundial":[58],"Ornamental Fan":[0],"Snecko Eye":[268,294,264,255],"Pandora\u0027s Box":["Darkness","Hologram","Steam","Recycle","Capacitor","Self Repair","Fusion","Sweeping Beam"],"obtain_stats":[{"Potion Belt":7,"Gremlin Horn":26,"Oddly Smooth Stone":22,"Vajra":28,"Pen Nib":48,"Juzu Bracelet":44,"Runic Capacitor":53,"Letter Opener":11,"Orichalcum":0,"War Paint":9,"Boot":40,"Calling Bell":0,"Centennial Puzzle":24,"Sundial":0,"Ornamental Fan":54,"Snecko Eye":17,"Pandora\u0027s Box":34,"Cracked Core":0,"TungstenRod":14,"Pocketwatch":0},{"Potion Belt":4,"Gremlin Horn":12,"Oddly Smooth Stone":10,"Vajra":13,"Pen Nib":26,"Juzu Bracelet":23,"Runic Capacitor":27,"Letter Opener":5,"Orichalcum":0,"War Paint":4,"Boot":22,"Calling Bell":0,"Centennial Puzzle":11,"Sundial":0,"Ornamental Fan":28,"Snecko Eye":9,"Pandora\u0027s Box":17,"Cracked Core":0,"TungstenRod":8,"Pocketwatch":0},{"Potion Belt":17,"Gremlin Horn":72,"Oddly Smooth Stone":61,"Vajra":79,"Pen Nib":170,"Juzu Bracelet":148,"Runic Capacitor":182,"Letter Opener":28,"Orichalcum":0,"War Paint":17,"Boot":141,"Calling Bell":0,"Centennial Puzzle":68,"Sundial":0,"Ornamental Fan":190,"Snecko Eye":55,"Pandora\u0027s Box":114,"Cracked Core":0,"TungstenRod":40,"Pocketwatch":0}],"TungstenRod":66,"Pocketwatch":[185]},"card_choices":[{"not_picked":["Sunder","Beam Cell"],"picked":"Glacier","floor":1.0},{"not_picked":["Beam Cell","Reprogram","Blizzard"],"picked":"SKIP","floor":2.0},{"not_picked":["Reinforced Body","Go for the Eyes"],"picked":"Self Repair","floor":5.0},{"not_picked":["Steam Power","Rebound","Skim"],"picked":"SKIP","floor":7.0},{"not_picked":["Reinforced Body","Auto Shields"],"picked":"FTL","floor":11.0},{"not_picked":["Coolheaded","Sunder"],"picked":"Cold Snap","floor":12.0},{"not_picked":["Turbo","Rebound","Fusion"],"picked":"SKIP","floor":13.0},{"not_picked":["Heatsinks","Consume","All For One"],"picked":"SKIP","floor":14.0},{"not_picked":["Buffer","Reboot"],"picked":"Creative AI","floor":16.0},{"not_picked":["Stack+1","Rip and Tear"],"picked":"Self Repair","floor":18.0},{"not_picked":["White Noise","Sunder"],"picked":"Buffer","floor":24.0},{"not_picked":["Go for the Eyes","Stack","Rip and Tear"],"picked":"SKIP","floor":25.0},{"not_picked":["Conserve Battery","Stack+1","Double Energy"],"picked":"SKIP","floor":28.0},{"not_picked":["Turbo","Beam Cell","Darkness"],"picked":"SKIP","floor":29.0},{"not_picked":["Go for the Eyes","Ball Lightning"],"picked":"Glacier","floor":30.0},{"not_picked":["Leap","Coolheaded","Rip and Tear"],"picked":"SKIP","floor":31.0},{"not_picked":["Machine Learning","Multi-Cast"],"picked":"Meteor Strike","floor":33.0},{"not_picked":["Loop","Beam Cell","Steam"],"picked":"SKIP","floor":35.0},{"not_picked":["Coolheaded","Beam Cell"],"picked":"Force Field","floor":36.0},{"not_picked":["Streamline","Beam Cell+1","Steam Power"],"picked":"SKIP","floor":37.0},{"not_picked":["Redo","Stack+1"],"picked":"Defragment+1","floor":38.0},{"not_picked":["Self Repair","Streamline+1"],"picked":"All For One","floor":40.0},{"not_picked":["Doom and Gloom+1","Rip and Tear"],"picked":"Hologram","floor":44.0},{"not_picked":["Lockon","Compile Driver","Beam Cell"],"picked":"SKIP","floor":45.0},{"not_picked":["Cold Snap","Scrape+1","Steam"],"picked":"SKIP","floor":46.0},{"not_picked":["Go for the Eyes","Compile Driver+1"],"picked":"Rainbow","floor":48.0},{"not_picked":["Self Repair","Aggregate"],"picked":"Heatsinks","floor":54}],"player_experience":1019096,"relics_obtained":[{"floor":0.0,"key":"Orichalcum"},{"floor":0.0,"key":"Sundial"},{"floor":0.0,"key":"Pocketwatch"},{"floor":7.0,"key":"Potion Belt"},{"floor":9.0,"key":"War Paint"},{"floor":11.0,"key":"Letter Opener"},{"floor":14.0,"key":"TungstenRod"},{"floor":22.0,"key":"Oddly Smooth Stone"},{"floor":24.0,"key":"Centennial Puzzle"},{"floor":26.0,"key":"Gremlin Horn"},{"floor":28.0,"key":"Vajra"},{"floor":40.0,"key":"Boot"},{"floor":44.0,"key":"Juzu Bracelet"},{"floor":48.0,"key":"Pen Nib"},{"floor":54,"key":"Ornamental Fan"}],"event_choices":[{"damage_healed":0.0,"max_hp_gain":0.0,"max_hp_loss":0.0,"gold_gain":0.0,"event_name":"Living Wall","player_choice":"Grow","floor":3.0,"gold_loss":0.0,"damage_taken":0.0,"cards_upgraded":["Zap"]},{"damage_healed":0.0,"max_hp_gain":0.0,"max_hp_loss":0.0,"gold_gain":50.0,"event_name":"FaceTrader","player_choice":"Touch","floor":10.0,"gold_loss":0.0,"damage_taken":7.0},{"damage_healed":0.0,"max_hp_gain":5.0,"max_hp_loss":0.0,"gold_gain":0.0,"event_name":"Forgotten Altar","player_choice":"Shed Blood","floor":19.0,"gold_loss":0.0,"damage_taken":25.0},{"damage_healed":0.0,"max_hp_gain":0.0,"max_hp_loss":0.0,"gold_gain":0.0,"event_name":"Ghosts","player_choice":"Ignored","floor":20.0,"gold_loss":0.0,"damage_taken":0.0},{"damage_healed":0.0,"max_hp_gain":0.0,"max_hp_loss":0.0,"gold_gain":0.0,"event_name":"Vampires","player_choice":"Ignored","floor":21.0,"gold_loss":0.0,"damage_taken":0.0},{"damage_healed":0.0,"max_hp_gain":0.0,"max_hp_loss":0.0,"gold_gain":0.0,"event_name":"Tomb of Lord Red Mask","player_choice":"Ignored","floor":41.0,"gold_loss":0.0,"damage_taken":0.0}],"is_beta":false,"boss_relics":[{"not_picked":["Coffee Dripper","Inserter"],"picked":"Snecko Eye"},{"not_picked":["Runic Dome","Astrolabe"],"picked":"Pandora\u0027s Box"}],"items_purged_floors":[39,42],"is_endless":false,"potions_floor_spawned":[5,12,13,14,18,24,30,33,35,36,44,45,54],"killed_by":"The Heart","ascension_level":19}}