{"host":"hjw1ay65n7jm40lc","time":1608038252,"event":{"mods":["AchievementEnabler","BaseMod","Colored Map","Colored Powertips","Googly Eyes","Highlight Path","Minty Spire (QoL Compilation)","Quick Restart","Relic Stats"],"gold_per_floor":[119,119,130,142,157,187,187,220,247,247,260,276,276,52,52,149,149,169,169,86,102,118,147,167,167,167,13,13,13,33,59,59,154,154,168,218,228,242,262,292,292,310,380,405,405,405,420,432,432,432,432,432,23,56,56,56],"floor_reached":55,"playtime":3651,"items_purged":["Pain"],"score":1008,"play_id":"5f887ecd-a2ce-4ebc-b44d-60e52caa022a","local_time":"20201215081732","is_ascension_mode":true,"campfire_choices":[{"data":"Skewer","floor":7.0,"key":"SMITH"},{"data":"Adrenaline","floor":13.0,"key":"SMITH"},{"data":"Bouncing Flask","floor":15.0,"key":"SMITH"},{"floor":25.0,"key":"REST"},{"floor":29.0,"key":"RECALL"},{"floor":32.0,"key":"REST"},{"floor":41.0,"key":"REST"},{"floor":46,"key":"REST"},{"floor":49,"key":"REST"},{"floor":52,"key":"REST"}],"circlet_count":0,"master_deck":["Strike_G","Strike_G","Strike_G","Strike_G","Strike_G","Defend_G","Defend_G","Defend_G","Defend_G","Defend_G+1","Survivor+1","Neutralize+1","Deadly Poison","Deadly Poison","Adrenaline+1","Skewer+1","Bouncing Flask+1","Die Die Die","Die Die Die+1","Well Laid Plans","Dash","Malaise","Predator","Doppelganger","CurseOfTheBell","Caltrops","Catalyst","Parasite","Predator+1","Noxious Fumes+1","Adrenaline","Calculated Gamble"],"relics":["Velvet Choker","Vajra","Toy Ornithopter","Oddly Smooth Stone","WarpedTongs","Chemical X","Fusion Hammer","War Paint","OrangePellets","MutagenicStrength","Molten Egg 2","Calling Bell","Strawberry","Singing Bowl","CaptainsWheel","Gambling Chip","Regal Pillow","Blue Candle","Letter Opener","Calipers","Sundial"],"acts_visited":["Exordium","TheCity","TheBeyond","TheEnding"],"potions_floor_usage":[42,50,55,55,55],"damage_taken":[{"damage":0.0,"enemies":"2 Louse","floor":1.0,"turns":3.0},{"damage":0.0,"enemies":"Cultist","floor":3.0,"turns":4.0},{"damage":0.0,"enemies":"Jaw Worm","floor":4.0,"turns":3.0},{"damage":0.0,"enemies":"Gremlin Gang","floor":5.0,"turns":4.0},{"damage":28.0,"enemies":"Gremlin Nob","floor":6.0,"turns":4.0},{"damage":4.0,"enemies":"3 Sentries","floor":8.0,"turns":5.0},{"damage":7.0,"enemies":"Blue Slaver","floor":11.0,"turns":2.0},{"damage":3.0,"enemies":"Red Slaver","floor":12.0,"turns":3.0},{"damage":0.0,"enemies":"Slime Boss","floor":16.0,"turns":2.0},{"damage":11.0,"enemies":"2 Thieves","floor":18.0,"turns":2.0},{"damage":9.0,"enemies":"Shell Parasite","floor":21.0,"turns":3.0},{"damage":8.0,"enemies":"3 Cultists","floor":22.0,"turns":4.0},{"damage":4.0,"enemies":"Book of Stabbing","floor":23.0,"turns":4.0},{"damage":0.0,"enemies":"Snecko","floor":24.0,"turns":3.0},{"damage":0.0,"enemies":"Centurion and Healer","floor":30.0,"turns":2.0},{"damage":0.0,"enemies":"Gremlin Leader","floor":31.0,"turns":4.0},{"damage":15.0,"enemies":"Automaton","floor":33.0,"turns":9.0},{"damage":0.0,"enemies":"3 Shapes","floor":35.0,"turns":3.0},{"damage":2.0,"enemies":"Mind Bloom Boss Battle","floor":36.0,"turns":5.0},{"damage":15.0,"enemies":"3 Darklings","floor":37.0,"turns":3.0},{"damage":0.0,"enemies":"Sphere and 2 Shapes","floor":38.0,"turns":5.0},{"damage":0.0,"enemies":"Writhing Mass","floor":39.0,"turns":4.0},{"damage":25.0,"enemies":"Giant Head","floor":40.0,"turns":7.0},{"damage":0,"enemies":"Transient","floor":42,"turns":5},{"damage":23,"enemies":"Reptomancer","floor":44,"turns":6},{"damage":11,"enemies":"4 Shapes","floor":47,"turns":4},{"damage":18,"enemies":"3 Darklings","floor":48,"turns":3},{"damage":78,"enemies":"Time Eater","floor":50,"turns":9},{"damage":54,"enemies":"Shield and Spear","floor":54,"turns":7},{"damage":59,"enemies":"The Heart","floor":55,"turns":6}],"seed_played":"-1061909270022442964","potions_obtained":[{"floor":1.0,"key":"SkillPotion"},{"floor":5.0,"key":"Weak Potion"},{"floor":6.0,"key":"LiquidBronze"},{"floor":12.0,"key":"ColorlessPotion"},{"floor":21.0,"key":"LiquidMemories"},{"floor":33.0,"key":"DuplicationPotion"},{"floor":37.0,"key":"DistilledChaos"},{"floor":39.0,"key":"GhostInAJar"},{"floor":40.0,"key":"Regen Potion"},{"floor":47,"key":"SteroidPotion"}],"is_trial":false,"path_per_floor":["M","?","M","M","M","E","R","E","T","?","M","M","R","$","R","B",null,"M","?","$","M","M","E","M","R","T","$","?","R","M","E","R","B",null,"M","?","M","M","M","E","R","M","T","E","?","R","M","M","R","B",null,"R","$","E","B"],"character_chosen":"THE_SILENT","items_purchased":["Chemical X","Well Laid Plans","AttackPotion","OrangePellets","Calipers","PowerPotion","BlessingOfTheForge"],"campfire_rested":6,"item_purchase_floors":[14,20,20,27,53,53,53],"current_hp_per_floor":[70,70,70,70,70,42,42,38,38,38,31,28,28,28,28,33,61,55,55,55,46,38,39,39,60,60,60,60,60,60,60,70,55,73,73,73,63,70,77,54,85,85,85,62,62,81,70,52,81,3,62,81,81,29,0,0],"gold":56,"neow_bonus":"BOSS_RELIC","is_daily":false,"chose_seed":false,"campfire_upgraded":3,"win_rate":0.0,"timestamp":1608038252,"path_taken":["M","?","?","M","M","E","R","E","T","?","M","?","R","$","R","BOSS","M","?","$","M","?","E","M","R","T","?","?","R","M","E","R","BOSS","M","?","M","M","M","E","R","M","T","E","?","R","M","M","R","BOSS","R","$","E","BOSS"],"items_purchased_type":["Relic","Card","Potion","Relic","Relic","Potion","Potion"],"build_version":"2020-12-13","purchased_purges":1,"victory":false,"max_hp_per_floor":[70,70,70,70,70,70,70,70,70,70,70,70,70,70,70,70,70,70,70,70,70,70,70,70,70,70,70,70,70,70,70,70,70,77,77,79,79,81,83,85,85,85,85,85,81,81,81,81,81,81,81,81,81,83,83,83],"relic_stats":{"Regal Pillow":11,"Singing Bowl":10,"counters":[30,128],"Blue Candle":[3],"Letter Opener":[55],"War Paint":["Survivor","Defend_G"],"WarpedTongs":[104],"OrangePellets":[15],"Sundial":[0],"Gambling Chip":[30],"Chemical X":[50],"obtain_stats":[{"Regal Pillow":40,"Calipers":53,"Singing Bowl":34,"Blue Candle":43,"Velvet Choker":0,"Vajra":6,"Oddly Smooth Stone":9,"Letter Opener":44,"War Paint":23,"WarpedTongs":10,"Calling Bell":34,"OrangePellets":27,"CaptainsWheel":34,"Sundial":54,"MutagenicStrength":28,"Strawberry":34,"Gambling Chip":36,"Molten Egg 2":31,"Fusion Hammer":17,"Chemical X":14,"Toy Ornithopter":8,"Ring of the Snake":0},{"Regal Pillow":23,"Calipers":28,"Singing Bowl":17,"Blue Candle":24,"Velvet Choker":0,"Vajra":5,"Oddly Smooth Stone":6,"Letter Opener":25,"War Paint":13,"WarpedTongs":6,"Calling Bell":17,"OrangePellets":14,"CaptainsWheel":17,"Sundial":29,"MutagenicStrength":14,"Strawberry":17,"Gambling Chip":19,"Molten Egg 2":16,"Fusion Hammer":9,"Chemical X":8,"Toy Ornithopter":6,"Ring of the Snake":0},{"Regal Pillow":88,"Calipers":115,"Singing Bowl":61,"Blue Candle":93,"Velvet Choker":0,"Vajra":18,"Oddly Smooth Stone":23,"Letter Opener":99,"War Paint":43,"WarpedTongs":23,"Calling Bell":61,"OrangePellets":46,"CaptainsWheel":61,"Sundial":122,"MutagenicStrength":46,"Strawberry":61,"Gambling Chip":69,"Molten Egg 2":52,"Fusion Hammer":30,"Chemical X":28,"Toy Ornithopter":23,"Ring of the Snake":0}],"Toy Ornithopter":45},"card_choices":[{"not_picked":["Calculated Gamble","Outmaneuver"],"picked":"Deadly Poison","floor":1.0},{"not_picked":["Accuracy","Bane"],"picked":"Deadly Poison","floor":3.0},{"not_picked":["Backstab","Dodge and Roll"],"picked":"Adrenaline","floor":4.0},{"not_picked":["Flying Knee","Escape Plan"],"picked":"Skewer","floor":5.0},{"not_picked":["Prepared","Blade Dance","Quick Slash"],"picked":"SKIP","floor":6.0},{"not_picked":["Backflip","Quick Slash"],"picked":"Bouncing Flask","floor":8.0},{"not_picked":["Underhanded Strike","Dagger Spray"],"picked":"Die Die Die","floor":11.0},{"not_picked":["Outmaneuver","Sucker Punch","Acrobatics"],"picked":"SKIP","floor":12.0},{"not_picked":["Bullet Time","Storm of Steel"],"picked":"Die Die Die","floor":16.0},{"not_picked":["Calculated Gamble","Cloak And Dagger","Blur"],"picked":"SKIP","floor":18.0},{"not_picked":["Backflip","Flying Knee","Eviscerate"],"picked":"SKIP","floor":21.0},{"not_picked":["Bane","Prepared"],"picked":"Dash","floor":22.0},{"not_picked":["Outmaneuver","Dash+1"],"picked":"Malaise","floor":23.0},{"not_picked":["Accuracy","Flying Knee","Terror"],"picked":"SKIP","floor":24.0},{"not_picked":["Underhanded Strike","Endless Agony"],"picked":"Predator","floor":30.0},{"not_picked":["Prepared+1","Flying Knee+1","Outmaneuver"],"picked":"SKIP","floor":31.0},{"not_picked":["Burst","Die Die Die+1"],"picked":"Doppelganger","floor":33.0},{"not_picked":["Tactician","Endless Agony+1"],"picked":"Caltrops","floor":35.0},{"not_picked":["Backstab+1","Deflect","Outmaneuver+1"],"picked":"Singing Bowl","floor":36.0},{"not_picked":["Backstab+1","Blade Dance"],"picked":"Catalyst","floor":37.0},{"not_picked":["Cloak And Dagger","Slice+1","Poisoned Stab+1"],"picked":"Singing Bowl","floor":38.0},{"not_picked":["Distraction","Quick Slash+1","Caltrops"],"picked":"Singing Bowl","floor":39.0},{"not_picked":["Reflex+1","All Out Attack+1","PiercingWail+1"],"picked":"Singing Bowl","floor":40.0},{"not_picked":["Deflect+1","Bane+1"],"picked":"Predator+1","floor":42},{"not_picked":["Setup","Cloak And Dagger+1"],"picked":"Noxious Fumes+1","floor":44},{"not_picked":["Acrobatics","Backflip+1"],"picked":"Adrenaline","floor":47},{"not_picked":["Riddle With Holes+1","Prepared"],"picked":"Calculated Gamble","floor":48},{"not_picked":["Calculated Gamble","Riddle With Holes+1","Flying Knee+1"],"picked":"Singing Bowl","floor":54}],"player_experience":238836,"relics_obtained":[{"floor":6.0,"key":"Vajra"},{"floor":8.0,"key":"Toy Ornithopter"},{"floor":9.0,"key":"Oddly Smooth Stone"},{"floor":23.0,"key":"War Paint"},{"floor":31.0,"key":"Molten Egg 2"},{"floor":34.0,"key":"Strawberry"},{"floor":34.0,"key":"Singing Bowl"},{"floor":34.0,"key":"CaptainsWheel"},{"floor":36.0,"key":"Gambling Chip"},{"floor":40.0,"key":"Regal Pillow"},{"floor":43,"key":"Blue Candle"},{"floor":44,"key":"Letter Opener"},{"floor":54,"key":"Sundial"}],"event_choices":[{"damage_healed":0.0,"max_hp_gain":0.0,"max_hp_loss":0.0,"gold_gain":0.0,"event_name":"Upgrade Shrine","player_choice":"Upgraded","floor":2.0,"gold_loss":0.0,"damage_taken":0.0,"cards_upgraded":["Neutralize"]},{"damage_healed":0.0,"max_hp_gain":0.0,"max_hp_loss":0.0,"gold_gain":0.0,"event_name":"Accursed Blacksmith","player_choice":"Rummage","floor":10.0,"gold_loss":0.0,"damage_taken":0.0,"relics_obtained":["WarpedTongs"],"cards_obtained":["Pain"]},{"damage_healed":0.0,"max_hp_gain":0.0,"max_hp_loss":0.0,"gold_gain":0.0,"event_name":"Upgrade Shrine","player_choice":"Upgraded","floor":19.0,"gold_loss":0.0,"damage_taken":0.0,"cards_upgraded":["Die Die Die"]},{"damage_healed":0.0,"max_hp_gain":0.0,"max_hp_loss":0.0,"gold_gain":0.0,"event_name":"Drug Dealer","player_choice":"Inject Mutagens","floor":28.0,"gold_loss":0.0,"damage_taken":0.0,"relics_obtained":["MutagenicStrength"]},{"damage_healed":0.0,"max_hp_gain":0.0,"max_hp_loss":0.0,"gold_gain":0.0,"event_name":"MindBloom","player_choice":"Fight","floor":36.0,"gold_loss":0.0,"damage_taken":0.0},{"damage_healed":0,"gold_gain":0,"player_choice":"Max HP","damage_taken":0,"max_hp_gain":0,"max_hp_loss":4,"event_name":"Winding Halls","floor":45,"gold_loss":0}],"is_beta":false,"boss_relics":[{"not_picked":["Philosopher\u0027s Stone","Runic Dome"],"picked":"Fusion Hammer"},{"not_picked":["Astrolabe","Runic Pyramid"],"picked":"Calling Bell"}],"items_purged_floors":[14],"is_endless":false,"potions_floor_spawned":[1,5,6,12,21,22,33,37,39,40,47,48],"killed_by":"The Heart","ascension_level":5}}