{"host":"lklj3eidp7g5an38","time":1608057354,"event":{"mods":["BaseMod","Minty Spire (QoL Compilation)","Relic Stats","StSLib"],"gold_per_floor":[13,13,33,33,43,73,73,87,87,97,97,115,144,294,294,368,368,387,387,29,29,42,42,59,87,87,87,112,112,139,39,39,114,114,131,142,17,37,56,82,82,107,107,121,121,11,342,356,356,356,356,356,124,124,124],"floor_reached":54,"playtime":3772,"items_purged":["Regret","Doubt","Strike_R"],"score":1504,"play_id":"4e484261-8f9c-44d3-8265-b3f4fa43e89d","local_time":"20201215183554","is_ascension_mode":true,"campfire_choices":[{"data":"Bash","floor":7.0,"key":"SMITH"},{"data":"Battle Trance","floor":11.0,"key":"SMITH"},{"data":"Burning Pact","floor":15,"key":"SMITH"},{"data":"True Grit","floor":23,"key":"SMITH"},{"data":"Whirlwind","floor":27,"key":"SMITH"},{"floor":29,"key":"REST"},{"data":"Sword Boomerang","floor":32,"key":"SMITH"},{"data":"Limit Break","floor":41,"key":"SMITH"},{"floor":45,"key":"RECALL"},{"data":"Uppercut","floor":49,"key":"SMITH"},{"data":"Dual Wield","floor":52,"key":"SMITH"}],"circlet_count":0,"master_deck":["AscendersBane","Strike_R","Strike_R","Strike_R","Defend_R","Defend_R","Defend_R+1","Defend_R","Bash+1","Immolate+1","Sword Boomerang+1","Burning Pact+1","Battle Trance+1","Shrug It Off+1","Ghostly Armor","Headbutt+1","Demon Form+1","Necronomicurse","True Grit+1","Burning Pact+1","Whirlwind+1","Limit Break+1","Dual Wield+1","Shrug It Off","Uppercut+1","Sentinel+1","Bloodletting+1","Enlightenment"],"relics":["Burning Blood","Du-Vu Doll","Paper Frog","Shuriken","Art of War","Snecko Eye","Necronomicon","Bottled Lightning","PreservedInsect","War Paint","Potion Belt","Singing Bowl","Philosopher\u0027s Stone","Dream Catcher","TungstenRod","Old Coin","Oddly Smooth Stone"],"acts_visited":["Exordium","TheCity","TheBeyond","TheEnding"],"potions_floor_usage":[13,16,28,30,42,50],"damage_taken":[{"damage":1.0,"enemies":"Cultist","floor":1.0,"turns":3.0},{"damage":0.0,"enemies":"2 Louse","floor":3.0,"turns":3.0},{"damage":6.0,"enemies":"Jaw Worm","floor":5.0,"turns":3.0},{"damage":23.0,"enemies":"Lagavulin","floor":6.0,"turns":4.0},{"damage":6.0,"enemies":"Looter","floor":8.0,"turns":2.0},{"damage":10.0,"enemies":"Gremlin Gang","floor":10.0,"turns":3.0},{"damage":15,"enemies":"Exordium Thugs","floor":12,"turns":4},{"damage":5,"enemies":"3 Sentries","floor":13,"turns":3},{"damage":30,"enemies":"The Guardian","floor":16,"turns":8},{"damage":4,"enemies":"Chosen","floor":18,"turns":3},{"damage":0,"enemies":"Spheric Guardian","floor":22,"turns":3},{"damage":0,"enemies":"Cultist and Chosen","floor":24,"turns":3},{"damage":18,"enemies":"Gremlin Leader","floor":25,"turns":3},{"damage":21,"enemies":"Slavers","floor":28,"turns":3},{"damage":0,"enemies":"Book of Stabbing","floor":30,"turns":3},{"damage":11,"enemies":"Automaton","floor":33,"turns":4},{"damage":0,"enemies":"Orb Walker","floor":35,"turns":2},{"damage":0,"enemies":"3 Darklings","floor":36,"turns":1},{"damage":17,"enemies":"Maw","floor":38,"turns":4},{"damage":0,"enemies":"Jaw Worm Horde","floor":39,"turns":1},{"damage":21,"enemies":"Giant Head","floor":40,"turns":6},{"damage":0,"enemies":"Nemesis","floor":42,"turns":1},{"damage":0,"enemies":"Transient","floor":44,"turns":5},{"damage":1,"enemies":"Giant Head","floor":47,"turns":4},{"damage":14,"enemies":"Spire Growth","floor":48,"turns":4},{"damage":46,"enemies":"Awakened One","floor":50,"turns":6},{"damage":93,"enemies":"Shield and Spear","floor":54,"turns":3}],"seed_played":"-4433657343571331830","potions_obtained":[{"floor":3.0,"key":"Block Potion"},{"floor":6.0,"key":"ColorlessPotion"},{"floor":10.0,"key":"DistilledChaos"},{"floor":12,"key":"GamblersBrew"},{"floor":24,"key":"SpeedPotion"},{"floor":28,"key":"EssenceOfSteel"},{"floor":36,"key":"AttackPotion"},{"floor":44,"key":"GamblersBrew"},{"floor":47,"key":"ElixirPotion"},{"floor":48,"key":"Swift Potion"}],"is_trial":false,"path_per_floor":["M","?","M","?","M","E","R","M","T","M","R","M","E","?","R","B",null,"M","?","$","?","M","R","M","E","T","R","E","R","E","$","R","B",null,"M","M","$","M","M","E","R","E","T","M","R","?","E","M","R","B",null,"R","$","E"],"character_chosen":"IRONCLAD","items_purchased":["Bottled Lightning","True Grit","Oddly Smooth Stone","Enlightenment"],"campfire_rested":1,"item_purchase_floors":[20,20,53,53],"current_hp_per_floor":[73,73,75,75,75,58,58,58,58,54,54,45,46,46,46,22,62,64,43,43,43,49,49,55,43,43,43,28,50,58,58,58,53,71,79,81,81,70,76,61,61,67,67,75,75,75,80,74,74,34,72,72,72,0,0],"gold":124,"neow_bonus":"THREE_RARE_CARDS","is_daily":false,"chose_seed":false,"campfire_upgraded":9,"win_rate":0.0,"timestamp":1608057354,"path_taken":["M","?","M","?","M","E","R","M","T","M","R","M","E","?","R","BOSS","M","?","$","?","M","R","M","E","T","R","E","R","E","$","R","BOSS","M","M","$","M","M","E","R","E","T","?","R","?","E","?","R","BOSS","R","$","E"],"items_purchased_type":["Relic","Card","Relic","Card"],"build_version":"2020-12-13","purchased_purges":3,"victory":false,"max_hp_per_floor":[75,75,75,75,75,75,75,75,75,75,75,75,75,75,75,75,75,75,75,75,75,75,75,75,75,75,75,75,75,77,77,77,77,77,79,81,81,81,81,81,81,81,81,83,83,83,83,85,85,85,85,85,85,85,85],"relic_stats":{"Dream Catcher":0,"Singing Bowl":10,"counters":[27,92],"Shuriken":[27],"Snecko Eye":[110,115,124,114],"PreservedInsect":470,"Art of War":[5],"Necronomicon":[37],"War Paint":["Shrug It Off","Defend_R"],"obtain_stats":[{"Potion Belt":28,"Singing Bowl":30,"Oddly Smooth Stone":53,"PreservedInsect":25,"War Paint":26,"Burning Blood":0,"Old Coin":47,"Du-Vu Doll":4,"Dream Catcher":40,"Shuriken":9,"Snecko Eye":17,"Philosopher\u0027s Stone":34,"Art of War":13,"Necronomicon":19,"Bottled Lightning":20,"TungstenRod":42,"Paper Frog":6},{"Potion Belt":14,"Singing Bowl":15,"Oddly Smooth Stone":26,"PreservedInsect":13,"War Paint":13,"Burning Blood":0,"Old Coin":24,"Du-Vu Doll":2,"Dream Catcher":21,"Shuriken":5,"Snecko Eye":9,"Philosopher\u0027s Stone":16,"Art of War":8,"Necronomicon":10,"Bottled Lightning":10,"TungstenRod":22,"Paper Frog":4},{"Potion Belt":48,"Singing Bowl":51,"Oddly Smooth Stone":89,"PreservedInsect":45,"War Paint":45,"Burning Blood":0,"Old Coin":79,"Du-Vu Doll":6,"Dream Catcher":69,"Shuriken":15,"Snecko Eye":33,"Philosopher\u0027s Stone":55,"Art of War":25,"Necronomicon":36,"Bottled Lightning":36,"TungstenRod":70,"Paper Frog":13}],"Burning Blood":146,"TungstenRod":17},"card_choices":[{"not_picked":["Juggernaut","Feed"],"picked":"Immolate","floor":0.0},{"not_picked":["Iron Wave","Second Wind"],"picked":"Sword Boomerang","floor":1.0},{"not_picked":["Wild Strike","Body Slam"],"picked":"Burning Pact","floor":3.0},{"not_picked":["Flex","Hemokinesis"],"picked":"Battle Trance","floor":5.0},{"not_picked":["Dual Wield","Intimidate"],"picked":"Shrug It Off","floor":6.0},{"not_picked":["Body Slam","Rampage"],"picked":"Ghostly Armor","floor":8.0},{"not_picked":["Rampage","Wild Strike","Flex"],"picked":"SKIP","floor":10.0},{"not_picked":["Clothesline","Warcry","Thunderclap"],"picked":"SKIP","floor":12},{"not_picked":["Brutality","Iron Wave"],"picked":"Headbutt","floor":13},{"not_picked":["Feed","Double Tap"],"picked":"Demon Form","floor":16},{"not_picked":["Clash","Infernal Blade","Body Slam"],"picked":"SKIP","floor":18},{"not_picked":["Dropkick","Havoc"],"picked":"Burning Pact+1","floor":22},{"not_picked":["Rupture","Metallicize"],"picked":"Whirlwind","floor":24},{"not_picked":["Clothesline","Havoc","Clash"],"picked":"SKIP","floor":25},{"not_picked":["Twin Strike","Fire Breathing","Power Through+1"],"picked":"SKIP","floor":28},{"not_picked":["Sever Soul","Sentinel","Reckless Charge"],"picked":"Singing Bowl","floor":30},{"not_picked":["Offering","Double Tap"],"picked":"Limit Break","floor":33},{"not_picked":["Flex","Pommel Strike","Blood for Blood"],"picked":"Singing Bowl","floor":35},{"not_picked":["Dropkick+1","Thunderclap","Sever Soul"],"picked":"Singing Bowl","floor":36},{"not_picked":["Havoc","Power Through"],"picked":"Dual Wield","floor":38},{"not_picked":["Perfected Strike","Twin Strike"],"picked":"Shrug It Off","floor":39},{"not_picked":["Evolve","Reckless Charge"],"picked":"Uppercut","floor":40},{"not_picked":["Bloodletting","Thunderclap"],"picked":"Sentinel+1","floor":42},{"not_picked":["Thunderclap","Clothesline+1","Inflame"],"picked":"Singing Bowl","floor":44},{"not_picked":["Fire Breathing","Sword Boomerang"],"picked":"Bloodletting+1","floor":47},{"not_picked":["Wild Strike+1","Body Slam","Dropkick"],"picked":"Singing Bowl","floor":48}],"player_experience":850696,"relics_obtained":[{"floor":6.0,"key":"Paper Frog"},{"floor":9.0,"key":"Shuriken"},{"floor":13,"key":"Art of War"},{"floor":19,"key":"Necronomicon"},{"floor":25,"key":"PreservedInsect"},{"floor":26,"key":"War Paint"},{"floor":28,"key":"Potion Belt"},{"floor":30,"key":"Singing Bowl"},{"floor":40,"key":"Dream Catcher"},{"floor":42,"key":"TungstenRod"},{"floor":47,"key":"Old Coin"}],"event_choices":[{"damage_healed":0.0,"max_hp_gain":0.0,"max_hp_loss":0.0,"gold_gain":0.0,"event_name":"Living Wall","player_choice":"Grow","floor":2.0,"gold_loss":0.0,"damage_taken":0.0,"cards_upgraded":["Immolate"]},{"damage_healed":0.0,"max_hp_gain":0.0,"max_hp_loss":0.0,"gold_gain":0.0,"event_name":"Big Fish","player_choice":"Box","floor":4.0,"gold_loss":0.0,"damage_taken":0.0,"relics_obtained":["Du-Vu Doll"],"cards_obtained":["Regret"]},{"damage_healed":0,"gold_gain":150,"player_choice":"AGREE","damage_taken":0,"max_hp_gain":0,"max_hp_loss":0,"event_name":"Liars Game","floor":14,"gold_loss":0,"cards_obtained":["Doubt"]},{"damage_healed":0,"gold_gain":0,"player_choice":"Obtained Book","damage_taken":21,"max_hp_gain":0,"max_hp_loss":0,"event_name":"Cursed Tome","floor":19,"gold_loss":0},{"damage_healed":0,"gold_gain":0,"player_choice":"Upgraded","damage_taken":0,"max_hp_gain":0,"max_hp_loss":0,"event_name":"Upgrade Shrine","floor":21,"gold_loss":0,"cards_upgraded":["Demon Form"]},{"cards_removed":["Strike_R"],"damage_healed":0,"gold_gain":0,"player_choice":"Upgrade and Remove","damage_taken":0,"max_hp_gain":0,"max_hp_loss":0,"event_name":"Designer","floor":46,"gold_loss":110,"cards_upgraded":["Headbutt"]}],"is_beta":false,"boss_relics":[{"not_picked":["SlaversCollar","Fusion Hammer"],"picked":"Snecko Eye"},{"not_picked":["Empty Cage","Busted Crown"],"picked":"Philosopher\u0027s Stone"}],"items_purged_floors":[20,31,37],"is_endless":false,"potions_floor_spawned":[3,6,10,12,24,28,36,44,47,48],"killed_by":"Shield and Spear","ascension_level":15}}