{"host":"8415a70nfw5nggy6","time":1608020473,"event":{"mods":["Aspiration","BaseMod","BetterRewards","Colored Map","Conspire","DeckTracker","Downfall","Hubris","Infinite Spire","Minty Spire (QoL Compilation)","Permanent Neow","Relic Sorter","Replay The Spire","Spikes Relics","StSLib","The Jungle"],"gold_per_floor":[109,128,140,159,174,174,174,174],"floor_reached":7,"playtime":531,"items_purged":[],"score":79,"play_id":"9fe8276f-73a5-417d-b895-068642da2776","local_time":"20201215092113","is_ascension_mode":true,"campfire_choices":[{"data":"Barricade","floor":6,"key":"SMITH"}],"circlet_count":0,"master_deck":["AscendersBane","Strike_R","Strike_R","Strike_R","Strike_R","Strike_R","Defend_R","Defend_R","Defend_R","Defend_R","Bash","Barricade+1","Whirlwind","Headbutt","Metallicize","Perfected Strike"],"relics":["Burning Blood"],"acts_visited":["Exordium"],"potions_floor_usage":[7],"damage_taken":[{"damage":8,"enemies":"conspire:RoseBush","floor":1,"turns":3},{"damage":13,"enemies":"Jaw Worm","floor":2,"turns":4},{"damage":15,"enemies":"Cultist","floor":3,"turns":5},{"damage":25,"enemies":"Exordium Wildlife","floor":4,"turns":6},{"damage":18,"enemies":"conspire:2 RoseBushes","floor":5,"turns":7},{"damage":10,"enemies":"3 Sentries","floor":7,"turns":2}],"seed_played":"4739840240666163551","potions_obtained":[{"floor":5,"key":"champ:CounterPotion"}],"is_trial":false,"path_per_floor":["M","M","M","M","M","R","E"],"character_chosen":"IRONCLAD","items_purchased":[],"campfire_rested":0,"item_purchase_floors":[],"current_hp_per_floor":[66,59,50,31,19,19,9,9],"gold":174,"neow_bonus":"ONE_RANDOM_RARE_CARD","is_daily":false,"chose_seed":false,"campfire_upgraded":1,"win_rate":0.0,"timestamp":1608020473,"path_taken":["M","M","M","M","M","R","E"],"items_purchased_type":[],"build_version":"2020-12-13","purchased_purges":0,"victory":false,"max_hp_per_floor":[75,75,75,75,75,75,75,75],"card_choices":[{"not_picked":["ReplayTheSpireMod:Strike From Hell","Clothesline"],"picked":"Whirlwind","floor":1},{"not_picked":["Defy Death","Sword Boomerang"],"picked":"Headbutt","floor":2},{"not_picked":["Defy Death","Twin Strike"],"picked":"Metallicize","floor":3},{"not_picked":["Clash","Body Slam"],"picked":"Perfected Strike","floor":4},{"not_picked":["Evolve","Second Wind","Carnage"],"picked":"SKIP","floor":5}],"player_experience":950775,"relics_obtained":[],"event_choices":[],"is_beta":false,"boss_relics":[],"items_purged_floors":[],"is_endless":false,"potions_floor_spawned":[5],"killed_by":"3 Sentries","ascension_level":15}}