{"host":"mn5ze3eyhx81nlo2","time":1608030550,"event":{"mods":["BaseMod","Block Reminder","Challenge The Spire","Downfall","Hermit","Hubris","Infinite Spire","Minty Spire (QoL Compilation)","Quick Restart","Replay The Spire","Shade Mod","StSLib","The Cursed","The Druid","The Hierophant","The Runesmith","Unceasing Turn Reminder"],"gold_per_floor":[99,99,99,99,129,129,129,129,229,229,243,309,219,269,285,385,385,385,535,562,562,572,588,588,588,426,426,476,496,546,596,613,709,759,759,773,773,862,912,912,937,948,948,998,1009,1027,595,509,529,529],"floor_reached":51,"playtime":2762,"items_purged":["champ:Strike","ReplayTheSpireMod:Splinters"],"score":1011,"play_id":"21eb9b0d-0b4d-42c3-a767-19748c30508d","local_time":"20201215110910","is_ascension_mode":false,"campfire_choices":[{"floor":1.0,"key":"DIG"},{"data":"champ:Taunt","floor":3.0,"key":"SMITH"},{"data":"champ:Balance","floor":6.0,"key":"SMITH"},{"data":"champ:Execute","floor":8.0,"key":"SMITH"},{"data":"champ:Defend","floor":10.0,"key":"SMITH"},{"data":"champ:FlashCut","floor":18.0,"key":"SMITH"},{"data":"champ:IronFortress","floor":25.0,"key":"SMITH"},{"floor":27.0,"key":"REST"},{"data":"champ:GladiatorStyle","floor":37,"key":"SMITH"},{"data":"champ:DefensiveStyle","floor":43,"key":"SMITH"}],"circlet_count":0,"master_deck":["champ:Defend+1","champ:Defend","champ:Defend+1","champ:Defend","champ:Execute+1","champ:Taunt+1","champ:Balance+1","champ:GladiatorStyle+1","champ:FlashCut+1","champ:DefensiveStyle+1","champ:IronFortress+1","Necronomicurse","champ:GladiatorsShout","champ:FocusedDefense","CurseOfTheBell","champ:CalledShot+1","champ:Improvising","Master of Strategy","champ:Riposte+1"],"relics":["champ:ChampionCrown","downfall:HeartsMalice","PreservedInsect","Oddly Smooth Stone","champ:DefensiveTrainingManual","downfall:CloakOfManyFaces","CultistMask","FaceOfCleric","NlothsMask","GremlinMask","SsserpentHead","Empty Cage","champ:BlackKnightHelmet","Runesmith:Nanobots","Molten Egg 2","hubris:CrystalStatue","Lantern","Necronomicon","hubris:Towel","Tiny House","Ornamental Fan","Calling Bell","Bronze Scales","Replay:Bottled Snecko","Durian","Art of War","hubris:Icosahedron","Ancient Tea Set","ReplayTheSpireMod:CursedCoin"],"acts_visited":["Exordium","TheCity","TheBeyond"],"potions_floor_usage":[50,50,50],"damage_taken":[{"damage":0.0,"enemies":"2 Louse","floor":4.0,"turns":1.0},{"damage":0.0,"enemies":"Gremlin Nob","floor":5.0,"turns":1.0},{"damage":0.0,"enemies":"downfall:FaceTrader","floor":9.0,"turns":1.0},{"damage":5.0,"enemies":"Jaw Worm","floor":11.0,"turns":4.0},{"damage":5.0,"enemies":"Cultist","floor":12.0,"turns":3.0},{"damage":11.0,"enemies":"downfall:FleeingMerchant","floor":13.0,"turns":4.0},{"damage":7.0,"enemies":"Blue Slaver","floor":15.0,"turns":3.0},{"damage":51.0,"enemies":"downfall:Defect","floor":16.0,"turns":8.0},{"damage":55.0,"enemies":"downfall:Defect","floor":19.0,"turns":13.0},{"damage":18.0,"enemies":"Replay:Snechameleon","floor":20.0,"turns":5.0},{"damage":5.0,"enemies":"Shell Parasite","floor":22.0,"turns":5.0},{"damage":5.0,"enemies":"3 Byrds","floor":23.0,"turns":6.0},{"damage":10.0,"enemies":"downfall:FleeingMerchant","floor":26.0,"turns":4.0},{"damage":5.0,"enemies":"3 Cultists","floor":29.0,"turns":3.0},{"damage":18.0,"enemies":"Cultist and Chosen","floor":32.0,"turns":6.0},{"damage":5.0,"enemies":"downfall:Ironclad","floor":33.0,"turns":7.0},{"damage":15,"enemies":"3 Darklings","floor":36,"turns":9},{"damage":7,"enemies":"Orb Walker","floor":42,"turns":5},{"damage":29,"enemies":"Maw","floor":45,"turns":7},{"damage":10,"enemies":"Spire Growth","floor":46,"turns":6},{"damage":12,"enemies":"downfall:FleeingMerchant","floor":47,"turns":4},{"damage":0,"enemies":"3 Darklings","floor":48,"turns":4},{"damage":86,"enemies":"Transient","floor":49,"turns":5},{"damage":3,"enemies":"downfall:Watcher","floor":50,"turns":8}],"seed_played":"5785006681887111602","potions_obtained":[{"floor":5.0,"key":"DistilledChaos"},{"floor":11.0,"key":"Elixir"},{"floor":15.0,"key":"SkillPotion"},{"floor":16.0,"key":"LiquidBronze"},{"floor":23.0,"key":"Fire Potion"},{"floor":33.0,"key":"PowerPotion"},{"floor":34.0,"key":"Dexterity Potion"},{"floor":35.0,"key":"downfall:CursedFountainPotion"}],"is_trial":false,"path_per_floor":["R","?","R","M","E","R","T","R","?","R","M","M","$","?","M","B",null,"R","?","E","AVR","M","M","T","R","$","R","?","M","?","?","M","B",null,"R","M","R","?","?","AVR","T","M","R","?","M","M","$","M","M","B",null],"character_chosen":"THE_CHAMP","items_purchased":["Lantern","champ:Improvising","Ancient Tea Set","ReplayTheSpireMod:CursedCoin","Master of Strategy"],"campfire_rested":1,"item_purchase_floors":[26,47,47,47,47],"current_hp_per_floor":[90,90,90,90,90,90,90,90,90,90,91,92,92,92,91,54,95,95,56,39,39,50,51,51,51,52,82,66,67,67,67,60,61,108,108,99,99,99,99,104,104,108,108,108,95,96,110,111,41,44],"gold":529,"neow_bonus":"THREE_ENEMY_KILL","is_daily":false,"chose_seed":false,"campfire_upgraded":8,"win_rate":0.0,"timestamp":1608030550,"path_taken":["R","?","R","M","E","R","T","R","?","R","M","?","$","?","M","BOSS","R","?","E","AVR","M","M","T","R","$","R","?","M","?","?","M","BOSS","R","M","R","?","?","AVR","T","M","R","?","M","M","$","M","M","BOSS"],"items_purchased_type":["Relic","Card","Relic","Relic","Card"],"build_version":"2020-12-13","purchased_purges":2,"victory":true,"max_hp_per_floor":[90,90,90,90,90,90,90,90,90,90,91,92,93,93,94,95,95,95,96,97,97,98,99,99,99,100,100,100,101,101,101,102,103,108,108,109,109,109,109,114,114,115,115,115,116,117,118,119,120,121],"card_choices":[{"not_picked":["champ:CalledShot","champ:Encircle"],"picked":"champ:Balance","floor":4.0},{"not_picked":["champ:StanceDance","champ:DeathBlow","champ:FalseCounter"],"picked":"SKIP","floor":5.0},{"not_picked":["champ:DefensiveShout","champ:PreciseThrust"],"picked":"champ:GladiatorStyle","floor":11.0},{"not_picked":["champ:TornadoPunch","champ:BringItOn","champ:CrookedStrike"],"picked":"SKIP","floor":12.0},{"not_picked":["champ:BladeFlurry","champ:FanOfKnives"],"picked":"champ:FlashCut","floor":13.0},{"not_picked":["champ:Circumvent","champ:EndlessRage"],"picked":"champ:DefensiveStyle","floor":15.0},{"not_picked":["champ:StanceDance","champ:PreciseThrust+1"],"picked":"champ:IronFortress","floor":20.0},{"not_picked":["champ:FlashCut+1","champ:StanceDance","champ:BladeFlurry+1"],"picked":"SKIP","floor":22.0},{"not_picked":["champ:Lariat+1","champ:FanOfKnives+1","champ:BringItOn+1"],"picked":"SKIP","floor":23.0},{"not_picked":["champ:DefensiveShout","champ:FanOfKnives+1","champ:RapidStrikes+1"],"picked":"SKIP","floor":26.0},{"not_picked":["champ:Circumvent","champ:IgnorePain","champ:Backstep+1"],"picked":"SKIP","floor":29.0},{"not_picked":["champ:DancingMaster","champ:RapidStrikes+1"],"picked":"champ:GladiatorsShout","floor":32.0},{"not_picked":["champ:StanceDance","champ:GladiatorsShout"],"picked":"champ:FocusedDefense","floor":34.0},{"not_picked":["champ:Duel+1","champ:RapidStrikes+1","champ:AdrenalArmor+1"],"picked":"SKIP","floor":36},{"not_picked":["champ:FightOn","champ:Circumvent"],"picked":"champ:DefensiveShout+1","floor":38},{"not_picked":["champ:FightOn","champ:BringItOn+1","champ:AdrenalArmor"],"picked":"SKIP","floor":42},{"not_picked":["champ:Circumvent","champ:Encircle+1","champ:DefensiveShout"],"picked":"SKIP","floor":45},{"not_picked":["champ:Backstep","champ:HeartStrike+1"],"picked":"champ:CalledShot+1","floor":46},{"not_picked":["champ:FightOn","champ:BerserkersShout+1","champ:FlashCut+1"],"picked":"SKIP","floor":47},{"not_picked":["champ:FocusedBerserking","champ:GutPunch+1"],"picked":"champ:Riposte+1","floor":48},{"not_picked":["champ:GladiatorsShout+1","champ:CrownThrow+1","champ:CalledShot+1"],"picked":"SKIP","floor":49}],"player_experience":878280,"relics_obtained":[{"floor":1.0,"key":"PreservedInsect"},{"floor":5.0,"key":"Oddly Smooth Stone"},{"floor":7.0,"key":"champ:DefensiveTrainingManual"},{"floor":9.0,"key":"downfall:CloakOfManyFaces"},{"floor":19.0,"key":"champ:BlackKnightHelmet"},{"floor":19.0,"key":"Runesmith:Nanobots"},{"floor":20.0,"key":"Molten Egg 2"},{"floor":28.0,"key":"Necronomicon"},{"floor":38,"key":"Ornamental Fan"},{"floor":40,"key":"Bronze Scales"},{"floor":40,"key":"Replay:Bottled Snecko"},{"floor":40,"key":"Durian"},{"floor":41,"key":"Art of War"}],"event_choices":[{"cards_removed":["champ:Strike"],"damage_healed":0.0,"max_hp_gain":0.0,"max_hp_loss":0.0,"gold_gain":0.0,"event_name":"Purifier","player_choice":"Purged","floor":14.0,"gold_loss":0.0,"damage_taken":0.0},{"damage_healed":0.0,"max_hp_gain":0.0,"max_hp_loss":0.0,"gold_gain":0.0,"event_name":"Duplicator","player_choice":"Ignored","floor":31.0,"gold_loss":0.0,"damage_taken":0.0},{"cards_removed":["champ:DefensiveShout"],"damage_healed":0,"gold_gain":0,"player_choice":"Removed Skill","damage_taken":0,"max_hp_gain":0,"max_hp_loss":0,"event_name":"Falling","floor":39,"gold_loss":0}],"is_beta":false,"boss_relics":[{"not_picked":["ChewingGum","Sozu"],"picked":"Empty Cage"},{"not_picked":["Replay:Bronze Core","Honey Jar"],"picked":"Tiny House"}],"items_purged_floors":[13,47],"is_endless":false,"potions_floor_spawned":[5,11,15,16,23,33,45,48,49],"ascension_level":0}}