{"host":"j06fkfseroga8i8e","time":1608046837,"event":{"mods":["BaseMod","Bestiary","Colored Map","Colored Powertips","Minty Spire (QoL Compilation)","Relic Stats","StSLib"],"gold_per_floor":[112,132,132,132,59,85,85,95,95,95,110,135,135,135,135,209,209,225,242,242,254,273,273,273,291,345,345,13,13,29,59,59,136,136,155,155,16,16,16,16,16,16,69,85,104,104,104,115,115,115],"floor_reached":51,"playtime":1514,"items_purged":["Strike_R","Strike_R"],"score":1185,"play_id":"db17b0fe-d085-4285-9405-60af6da537b7","local_time":"20201215104037","is_ascension_mode":true,"campfire_choices":[{"data":"Searing Blow","floor":7.0,"key":"SMITH"},{"data":"Searing Blow+1","floor":10.0,"key":"SMITH"},{"data":"Searing Blow+2","floor":13.0,"key":"SMITH"},{"data":"Searing Blow+3","floor":15.0,"key":"SMITH"},{"floor":23,"key":"REST"},{"data":"Searing Blow+4","floor":27,"key":"SMITH"},{"floor":32,"key":"REST"},{"data":"Searing Blow+5","floor":40,"key":"SMITH"},{"data":"Searing Blow+6","floor":42,"key":"SMITH"},{"data":"Searing Blow+8","floor":47,"key":"SMITH"},{"data":"Searing Blow+9","floor":49,"key":"SMITH"}],"circlet_count":0,"master_deck":["AscendersBane","Strike_R+1","Defend_R+1","Defend_R+1","Defend_R+1","Defend_R+1","Bash+1","Armaments+1","Pummel+1","Searing Blow+10","Dropkick+1","Metallicize+1","Dual Wield+1","Power Through+1","Berserk+1","Uppercut+1","Entrench+1","Shrug It Off+1","Uppercut+1","Pummel+1","Flame Barrier+1","Blood for Blood+1","Power Through+1","Headbutt+1","Double Tap+1","Double Tap+1","Corruption+1","Metallicize+1","Flame Barrier+1","Mayhem+1","Feel No Pain+1","Shockwave+1","Feel No Pain","Power Through"],"relics":["Burning Blood","NeowsBlessing","Bird Faced Urn","Sundial","Prayer Wheel","Blood Vial","Snecko Eye","Bag of Marbles","Charon\u0027s Ashes","Velvet Choker","Vajra","Mark of the Bloom"],"acts_visited":["Exordium","TheCity","TheBeyond"],"potions_floor_usage":[25,28,28,33],"damage_taken":[{"damage":0.0,"enemies":"2 Louse","floor":1.0,"turns":1.0},{"damage":0.0,"enemies":"Jaw Worm","floor":2.0,"turns":1.0},{"damage":0.0,"enemies":"3 Sentries","floor":6.0,"turns":1.0},{"damage":1.0,"enemies":"Cultist","floor":8.0,"turns":3.0},{"damage":0.0,"enemies":"Large Slime","floor":11.0,"turns":5.0},{"damage":26.0,"enemies":"Gremlin Nob","floor":12.0,"turns":4.0},{"damage":38.0,"enemies":"The Guardian","floor":16.0,"turns":13.0},{"damage":50.0,"enemies":"Spheric Guardian","floor":18.0,"turns":10.0},{"damage":6.0,"enemies":"3 Byrds","floor":19.0,"turns":4.0},{"damage":23.0,"enemies":"Shelled Parasite and Fungi","floor":21.0,"turns":5.0},{"damage":1,"enemies":"Centurion and Healer","floor":22,"turns":4},{"damage":0,"enemies":"Snecko","floor":25,"turns":2},{"damage":0,"enemies":"Shelled Parasite and Fungi","floor":30,"turns":1},{"damage":59,"enemies":"Book of Stabbing","floor":31,"turns":7},{"damage":52,"enemies":"Champ","floor":33,"turns":9},{"damage":0,"enemies":"Orb Walker","floor":35,"turns":1},{"damage":18,"enemies":"3 Darklings","floor":44,"turns":4},{"damage":9,"enemies":"Spire Growth","floor":45,"turns":5},{"damage":0,"enemies":"Jaw Worm Horde","floor":48,"turns":5},{"damage":27,"enemies":"Time Eater","floor":50,"turns":9}],"seed_played":"-4876372736880947785","potions_obtained":[{"floor":1.0,"key":"Block Potion"},{"floor":16.0,"key":"Energy Potion"},{"floor":19.0,"key":"Weak Potion"},{"floor":24,"key":"Dexterity Potion"},{"floor":24,"key":"SteroidPotion"},{"floor":25,"key":"BloodPotion"},{"floor":31,"key":"DistilledChaos"},{"floor":35,"key":"LiquidBronze"},{"floor":48,"key":"SpeedPotion"}],"is_trial":false,"path_per_floor":["M","M","?","?","$","E","R","M","T","R","M","E","R","?","R","B",null,"M","M","?","M","M","R","?","M","T","R","$","?","M","E","R","B",null,"M","?","$","?","$","R","$","R","T","M","M","?","R","M","R","B",null],"character_chosen":"IRONCLAD","items_purchased":["Searing Blow","Fruit Juice","Double Tap","Flame Barrier"],"campfire_rested":2,"item_purchase_floors":[5,28,28,37],"current_hp_per_floor":[78,80,64,64,64,70,70,75,75,75,80,60,60,60,60,32,68,28,34,34,19,26,50,50,60,60,60,82,82,85,32,57,17,68,76,76,76,76,76,76,76,76,76,74,79,79,79,79,79,52],"gold":115,"neow_bonus":"THREE_ENEMY_KILL","is_daily":false,"chose_seed":false,"campfire_upgraded":9,"win_rate":0.0,"timestamp":1608046837,"path_taken":["M","M","?","?","?","E","R","M","T","R","?","E","R","?","R","BOSS","M","M","?","M","?","R","?","?","T","R","$","?","?","E","R","BOSS","M","?","?","?","$","R","$","R","T","M","M","?","R","M","R","BOSS"],"items_purchased_type":["Card","Potion","Card","Card"],"build_version":"2020-12-13","purchased_purges":2,"victory":true,"max_hp_per_floor":[80,80,80,80,80,80,80,80,80,80,80,80,80,80,80,80,80,80,80,80,80,80,80,80,80,80,80,85,85,85,85,85,85,85,85,85,85,85,85,85,85,85,85,85,85,85,85,85,85,85],"relic_stats":{"Blood Vial":22,"Mark of the Bloom":34,"counters":[20,94],"Sundial":[12],"Bird Faced Urn":[30],"Snecko Eye":[102,105,124,107],"Prayer Wheel":10,"Charon\u0027s Ashes":[148],"obtain_stats":[{"Blood Vial":14,"Mark of the Bloom":46,"NeowsBlessing":0,"Sundial":9,"Bird Faced Urn":6,"Snecko Eye":17,"Velvet Choker":34,"Vajra":43,"Prayer Wheel":12,"Charon\u0027s Ashes":31,"Bag of Marbles":26,"Burning Blood":0},{"Blood Vial":6,"Mark of the Bloom":18,"NeowsBlessing":0,"Sundial":4,"Bird Faced Urn":3,"Snecko Eye":7,"Velvet Choker":15,"Vajra":16,"Prayer Wheel":6,"Charon\u0027s Ashes":14,"Bag of Marbles":12,"Burning Blood":0},{"Blood Vial":15,"Mark of the Bloom":80,"NeowsBlessing":0,"Sundial":6,"Bird Faced Urn":3,"Snecko Eye":28,"Velvet Choker":70,"Vajra":71,"Prayer Wheel":15,"Charon\u0027s Ashes":61,"Bag of Marbles":53,"Burning Blood":0}],"Burning Blood":96},"card_choices":[{"not_picked":["Warcry","Iron Wave"],"picked":"Armaments","floor":1.0},{"not_picked":["Havoc","Perfected Strike"],"picked":"Pummel","floor":2.0},{"not_picked":["Cleave","Armaments"],"picked":"Dropkick","floor":6.0},{"not_picked":["Entrench","Flex"],"picked":"Metallicize","floor":8.0},{"not_picked":["Headbutt","Havoc"],"picked":"Dual Wield","floor":11.0},{"not_picked":["Heavy Blade","Juggernaut"],"picked":"Power Through","floor":12.0},{"not_picked":["Impervious","Exhume"],"picked":"Berserk","floor":16.0},{"not_picked":["Pommel Strike","Blood for Blood"],"picked":"Uppercut","floor":18.0},{"not_picked":["Body Slam","Anger"],"picked":"Entrench","floor":18.0},{"not_picked":["Hemokinesis","True Grit"],"picked":"Shrug It Off","floor":19.0},{"not_picked":["Iron Wave","Warcry"],"picked":"Uppercut","floor":19.0},{"not_picked":["Seeing Red","Searing Blow"],"picked":"Flame Barrier","floor":21.0},{"not_picked":["Second Wind","Shrug It Off+1","Clash"],"picked":"SKIP","floor":21.0},{"not_picked":["Uppercut","Armaments"],"picked":"Blood for Blood","floor":22},{"not_picked":["Pommel Strike","Exhume"],"picked":"Power Through","floor":22},{"not_picked":["Shrug It Off","Flex"],"picked":"Headbutt","floor":25},{"not_picked":["Hemokinesis","Dual Wield","Twin Strike"],"picked":"SKIP","floor":25},{"not_picked":["Anger","Feel No Pain"],"picked":"Double Tap","floor":30},{"not_picked":["Rupture","Havoc","Heavy Blade"],"picked":"SKIP","floor":30},{"not_picked":["Heavy Blade","Armaments","Headbutt"],"picked":"SKIP","floor":31},{"not_picked":["Berserk","Impervious"],"picked":"Corruption","floor":33},{"not_picked":["Cleave","Flex"],"picked":"Metallicize","floor":35},{"not_picked":["Pommel Strike","Heavy Blade","Rage"],"picked":"SKIP","floor":35},{"not_picked":["Forethought","Flash of Steel"],"picked":"Mayhem","floor":38},{"not_picked":["Disarm","Body Slam"],"picked":"Feel No Pain+1","floor":44},{"not_picked":["Clash","Heavy Blade","Anger+1"],"picked":"SKIP","floor":44},{"not_picked":["Havoc","Armaments"],"picked":"Shockwave","floor":45},{"not_picked":["Wild Strike","Ghostly Armor+1","Anger"],"picked":"SKIP","floor":45},{"not_picked":["Entrench","Sever Soul"],"picked":"Feel No Pain","floor":48},{"not_picked":["Warcry","Havoc"],"picked":"Power Through","floor":48}],"player_experience":522956,"relics_obtained":[{"floor":6.0,"key":"Bird Faced Urn"},{"floor":9.0,"key":"Sundial"},{"floor":12.0,"key":"Prayer Wheel"},{"floor":26,"key":"Bag of Marbles"},{"floor":31,"key":"Charon\u0027s Ashes"},{"floor":43,"key":"Vajra"}],"event_choices":[{"damage_healed":0.0,"max_hp_gain":0.0,"max_hp_loss":0.0,"gold_gain":0.0,"event_name":"Shining Light","player_choice":"Entered Light","floor":3.0,"gold_loss":0.0,"damage_taken":16.0,"cards_upgraded":["Strike_R","Armaments"]},{"damage_healed":0.0,"max_hp_gain":0.0,"max_hp_loss":0.0,"gold_gain":0.0,"event_name":"Living Wall","player_choice":"Grow","floor":4.0,"gold_loss":0.0,"damage_taken":0.0,"cards_upgraded":["Bash"]},{"damage_healed":0.0,"max_hp_gain":0.0,"max_hp_loss":0.0,"gold_gain":0.0,"event_name":"Dead Adventurer","player_choice":"Searched \u00272\u0027 times","floor":14.0,"gold_loss":0.0,"damage_taken":0.0,"relics_obtained":["Blood Vial"]},{"damage_healed":0.0,"max_hp_gain":0.0,"max_hp_loss":0.0,"gold_gain":0.0,"event_name":"Duplicator","player_choice":"Copied","floor":20.0,"gold_loss":0.0,"damage_taken":0.0,"cards_obtained":["Pummel"]},{"damage_healed":0,"gold_gain":0,"player_choice":"Got Potions","damage_taken":0,"max_hp_gain":0,"max_hp_loss":0,"event_name":"Lab","floor":24,"gold_loss":0},{"cards_removed":["Strike_R"],"damage_healed":0,"gold_gain":0,"player_choice":"Purged","damage_taken":0,"max_hp_gain":0,"max_hp_loss":0,"event_name":"Purifier","floor":29,"gold_loss":0},{"cards_removed":["Strike_R"],"damage_healed":0,"gold_gain":0,"player_choice":"Purged","damage_taken":0,"max_hp_gain":0,"max_hp_loss":0,"event_name":"Purifier","floor":36,"gold_loss":0},{"damage_healed":0,"gold_gain":0,"player_choice":"Memory 1","damage_taken":0,"max_hp_gain":0,"max_hp_loss":0,"event_name":"SensoryStone","floor":38,"gold_loss":0},{"damage_healed":0,"gold_gain":0,"player_choice":"Upgrade","damage_taken":0,"relics_obtained":["Mark of the Bloom"],"max_hp_gain":0,"max_hp_loss":0,"event_name":"MindBloom","floor":46,"gold_loss":0,"cards_upgraded":["Defend_R","Defend_R","Defend_R","Defend_R","Pummel","Searing Blow","Dropkick","Metallicize","Dual Wield","Power Through","Berserk","Uppercut","Entrench","Shrug It Off","Uppercut","Pummel","Flame Barrier","Blood for Blood","Power Through","Headbutt","Double Tap","Double Tap","Corruption","Metallicize","Flame Barrier","Mayhem","Shockwave"]}],"is_beta":false,"boss_relics":[{"not_picked":["Black Blood","Pandora\u0027s Box"],"picked":"Snecko Eye"},{"not_picked":["Philosopher\u0027s Stone","Coffee Dripper"],"picked":"Velvet Choker"}],"items_purged_floors":[28,37],"is_endless":false,"potions_floor_spawned":[1,16,19,25,31,35,48],"ascension_level":13}}