{"host":"8rgizj6m5sl53afx","time":1608028058,"event":{"mods":["AchievementEnabler","BaseMod","Colored Map","Minty Spire (QoL Compilation)","Permanent Neow","Relic Stats","Slay-I","StSLib","SuperFastMode"],"gold_per_floor":[129,129,61,101,176,176,192,192,243,5,5,73,1,1,1,104,104,117,117,17,17,49,49,26,26,26,26,51,66,66,66],"floor_reached":30,"playtime":583,"items_purged":["Strike_G","Defend_G"],"score":304,"play_id":"20371ba0-a1a4-4e6e-9ec8-1c8de96ecc9a","local_time":"20201215192738","is_ascension_mode":true,"campfire_choices":[{"floor":6.0,"key":"REST"},{"data":"Bouncing Flask","floor":8.0,"key":"SMITH"},{"floor":15,"key":"REST"},{"data":"Apotheosis","floor":23,"key":"SMITH"},{"floor":25,"key":"REST"}],"circlet_count":0,"master_deck":["Strike_G+1","Strike_G","Strike_G","Defend_G","Defend_G","Defend_G","Defend_G","Survivor","Neutralize","HandOfGreed","Backflip+1","Bouncing Flask+1","Flying Knee","Blur","Apotheosis+1","Crippling Poison","Die Die Die","Catalyst","Dagger Spray","Bane"],"relics":["Ring of the Snake","Ancient Tea Set","Black Star","MutagenicStrength","Anchor","Regal Pillow","Prayer Wheel","Incense Burner"],"acts_visited":["Exordium","TheCity"],"potions_floor_usage":[16,29],"damage_taken":[{"damage":0.0,"enemies":"2 Louse","floor":1.0,"turns":2.0},{"damage":0.0,"enemies":"Cultist","floor":4.0,"turns":3.0},{"damage":0.0,"enemies":"Small Slimes","floor":7.0,"turns":4.0},{"damage":23.0,"enemies":"Exordium Thugs","floor":12.0,"turns":8.0},{"damage":7,"enemies":"Hexaghost","floor":16,"turns":9},{"damage":15,"enemies":"Chosen","floor":18,"turns":9},{"damage":36,"enemies":"2 Thieves","floor":22,"turns":5},{"damage":20,"enemies":"Book of Stabbing","floor":28,"turns":8},{"damage":24,"enemies":"Sentry and Sphere","floor":29,"turns":6},{"damage":7,"enemies":"Centurion and Healer","floor":30,"turns":2}],"seed_played":"8677368788290910968","potions_obtained":[{"floor":12.0,"key":"Poison Potion"},{"floor":16,"key":"FairyPotion"},{"floor":28,"key":"Fruit Juice"}],"is_trial":false,"path_per_floor":["M","?","$","M","?","R","M","R","T","$","?","M","$","?","R","B",null,"M","?","$","?","M","R","$","R","T","?","E","M","M"],"character_chosen":"THE_SILENT","items_purchased":["Bouncing Flask","Apotheosis","Crippling Poison","Dagger Spray"],"campfire_rested":3,"item_purchase_floors":[3,10,13,24],"current_hp_per_floor":[45,45,45,45,34,55,55,55,55,55,41,18,18,18,39,32,61,46,33,33,33,22,22,22,44,44,44,24,5,0,0],"gold":66,"neow_bonus":"RANDOM_COLORLESS_2","is_daily":false,"chose_seed":false,"campfire_upgraded":2,"win_rate":0.0,"timestamp":1608028058,"path_taken":["M","?","?","?","?","R","M","R","T","$","?","M","$","?","R","BOSS","M","?","$","?","?","R","$","R","T","?","E","M","M"],"items_purchased_type":["Card","Card","Card","Card"],"build_version":"2020-12-13","purchased_purges":2,"victory":false,"max_hp_per_floor":[70,70,70,70,70,70,70,70,70,70,70,70,70,70,70,70,70,70,75,75,75,75,75,75,75,75,75,75,80,80,80],"relic_stats":{"Regal Pillow":0,"counters":[10,56],"Prayer Wheel":1,"Black Star":1,"obtain_stats":[{"Anchor":26,"Regal Pillow":27,"MutagenicStrength":21,"Prayer Wheel":28,"Black Star":17,"Incense Burner":28,"Ancient Tea Set":9,"Ring of the Snake":0},{"Anchor":7,"Regal Pillow":7,"MutagenicStrength":6,"Prayer Wheel":8,"Black Star":5,"Incense Burner":8,"Ancient Tea Set":3,"Ring of the Snake":0},{"Anchor":40,"Regal Pillow":40,"MutagenicStrength":35,"Prayer Wheel":48,"Black Star":26,"Incense Burner":48,"Ancient Tea Set":9,"Ring of the Snake":0}],"Ring of the Snake":[20]},"card_choices":[{"not_picked":["Metamorphosis","Master of Strategy"],"picked":"HandOfGreed","floor":0.0},{"not_picked":["Setup","Dodge and Roll"],"picked":"Backflip","floor":1.0},{"not_picked":["PiercingWail","Quick Slash"],"picked":"Flying Knee","floor":4.0},{"not_picked":["Deadly Poison","Backflip"],"picked":"Blur","floor":7.0},{"not_picked":["PiercingWail","Blade Dance"],"picked":"Cloak And Dagger","floor":12.0},{"not_picked":["Glass Knife","Storm of Steel"],"picked":"Die Die Die","floor":16},{"not_picked":["Sucker Punch","Distraction","Caltrops"],"picked":"SKIP","floor":18},{"not_picked":["Poisoned Stab","Flying Knee"],"picked":"Catalyst","floor":22},{"not_picked":["Sucker Punch","Calculated Gamble","Reflex+1"],"picked":"SKIP","floor":28},{"not_picked":["Sucker Punch","PiercingWail"],"picked":"Bane","floor":29},{"not_picked":["Prepared","Slice+1","All Out Attack"],"picked":"SKIP","floor":29}],"player_experience":230156,"relics_obtained":[{"floor":9.0,"key":"Ancient Tea Set"},{"floor":26,"key":"Anchor"},{"floor":28,"key":"Prayer Wheel"},{"floor":28,"key":"Incense Burner"}],"event_choices":[{"cards_removed":["Strike_G"],"damage_healed":0.0,"max_hp_gain":0.0,"max_hp_loss":0.0,"gold_gain":0.0,"event_name":"Bonfire Elementals","player_choice":"Offered Basic","floor":2.0,"gold_loss":0.0,"damage_taken":0.0},{"damage_healed":0.0,"max_hp_gain":0.0,"max_hp_loss":0.0,"gold_gain":75.0,"event_name":"World of Goop","player_choice":"Gather Gold","floor":5.0,"gold_loss":0.0,"damage_taken":11.0},{"damage_healed":0.0,"max_hp_gain":0.0,"max_hp_loss":0.0,"gold_gain":0.0,"event_name":"Shining Light","player_choice":"Entered Light","floor":11.0,"gold_loss":0.0,"damage_taken":14.0,"cards_upgraded":["Strike_G","Backflip"]},{"damage_healed":0,"gold_gain":0,"player_choice":"Fled","damage_taken":0,"max_hp_gain":0,"max_hp_loss":0,"event_name":"Scrap Ooze","floor":14,"gold_loss":0},{"damage_healed":0,"gold_gain":0,"player_choice":"Shed Blood","damage_taken":18,"max_hp_gain":5,"max_hp_loss":0,"event_name":"Forgotten Altar","floor":19,"gold_loss":0},{"damage_healed":0,"gold_gain":0,"player_choice":"Inject Mutagens","damage_taken":0,"relics_obtained":["MutagenicStrength"],"max_hp_gain":0,"max_hp_loss":0,"event_name":"Drug Dealer","floor":21,"gold_loss":0},{"cards_removed":["Cloak And Dagger"],"damage_healed":0,"gold_gain":0,"player_choice":"Gave Card","damage_taken":0,"relics_obtained":["Regal Pillow"],"max_hp_gain":0,"max_hp_loss":0,"event_name":"WeMeetAgain","floor":27,"gold_loss":0}],"is_beta":false,"boss_relics":[{"not_picked":["Snecko Eye","Busted Crown"],"picked":"Black Star"}],"items_purged_floors":[10,20],"is_endless":false,"potions_floor_spawned":[12,16,28],"killed_by":"Centurion and Healer","ascension_level":6}}