{"host":"i0avyit1s6jb1siw","time":1608045782,"event":{"mods":["BaseMod","DeckTracker","Dota2Spire","Highlight Path","Minty Spire (QoL Compilation)","Quick Restart","Replay The Spire","StSLib","SuperFastMode"],"gold_per_floor":[119,119,130,146,160,191,191,191,215,227,227,246,246,281,293,383,395,425,437,437],"floor_reached":19,"playtime":382,"items_purged":[],"score":408,"play_id":"e6056011-01fe-48fc-9d47-11d54bf1f330","local_time":"20201215162302","is_ascension_mode":true,"campfire_choices":[{"data":"Poisoned Stab","floor":7.0,"key":"SMITH"},{"data":"Dagger Spray","floor":11.0,"key":"SMITH"},{"floor":15.0,"key":"REST"}],"circlet_count":0,"master_deck":["AscendersBane","Strike_G","Strike_G","Strike_G","Strike_G","Strike_G","Defend_G","Defend_G","Defend_G","Defend_G","Defend_G","Survivor","Neutralize+1","Dagger Spray+1","Poisoned Stab+1","Escape Plan","Deadly Poison+1","A Thousand Cuts","Dagger Throw"],"relics":["Painkiller Herb","Dota2Spire:ShadowBlade","Dota2Spire:LotusOrb","MawBank","Cursed Key"],"acts_visited":["Exordium","TheCity"],"potions_floor_usage":[16],"damage_taken":[{"damage":2.0,"enemies":"Jaw Worm","floor":1.0,"turns":4.0},{"damage":1.0,"enemies":"Small Slimes","floor":3.0,"turns":3.0},{"damage":0.0,"enemies":"2 Louse","floor":4.0,"turns":3.0},{"damage":3.0,"enemies":"Looter","floor":5.0,"turns":3.0},{"damage":12.0,"enemies":"Gremlin Nob","floor":6.0,"turns":2.0},{"damage":5.0,"enemies":"Blue Slaver","floor":10.0,"turns":4.0},{"damage":1.0,"enemies":"2 Fungi Beasts","floor":12.0,"turns":3.0},{"damage":30.0,"enemies":"3 Sentries","floor":14.0,"turns":8.0},{"damage":19,"enemies":"The Guardian","floor":16,"turns":10},{"damage":30,"enemies":"Shell Parasite","floor":18,"turns":6},{"damage":31,"enemies":"Chosen","floor":19,"turns":4}],"seed_played":"-7053916218558996118","potions_obtained":[{"floor":1.0,"key":"PowerPotion"},{"floor":3.0,"key":"Death Potion"},{"floor":10.0,"key":"Languid Potion"},{"floor":16,"key":"CunningPotion"}],"is_trial":false,"path_per_floor":["?","?","?","?","?","E","T","?","T","?","T","?","?","E","T","B",null,"?","?"],"character_chosen":"THE_SILENT","items_purchased":[],"campfire_rested":1,"item_purchase_floors":[],"current_hp_per_floor":[57,62,61,61,58,46,46,46,46,41,41,40,40,10,31,12,56,26,0,0],"gold":437,"neow_bonus":"BOSS_RELIC","is_daily":false,"chose_seed":false,"campfire_upgraded":2,"win_rate":0.0,"timestamp":1608045782,"path_taken":["?","?","?","?","?","E","T","?","T","?","T","?","?","E","T","BOSS","?","?"],"items_purchased_type":[],"build_version":"2020-12-13","purchased_purges":0,"victory":false,"max_hp_per_floor":[66,71,71,71,71,71,71,71,71,71,71,71,71,71,71,71,71,71,71,71],"card_choices":[{"not_picked":["ReplayTheSpireMod:Speed Training","Flying Knee"],"picked":"Dagger Spray","floor":1.0},{"not_picked":["Quick Slash","Dagger Throw"],"picked":"Poisoned Stab","floor":3.0},{"not_picked":["Bane","Dagger Spray","Catalyst"],"picked":"SKIP","floor":4.0},{"not_picked":["Prepared","Acrobatics","Underhanded Strike"],"picked":"SKIP","floor":5.0},{"not_picked":["Acrobatics","Riddle With Holes"],"picked":"Escape Plan","floor":6.0},{"not_picked":["Concentrate","Accuracy","Bane"],"picked":"SKIP","floor":10.0},{"not_picked":["Setup","Cloak And Dagger"],"picked":"Deadly Poison","floor":12.0},{"not_picked":["Deflect","Bane","Prepared"],"picked":"SKIP","floor":14.0},{"not_picked":["Envenom","Unload"],"picked":"A Thousand Cuts","floor":16},{"not_picked":["Deadly Poison","Riddle With Holes"],"picked":"Dagger Throw","floor":18}],"player_experience":2077685,"relics_obtained":[{"floor":6.0,"key":"Dota2Spire:ShadowBlade"},{"floor":9.0,"key":"Dota2Spire:LotusOrb"},{"floor":14.0,"key":"MawBank"}],"event_choices":[{"damage_healed":0.0,"max_hp_gain":5.0,"max_hp_loss":0.0,"gold_gain":0.0,"event_name":"Big Fish","player_choice":"Donut","floor":2.0,"gold_loss":0.0,"damage_taken":0.0},{"damage_healed":0.0,"max_hp_gain":0.0,"max_hp_loss":0.0,"gold_gain":0.0,"event_name":"Living Wall","player_choice":"Grow","floor":13.0,"gold_loss":0.0,"damage_taken":0.0,"cards_upgraded":["Deadly Poison"]}],"is_beta":false,"boss_relics":[{"not_picked":["WristBlade","Abe\u0027s Treasure"],"picked":"Cursed Key"}],"items_purged_floors":[],"is_endless":false,"potions_floor_spawned":[1,3,10,16,18],"killed_by":"Chosen","ascension_level":20}}