{"host":"h5acbxt0wmjo1kpm","time":1608035726,"event":{"mods":["2.2 Compatiblity","Act Like it!","AlwaysNeverKeys","Aspiration","Bartender","BaseMod","Better Third Choice","Colored Map","Downfall","Elementarium","Gensokyo","GifTheSpireLib","Hallownest","Marisa????????","Minty Spire (QoL Compilation)","Permanent Neow","Potionbrewer","Relic Filter","Replay The Spire","Robot Space Explorer","RumiaBox-????????","Shade Mod","Spicy Shops","StSLib","The Blackbeard","The Dragon Tamer","The Forsaken","The Gatherer","The Problem Sleuth","The Servant 0.9.4","Wandering Minibosses","vexMod"],"gold_per_floor":[99,99,99,111,111,126,150,150,179,179,190,93,93,113,133,133,133],"floor_reached":16,"playtime":968,"items_purged":[],"score":175,"play_id":"d9d68b7e-751c-4c63-a9ff-27be72ee4c1d","local_time":"20201215043526","is_ascension_mode":true,"campfire_choices":[{"data":"expansioncontent:DashGenerateEvil","floor":1,"key":"SMITH"},{"data":"sneckomod:UnknownVulnerable","floor":3,"key":"SMITH"},{"data":"sneckomod:UnknownClassROBOT_ORANGE_COLOR","floor":8,"key":"SMITH"},{"data":"sneckomod:WideSting","floor":10,"key":"SMITH"}],"circlet_count":0,"master_deck":["AscendersBane","sneckomod:Strike","sneckomod:Strike","sneckomod:Strike","sneckomod:Defend","sneckomod:Defend","sneckomod:Defend","sneckomod:TailWhip","sneckomod:SnekBite","sneckomod:Unknown","sneckomod:Unknown","expansioncontent:DashGenerateEvil+1","sneckomod:UnknownVulnerable+1","sneckomod:UnknownClassROBOT_ORANGE_COLOR+1","sneckomod:WideSting+1","sneckomod:UnknownCommonAttack","sneckomod:Unknown2Cost","sneckomod:ImprovisedGuard+1","sneckomod:SnakeSap","sneckomod:UnknownUncommonSkill"],"relics":["sneckomod:SneckoSoul","Mango","vexMod:MemoryStick","vexMod:FocusSash"],"acts_visited":["Gensokyo:Gensokyo"],"potions_floor_usage":[14,16,16],"damage_taken":[{"damage":1,"enemies":"Gensokyo:3_Fairies","floor":2,"turns":5},{"damage":9,"enemies":"Gensokyo:Gryphon","floor":4,"turns":6},{"damage":5,"enemies":"Gensokyo:Python","floor":6,"turns":4},{"damage":7,"enemies":"Gensokyo:Mamizou","floor":9,"turns":9},{"damage":0,"enemies":"Gensokyo:VengefulSpirit","floor":11,"turns":2},{"damage":0,"enemies":"downfall:FleeingMerchant","floor":12,"turns":4},{"damage":0,"enemies":"Gensokyo:2_Rabbits","floor":14,"turns":3},{"damage":0,"enemies":"Gensokyo:Python_and_Kodama","floor":15,"turns":7},{"damage":48,"enemies":"downfall:Defect","floor":16,"turns":6}],"seed_played":"7487421733597774001","potions_obtained":[{"floor":4,"key":"Fire Potion"},{"floor":14,"key":"AttackPotion"},{"floor":15,"key":"Dexterity Potion"}],"is_trial":false,"path_per_floor":["R","M","R","M","?","M","T","R","E","R","M","$","?","M","M","B"],"character_chosen":"THE_SNECKO","items_purchased":["sneckomod:ImprovisedGuard+1"],"campfire_rested":0,"item_purchase_floors":[12],"current_hp_per_floor":[57,57,57,53,46,41,41,41,34,34,35,36,36,36,43,0,0],"gold":133,"neow_bonus":"RANDOM_COLORLESS_2","is_daily":false,"chose_seed":false,"campfire_upgraded":4,"win_rate":0.0,"timestamp":1608035726,"path_taken":["R","M","R","M","?","M","T","R","E","R","M","?","?","?","M","BOSS"],"items_purchased_type":["Card"],"build_version":"2020-12-13","purchased_purges":0,"victory":false,"max_hp_per_floor":[90,91,91,92,106,106,106,106,106,106,107,108,108,108,109,109,109],"card_choices":[{"not_picked":["Panache","Master of Strategy"],"picked":"expansioncontent:DashGenerateEvil","floor":0},{"not_picked":["sneckomod:DiceBlock","sneckomod:WideSting"],"picked":"sneckomod:UnknownVulnerable","floor":2},{"not_picked":["sneckomod:UnknownCommonAttack","sneckomod:UnknownClassSLIMEBOUND"],"picked":"sneckomod:UnknownClassROBOT_ORANGE_COLOR","floor":4},{"not_picked":["sneckomod:Unknown1Cost","sneckomod:MixItUp","sneckomod:RainOfDice"],"picked":"SKIP","floor":6},{"not_picked":["sneckomod:Unknown1Cost","sneckomod:MixItUp","sneckomod:RainOfDice"],"picked":"SKIP","floor":6},{"not_picked":["sneckomod:RainOfDice","sneckomod:QuickMove"],"picked":"sneckomod:WideSting","floor":9},{"not_picked":["sneckomod:UnknownCommonSkill","sneckomod:SoulDraw"],"picked":"sneckomod:UnknownCommonAttack","floor":11},{"not_picked":["sneckomod:UnknownStrike","sneckomod:UnknownClassSILVER"],"picked":"sneckomod:Unknown2Cost","floor":12},{"not_picked":["sneckomod:UnknownBlock","sneckomod:DiceBlock"],"picked":"sneckomod:SnakeSap","floor":14},{"not_picked":["sneckomod:SoulDraw","sneckomod:SerpentMind"],"picked":"sneckomod:UnknownUncommonSkill","floor":15}],"player_experience":2257496,"relics_obtained":[{"floor":7,"key":"vexMod:MemoryStick"},{"floor":9,"key":"vexMod:FocusSash"}],"event_choices":[],"is_beta":false,"boss_relics":[],"items_purged_floors":[],"is_endless":false,"potions_floor_spawned":[4,14,15],"killed_by":"downfall:Defect","ascension_level":11}}