{"host":"mi0eibewekhugwl1","time":1608044884,"event":{"mods":["AchievementEnabler","BaseMod","Colored Map","Colored Powertips","DeckTracker","Keyboard Shortcuts","Minty Spire (QoL Compilation)","Quick Restart","Rare Cards Sparkle","Relic Stats","StSLib","SuperFastMode","everything is the same but u backflip on backflip"],"gold_per_floor":[114,114,114,128,128,128,166,178,190,220,232,1,1,20,20,111,111,132,156,156,156,156],"floor_reached":21,"playtime":353,"items_purged":["Strike_P"],"score":354,"play_id":"0dba4531-246a-4578-b32f-43de758414df","local_time":"20201216000804","is_ascension_mode":true,"campfire_choices":[{"floor":6,"key":"REST"},{"data":"Eruption","floor":11,"key":"SMITH"},{"data":"Vault","floor":13,"key":"SMITH"},{"data":"MentalFortress","floor":15,"key":"SMITH"}],"circlet_count":0,"master_deck":["AscendersBane","Strike_P","Strike_P","Strike_P+1","Defend_P","Defend_P","Defend_P","Eruption+1","Vigilance+1","WheelKick","Vault+1","Meditate+1","Scrawl+1","MentalFortress+1","Tantrum","Evaluate+1"],"relics":["PureWater","Golden Idol","MawBank","Toxic Egg 2","Vajra","SlaversCollar"],"acts_visited":["Exordium","TheCity"],"potions_floor_usage":[16],"damage_taken":[{"damage":3,"enemies":"Small Slimes","floor":1,"turns":3},{"damage":0,"enemies":"Jaw Worm","floor":4,"turns":3},{"damage":16,"enemies":"Gremlin Nob","floor":7,"turns":3},{"damage":0,"enemies":"2 Louse","floor":10,"turns":2},{"damage":0,"enemies":"Exordium Wildlife","floor":14,"turns":3},{"damage":6,"enemies":"Slime Boss","floor":16,"turns":7},{"damage":38,"enemies":"2 Thieves","floor":18,"turns":5},{"damage":0,"enemies":"3 Byrds","floor":19,"turns":4},{"damage":32,"enemies":"Masked Bandits","floor":21,"turns":4}],"seed_played":"-8376077418291939401","potions_obtained":[{"floor":4,"key":"Weak Potion"},{"floor":7,"key":"Ancient Potion"}],"is_trial":false,"path_per_floor":["M","?","?","M","?","R","E","T","T","M","R","$","R","M","R","B",null,"M","M","?","?"],"character_chosen":"WATCHER","items_purchased":["Scrawl+1","MentalFortress"],"campfire_rested":1,"item_purchase_floors":[12,12],"current_hp_per_floor":[58,63,41,41,16,37,21,21,21,21,21,21,21,21,21,15,59,21,21,21,0,0],"gold":156,"neow_bonus":"REMOVE_CARD","is_daily":false,"chose_seed":false,"campfire_upgraded":3,"win_rate":0.0,"timestamp":1608044884,"path_taken":["M","?","?","M","?","R","E","?","T","?","R","?","R","M","R","BOSS","M","M","?","?"],"items_purchased_type":["Card","Card"],"build_version":"2020-12-13","purchased_purges":1,"victory":false,"max_hp_per_floor":[68,73,73,73,73,73,73,73,73,73,73,73,73,73,73,73,73,73,73,73,73,73],"relic_stats":{"counters":[9,34],"Golden Idol":52,"MawBank":60,"obtain_stats":[{"SlaversCollar":17,"Golden Idol":5,"Vajra":9,"PureWater":0,"Toxic Egg 2":8,"MawBank":7},{"SlaversCollar":6,"Golden Idol":2,"Vajra":3,"PureWater":0,"Toxic Egg 2":3,"MawBank":3},{"SlaversCollar":21,"Golden Idol":6,"Vajra":9,"PureWater":0,"Toxic Egg 2":9,"MawBank":9}]},"card_choices":[{"not_picked":["JustLucky","Protect","Consecrate"],"picked":"SKIP","floor":1},{"not_picked":["ForeignInfluence","SashWhip"],"picked":"WheelKick","floor":4},{"not_picked":["WaveOfTheHand","Consecrate"],"picked":"Vault","floor":7},{"not_picked":["Consecrate","Crescendo+1"],"picked":"Meditate+1","floor":10},{"not_picked":["Prostrate+1","PathToVictory+1","EmptyBody+1"],"picked":"SKIP","floor":14},{"not_picked":["CrushJoints","Fasting2"],"picked":"Tantrum","floor":18},{"not_picked":["JustLucky","Consecrate"],"picked":"Evaluate+1","floor":19}],"player_experience":1668273,"relics_obtained":[{"floor":7,"key":"MawBank"},{"floor":8,"key":"Toxic Egg 2"},{"floor":9,"key":"Vajra"}],"event_choices":[{"damage_healed":0,"gold_gain":0,"player_choice":"Donut","damage_taken":0,"max_hp_gain":5,"max_hp_loss":0,"event_name":"Big Fish","floor":2,"gold_loss":0},{"damage_healed":0,"gold_gain":0,"player_choice":"Entered Light","damage_taken":22,"max_hp_gain":0,"max_hp_loss":0,"event_name":"Shining Light","floor":3,"gold_loss":0,"cards_upgraded":["Strike_P","Vigilance"]},{"damage_healed":0,"gold_gain":0,"player_choice":"Take Damage","damage_taken":25,"relics_obtained":["Golden Idol"],"max_hp_gain":0,"max_hp_loss":0,"event_name":"Golden Idol","floor":5,"gold_loss":0},{"damage_healed":0,"gold_gain":0,"player_choice":"Ignored","damage_taken":0,"max_hp_gain":0,"max_hp_loss":0,"event_name":"The Mausoleum","floor":20,"gold_loss":0},{"damage_healed":0,"gold_gain":0,"player_choice":"Fought Bandits","damage_taken":0,"max_hp_gain":0,"max_hp_loss":0,"event_name":"Masked Bandits","floor":21,"gold_loss":0}],"is_beta":false,"boss_relics":[{"not_picked":["Pandora\u0027s Box","Ectoplasm"],"picked":"SlaversCollar"}],"items_purged_floors":[12],"is_endless":false,"potions_floor_spawned":[4,7],"killed_by":"Masked Bandits","ascension_level":20}}