{"host":"4amcrcg6ktw8dbzk","time":1608026170,"event":{"mods":["BaseMod","Dota2Spire","Minty Spire (QoL Compilation)","MostiFishMod","Robot Space Explorer","Spicy Shops","StSLib","Waifu the Spire"],"gold_per_floor":[215,226,238,238,254,282,295,305,359,69,101,101,101,116,116,212,212,227,227,242,261,73,100,100,130,130,162,162,162,196,213,213,313,313,333,333,213,226,226,226,255,265,265,265,25,45,45,70,70,70,70,70,9,44,44],"floor_reached":56,"playtime":1520,"items_purged":["Strike_P","Defend_P","Strike_P","Strike_P","MentalFortress","MostiFishMod:Speedup"],"score":2233,"play_id":"6c8bff5c-103a-466d-9877-324d7abc7514","local_time":"20201215175610","is_ascension_mode":true,"campfire_choices":[{"data":"Tantrum","floor":12,"key":"SMITH"},{"data":"MostiFishMod:ScryFuture","floor":15,"key":"SMITH"},{"data":"Ragnarok","floor":28,"key":"SMITH"},{"data":"LessonLearned","floor":32,"key":"SMITH"},{"data":"Madness","floor":40,"key":"SMITH"},{"floor":44,"key":"RECALL"},{"data":"Wallop","floor":47,"key":"SMITH"},{"data":"ClearTheMind","floor":49,"key":"SMITH"},{"data":"Madness","floor":52,"key":"SMITH"}],"circlet_count":0,"master_deck":["Defend_P+1","Defend_P","Defend_P+1","Eruption+1","Vigilance","TalkToTheHand+1","FlurryOfBlows","Wallop+1","Adaptation+1","Consecrate","ForeignInfluence+1","Crescendo+1","MostiFishMod:ScryFuture+1","BowlingBash","FlurryOfBlows+1","Tantrum+1","FlyingSleeves","LessonLearned+1","JustLucky","ClearTheMind+1","FollowUp+1","Wallop","Ragnarok+1","MostiFishMod:KamiSmash","MostiFishMod:Moonprays+1","Madness+1","Madness+1","Meditate","JustLucky+1","Protect+1"],"relics":["PureWater","DaveBox","Civilization","Question Card","War Paint","MawBank","Membership Card","ImprovedEquipment","ImportantClient","PatriotShield","OrangePellets","Dota2Spire:Dagon","Blood Vial","Dota2Spire:OrchidMalevolence","StoneCalendar","Bag of Preparation","JellyFishMachine","Gremlin Horn","Darkstone Periapt","Dota2Spire:ArmletOfMordiggian","Anchor","Pen Nib"],"acts_visited":["Exordium","TheCity","TheBeyond","TheEnding"],"potions_floor_usage":[],"damage_taken":[{"damage":2.0,"enemies":"Jaw Worm","floor":1.0,"turns":5.0},{"damage":0.0,"enemies":"Small Slimes","floor":2.0,"turns":3.0},{"damage":0.0,"enemies":"Cultist","floor":3.0,"turns":2.0},{"damage":1.0,"enemies":"Exordium Thugs","floor":5.0,"turns":5.0},{"damage":1.0,"enemies":"Lagavulin","floor":6.0,"turns":6.0},{"damage":0,"enemies":"Blue Slaver","floor":7,"turns":1},{"damage":0,"enemies":"Exordium Wildlife","floor":8,"turns":2},{"damage":0,"enemies":"Gremlin Nob","floor":11,"turns":4},{"damage":0,"enemies":"Lots of Slimes","floor":14,"turns":1},{"damage":3,"enemies":"The Guardian","floor":16,"turns":5},{"damage":0,"enemies":"Chosen","floor":18,"turns":1},{"damage":0,"enemies":"Spheric Guardian","floor":20,"turns":1},{"damage":0,"enemies":"3 Cultists","floor":21,"turns":1},{"damage":0,"enemies":"Book of Stabbing","floor":23,"turns":2},{"damage":0,"enemies":"Gremlin Leader","floor":25,"turns":1},{"damage":0,"enemies":"Slavers","floor":27,"turns":3},{"damage":0,"enemies":"Gremlin Leader","floor":30,"turns":1},{"damage":0,"enemies":"Chosen and Byrds","floor":31,"turns":1},{"damage":0,"enemies":"Collector","floor":33,"turns":2},{"damage":0,"enemies":"3 Darklings","floor":35,"turns":2},{"damage":0,"enemies":"Orb Walker","floor":38,"turns":1},{"damage":0,"enemies":"Giant Head","floor":41,"turns":3},{"damage":0,"enemies":"Writhing Mass","floor":42,"turns":1},{"damage":0,"enemies":"4 Shapes","floor":46,"turns":1},{"damage":0,"enemies":"Nemesis","floor":48,"turns":1},{"damage":0,"enemies":"Time Eater","floor":50,"turns":2},{"damage":0,"enemies":"Shield and Spear","floor":54,"turns":1},{"damage":0,"enemies":"The Heart","floor":55,"turns":3}],"seed_played":"8189533457006660561","potions_obtained":[{"floor":3.0,"key":"BlessingOfTheForge"},{"floor":6,"key":"SmokeBomb"},{"floor":8,"key":"AttackPotion"},{"floor":35,"key":"FairyPotion"}],"is_trial":false,"path_per_floor":["M","M","M","?","M","E","M","M","T","$","E","R","?","M","R","B",null,"M","?","M","M","$","E","T","E","T","E","R","?","E","M","R","B",null,"M","?","$","M","?","R","E","M","T","R","$","M","R","E","R","B",null,"R","$","E","B",null],"character_chosen":"WATCHER","items_purchased":["Membership Card","BowlingBash","FlurryOfBlows","OrangePellets","MentalFortress","Anchor"],"campfire_rested":0,"item_purchase_floors":[10,10,10,22,22,53],"current_hp_per_floor":[64,67,71,71,76,82,90,100,100,100,111,111,111,127,127,141,152,170,170,189,211,211,234,234,258,258,287,287,287,316,346,346,379,379,418,418,418,458,401,401,444,488,488,488,488,536,536,585,585,635,670,670,670,722,775],"gold":44,"neow_bonus":"HUNDRED_GOLD","is_daily":false,"chose_seed":false,"campfire_upgraded":8,"win_rate":0.0,"timestamp":1608026170,"path_taken":["M","M","M","?","M","E","M","M","T","$","E","R","?","M","R","BOSS","M","?","M","?","$","E","?","E","T","E","R","?","E","M","R","BOSS","M","?","$","?","?","R","E","M","T","R","$","M","R","E","R","BOSS","R","$","E","BOSS"],"items_purchased_type":["Relic","Card","Card","Relic","Card","Relic"],"build_version":"2020-12-13","purchased_purges":6,"victory":true,"max_hp_per_floor":[73,76,80,80,86,93,101,111,111,111,122,122,122,138,138,155,155,173,173,192,214,214,237,237,261,261,288,288,288,316,346,346,379,379,418,418,418,458,458,458,499,541,541,541,541,587,587,634,634,682,682,682,682,732,783],"card_choices":[{"not_picked":["Evaluate","SashWhip"],"picked":"TalkToTheHand","floor":1.0},{"not_picked":["ThirdEye","Judgement","EmptyBody"],"picked":"FlurryOfBlows","floor":2.0},{"not_picked":["EmptyFist","FlyingSleeves","SashWhip"],"picked":"Wallop","floor":3.0},{"not_picked":["FearNoEvil","Prostrate","MostiFishMod:MemoryFragments"],"picked":"Consecrate","floor":5.0},{"not_picked":["WreathOfFlame","Study","WindmillStrike"],"picked":"ForeignInfluence","floor":6},{"not_picked":["FlyingSleeves","SandsOfTime","FollowUp"],"picked":"Crescendo","floor":7},{"not_picked":["BattleHymn","Sanctity","Swivel"],"picked":"MostiFishMod:ScryFuture","floor":8},{"not_picked":["WindmillStrike","MostiFishMod:DustFall","FlurryOfBlows"],"picked":"Tantrum","floor":11},{"not_picked":["Consecrate","Crescendo","MostiFishMod:LegendTransform"],"picked":"FlyingSleeves","floor":14},{"not_picked":["MostiFishMod:Minus","SpiritShield","Brilliance"],"picked":"LessonLearned","floor":16},{"not_picked":["EmptyBody","Fasting2","BattleHymn"],"picked":"JustLucky","floor":18},{"not_picked":["Halt","PathToVictory","EmptyMind"],"picked":"ClearTheMind","floor":20},{"not_picked":["Consecrate+1","JustLucky+1","SashWhip"],"picked":"FollowUp","floor":21},{"not_picked":["DeceiveReality","LikeWater","Collect"],"picked":"Wallop","floor":23},{"not_picked":["FollowUp","CutThroughFate","Prostrate"],"picked":"MostiFishMod:Speedup","floor":25},{"not_picked":["Vault","Prostrate","MostiFishMod:Speedup"],"picked":"Ragnarok","floor":27},{"not_picked":["Study+1","EmptyBody","Nirvana"],"picked":"MostiFishMod:KamiSmash","floor":30},{"not_picked":["ReachHeaven","FlurryOfBlows+1","Protect","WaveOfTheHand"],"picked":"SKIP","floor":31},{"not_picked":["MostiFishMod:Adaptation","MostiFishMod:UniPurple","ConjureBlade"],"picked":"MostiFishMod:Moonprays","floor":33},{"not_picked":["ClearTheMind","Swivel+1","Indignation+1","FlurryOfBlows"],"picked":"SKIP","floor":35},{"not_picked":["EmptyBody","CrushJoints","SashWhip","Prostrate"],"picked":"SKIP","floor":38},{"not_picked":["FlurryOfBlows+1","Consecrate+1","Crescendo"],"picked":"Meditate","floor":41},{"not_picked":["SashWhip","JustLucky+1","ClearTheMind","Indignation"],"picked":"SKIP","floor":42},{"not_picked":["SashWhip","ClearTheMind","Indignation"],"picked":"JustLucky+1","floor":42},{"not_picked":["ThirdEye+1","CrushJoints","Prostrate","MasterReality"],"picked":"SKIP","floor":46},{"not_picked":["FollowUp","Evaluate","DeceiveReality"],"picked":"Protect+1","floor":48},{"not_picked":["Evaluate","Study","SandsOfTime","CarveReality"],"picked":"SKIP","floor":54}],"player_experience":255854,"relics_obtained":[{"floor":1.0,"key":"Question Card"},{"floor":6,"key":"War Paint"},{"floor":9,"key":"MawBank"},{"floor":11,"key":"ImprovedEquipment"},{"floor":16,"key":"ImportantClient"},{"floor":23,"key":"Dota2Spire:Dagon"},{"floor":25,"key":"Blood Vial"},{"floor":26,"key":"Dota2Spire:OrchidMalevolence"},{"floor":27,"key":"StoneCalendar"},{"floor":30,"key":"Bag of Preparation"},{"floor":41,"key":"Gremlin Horn"},{"floor":43,"key":"Darkstone Periapt"},{"floor":48,"key":"Dota2Spire:ArmletOfMordiggian"},{"floor":54,"key":"Pen Nib"}],"event_choices":[{"damage_healed":0.0,"max_hp_gain":0.0,"max_hp_loss":0.0,"gold_gain":0.0,"cards_transformed":["Strike_P"],"event_name":"Living Wall","player_choice":"Change","floor":4.0,"gold_loss":0.0,"damage_taken":0.0,"cards_obtained":["Adaptation"]},{"damage_healed":0,"gold_gain":0,"player_choice":"Ignored","damage_taken":0,"max_hp_gain":0,"max_hp_loss":0,"event_name":"Liars Game","floor":13,"gold_loss":0},{"damage_healed":0,"gold_gain":0,"player_choice":"Forge","damage_taken":0,"max_hp_gain":0,"max_hp_loss":0,"event_name":"Accursed Blacksmith","floor":19,"gold_loss":0,"cards_upgraded":["Eruption"]},{"damage_healed":0,"gold_gain":0,"player_choice":"Ignored","damage_taken":0,"max_hp_gain":0,"max_hp_loss":0,"event_name":"Vampires","floor":29,"gold_loss":0},{"damage_healed":0,"gold_gain":0,"player_choice":"Bought 0 Potions","damage_taken":0,"max_hp_gain":0,"max_hp_loss":0,"event_name":"The Woman in Blue","floor":36,"gold_loss":0},{"damage_healed":0,"gold_gain":0,"player_choice":"Embrace Madness","damage_taken":57,"max_hp_gain":0,"max_hp_loss":0,"event_name":"Winding Halls","floor":39,"gold_loss":0,"cards_obtained":["Madness","Madness"]}],"is_beta":false,"boss_relics":[{"not_picked":["MetatronsCube","Philosopher\u0027s Stone"],"picked":"PatriotShield"},{"not_picked":["RhineFirstAidKit","BloodWine"],"picked":"JellyFishMachine"}],"items_purged_floors":[10,10,22,37,45,45],"is_endless":false,"potions_floor_spawned":[3,6,8,14,16,20,23,27,33,35,42,48,54],"ascension_level":7}}