{"host":"p245q48pmopyklqs","time":1608015415,"event":{"mods":["AchievementEnabler","BaseMod","DeckTracker","Minty Spire (QoL Compilation)","Relic Stats","StSLib","SuperFastMode"],"gold_per_floor":[113,126,141,159,178,178,188,222,270,270,299,315,78,97,97,175,175,192,92,111,111,126,155,155,180,234,234,234,250,263,188,188,188,188],"floor_reached":33,"playtime":2580,"items_purged":["Strike_R","Strike_R"],"score":602,"play_id":"ad10dd2d-17b1-4017-9d5e-b64f72078c49","local_time":"20201215155655","is_ascension_mode":true,"campfire_choices":[{"data":"Immolate","floor":6.0,"key":"SMITH"},{"data":"Armaments","floor":10.0,"key":"SMITH"},{"data":"Evolve","floor":15.0,"key":"SMITH"},{"floor":24.0,"key":"REST"},{"data":"Barricade","floor":27.0,"key":"SMITH"},{"data":"Seeing Red","floor":32,"key":"SMITH"}],"circlet_count":0,"master_deck":["AscendersBane","Strike_R","Defend_R","Defend_R","Defend_R","Defend_R","Bash","Pommel Strike","Immolate+1","Evolve+1","Armaments+1","Dropkick","Feed","Seeing Red+1","Barricade+1"],"relics":["Burning Blood","Juzu Bracelet","Anchor","Potion Belt","Lantern","Runic Pyramid","HornCleat","Centennial Puzzle","Smiling Mask"],"acts_visited":["Exordium","TheCity"],"potions_floor_usage":[29,29,33,33],"damage_taken":[{"damage":12.0,"enemies":"Cultist","floor":1.0,"turns":4.0},{"damage":9.0,"enemies":"2 Louse","floor":2.0,"turns":2.0},{"damage":4.0,"enemies":"Jaw Worm","floor":3.0,"turns":3.0},{"damage":2.0,"enemies":"Exordium Thugs","floor":4.0,"turns":3.0},{"damage":11.0,"enemies":"Blue Slaver","floor":5.0,"turns":3.0},{"damage":0.0,"enemies":"3 Louse","floor":7.0,"turns":1.0},{"damage":20.0,"enemies":"3 Sentries","floor":8.0,"turns":4.0},{"damage":26.0,"enemies":"Lagavulin","floor":11.0,"turns":7.0},{"damage":0.0,"enemies":"Exordium Wildlife","floor":12.0,"turns":3.0},{"damage":0.0,"enemies":"Looter","floor":14.0,"turns":2.0},{"damage":37.0,"enemies":"Slime Boss","floor":16.0,"turns":8.0},{"damage":23.0,"enemies":"3 Byrds","floor":18.0,"turns":4.0},{"damage":28.0,"enemies":"2 Thieves","floor":20.0,"turns":4.0},{"damage":4.0,"enemies":"Centurion and Healer","floor":22.0,"turns":4.0},{"damage":21.0,"enemies":"Book of Stabbing","floor":23.0,"turns":3.0},{"damage":21.0,"enemies":"Slavers","floor":25.0,"turns":3.0},{"damage":7,"enemies":"Snecko","floor":29,"turns":5},{"damage":0,"enemies":"3 Cultists","floor":30,"turns":3},{"damage":53,"enemies":"Automaton","floor":33,"turns":10}],"seed_played":"3809668917527998964","potions_obtained":[{"floor":3.0,"key":"Swift Potion"},{"floor":4.0,"key":"BlessingOfTheForge"},{"floor":12.0,"key":"Fire Potion"},{"floor":16.0,"key":"PowerPotion"},{"floor":20.0,"key":"PowerPotion"},{"floor":23.0,"key":"SkillPotion"},{"floor":28.0,"key":"PowerPotion"},{"floor":28.0,"key":"SkillPotion"},{"floor":29,"key":"SkillPotion"}],"is_trial":false,"path_per_floor":["M","M","M","M","M","R","M","E","T","R","E","M","$","M","R","B",null,"M","$","M","$","M","E","R","E","T","R","?","M","M","?","R","B"],"character_chosen":"IRONCLAD","items_purchased":["Lantern"],"campfire_rested":1,"item_purchase_floors":[13],"current_hp_per_floor":[62,59,61,65,60,60,66,52,52,52,32,38,38,44,44,13,60,47,47,28,28,33,21,47,35,35,35,35,34,43,43,43,0,0],"gold":188,"neow_bonus":"REMOVE_CARD","is_daily":false,"chose_seed":false,"campfire_upgraded":5,"win_rate":0.0,"timestamp":1608015415,"path_taken":["M","M","M","M","M","R","M","E","T","R","E","M","$","M","R","BOSS","M","$","M","?","M","E","R","E","T","R","?","M","M","?","R","BOSS"],"items_purchased_type":["Relic"],"build_version":"2020-12-13","purchased_purges":2,"victory":false,"max_hp_per_floor":[75,75,75,75,75,75,75,75,75,75,75,75,75,75,75,75,75,79,79,82,82,85,88,88,91,91,91,91,91,94,94,94,94,94],"relic_stats":{"Centennial Puzzle":[5],"counters":[19,76],"Juzu Bracelet":2,"Smiling Mask":0,"obtain_stats":[{"Potion Belt":11,"Anchor":9,"Lantern":13,"Centennial Puzzle":25,"HornCleat":23,"Juzu Bracelet":8,"Smiling Mask":26,"Burning Blood":0,"Runic Pyramid":17},{"Potion Belt":8,"Anchor":7,"Lantern":9,"Centennial Puzzle":16,"HornCleat":15,"Juzu Bracelet":7,"Smiling Mask":16,"Burning Blood":0,"Runic Pyramid":11},{"Potion Belt":27,"Anchor":20,"Lantern":30,"Centennial Puzzle":58,"HornCleat":55,"Juzu Bracelet":20,"Smiling Mask":58,"Burning Blood":0,"Runic Pyramid":40}],"Burning Blood":108},"card_choices":[{"not_picked":["Body Slam","Anger"],"picked":"Pommel Strike","floor":1.0},{"not_picked":["Body Slam","Havoc"],"picked":"Immolate","floor":2.0},{"not_picked":["Burning Pact","Rupture","Sever Soul"],"picked":"SKIP","floor":3.0},{"not_picked":["Infernal Blade","Burning Pact","Heavy Blade"],"picked":"SKIP","floor":4.0},{"not_picked":["Anger","Cleave","Second Wind"],"picked":"SKIP","floor":5.0},{"not_picked":["Warcry","Anger"],"picked":"Evolve","floor":7.0},{"not_picked":["Inflame","Iron Wave"],"picked":"Armaments","floor":8.0},{"not_picked":["Twin Strike","Sword Boomerang"],"picked":"Dropkick","floor":11.0},{"not_picked":["Spot Weakness","Rage","Clothesline"],"picked":"SKIP","floor":12.0},{"not_picked":["Warcry","Disarm","Armaments"],"picked":"SKIP","floor":14.0},{"not_picked":["Exhume","Immolate"],"picked":"Feed","floor":16.0},{"not_picked":["Havoc","Fire Breathing","Combust+1"],"picked":"SKIP","floor":18.0},{"not_picked":["True Grit","Pommel Strike","Fire Breathing"],"picked":"SKIP","floor":20.0},{"not_picked":["Heavy Blade+1","Dark Embrace","Havoc"],"picked":"SKIP","floor":22.0},{"not_picked":["Warcry","Wild Strike"],"picked":"Seeing Red","floor":23.0},{"not_picked":["Wild Strike+1","Iron Wave"],"picked":"Barricade","floor":25.0},{"not_picked":["Sword Boomerang+1","Whirlwind","Cleave"],"picked":"SKIP","floor":29},{"not_picked":["Pommel Strike","Cleave","Clash"],"picked":"SKIP","floor":30}],"player_experience":2266713,"relics_obtained":[{"floor":8.0,"key":"Juzu Bracelet"},{"floor":9.0,"key":"Anchor"},{"floor":11.0,"key":"Potion Belt"},{"floor":23.0,"key":"HornCleat"},{"floor":25.0,"key":"Centennial Puzzle"},{"floor":26.0,"key":"Smiling Mask"}],"event_choices":[{"damage_healed":0.0,"max_hp_gain":0.0,"max_hp_loss":0.0,"gold_gain":0.0,"event_name":"Lab","player_choice":"Got Potions","floor":28.0,"gold_loss":0.0,"damage_taken":0.0},{"cards_removed":["Strike_R"],"damage_healed":0,"gold_gain":0,"player_choice":"Gave Gold","damage_taken":0,"max_hp_gain":0,"max_hp_loss":0,"event_name":"Beggar","floor":31,"gold_loss":75}],"is_beta":false,"boss_relics":[{"not_picked":["Sozu","Empty Cage"],"picked":"Runic Pyramid"}],"items_purged_floors":[13,19],"is_endless":false,"potions_floor_spawned":[3,4,7,12,16,20,23,29],"killed_by":"Automaton","ascension_level":20}}