{"host":"78hrz0ylpj9lzvi8","time":1608056542,"event":{"mods":["BaseMod","Bestiary","Block Reminder","Curses Come First","Minty Spire (QoL Compilation)","Quick Restart","Random Character Button","Relic Stats","StSLib"],"gold_per_floor":[218,10,85,104,104,104,129,129,155,186,197,227,227,260,260,338,338,350,367,382,401,31,31,64,64,64,92,14,14,14,14,14,92,92,109,109,10,10,24,24,35,35,35],"floor_reached":42,"playtime":2732,"items_purged":["Strike_P"],"score":1150,"play_id":"f51535ee-7501-4a7a-907a-0ce2620d5b31","local_time":"20201215152222","is_ascension_mode":true,"campfire_choices":[{"data":"Eruption","floor":6.0,"key":"SMITH"},{"data":"TalkToTheHand","floor":8.0,"key":"SMITH"},{"data":"TalkToTheHand","floor":13.0,"key":"SMITH"},{"data":"Vigilance","floor":15.0,"key":"SMITH"},{"data":"Strike_P","floor":23.0,"key":"PURGE"},{"data":"Strike_P","floor":25.0,"key":"PURGE"},{"data":"Strike_P","floor":29.0,"key":"PURGE"},{"data":"Defend_P","floor":32.0,"key":"PURGE"},{"data":"Defend_P","floor":40,"key":"PURGE"}],"circlet_count":0,"master_deck":["AscendersBane","Defend_P+1","Eruption+1","Vigilance+1","TalkToTheHand+1","SandsOfTime","BowlingBash","Brilliance","Conclude","EmptyBody+1","TalkToTheHand+1","Wireheading+1","Blasphemy","CurseOfTheBell","CutThroughFate","Weave","FlyingSleeves","DevaForm+1","ReachHeaven","SpiritShield","Apotheosis+1","Adaptation+1","Protect"],"relics":["PureWater","Vajra","Nunchaku","Frozen Egg 2","Odd Mushroom","War Paint","Calling Bell","Strawberry","Gremlin Horn","Ginger","Peace Pipe","Omamori","Oddly Smooth Stone","Blue Candle","Busted Crown"],"acts_visited":["Exordium","TheCity","TheBeyond"],"potions_floor_usage":[42,42],"damage_taken":[{"damage":0.0,"enemies":"Jaw Worm","floor":1.0,"turns":3.0},{"damage":0.0,"enemies":"Small Slimes","floor":4.0,"turns":2.0},{"damage":0.0,"enemies":"Lagavulin","floor":7.0,"turns":3.0},{"damage":0.0,"enemies":"3 Sentries","floor":10.0,"turns":2.0},{"damage":0.0,"enemies":"2 Louse","floor":11.0,"turns":2.0},{"damage":4.0,"enemies":"The Mushroom Lair","floor":12.0,"turns":2.0},{"damage":0.0,"enemies":"Gremlin Nob","floor":14.0,"turns":3.0},{"damage":3.0,"enemies":"Hexaghost","floor":16.0,"turns":5.0},{"damage":0.0,"enemies":"Chosen","floor":18.0,"turns":3.0},{"damage":8.0,"enemies":"3 Byrds","floor":19.0,"turns":4.0},{"damage":13.0,"enemies":"Snecko","floor":20.0,"turns":6.0},{"damage":0.0,"enemies":"Chosen and Byrds","floor":21.0,"turns":4.0},{"damage":37.0,"enemies":"Slavers","floor":24.0,"turns":6.0},{"damage":10.0,"enemies":"Gremlin Leader","floor":27.0,"turns":5.0},{"damage":0.0,"enemies":"Champ","floor":33.0,"turns":11.0},{"damage":34,"enemies":"3 Darklings","floor":35,"turns":4},{"damage":0,"enemies":"3 Shapes","floor":39,"turns":4},{"damage":14,"enemies":"Writhing Mass","floor":41,"turns":7},{"damage":27,"enemies":"Reptomancer","floor":42,"turns":2}],"seed_played":"-1653946419701675694","potions_obtained":[{"floor":1.0,"key":"GamblersBrew"},{"floor":7.0,"key":"DistilledChaos"},{"floor":11.0,"key":"LiquidBronze"},{"floor":21.0,"key":"SpeedPotion"},{"floor":24.0,"key":"FairyPotion"},{"floor":27.0,"key":"Explosive Potion"},{"floor":35,"key":"BlessingOfTheForge"},{"floor":41,"key":"Regen Potion"}],"is_trial":false,"path_per_floor":["M","$","?","M","?","R","E","R","T","E","M","?","R","E","R","B",null,"M","M","M","M","$","R","E","R","T","E","$","R","?","?","R","B",null,"M","?","$","?","M","R","M","E"],"character_chosen":"WATCHER","items_purchased":["SandsOfTime","AttackPotion","Peace Pipe","Weak Potion","ReachHeaven","Adaptation+1","AttackPotion"],"campfire_rested":0,"item_purchase_floors":[2,2,22,22,28,37,37],"current_hp_per_floor":[61,61,50,50,43,43,43,43,43,43,43,39,39,39,39,36,67,67,59,46,46,46,46,9,9,9,22,22,22,22,22,22,22,62,28,28,28,28,28,28,14,0,0],"gold":35,"neow_bonus":"HUNDRED_GOLD","is_daily":false,"chose_seed":false,"campfire_upgraded":4,"win_rate":0.0,"timestamp":1608056542,"path_taken":["M","$","?","M","?","R","E","R","T","E","M","?","R","E","R","BOSS","M","M","M","M","$","R","E","R","T","E","$","R","?","?","R","BOSS","M","?","$","?","M","R","?","E"],"items_purchased_type":["Card","Potion","Relic","Potion","Card","Card","Potion"],"build_version":"2020-12-13","purchased_purges":1,"victory":false,"max_hp_per_floor":[68,68,68,68,68,68,68,68,68,68,68,68,68,68,68,68,75,75,75,75,75,75,75,75,75,75,75,75,75,75,75,75,75,75,75,75,75,75,75,75,75,75,75],"relic_stats":{"Peace Pipe":5,"Nunchaku":[18],"Busted Crown":8,"Gremlin Horn":[17,17],"counters":[19,78],"Blue Candle":[0],"Ginger":[20],"War Paint":["Defend_P","EmptyBody"],"obtain_stats":[{"Gremlin Horn":17,"Blue Candle":30,"Vajra":7,"Oddly Smooth Stone":27,"Omamori":24,"Ginger":17,"Frozen Egg 2":10,"Odd Mushroom":12,"War Paint":14,"Calling Bell":17,"Peace Pipe":22,"Nunchaku":9,"Busted Crown":34,"Strawberry":17,"PureWater":0},{"Gremlin Horn":8,"Blue Candle":14,"Vajra":3,"Oddly Smooth Stone":14,"Omamori":13,"Ginger":8,"Frozen Egg 2":4,"Odd Mushroom":6,"War Paint":7,"Calling Bell":8,"Peace Pipe":12,"Nunchaku":3,"Busted Crown":15,"Strawberry":8,"PureWater":0},{"Gremlin Horn":22,"Blue Candle":50,"Vajra":8,"Oddly Smooth Stone":50,"Omamori":45,"Ginger":22,"Frozen Egg 2":10,"Odd Mushroom":14,"War Paint":17,"Calling Bell":22,"Peace Pipe":39,"Nunchaku":8,"Busted Crown":61,"Strawberry":22,"PureWater":0}]},"card_choices":[{"not_picked":["ClearTheMind","Vengeance"],"picked":"TalkToTheHand","floor":1.0},{"not_picked":["CrushJoints","PathToVictory"],"picked":"BowlingBash","floor":4.0},{"not_picked":["ClearTheMind","Crescendo"],"picked":"Brilliance","floor":7.0},{"not_picked":["Ragnarok","MasterReality+1"],"picked":"Conclude","floor":10.0},{"not_picked":["SashWhip","PathToVictory"],"picked":"EmptyBody","floor":11.0},{"not_picked":["JustLucky","MentalFortress+1"],"picked":"TalkToTheHand","floor":12.0},{"not_picked":["EmptyMind","BowlingBash"],"picked":"Wireheading+1","floor":14.0},{"not_picked":["LessonLearned","DevaForm+1"],"picked":"Blasphemy","floor":16.0},{"not_picked":["Meditate","ClearTheMind"],"picked":"CutThroughFate","floor":18.0},{"not_picked":["Halt","ThirdEye"],"picked":"Weave","floor":19.0},{"not_picked":["Prostrate","ClearTheMind+1"],"picked":"FlyingSleeves","floor":20.0},{"not_picked":["Pray","SashWhip","Crescendo"],"picked":"SKIP","floor":21.0},{"not_picked":["BowlingBash","CarveReality"],"picked":"DevaForm+1","floor":24.0},{"not_picked":["Consecrate","FlurryOfBlows","FollowUp"],"picked":"SKIP","floor":27.0},{"not_picked":["Alpha","ConjureBlade"],"picked":"SpiritShield","floor":33.0},{"not_picked":["CutThroughFate"],"picked":"SKIP","floor":35},{"not_picked":[],"picked":"Apotheosis","floor":36},{"not_picked":["Prostrate"],"picked":"SKIP","floor":39},{"not_picked":[],"picked":"Protect","floor":41}],"player_experience":946230,"relics_obtained":[{"floor":7.0,"key":"Vajra"},{"floor":9.0,"key":"Nunchaku"},{"floor":10.0,"key":"Frozen Egg 2"},{"floor":12.0,"key":"Odd Mushroom"},{"floor":14.0,"key":"War Paint"},{"floor":17.0,"key":"Strawberry"},{"floor":17.0,"key":"Gremlin Horn"},{"floor":17.0,"key":"Ginger"},{"floor":24.0,"key":"Omamori"},{"floor":27.0,"key":"Oddly Smooth Stone"}],"event_choices":[{"damage_healed":0.0,"max_hp_gain":0.0,"max_hp_loss":0.0,"gold_gain":75.0,"event_name":"World of Goop","player_choice":"Gather Gold","floor":3.0,"gold_loss":0.0,"damage_taken":11.0},{"cards_removed":["Defend_P"],"damage_healed":0.0,"max_hp_gain":0.0,"max_hp_loss":0.0,"gold_gain":0.0,"event_name":"Golden Wing","player_choice":"Card Removal","floor":5.0,"gold_loss":0.0,"damage_taken":7.0},{"damage_healed":0.0,"max_hp_gain":0.0,"max_hp_loss":0.0,"gold_gain":0.0,"event_name":"Mushrooms","player_choice":"Fought Mushrooms","floor":12.0,"gold_loss":0.0,"damage_taken":0.0},{"damage_healed":0.0,"max_hp_gain":0.0,"max_hp_loss":0.0,"gold_gain":0.0,"event_name":"The Mausoleum","player_choice":"Opened","floor":30.0,"gold_loss":0.0,"damage_taken":0.0,"relics_obtained":["Blue Candle"],"cards_obtained":["Writhe"]},{"damage_healed":0.0,"max_hp_gain":0.0,"max_hp_loss":0.0,"gold_gain":0.0,"event_name":"Ghosts","player_choice":"Ignored","floor":31.0,"gold_loss":0.0,"damage_taken":0.0},{"damage_healed":0,"gold_gain":0,"player_choice":"Memory 1","damage_taken":0,"max_hp_gain":0,"max_hp_loss":0,"event_name":"SensoryStone","floor":36,"gold_loss":0},{"damage_healed":0,"gold_gain":0,"player_choice":"Forge","damage_taken":0,"max_hp_gain":0,"max_hp_loss":0,"event_name":"Accursed Blacksmith","floor":38,"gold_loss":0,"cards_upgraded":["Apotheosis"]}],"is_beta":false,"boss_relics":[{"not_picked":["Velvet Choker","Tiny House"],"picked":"Calling Bell"},{"not_picked":["Runic Pyramid","Pandora\u0027s Box"],"picked":"Busted Crown"}],"items_purged_floors":[2],"is_endless":false,"potions_floor_spawned":[1,7,11,21,24,27,35,41],"killed_by":"Reptomancer","ascension_level":20}}