{"host":"k3q0k2m1mxhfmd6y","time":1608068166,"event":{"mods":["AchievementEnabler","BaseMod","BetterRewards","Colored Map","Colored Powertips","Downfall","Googly Eyes","Hubris","Minty Spire (QoL Compilation)","Permanent Neow","Quick Restart","Replay The Spire","StSLib","SuperFastMode","The IronCluck","slay the spire mod where everything is the same but ironclad has a cowboy hat"],"gold_per_floor":[99,99,99,134,134,309,335,348,360,360,374,391,403,243,263,368,368,368,368,35,50,50,69,120,137,167,167,185,285,305,138,151,250,250,250,265,265,280,314,314,314,327,327,327,338,25,25,36,49,49],"floor_reached":51,"playtime":2189,"items_purged":["Doubt"],"score":801,"play_id":"c513a36f-dfc0-40b3-8c14-2430df4816b0","local_time":"20201215213606","is_ascension_mode":false,"campfire_choices":[{"data":"hexamod:SpectersWail","floor":3,"key":"SMITH"},{"data":"hexamod:SoulSteal","floor":10,"key":"SMITH"},{"data":"hexamod:WildfireWeapon","floor":18,"key":"SMITH"},{"data":"hexamod:TimeOfNeed","floor":22,"key":"SMITH"},{"data":"hexamod:SearingWound","floor":27,"key":"SMITH"},{"data":"hexamod:TimeOfNeed","floor":35,"key":"SMITH"},{"data":"hexamod:HexaLevel","floor":37,"key":"SMITH"},{"data":"hexamod:Sear","floor":44,"key":"SMITH"}],"circlet_count":0,"master_deck":["hexamod:Strike+1","hexamod:Strike+1","hexamod:Strike+1","hexamod:Strike+1","hexamod:Defend+1","hexamod:Defend+1","hexamod:Defend+1","hexamod:Defend+1","hexamod:Sear+1","hexamod:Float","hexamod:SpectersWail+1","hexamod:Firestarter+1","hexamod:NightmareGuise","hexamod:SoulSteal+1","hexamod:HeatCrush","hexamod:EmpoweredFlame","hexamod:SkipABeat","hexamod:TimeOfNeed+1","hexamod:ShieldOfDarkness","hexamod:WildfireWeapon+1","hexamod:HeatMetal+1","hexamod:SearingWound+1","hexamod:HexaLevel+1","hexamod:ChargedBarrage+1","hexamod:TimeOfNeed+1","hexamod:PhantomFireball+1","hexamod:EtherealExpedition+1","hexamod:BurningTouch","Parasite"],"relics":["hexamod:SpiritBrand","downfall:HeartsMalice","Question Card","Anchor","Guardian:BottledAnomaly","Velvet Choker","hubris:PeanutButter","Toy Ornithopter","Pear","White Beast Statue","Sling","hubris:ScarierMask","Pet Ghost","HornCleat","hubris:Icosahedron","Whetstone","TheAbacus"],"acts_visited":["Exordium","TheCity","TheBeyond"],"potions_floor_usage":[9,16,16,16,20,29,29,29,33,33,33,33,50,50,50],"damage_taken":[{"damage":0,"enemies":"Jaw Worm","floor":2,"turns":1},{"damage":0,"enemies":"Gremlin Nob","floor":4,"turns":1},{"damage":0,"enemies":"2 Louse","floor":5,"turns":1},{"damage":0,"enemies":"Cultist","floor":8,"turns":3},{"damage":0,"enemies":"Large Slime","floor":9,"turns":5},{"damage":0,"enemies":"3 Louse","floor":11,"turns":2},{"damage":0,"enemies":"2 Fungi Beasts","floor":12,"turns":3},{"damage":0,"enemies":"Exordium Wildlife","floor":13,"turns":3},{"damage":0,"enemies":"downfall:FleeingMerchant","floor":14,"turns":4},{"damage":6,"enemies":"Blue Slaver","floor":15,"turns":3},{"damage":23,"enemies":"downfall:Silent","floor":16,"turns":7},{"damage":0,"enemies":"downfall:FleeingMerchant","floor":20,"turns":4},{"damage":0,"enemies":"Spheric Guardian","floor":21,"turns":3},{"damage":0,"enemies":"Snake Plant","floor":23,"turns":3},{"damage":7,"enemies":"Snecko","floor":25,"turns":3},{"damage":9,"enemies":"Slavers","floor":26,"turns":4},{"damage":0,"enemies":"Centurion and Healer","floor":28,"turns":4},{"damage":0,"enemies":"downfall:LadyInBlue","floor":29,"turns":4},{"damage":33,"enemies":"Sentry and Sphere","floor":30,"turns":6},{"damage":0,"enemies":"downfall:FleeingMerchant","floor":31,"turns":4},{"damage":2,"enemies":"3 Cultists","floor":32,"turns":5},{"damage":0,"enemies":"downfall:Defect","floor":33,"turns":6},{"damage":0,"enemies":"3 Shapes","floor":36,"turns":3},{"damage":0,"enemies":"3 Darklings","floor":38,"turns":5},{"damage":38,"enemies":"Giant Head","floor":39,"turns":8},{"damage":0,"enemies":"Sphere and 2 Shapes","floor":42,"turns":2},{"damage":41,"enemies":"Spire Growth","floor":45,"turns":6},{"damage":0,"enemies":"downfall:FleeingMerchant","floor":46,"turns":4},{"damage":0,"enemies":"Writhing Mass","floor":48,"turns":5},{"damage":0,"enemies":"4 Shapes","floor":49,"turns":3},{"damage":3,"enemies":"downfall:Watcher","floor":50,"turns":8}],"seed_played":"-1200765398875757683","potions_obtained":[{"floor":1,"key":"Cursed Concoction"},{"floor":1,"key":"LiquidBronze"},{"floor":8,"key":"hexamod:EctoCoolerPotion"},{"floor":9,"key":"SpeedPotion"},{"floor":11,"key":"Toxic Potion"},{"floor":16,"key":"EntropicBrew"},{"floor":29,"key":"Cursed Concoction"},{"floor":29,"key":"LiquidMemories"},{"floor":29,"key":"EntropicBrew"},{"floor":30,"key":"Slimebound:ThreeZeroPotion"},{"floor":33,"key":"Adrenaline Potion"},{"floor":36,"key":"Ancient Potion"},{"floor":38,"key":"Doom Potion"},{"floor":45,"key":"SkillPotion"},{"floor":48,"key":"AttackPotion"},{"floor":49,"key":"CultistPotion"}],"is_trial":false,"path_per_floor":["R_BF","M","R","E","M","?","T","M","M","R","M","M","M","$","M","B",null,"R","?","$","M","R","M","T","M","E","R","M","?","M","$","M","B",null,"R","M","R","M","E","?","T","M","?","R","M","$","?","M","M","B",null],"character_chosen":"THE_SPIRIT","items_purchased":["Guardian:BottledAnomaly","hubris:PeanutButter","Sling","Whetstone","TheAbacus"],"campfire_rested":0,"item_purchase_floors":[14,20,31,46,46],"current_hp_per_floor":[70,70,70,70,70,70,70,70,70,70,70,70,70,70,64,41,70,70,70,70,70,70,70,70,63,64,64,64,79,46,46,44,64,80,80,80,80,80,42,70,70,70,70,70,29,29,29,29,29,41],"gold":49,"neow_bonus":"THREE_ENEMY_KILL","is_daily":false,"chose_seed":false,"campfire_upgraded":8,"win_rate":0.0,"timestamp":1608068166,"path_taken":["R_BF","M","R","E","M","?","T","M","M","R","M","M","M","$","M","BOSS","R","?","?","?","R","M","T","M","E","R","M","?","?","$","M","BOSS","R","M","R","M","E","?","T","M","?","R","M","$","?","M","M","BOSS"],"items_purchased_type":["Relic","Relic","Relic","Relic","Relic"],"build_version":"2020-12-13","purchased_purges":1,"victory":true,"max_hp_per_floor":[70,70,70,70,70,70,70,70,70,70,70,70,70,70,70,70,70,70,70,70,70,70,70,70,70,80,80,80,80,80,80,80,80,80,80,80,80,80,80,70,70,70,70,70,70,70,70,70,70,70],"card_choices":[{"not_picked":["hexamod:SwordOfDarkness","hexamod:FirstSeal"],"picked":"hexamod:SpectersWail","floor":2},{"not_picked":["hexamod:GhostLash","hexamod:RetreatToShadows"],"picked":"hexamod:Firestarter","floor":4},{"not_picked":["hexamod:FourthSeal","hexamod:PhantomCloak","hexamod:BacktrackSmack"],"picked":"hexamod:NightmareGuise","floor":5},{"not_picked":["hexamod:HeatShield","hexamod:NightmareGuise","hexamod:SwordOfDarkness"],"picked":"hexamod:SoulSteal","floor":8},{"not_picked":["hexamod:EtherealExpedition","hexamod:RainOfEmbers","hexamod:StepThrough"],"picked":"hexamod:HeatCrush","floor":9},{"not_picked":["hexamod:SwordOfDarkness","hexamod:SecondSeal","hexamod:NightmareStrike"],"picked":"hexamod:EmpoweredFlame","floor":11},{"not_picked":["hexamod:SpectralAdrenaline","hexamod:HeatCrush","hexamod:FirstSeal"],"picked":"hexamod:SkipABeat","floor":12},{"not_picked":["hexamod:SecondSeal","hexamod:RetreatToShadows","hexamod:GhostShield"],"picked":"hexamod:TimeOfNeed","floor":13},{"not_picked":["hexamod:GhostLash","hexamod:NightmareStrike","hexamod:Hexaguard"],"picked":"hexamod:ShieldOfDarkness","floor":14},{"not_picked":["hexamod:Firestarter","hexamod:SecondSeal","hexamod:InspiringFlames","hexamod:Again"],"picked":"SKIP","floor":15},{"not_picked":["hexamod:UnleashSpirits","hexamod:CrushingStance","hexamod:FifthSeal"],"picked":"hexamod:WildfireWeapon","floor":16},{"not_picked":["hexamod:AdvancingGuard","hexamod:RainOfEmbers+1","hexamod:SkipABeat","hexamod:InspiringFlames+1"],"picked":"SKIP","floor":20},{"not_picked":["hexamod:SkipABeat","hexamod:BacktrackSmack","hexamod:NightmareStrike","hexamod:RetreatToShadows"],"picked":"SKIP","floor":21},{"not_picked":["hexamod:FourthSeal","hexamod:SwordOfDarkness","hexamod:ShieldOfDarkness"],"picked":"hexamod:HeatMetal","floor":23},{"not_picked":["hexamod:HauntingEcho","hexamod:SpectersWail","hexamod:Hexaguard","hexamod:FastForward"],"picked":"SKIP","floor":25},{"not_picked":["hexamod:NightmareStrike+1","hexamod:GhostOfSpirePresent","hexamod:SkipABeat"],"picked":"hexamod:SearingWound","floor":26},{"not_picked":["hexamod:Firestarter","hexamod:AdvancingGuard","hexamod:BacktrackSmack","hexamod:NightmareStrike"],"picked":"SKIP","floor":28},{"not_picked":["hexamod:ThermalTransfer","hexamod:BacktrackSmack","hexamod:RainOfEmbers"],"picked":"hexamod:HexaLevel","floor":29},{"not_picked":["hexamod:Haunt","hexamod:RainOfEmbers","hexamod:AdvancingGuard","hexamod:Hexaguard"],"picked":"SKIP","floor":30},{"not_picked":["hexamod:GhostflameInferno","hexamod:Hexaguard+1","hexamod:GhostShield","hexamod:RadiantFlame"],"picked":"SKIP","floor":31},{"not_picked":["hexamod:Firestarter","hexamod:GhostLash","hexamod:PhantomFireball"],"picked":"hexamod:ChargedBarrage+1","floor":32},{"not_picked":["hexamod:GhostflameInferno","hexamod:EmpoweringStance","hexamod:SixthSeal"],"picked":"hexamod:TimeOfNeed","floor":33},{"not_picked":["hexamod:SecondSeal","hexamod:Again+1","hexamod:Hexaguard+1"],"picked":"hexamod:PhantomFireball+1","floor":36},{"not_picked":["hexamod:RadiantFlame","hexamod:BacktrackSmack+1","hexamod:SkipABeat+1"],"picked":"hexamod:EtherealExpedition+1","floor":38},{"not_picked":["hexamod:RadiantFlame+1","hexamod:NightmareStrike+1","hexamod:FastForward","hexamod:ShieldOfDarkness+1"],"picked":"SKIP","floor":39},{"not_picked":["hexamod:Firestarter+1","hexamod:HeatShield","hexamod:ThirdSeal","hexamod:FourthSeal"],"picked":"SKIP","floor":42},{"not_picked":["hexamod:AdvancingGuard","hexamod:BacktrackSmack","hexamod:RecurringNightmare+1","hexamod:NightmareGuise"],"picked":"SKIP","floor":45},{"not_picked":["hexamod:GhostShield","hexamod:NightmareStrike+1","hexamod:RetreatToShadows+1"],"picked":"hexamod:BurningTouch","floor":46},{"not_picked":["hexamod:Firestarter","hexamod:AdvancingGuard","hexamod:WildfireWeapon","hexamod:ThirdSeal"],"picked":"SKIP","floor":48},{"not_picked":["hexamod:Hexaguard+1","hexamod:ChargedBarrage+1","hexamod:ShieldOfDarkness","hexamod:SpectersWail+1"],"picked":"SKIP","floor":49}],"player_experience":105543,"relics_obtained":[{"floor":4,"key":"Question Card"},{"floor":7,"key":"Anchor"},{"floor":24,"key":"Toy Ornithopter"},{"floor":26,"key":"Pear"},{"floor":29,"key":"White Beast Statue"},{"floor":39,"key":"Pet Ghost"},{"floor":41,"key":"HornCleat"}],"event_choices":[{"damage_healed":0,"gold_gain":0,"player_choice":"Simplicity","damage_taken":0,"max_hp_gain":0,"max_hp_loss":0,"event_name":"Back to Basics","floor":19,"gold_loss":0,"cards_upgraded":["hexamod:Strike","hexamod:Strike","hexamod:Strike","hexamod:Strike","hexamod:Defend","hexamod:Defend","hexamod:Defend","hexamod:Defend"]}],"is_beta":false,"boss_relics":[{"not_picked":["Cursed Key","Replay:Grab Bag"],"picked":"Velvet Choker"},{"not_picked":["SlaversCollar","Painkiller Herb"],"picked":"hubris:ScarierMask"}],"items_purged_floors":[20],"is_endless":false,"potions_floor_spawned":[8,9,11,15,16,25,30,31,32,33,36,38,39,42,45,46,48,49],"ascension_level":0}}