{"host":"8b6x5jh5dgxmxtlw","time":1608038049,"event":{"mods":["AchievementEnabler","BaseMod","Better Altar","Better Match","Better Note","Better Sensory Stone","Better Skull","Better Third Choice","BetterRewards","Colored Map","Downfall","GifTheSpireLib","Hermit","Highlight Path","Minty Spire (QoL Compilation)","Permanent Neow","StSLib","Unceasing Turn Reminder"],"gold_per_floor":[18,18,38,138,156,156,156,168,195,195,220,236,247,274,274,369,369,351,366,366,386,486,486,486,486],"floor_reached":24,"playtime":1830,"items_purged":[],"score":208,"play_id":"94e61239-d7e8-4f5e-97f7-2538833972b8","local_time":"20201215081409","is_ascension_mode":false,"campfire_choices":[{"data":"Blizzard","floor":6.0,"key":"SMITH"},{"data":"Secret Weapon","floor":10.0,"key":"SMITH"},{"data":"Capacitor","floor":15.0,"key":"SMITH"},{"data":"Blizzard","floor":23.0,"key":"SMITH"}],"circlet_count":0,"master_deck":["Strike_B","Strike_B","Strike_B","Defend_B","Defend_B","Defend_B","Defend_B","Zap","Dualcast","Secret Weapon+1","Cold Snap","Cold Snap","Blizzard+1","Stack","Rebound","Coolheaded","Beam Cell","Capacitor+1","Biased Cognition","CurseOfTheBell","Stack+1","Go for the Eyes+1","Blizzard+1"],"relics":["Cracked Core","Juzu Bracelet","Strawberry","Boot","Calling Bell","Lantern","Toxic Egg 2","Bird Faced Urn"],"acts_visited":["Exordium","TheCity"],"potions_floor_usage":[],"damage_taken":[{"damage":0.0,"enemies":"2 Louse","floor":1.0,"turns":2.0},{"damage":0.0,"enemies":"Cultist","floor":3.0,"turns":4.0},{"damage":1.0,"enemies":"Jaw Worm","floor":5.0,"turns":2.0},{"damage":3.0,"enemies":"Looter","floor":8.0,"turns":3.0},{"damage":1.0,"enemies":"Lagavulin","floor":11.0,"turns":8.0},{"damage":5.0,"enemies":"2 Fungi Beasts","floor":12.0,"turns":3.0},{"damage":0.0,"enemies":"Exordium Wildlife","floor":13.0,"turns":3.0},{"damage":1.0,"enemies":"3 Sentries","floor":14.0,"turns":7.0},{"damage":25.0,"enemies":"Hexaghost","floor":16.0,"turns":10.0},{"damage":16.0,"enemies":"2 Thieves","floor":18.0,"turns":4.0},{"damage":0.0,"enemies":"3 Byrds","floor":19.0,"turns":5.0},{"damage":11.0,"enemies":"Centurion and Healer","floor":21.0,"turns":10.0},{"damage":71,"enemies":"Slavers","floor":24,"turns":8}],"seed_played":"5285765643589766032","potions_obtained":[{"floor":1.0,"key":"EssenceOfSteel"},{"floor":5.0,"key":"Weak Potion"},{"floor":12.0,"key":"FocusPotion"},{"floor":14.0,"key":"PowerPotion"},{"floor":16.0,"key":"champ:CounterPotion"},{"floor":18.0,"key":"Block Potion"}],"is_trial":false,"path_per_floor":["M","?","M","?","M","R","?","M","T","R","E","M","M","E","R","B",null,"M","M","?","M","?","R","E"],"character_chosen":"DEFECT","items_purchased":[],"campfire_rested":0,"item_purchase_floors":[],"current_hp_per_floor":[75,75,75,75,74,74,74,71,71,71,77,72,72,71,71,46,82,68,72,72,65,65,65,0,0],"gold":486,"neow_bonus":"RANDOM_COLORLESS_2","is_daily":false,"chose_seed":false,"campfire_upgraded":4,"win_rate":0.0,"timestamp":1608038049,"path_taken":["M","?","M","?","?","R","?","M","T","R","E","M","M","E","R","BOSS","M","M","?","M","?","R","E"],"items_purchased_type":[],"build_version":"2020-12-13","purchased_purges":0,"victory":false,"max_hp_per_floor":[75,75,75,75,75,75,75,75,75,75,82,82,82,82,82,82,82,82,82,82,82,82,82,82,82],"card_choices":[{"not_picked":["Metamorphosis","Mayhem"],"picked":"Secret Weapon","floor":0.0},{"not_picked":["Hologram","Self Repair"],"picked":"Cold Snap","floor":1.0},{"not_picked":["Skim","Scrape"],"picked":"Cold Snap","floor":3.0},{"not_picked":["Undo","Cold Snap"],"picked":"Blizzard","floor":5.0},{"not_picked":["Sweeping Beam","Melter"],"picked":"Stack","floor":8.0},{"not_picked":["Consume","Darkness"],"picked":"Rebound","floor":11.0},{"not_picked":["Barrage","Go for the Eyes"],"picked":"Coolheaded","floor":12.0},{"not_picked":["Leap","Sunder"],"picked":"Beam Cell","floor":13.0},{"not_picked":["White Noise","Cold Snap"],"picked":"Capacitor","floor":14.0},{"not_picked":["Electrodynamics","Rainbow"],"picked":"Biased Cognition","floor":16.0},{"not_picked":["Compile Driver+1","Turbo+1"],"picked":"Stack+1","floor":18.0},{"not_picked":["Reinforced Body+1","Hello World+1"],"picked":"Go for the Eyes+1","floor":19.0},{"not_picked":["Gash","Undo+1"],"picked":"Blizzard","floor":21.0}],"player_experience":100333,"relics_obtained":[{"floor":9.0,"key":"Juzu Bracelet"},{"floor":11.0,"key":"Strawberry"},{"floor":14.0,"key":"Boot"},{"floor":17.0,"key":"Lantern"},{"floor":17.0,"key":"Toxic Egg 2"},{"floor":17.0,"key":"Bird Faced Urn"}],"event_choices":[{"cards_removed":["Strike_B"],"damage_healed":0.0,"max_hp_gain":0.0,"max_hp_loss":0.0,"gold_gain":0.0,"event_name":"Living Wall","player_choice":"Forget","floor":2.0,"gold_loss":0.0,"damage_taken":0.0},{"damage_healed":0.0,"max_hp_gain":0.0,"max_hp_loss":0.0,"gold_gain":100.0,"event_name":"Golden Shrine","player_choice":"Pray","floor":4.0,"gold_loss":0.0,"damage_taken":0.0},{"damage_healed":74.0,"max_hp_gain":0.0,"max_hp_loss":75.0,"gold_gain":0.0,"event_name":"betterThird:BetterShining","player_choice":"Leave","floor":7.0,"gold_loss":0.0,"damage_taken":0.0},{"damage_healed":0.0,"max_hp_gain":0.0,"max_hp_loss":0.0,"gold_gain":0.0,"event_name":"FaceTrader","player_choice":"Leave","floor":20.0,"gold_loss":0.0,"damage_taken":0.0},{"damage_healed":0.0,"max_hp_gain":0.0,"max_hp_loss":0.0,"gold_gain":100.0,"event_name":"Golden Shrine","player_choice":"Pray","floor":22.0,"gold_loss":0.0,"damage_taken":0.0}],"is_beta":false,"boss_relics":[{"not_picked":["Coffee Dripper","Fusion Hammer"],"picked":"Calling Bell"}],"items_purged_floors":[],"is_endless":false,"potions_floor_spawned":[1,5,12,14,16,18],"killed_by":"Slavers","ascension_level":0}}