{"host":"Tuck","time":1608034447,"event":{"mods":["BaseMod","Minty Spire (QoL Compilation)","StSLib"],"gold_per_floor":[212,89,89,189,209,235,235,262,287,321,337,350,378,391,391,490,490,502,502,515,515,59,89,89,89,89,89,19,35,35,65,65,168,168,185,202,202,253,270,297,297,322,322,197,197,217,231,263,263,263,263,263,191,225,225],"floor_reached":56,"playtime":5409,"items_purged":["Strike_B","Strike_B","Strike_B+1"],"score":1612,"play_id":"b34c68ed-4d20-44de-a26e-54beb71bd0f9","local_time":"20201215051407","is_ascension_mode":true,"campfire_choices":[{"data":"Barrage","floor":7.0,"key":"SMITH"},{"data":"Coolheaded","floor":15.0,"key":"SMITH"},{"data":"Loop","floor":25.0,"key":"SMITH"},{"data":"Capacitor","floor":27.0,"key":"SMITH"},{"data":"Defragment","floor":32.0,"key":"SMITH"},{"data":"Consume","floor":41,"key":"SMITH"},{"floor":45,"key":"RECALL"},{"data":"Defragment","floor":49,"key":"SMITH"},{"data":"Capacitor","floor":52,"key":"SMITH"}],"circlet_count":0,"master_deck":["Defend_B","Defend_B","Defend_B","Dualcast","Loop+1","Ball Lightning","Barrage+1","Compile Driver","Capacitor+1","Self Repair","Loop+1","Sweeping Beam","Echo Form","Coolheaded+1","Genetic Algorithm","Echo Form","Glacier","Hologram","Turbo+1","Hologram","Echo Form","Ball Lightning","Capacitor+1","Defragment+1","Chill","Consume+1","Machine Learning","Rainbow","Hologram+1","Loop+1","Self Repair+1","Glacier","Go for the Eyes+1","Recycle+1","Defragment+1","Capacitor","Core Surge","Blizzard","Blizzard+1"],"relics":["Cracked Core","Bag of Preparation","Prayer Wheel","Centennial Puzzle","Blue Candle","Happy Flower","SlaversCollar","Lantern","DollysMirror","Thread and Needle","Mercury Hourglass","Pear","Black Star","Torii","Mango","Bottled Tornado","CaptainsWheel","Regal Pillow","Vajra","Bottled Flame","Lizard Tail","Ice Cream"],"acts_visited":["TheEnding"],"potions_floor_usage":[55,55],"damage_taken":[{"damage":3.0,"enemies":"Jaw Worm","floor":1.0,"turns":4.0},{"damage":0.0,"enemies":"Small Slimes","floor":5.0,"turns":2.0},{"damage":21.0,"enemies":"Lagavulin","floor":6.0,"turns":5.0},{"damage":6.0,"enemies":"Gremlin Nob","floor":8.0,"turns":3.0},{"damage":8.0,"enemies":"3 Sentries","floor":10.0,"turns":4.0},{"damage":0.0,"enemies":"Cultist","floor":11.0,"turns":3.0},{"damage":4.0,"enemies":"Exordium Wildlife","floor":12.0,"turns":3.0},{"damage":8.0,"enemies":"Lagavulin","floor":13.0,"turns":3.0},{"damage":4.0,"enemies":"2 Fungi Beasts","floor":14.0,"turns":3.0},{"damage":9.0,"enemies":"Slime Boss","floor":16.0,"turns":6.0},{"damage":8.0,"enemies":"Chosen","floor":18.0,"turns":5.0},{"damage":0.0,"enemies":"2 Thieves","floor":20.0,"turns":4.0},{"damage":26.0,"enemies":"Gremlin Leader","floor":23.0,"turns":7.0},{"damage":4.0,"enemies":"Shelled Parasite and Fungi","floor":29.0,"turns":6.0},{"damage":0.0,"enemies":"Book of Stabbing","floor":31.0,"turns":6.0},{"damage":0.0,"enemies":"Champ","floor":33.0,"turns":7.0},{"damage":0.0,"enemies":"Orb Walker","floor":35.0,"turns":4.0},{"damage":2,"enemies":"3 Darklings","floor":36,"turns":8},{"damage":4,"enemies":"2 Orb Walkers","floor":38,"turns":5},{"damage":0,"enemies":"Spire Growth","floor":39,"turns":6},{"damage":0,"enemies":"Nemesis","floor":40,"turns":8},{"damage":0,"enemies":"Giant Head","floor":42,"turns":7},{"damage":0,"enemies":"Maw","floor":46,"turns":7},{"damage":6,"enemies":"Writhing Mass","floor":47,"turns":9},{"damage":0,"enemies":"Nemesis","floor":48,"turns":13},{"damage":0,"enemies":"Donu and Deca","floor":50,"turns":8},{"damage":0,"enemies":"Shield and Spear","floor":54,"turns":6},{"damage":7,"enemies":"The Heart","floor":55,"turns":10}],"seed_played":"620986586047015583","potions_obtained":[{"floor":1.0,"key":"SkillPotion"},{"floor":6.0,"key":"PotionOfCapacity"},{"floor":10.0,"key":"SneckoOil"},{"floor":11.0,"key":"Dexterity Potion"},{"floor":13.0,"key":"AttackPotion"}],"is_trial":false,"path_per_floor":["M","$","?","?","M","E","R","E","T","E","M","M","E","M","R","B",null,"M","?","M","?","$","E","?","R","T","R","$","M","?","E","R","B",null,"M","M","?","?","M","E","R","E","T","$","R","M","M","E","R","B",null,"R","$","E","B",null],"character_chosen":"DEFECT","items_purchased":["Ball Lightning","Hologram","Lantern","DollysMirror","Defragment","Blizzard"],"campfire_rested":0,"item_purchase_floors":[2,22,22,22,28,53],"current_hp_per_floor":[72,72,57,57,57,36,36,30,30,22,22,25,24,34,34,32,75,75,75,75,75,75,63,63,63,63,63,63,73,59,83,83,90,90,90,90,90,90,90,104,104,104,104,104,104,104,104,104,104,104,104,104,104,104,104],"gold":225,"neow_bonus":"HUNDRED_GOLD","is_daily":false,"chose_seed":false,"campfire_upgraded":8,"win_rate":0.0,"timestamp":1608034447,"path_taken":["M","$","?","?","M","E","R","E","T","E","M","M","E","?","R","BOSS","M","?","M","?","$","E","?","R","T","R","?","M","?","E","R","BOSS","M","M","?","?","?","E","R","E","T","$","R","M","M","E","R","BOSS","R","$","E","BOSS"],"items_purchased_type":["Card","Card","Relic","Relic","Card","Card"],"build_version":"2020-12-07","purchased_purges":3,"victory":true,"max_hp_per_floor":[75,75,75,75,75,75,75,75,75,75,75,75,75,75,75,75,75,75,75,75,75,75,75,75,75,75,75,75,75,80,90,90,90,90,90,90,90,90,90,104,104,104,104,104,104,104,104,104,104,104,104,104,104,104,104],"card_choices":[{"not_picked":["Reinforced Body","Hologram"],"picked":"Loop","floor":1.0},{"not_picked":["Sweeping Beam","Sunder"],"picked":"Barrage","floor":5.0},{"not_picked":["Beam Cell","Lockon"],"picked":"Compile Driver","floor":6.0},{"not_picked":["BootSequence","White Noise","Compile Driver"],"picked":"SKIP","floor":8.0},{"not_picked":["Glacier","Meteor Strike"],"picked":"Capacitor","floor":10.0},{"not_picked":["Beam Cell","Stack"],"picked":"Self Repair","floor":11.0},{"not_picked":["Leap","Go for the Eyes","Beam Cell"],"picked":"SKIP","floor":11.0},{"not_picked":["Reinforced Body","Rebound"],"picked":"Loop","floor":12.0},{"not_picked":["BootSequence","FTL"],"picked":"Sweeping Beam","floor":12.0},{"not_picked":["Loop","Reprogram"],"picked":"Echo Form","floor":13.0},{"not_picked":["Ball Lightning","Cold Snap"],"picked":"Coolheaded","floor":14.0},{"not_picked":["Barrage","Undo"],"picked":"Genetic Algorithm","floor":14.0},{"not_picked":["All For One","Electrodynamics"],"picked":"Echo Form","floor":16.0},{"not_picked":["Rebound+1","Storm"],"picked":"Glacier","floor":18.0},{"not_picked":["Coolheaded","Fusion"],"picked":"Hologram","floor":18.0},{"not_picked":["Chaos+1","Genetic Algorithm+1"],"picked":"Turbo+1","floor":20.0},{"not_picked":["Lockon","Redo","Sweeping Beam+1"],"picked":"SKIP","floor":20.0},{"not_picked":["Cold Snap","Go for the Eyes"],"picked":"Self Repair","floor":23.0},{"not_picked":["Gash","Blizzard+1"],"picked":"Chill","floor":29.0},{"not_picked":["Recycle","Beam Cell"],"picked":"Consume","floor":29.0},{"not_picked":["Leap","Sweeping Beam"],"picked":"Machine Learning","floor":31.0},{"not_picked":["Meteor Strike","Multi-Cast"],"picked":"Rainbow","floor":33.0},{"not_picked":["Go for the Eyes","Gash"],"picked":"Hologram+1","floor":35.0},{"not_picked":["Tempest+1","Sunder+1"],"picked":"Loop+1","floor":35.0},{"not_picked":["Conserve Battery+1","Go for the Eyes"],"picked":"Self Repair+1","floor":36},{"not_picked":["Stack+1","Undo+1"],"picked":"Glacier","floor":36},{"not_picked":["Echo Form","Barrage"],"picked":"Go for the Eyes+1","floor":38},{"not_picked":["Stack+1","Sunder"],"picked":"Recycle+1","floor":39},{"not_picked":["Lockon+1","Barrage","Conserve Battery"],"picked":"SKIP","floor":39},{"not_picked":["Barrage+1","Auto Shields+1","Tempest"],"picked":"SKIP","floor":40},{"not_picked":["Steam Power+1","Conserve Battery+1"],"picked":"Defragment","floor":42},{"not_picked":["Gash+1","Go for the Eyes+1","Consume+1"],"picked":"SKIP","floor":46},{"not_picked":["Stack","Sunder+1","Redo"],"picked":"SKIP","floor":46},{"not_picked":["Ball Lightning+1","Force Field+1"],"picked":"Capacitor","floor":47},{"not_picked":["Barrage+1","Aggregate+1","Undo"],"picked":"SKIP","floor":47},{"not_picked":["White Noise","Reprogram"],"picked":"Core Surge","floor":48},{"not_picked":["Hello World","Tempest"],"picked":"Blizzard+1","floor":54}],"player_experience":2198637,"relics_obtained":[{"floor":6.0,"key":"Bag of Preparation"},{"floor":8.0,"key":"Prayer Wheel"},{"floor":9.0,"key":"Centennial Puzzle"},{"floor":10.0,"key":"Blue Candle"},{"floor":13.0,"key":"Happy Flower"},{"floor":23.0,"key":"Thread and Needle"},{"floor":26.0,"key":"Mercury Hourglass"},{"floor":31.0,"key":"Pear"},{"floor":38,"key":"Torii"},{"floor":40,"key":"Mango"},{"floor":40,"key":"Bottled Tornado"},{"floor":42,"key":"CaptainsWheel"},{"floor":42,"key":"Regal Pillow"},{"floor":48,"key":"Vajra"},{"floor":48,"key":"Bottled Flame"},{"floor":54,"key":"Lizard Tail"},{"floor":54,"key":"Ice Cream"}],"event_choices":[{"damage_healed":0.0,"max_hp_gain":0.0,"max_hp_loss":0.0,"gold_gain":0.0,"event_name":"Shining Light","player_choice":"Entered Light","floor":3.0,"gold_loss":0.0,"damage_taken":15.0,"cards_upgraded":["Strike_B","Loop"]},{"damage_healed":0.0,"max_hp_gain":0.0,"max_hp_loss":0.0,"gold_gain":100.0,"event_name":"Golden Shrine","player_choice":"Pray","floor":4.0,"gold_loss":0.0,"damage_taken":0.0},{"cards_removed":["Strike_B"],"damage_healed":0.0,"max_hp_gain":0.0,"max_hp_loss":0.0,"gold_gain":0.0,"event_name":"Back to Basics","player_choice":"Elegance","floor":19.0,"gold_loss":0.0,"damage_taken":0.0},{"damage_healed":0.0,"max_hp_gain":0.0,"max_hp_loss":0.0,"gold_gain":0.0,"event_name":"Ghosts","player_choice":"Ignored","floor":21.0,"gold_loss":0.0,"damage_taken":0.0},{"damage_healed":0.0,"max_hp_gain":0.0,"max_hp_loss":0.0,"gold_gain":0.0,"cards_transformed":["Zap","Defend_B"],"event_name":"Drug Dealer","player_choice":"Became Test Subject","floor":24.0,"gold_loss":0.0,"damage_taken":0.0,"cards_obtained":["Ball Lightning","Capacitor"]},{"damage_healed":0.0,"max_hp_gain":5.0,"max_hp_loss":0.0,"gold_gain":0.0,"event_name":"Forgotten Altar","player_choice":"Shed Blood","floor":30.0,"gold_loss":0.0,"damage_taken":19.0},{"cards_removed":["Self Repair"],"damage_healed":0,"gold_gain":0,"player_choice":"Removed Power","damage_taken":0,"max_hp_gain":0,"max_hp_loss":0,"event_name":"Falling","floor":37,"gold_loss":0},{"damage_healed":0,"gold_gain":0,"player_choice":"Fight","damage_taken":0,"max_hp_gain":0,"max_hp_loss":0,"event_name":"Mysterious Sphere","floor":38,"gold_loss":0}],"is_beta":true,"boss_relics":[{"not_picked":["Runic Pyramid","Fusion Hammer"],"picked":"SlaversCollar"},{"not_picked":["Empty Cage","Runic Dome"],"picked":"Black Star"}],"items_purged_floors":[2,22,44],"is_endless":false,"potions_floor_spawned":[1,6,10,11,13,14,20,23,31,33,35,39,42,48,54],"ascension_level":1}}