{"host":"6bsan6hkua32tfq7","time":1608015061,"event":{"mods":["BaseMod","Better Third Choice","Colored Map","Downfall","Highlight Path","Minty Spire (QoL Compilation)","StSLib"],"gold_per_floor":[109,125,125,144,69,69,100,111,185,185,195,195,211,241,253,344,356,381,403,50,65,65,65,96,110,133,133,183,183,200,210,210,281,281,298,198,198,209,209,243,243,277,277,277,287,316,327,327,327],"floor_reached":48,"playtime":1828,"items_purged":["Defend_G","Strike_G"],"score":1204,"play_id":"1b24a354-bc15-4849-bd01-81841f2d95a3","local_time":"20201215075101","is_ascension_mode":true,"campfire_choices":[{"data":"Terror","floor":10.0,"key":"SMITH"},{"data":"Neutralize","floor":12.0,"key":"SMITH"},{"data":"Malaise","floor":15.0,"key":"SMITH"},{"data":"Leg Sweep","floor":23.0,"key":"SMITH"},{"data":"expansioncontent:CaCaw","floor":27.0,"key":"SMITH"},{"data":"Tools of the Trade","floor":29.0,"key":"SMITH"},{"data":"Leg Sweep","floor":32.0,"key":"SMITH"},{"data":"Discovery","floor":41.0,"key":"SMITH"},{"data":"PiercingWail","floor":44.0,"key":"SMITH"}],"circlet_count":0,"master_deck":["AscendersBane","Strike_G","Strike_G","Strike_G","Strike_G","Defend_G","Defend_G","Defend_G","Defend_G","Survivor","Neutralize+1","Underhanded Strike","Dagger Throw","Carnage","Predator","Terror+1","Eviscerate","Corpse Explosion","PiercingWail+1","Malaise+1","Tools of the Trade+1","expansioncontent:CaCaw+1","Leg Sweep+1","Tactician","A Thousand Cuts","Leg Sweep+1","Venomology","Caltrops+1","Discovery+1","Sucker Punch+1","Reflex"],"relics":["Coffee Dripper","Eternal Feather","Orichalcum","Paper Crane","MawBank","Black Star","Meat on the Bone","Ornamental Fan","Bird Faced Urn","Anchor","SacredBark","Dream Catcher","Gremlin Horn","Turnip","Shuriken","Art of War","Smiling Mask"],"acts_visited":["Exordium","TheCity","TheBeyond"],"potions_floor_usage":[46,46,48],"damage_taken":[{"damage":1.0,"enemies":"Cultist","floor":1.0,"turns":5.0},{"damage":2.0,"enemies":"2 Louse","floor":2.0,"turns":3.0},{"damage":7.0,"enemies":"Jaw Worm","floor":4.0,"turns":3.0},{"damage":19.0,"enemies":"3 Sentries","floor":7.0,"turns":7.0},{"damage":11.0,"enemies":"Gremlin Gang","floor":8.0,"turns":3.0},{"damage":0.0,"enemies":"Exordium Thugs","floor":11.0,"turns":3.0},{"damage":0.0,"enemies":"2 Fungi Beasts","floor":13.0,"turns":2.0},{"damage":2.0,"enemies":"Gremlin Nob","floor":14.0,"turns":3.0},{"damage":0.0,"enemies":"Hexaghost","floor":16.0,"turns":8.0},{"damage":15.0,"enemies":"2 Thieves","floor":18.0,"turns":3.0},{"damage":0.0,"enemies":"Chosen","floor":19.0,"turns":3.0},{"damage":0.0,"enemies":"Snake Plant","floor":21.0,"turns":4.0},{"damage":21.0,"enemies":"Slavers","floor":24.0,"turns":3.0},{"damage":18.0,"enemies":"3 Cultists","floor":25.0,"turns":4.0},{"damage":5.0,"enemies":"Centurion and Healer","floor":30.0,"turns":3.0},{"damage":6.0,"enemies":"Snecko","floor":31.0,"turns":7.0},{"damage":61.0,"enemies":"Automaton","floor":33.0,"turns":10.0},{"damage":1.0,"enemies":"3 Shapes","floor":35.0,"turns":3.0},{"damage":2.0,"enemies":"3 Darklings","floor":38.0,"turns":7.0},{"damage":16.0,"enemies":"Reptomancer","floor":40.0,"turns":7.0},{"damage":103.0,"enemies":"Giant Head","floor":42.0,"turns":10.0},{"damage":10.0,"enemies":"4 Shapes","floor":45.0,"turns":7.0},{"damage":20,"enemies":"Reptomancer","floor":46,"turns":6},{"damage":36,"enemies":"Transient","floor":47,"turns":6},{"damage":24,"enemies":"Giant Head","floor":48,"turns":6}],"seed_played":"-473605265752597851","potions_obtained":[{"floor":2.0,"key":"hexamod:EctoCoolerPotion"},{"floor":6.0,"key":"BlessingOfTheForge"},{"floor":11.0,"key":"DistilledChaos"},{"floor":18.0,"key":"Strength Potion"},{"floor":24.0,"key":"Guardian:BlockOnCardUsePotion"},{"floor":33.0,"key":"BlessingOfTheForge"},{"floor":47,"key":"DistilledChaos"}],"is_trial":false,"path_per_floor":["M","M","?","M","$","?","E","M","T","R","M","R","M","E","R","B",null,"M","M","$","M","$","R","E","M","T","R","?","R","M","M","R","B",null,"M","$","?","M","?","E","R","E","T","R","M","E","M","E"],"character_chosen":"THE_SILENT","items_purchased":["expansioncontent:CaCaw","Meat on the Bone"],"campfire_rested":0,"item_purchase_floors":[20,20],"current_hp_per_floor":[58,56,48,41,41,41,22,11,11,20,20,29,29,27,39,39,59,44,44,44,44,44,56,35,31,31,46,46,61,60,60,66,23,55,56,56,56,58,48,44,62,13,13,31,41,35,15,0,0],"gold":327,"neow_bonus":"BOSS_RELIC","is_daily":false,"chose_seed":false,"campfire_upgraded":9,"win_rate":0.0,"timestamp":1608015061,"path_taken":["M","?","?","M","$","?","E","M","T","R","M","R","M","E","R","BOSS","M","?","$","?","?","R","E","?","T","R","?","R","?","M","R","BOSS","M","$","?","M","?","E","R","E","T","R","M","E","M","E"],"items_purchased_type":["Card","Relic"],"build_version":"2020-12-13","purchased_purges":2,"victory":false,"max_hp_per_floor":[66,66,66,66,66,66,66,66,66,66,66,66,66,66,66,66,66,66,66,66,66,66,66,66,66,66,66,66,66,66,66,66,66,66,66,66,66,66,66,66,66,66,66,66,66,66,66,66,66],"card_choices":[{"not_picked":["Poisoned Stab","Deflect"],"picked":"Underhanded Strike","floor":1.0},{"not_picked":["Bane","Caltrops"],"picked":"Dagger Throw","floor":2.0},{"not_picked":["Blade Dance","Accuracy"],"picked":"Predator","floor":4.0},{"not_picked":["Sucker Punch","Underhanded Strike"],"picked":"Terror","floor":7.0},{"not_picked":["Blade Dance","Prepared"],"picked":"Eviscerate","floor":8.0},{"not_picked":["Blur","Poisoned Stab"],"picked":"Corpse Explosion","floor":11.0},{"not_picked":["Skewer","Reflex"],"picked":"PiercingWail","floor":13.0},{"not_picked":["Grand Finale","Slice"],"picked":"Malaise","floor":14.0},{"not_picked":["Phantasmal Killer","Glass Knife"],"picked":"Tools of the Trade","floor":16.0},{"not_picked":["Dodge and Roll","Outmaneuver","Poisoned Stab"],"picked":"SKIP","floor":18.0},{"not_picked":["Infinite Blades","Dagger Spray","Concentrate"],"picked":"SKIP","floor":19.0},{"not_picked":["Flying Knee+1","Caltrops"],"picked":"Leg Sweep","floor":21.0},{"not_picked":["Dagger Throw","Dodge and Roll"],"picked":"Tactician","floor":24.0},{"not_picked":["Underhanded Strike","Sucker Punch"],"picked":"A Thousand Cuts","floor":25.0},{"not_picked":["Flechettes","Setup","Escape Plan"],"picked":"SKIP","floor":30.0},{"not_picked":["Flechettes","Setup","Escape Plan"],"picked":"SKIP","floor":30.0},{"not_picked":["Poisoned Stab","Bane"],"picked":"Leg Sweep","floor":31.0},{"not_picked":["Bullet Time","Storm of Steel"],"picked":"Venomology","floor":33.0},{"not_picked":["Cloak And Dagger+1","Terror"],"picked":"Caltrops+1","floor":35.0},{"not_picked":["Outmaneuver+1","Expertise","Dagger Throw"],"picked":"SKIP","floor":38.0},{"not_picked":["Dark Shackles","Forethought"],"picked":"Discovery","floor":39.0},{"not_picked":["Terror","Deadly Poison"],"picked":"Sucker Punch+1","floor":40.0},{"not_picked":["Underhanded Strike","Quick Slash","Poisoned Stab"],"picked":"SKIP","floor":42.0},{"not_picked":["Backstab","Catalyst","Deflect"],"picked":"SKIP","floor":45.0},{"not_picked":["Die Die Die","Finisher"],"picked":"Reflex","floor":46},{"not_picked":["Expertise","Caltrops","Flechettes"],"picked":"SKIP","floor":47}],"player_experience":5154011,"relics_obtained":[{"floor":7.0,"key":"Orichalcum"},{"floor":9.0,"key":"Paper Crane"},{"floor":14.0,"key":"MawBank"},{"floor":24.0,"key":"Ornamental Fan"},{"floor":24.0,"key":"Bird Faced Urn"},{"floor":26.0,"key":"Anchor"},{"floor":40.0,"key":"Dream Catcher"},{"floor":40.0,"key":"Gremlin Horn"},{"floor":42.0,"key":"Turnip"},{"floor":42.0,"key":"Shuriken"},{"floor":46,"key":"Art of War"},{"floor":46,"key":"Smiling Mask"}],"event_choices":[{"damage_healed":0.0,"max_hp_gain":0.0,"max_hp_loss":0.0,"gold_gain":0.0,"event_name":"Lab","player_choice":"Got Potions","floor":6.0,"gold_loss":0.0,"damage_taken":0.0},{"damage_healed":0.0,"max_hp_gain":0.0,"max_hp_loss":0.0,"gold_gain":100.0,"event_name":"The Joust","player_choice":"Bet on Murderer","floor":28.0,"gold_loss":50.0,"damage_taken":0.0},{"damage_healed":0.0,"max_hp_gain":0.0,"max_hp_loss":0.0,"gold_gain":0.0,"event_name":"Tomb of Lord Red Mask","player_choice":"Ignored","floor":37.0,"gold_loss":0.0,"damage_taken":0.0},{"damage_healed":0.0,"max_hp_gain":0.0,"max_hp_loss":0.0,"gold_gain":0.0,"event_name":"SensoryStone","player_choice":"Memory 3","floor":39.0,"gold_loss":0.0,"damage_taken":10.0}],"is_beta":false,"boss_relics":[{"not_picked":["Astrolabe","Runic Dome"],"picked":"Black Star"},{"not_picked":["Snecko Eye","Empty Cage"],"picked":"SacredBark"}],"items_purged_floors":[5,36],"is_endless":false,"potions_floor_spawned":[2,7,11,18,19,24,33,35,47],"killed_by":"Giant Head","ascension_level":20}}