{"host":"xz534terrkr331jc","time":1608032332,"event":{"mods":["BaseMod","Better Third Choice","Downfall","Hermit","Jorbs\u0027s Wanderer Trilogy","Marisa????????","Minty Spire (QoL Compilation)","Shade Mod","StSLib","The Cursed","The Hierophant","The Servant 0.9.4","The Wild Card"],"gold_per_floor":[111,126,201,201,201,228,228,238,261,274,309,374,374,80,80,80,80],"floor_reached":16,"playtime":1173,"items_purged":["hermit:Strike_Hermit"],"score":133,"play_id":"8ecd4144-820e-4b40-b5b8-e8ffd29d5b54","local_time":"20201215123852","is_ascension_mode":false,"campfire_choices":[{"data":"hermit:GoldenBullet","floor":7,"key":"SMITH"},{"data":"hermit:Snapshot","floor":13,"key":"SMITH"},{"data":"hermit:Quickdraw","floor":15,"key":"SMITH"}],"circlet_count":0,"master_deck":["hermit:Strike_Hermit","hermit:Strike_Hermit","hermit:Strike_Hermit","hermit:Defend_Hermit","hermit:Defend_Hermit","hermit:Defend_Hermit","hermit:Defend_Hermit","hermit:Snapshot+1","hermit:Covet","hermit:Gestalt","hermit:GoldenBullet+1","hermit:Quickdraw+1","hermit:Gestalt","hermit:Dive","hermit:Snipe"],"relics":["hermit:Momento","NeowsBlessing","Smiling Mask","Pen Nib","Ancient Tea Set","MealTicket","StrikeDummy"],"acts_visited":["Exordium"],"potions_floor_usage":[11,11,11,16],"damage_taken":[{"damage":0,"enemies":"2 Louse","floor":1,"turns":1},{"damage":0,"enemies":"Jaw Worm","floor":2,"turns":1},{"damage":0,"enemies":"Gremlin Nob","floor":6,"turns":1},{"damage":0,"enemies":"Small Slimes","floor":8,"turns":2},{"damage":1,"enemies":"Looter","floor":10,"turns":3},{"damage":2,"enemies":"3 Sentries","floor":11,"turns":8},{"damage":2,"enemies":"Gremlin Nob","floor":12,"turns":4},{"damage":85,"enemies":"Hexaghost","floor":16,"turns":14}],"seed_played":"8880198363682168317","potions_obtained":[{"floor":1,"key":"Explosive Potion"},{"floor":2,"key":"EntropicBrew"},{"floor":11,"key":"Regen Potion"}],"is_trial":false,"path_per_floor":["M","M","?","?","?","E","R","M","T","M","E","?","R","$","R","B"],"character_chosen":"HERMIT","items_purchased":["StrikeDummy"],"campfire_rested":0,"item_purchase_floors":[14],"current_hp_per_floor":[75,75,64,64,69,69,69,69,69,68,66,64,64,79,79,0,0],"gold":80,"neow_bonus":"THREE_ENEMY_KILL","is_daily":false,"chose_seed":false,"campfire_upgraded":3,"win_rate":0.0,"timestamp":1608032332,"path_taken":["M","M","?","?","?","E","R","M","T","M","E","?","R","$","R","BOSS"],"items_purchased_type":["Relic"],"build_version":"2020-12-13","purchased_purges":1,"victory":false,"max_hp_per_floor":[75,75,75,75,80,80,80,80,80,80,80,80,80,80,80,80,80],"card_choices":[{"not_picked":["hermit:TakeCover","hermit:CalledShot"],"picked":"hermit:Gestalt","floor":1},{"not_picked":["hermit:Ricochet","hermit:Feint"],"picked":"hermit:GoldenBullet","floor":2},{"not_picked":["hermit:Headshot","hermit:LoneWolf"],"picked":"hermit:Quickdraw","floor":6},{"not_picked":["hermit:ItchyTrigger","hermit:Manifest"],"picked":"hermit:Gestalt","floor":8},{"not_picked":["hermit:Malice","hermit:OverwhelmingPower"],"picked":"hermit:Dive","floor":10},{"not_picked":["hermit:CalledShot","hermit:Maintenance"],"picked":"hermit:Snipe","floor":11}],"player_experience":517778,"relics_obtained":[{"floor":6,"key":"Smiling Mask"},{"floor":9,"key":"Pen Nib"},{"floor":11,"key":"Ancient Tea Set"},{"floor":12,"key":"MealTicket"}],"event_choices":[{"damage_healed":0,"gold_gain":75,"player_choice":"Gold","damage_taken":11,"max_hp_gain":0,"max_hp_loss":0,"event_name":"betterThird:BetterGoop","floor":3,"gold_loss":0},{"damage_healed":0,"gold_gain":0,"player_choice":"Ignored","damage_taken":201,"max_hp_gain":0,"max_hp_loss":0,"event_name":"betterThird:BetterSerpent","floor":4,"gold_loss":0},{"damage_healed":0,"gold_gain":0,"player_choice":"Donut","damage_taken":0,"max_hp_gain":5,"max_hp_loss":0,"event_name":"Big Fish","floor":5,"gold_loss":0},{"damage_healed":0,"gold_gain":0,"player_choice":"Searched \u00271\u0027 times","damage_taken":0,"max_hp_gain":0,"max_hp_loss":0,"event_name":"Dead Adventurer","floor":12,"gold_loss":0}],"is_beta":false,"boss_relics":[],"items_purged_floors":[14],"is_endless":false,"potions_floor_spawned":[1,2,11,12],"killed_by":"Hexaghost","ascension_level":0}}