{"host":"hdafziggwnbzqpcb","time":1608062673,"event":{"mods":["BaseMod","Better Vampires","Colored Map","Colored Powertips","GifTheSpireLib","Minty Spire (QoL Compilation)","Quick Restart","Rare Cards Sparkle","StSLib","The Bug Knight","The Cursed","TheHero"],"gold_per_floor":[117,97,113,113,113,113,38,54,79,91,124,124,141,153,153,255,255,265,275,275,175,207,207,207,237,237,237,237],"floor_reached":27,"playtime":2015,"items_purged":["HollowMod:QuickDashStart","HollowMod:NailStrikeStart"],"score":231,"play_id":"235508c8-5ed1-4e6c-9c43-44095944d813","local_time":"20201215120433","is_ascension_mode":false,"campfire_choices":[{"data":"HollowMod:DashSlash","floor":15,"key":"SMITH"},{"data":"HollowMod:FocusHealStart","floor":23,"key":"SMITH"}],"circlet_count":0,"master_deck":["HollowMod:NailStrikeStart","HollowMod:NailStrikeStart","HollowMod:QuickDashStart","HollowMod:QuickDashStart","HollowMod:FocusHealStart+1","HollowMod:PogoStrike","HollowMod:DashSlash+1","HollowMod:NewLittleFool","HollowMod:DashSlash","HollowMod:VoidDash","HollowMod:DescendingDark+1","HollowMod:ShadowDash"],"relics":["HollowMod:VesselMask","NeowsBlessing","HollowMod:StagPassRelic","Boot","Art of War","Sozu","Red Mask","Orichalcum","Toxic Egg 2"],"acts_visited":["Exordium","TheCity"],"potions_floor_usage":[24,27],"damage_taken":[{"damage":0,"enemies":"2 Louse","floor":1,"turns":1},{"damage":0,"enemies":"Cultist","floor":3,"turns":1},{"damage":0,"enemies":"Jaw Worm","floor":8,"turns":1},{"damage":2,"enemies":"Exordium Wildlife","floor":10,"turns":4},{"damage":15,"enemies":"3 Sentries","floor":11,"turns":7},{"damage":2,"enemies":"Looter","floor":13,"turns":2},{"damage":5,"enemies":"2 Fungi Beasts","floor":14,"turns":3},{"damage":43,"enemies":"Slime Boss","floor":16,"turns":11},{"damage":0,"enemies":"Chosen","floor":18,"turns":4},{"damage":3,"enemies":"3 Byrds","floor":19,"turns":3},{"damage":9,"enemies":"Masked Bandits","floor":22,"turns":4},{"damage":0,"enemies":"HollowMod:Zote","floor":24,"turns":1},{"damage":61,"enemies":"Gremlin Leader","floor":25,"turns":11},{"damage":6,"enemies":"Shelled Parasite and Fungi","floor":27,"turns":2}],"seed_played":"-4591102029149745986","potions_obtained":[{"floor":1,"key":"SpeedPotion"},{"floor":2,"key":"SmokeBomb"},{"floor":3,"key":"Swift Potion"}],"is_trial":false,"path_per_floor":["M","?","M","?","T","?","$","M","T","M","E","?","M","M","R","B",null,"M","M","?","$","?","R","?","E","T","M"],"character_chosen":"THE_BUGKNIGHT","items_purchased":[],"campfire_rested":0,"item_purchase_floors":[],"current_hp_per_floor":[75,75,75,75,75,68,68,68,68,75,66,71,69,70,70,27,80,80,77,62,62,53,53,53,4,4,0,0],"gold":237,"neow_bonus":"THREE_ENEMY_KILL","is_daily":false,"chose_seed":false,"campfire_upgraded":2,"win_rate":0.0,"timestamp":1608062673,"path_taken":["M","?","?","?","?","?","$","M","T","M","E","?","M","M","R","BOSS","M","M","?","$","?","R","?","E","T","M"],"items_purchased_type":[],"build_version":"2020-12-13","purchased_purges":2,"victory":false,"max_hp_per_floor":[75,75,75,75,75,75,75,75,75,75,75,80,80,80,80,80,80,80,80,85,85,85,85,85,85,85,85,85],"card_choices":[{"not_picked":["HollowMod:FallenFury","HollowMod:QuirrelsAssistance","HollowMod:CoiledNail"],"picked":"SKIP","floor":1},{"not_picked":["HollowMod:HeavyBlow","HollowMod:MonarchWings"],"picked":"HollowMod:DashSlash","floor":3},{"not_picked":["HollowMod:InfectionAssault","HollowMod:InfectedAttack"],"picked":"HollowMod:NewLittleFool","floor":8},{"not_picked":["HollowMod:ShadowDash","HollowMod:DreamGate"],"picked":"HollowMod:DashSlash","floor":10},{"not_picked":["HollowMod:ShadowDash","HollowMod:ShapeofUnn","HollowMod:DreamGate"],"picked":"SKIP","floor":11},{"not_picked":["HollowMod:InfectionAssault","HollowMod:SoulSplash","HollowMod:FastStrike"],"picked":"SKIP","floor":13},{"not_picked":["HollowMod:DescendingDark","HollowMod:GreatSlash","HollowMod:DungDefenderAura"],"picked":"SKIP","floor":14},{"not_picked":["HollowMod:Hiveblood","HollowMod:NewInfectedGuardian"],"picked":"HollowMod:VoidDash","floor":16},{"not_picked":["HollowMod:SiblingsSouls","HollowMod:DoubleDash+1","HollowMod:CloakDash+1"],"picked":"SKIP","floor":18},{"not_picked":["HollowMod:MonarchWings","HollowMod:SoulShaman"],"picked":"HollowMod:DescendingDark+1","floor":19},{"not_picked":["HollowMod:Hiveblood","HollowMod:MawleksShell+1"],"picked":"HollowMod:ShadowDash","floor":25}],"player_experience":603483,"relics_obtained":[{"floor":5,"key":"HollowMod:StagPassRelic"},{"floor":9,"key":"Boot"},{"floor":11,"key":"Art of War"},{"floor":22,"key":"Red Mask"},{"floor":25,"key":"Orichalcum"},{"floor":26,"key":"Toxic Egg 2"}],"event_choices":[{"damage_healed":0,"gold_gain":0,"player_choice":"Bought 1 Potion","damage_taken":0,"max_hp_gain":0,"max_hp_loss":0,"event_name":"The Woman in Blue","floor":2,"gold_loss":0},{"cards_removed":["HollowMod:QuickDashStart"],"damage_healed":0,"gold_gain":0,"player_choice":"Forget","damage_taken":0,"max_hp_gain":0,"max_hp_loss":0,"event_name":"Living Wall","floor":4,"gold_loss":0},{"cards_removed":["HollowMod:NailStrikeStart"],"damage_healed":0,"gold_gain":0,"player_choice":"Card Removal","damage_taken":7,"max_hp_gain":0,"max_hp_loss":0,"event_name":"Golden Wing","floor":6,"gold_loss":0},{"damage_healed":0,"gold_gain":0,"player_choice":"Donut","damage_taken":0,"max_hp_gain":5,"max_hp_loss":0,"event_name":"Big Fish","floor":12,"gold_loss":0},{"damage_healed":0,"gold_gain":0,"player_choice":"Shed Blood","damage_taken":20,"max_hp_gain":5,"max_hp_loss":0,"event_name":"Forgotten Altar","floor":20,"gold_loss":0},{"damage_healed":0,"gold_gain":0,"player_choice":"Fought Bandits","damage_taken":0,"max_hp_gain":0,"max_hp_loss":0,"event_name":"Masked Bandits","floor":22,"gold_loss":0}],"is_beta":false,"boss_relics":[{"not_picked":["Runic Pyramid","Ectoplasm"],"picked":"Sozu"}],"items_purged_floors":[7,21],"is_endless":false,"potions_floor_spawned":[1,3,11,16,19,22],"killed_by":"Shelled Parasite and Fungi","ascension_level":0}}