{"host":"0vd2boh2oi7jm085","time":1608033247,"event":{"mods":["BaseMod","Colored Map","Colored Powertips","Highlight Path","Minty Spire (QoL Compilation)","Quick Restart","StSLib","The IronCluck"],"gold_per_floor":[114,73,87,9,9,9,36,48,60,72,94,134,146,169,181,266,278,308,320,102,112,162,162,162],"floor_reached":23,"playtime":616,"items_purged":[],"score":403,"play_id":"2cf526da-81fe-4bba-a23c-d06aca3dfa2f","local_time":"20201215035407","is_ascension_mode":true,"campfire_choices":[{"data":"Body Slam","floor":6,"key":"SMITH"},{"data":"Ghostly Armor","floor":8,"key":"SMITH"},{"data":"Metallicize","floor":10,"key":"SMITH"},{"data":"Metallicize","floor":15,"key":"SMITH"}],"circlet_count":0,"master_deck":["AscendersBane","Strike_R","Strike_R","Strike_R","Strike_R","Strike_R","Defend_R","Defend_R","Defend_R","Defend_R","Bash","Body Slam+1","Metallicize+1","Ghostly Armor+1","Iron Wave+1","Metallicize+1","Juggernaut","Metallicize","Shrug It Off","Body Slam"],"relics":["Burning Blood","NeowsBlessing","MawBank","Happy Flower","Odd Mushroom","Black Star","Blood Vial"],"acts_visited":["Exordium","TheCity"],"potions_floor_usage":[16,16,23],"damage_taken":[{"damage":0,"enemies":"Jaw Worm","floor":1,"turns":1},{"damage":0,"enemies":"2 Louse","floor":3,"turns":1},{"damage":0,"enemies":"Gremlin Nob","floor":7,"turns":1},{"damage":1,"enemies":"Small Slimes","floor":11,"turns":4},{"damage":10,"enemies":"The Mushroom Lair","floor":12,"turns":5},{"damage":2,"enemies":"Looter","floor":14,"turns":3},{"damage":35,"enemies":"Hexaghost","floor":16,"turns":16},{"damage":55,"enemies":"3 Byrds","floor":18,"turns":8},{"damage":7,"enemies":"Shell Parasite","floor":21,"turns":7},{"damage":0,"enemies":"Gremlin Leader","floor":23,"turns":2}],"seed_played":"8042192387219544813","potions_obtained":[{"floor":3,"key":"DuplicationPotion"},{"floor":11,"key":"Block Potion"},{"floor":21,"key":"BlessingOfTheForge"}],"is_trial":false,"path_per_floor":["M","$","M","$","?","R","E","R","T","R","M","?","?","M","R","B",null,"M","?","$","M","?","E"],"character_chosen":"IRONCLAD","items_purchased":["Metallicize","Ghostly Armor","Shrug It Off","Blood Vial"],"campfire_rested":0,"item_purchase_floors":[2,4,20,20],"current_hp_per_floor":[74,74,75,75,75,75,75,75,75,75,75,71,71,75,75,46,68,19,19,19,20,20,22,22],"gold":162,"neow_bonus":"THREE_ENEMY_KILL","is_daily":false,"chose_seed":false,"campfire_upgraded":4,"win_rate":0.0,"timestamp":1608033247,"path_taken":["M","$","M","$","?","R","E","R","T","R","M","?","?","M","R","BOSS","M","?","$","M","?","E"],"items_purchased_type":["Card","Card","Card","Relic"],"build_version":"2020-12-13","purchased_purges":0,"victory":false,"max_hp_per_floor":[75,75,75,75,75,75,75,75,75,75,75,75,75,75,75,75,75,75,75,75,75,75,75,75],"card_choices":[{"not_picked":["Reckless Charge","Havoc"],"picked":"Body Slam","floor":1},{"not_picked":["Searing Blow","Dropkick","Clothesline"],"picked":"SKIP","floor":3},{"not_picked":["Cleave","Feel No Pain","Thunderclap"],"picked":"SKIP","floor":7},{"not_picked":["Bloodletting","Anger","Searing Blow"],"picked":"SKIP","floor":11},{"not_picked":["Heavy Blade","Flex"],"picked":"Iron Wave","floor":12},{"not_picked":["Sentinel","Warcry"],"picked":"Metallicize","floor":14},{"not_picked":["Feed","Corruption"],"picked":"Juggernaut","floor":16},{"not_picked":["Clash","Body Slam"],"picked":"Metallicize","floor":18},{"not_picked":["Pommel Strike","Hemokinesis"],"picked":"Body Slam","floor":21}],"player_experience":89857,"relics_obtained":[{"floor":7,"key":"MawBank"},{"floor":9,"key":"Happy Flower"},{"floor":12,"key":"Odd Mushroom"}],"event_choices":[{"damage_healed":0,"gold_gain":0,"player_choice":"Ignored","damage_taken":0,"max_hp_gain":0,"max_hp_loss":0,"event_name":"Golden Wing","floor":5,"gold_loss":0},{"damage_healed":0,"gold_gain":0,"player_choice":"Fought Mushrooms","damage_taken":0,"max_hp_gain":0,"max_hp_loss":0,"event_name":"Mushrooms","floor":12,"gold_loss":0},{"damage_healed":0,"gold_gain":0,"player_choice":"Grow","damage_taken":0,"max_hp_gain":0,"max_hp_loss":0,"event_name":"Living Wall","floor":13,"gold_loss":0,"cards_upgraded":["Iron Wave"]},{"damage_healed":0,"gold_gain":0,"player_choice":"Ignored","damage_taken":0,"max_hp_gain":0,"max_hp_loss":0,"event_name":"The Mausoleum","floor":19,"gold_loss":0},{"damage_healed":0,"gold_gain":50,"player_choice":"Pray","damage_taken":0,"max_hp_gain":0,"max_hp_loss":0,"event_name":"Golden Shrine","floor":22,"gold_loss":0}],"is_beta":false,"boss_relics":[{"not_picked":["Black Blood","Mark of Pain"],"picked":"Black Star"}],"items_purged_floors":[],"is_endless":false,"potions_floor_spawned":[3,11,14,21],"killed_by":"Gremlin Leader","ascension_level":18}}