{"host":"gzk4gkgy3zij1c51","time":1608013200,"event":{"mods":["BaseMod","Colored Map","Downfall","Highlight Path","Minty Spire (QoL Compilation)","Relic Stats","StSLib","everything is the same but u backflip on backflip"],"gold_per_floor":[99,99,130,130,55,55,55,90,15,49,49,61,1,1,16,16,16],"floor_reached":16,"playtime":1108,"items_purged":[],"score":139,"play_id":"759cd50c-931c-4af4-8595-67281606db25","local_time":"20201215062000","is_ascension_mode":false,"campfire_choices":[{"floor":1,"key":"RECALL"},{"data":"champ:DancingMaster","floor":5,"key":"SMITH"},{"data":"champ:Taunt","floor":9,"key":"SMITH"}],"circlet_count":0,"master_deck":["champ:Strike","champ:Strike","champ:Strike","champ:Strike","champ:Defend","champ:Defend","champ:Defend","champ:Defend","champ:Execute","champ:Taunt+1","champ:RisingSlash","champ:Encircle","champ:DancingMaster+1","champ:AdrenalArmor","champ:BerserkerStyle","champ:FlashCut+1","champ:ArenaPreparation","champ:BladeFlurry+1","champ:BringItOn"],"relics":["champ:ChampionCrown","downfall:HeartsMalice","Oddly Smooth Stone","downfall:HeartBlessingRed","downfall:BrokenWingStatue","Bag of Preparation","Molten Egg 2","downfall:HeartBlessingGreen","Tiny Chest"],"acts_visited":["Exordium"],"potions_floor_usage":[16,16,16],"damage_taken":[{"damage":0,"enemies":"Jaw Worm","floor":2,"turns":1},{"damage":0,"enemies":"Gremlin Nob","floor":3,"turns":1},{"damage":0,"enemies":"Small Slimes","floor":4,"turns":1},{"damage":44,"enemies":"3 Sentries","floor":8,"turns":9},{"damage":38,"enemies":"Lagavulin","floor":10,"turns":6},{"damage":9,"enemies":"2 Louse","floor":12,"turns":2},{"damage":14,"enemies":"downfall:FleeingMerchant","floor":13,"turns":4},{"damage":2,"enemies":"2 Fungi Beasts","floor":15,"turns":2},{"damage":55,"enemies":"downfall:Defect","floor":16,"turns":5}],"seed_played":"-7477245373514543684","potions_obtained":[{"floor":3,"key":"ColorlessPotion"},{"floor":8,"key":"GamblersBrew"},{"floor":12,"key":"BlessingOfTheForge"},{"floor":15,"key":"SpeedPotion"}],"is_trial":false,"path_per_floor":["R","M","E","M","R","?","T","E","R","E","?","M","$","?","M","B"],"character_chosen":"THE_CHAMP","items_purchased":["champ:BladeFlurry+1"],"campfire_rested":0,"item_purchase_floors":[13],"current_hp_per_floor":[90,90,90,90,90,90,90,60,60,49,54,54,54,54,54,0,0],"gold":16,"neow_bonus":"THREE_ENEMY_KILL","is_daily":false,"chose_seed":false,"campfire_upgraded":2,"win_rate":0.0,"timestamp":1608013200,"path_taken":["R","M","E","M","R","?","T","E","R","E","?","M","$","?","M","BOSS"],"items_purchased_type":["Card"],"build_version":"2020-12-13","purchased_purges":0,"victory":false,"max_hp_per_floor":[90,90,90,90,90,90,90,90,90,90,95,95,95,95,95,95,95],"relic_stats":{"counters":[9,28],"Tiny Chest":0,"Bag of Preparation":[12],"obtain_stats":[{"downfall:BrokenWingStatue":6,"downfall:HeartBlessingRed":5,"Oddly Smooth Stone":3,"champ:ChampionCrown":0,"downfall:HeartsMalice":0,"Molten Egg 2":8,"downfall:HeartBlessingGreen":9,"Tiny Chest":10,"Bag of Preparation":7},{"downfall:BrokenWingStatue":3,"downfall:HeartBlessingRed":3,"Oddly Smooth Stone":2,"champ:ChampionCrown":0,"downfall:HeartsMalice":0,"Molten Egg 2":4,"downfall:HeartBlessingGreen":4,"Tiny Chest":5,"Bag of Preparation":3},{"downfall:BrokenWingStatue":0,"downfall:HeartBlessingRed":0,"Oddly Smooth Stone":0,"champ:ChampionCrown":0,"downfall:HeartsMalice":0,"Molten Egg 2":9,"downfall:HeartBlessingGreen":9,"Tiny Chest":15,"Bag of Preparation":0}]},"card_choices":[{"not_picked":["champ:CrookedStrike","champ:Circumvent"],"picked":"champ:RisingSlash","floor":2},{"not_picked":["champ:EnGarde","champ:BerserkersShout"],"picked":"champ:Encircle","floor":3},{"not_picked":["champ:Backstep","champ:RapidStrikes"],"picked":"champ:DancingMaster","floor":4},{"not_picked":["champ:Improvising","champ:ShieldWall"],"picked":"champ:AdrenalArmor","floor":8},{"not_picked":["champ:FightOn","champ:BerserkersShout"],"picked":"champ:BerserkerStyle","floor":10},{"not_picked":["champ:AdrenalArmor","champ:GladiatorStyle"],"picked":"champ:FlashCut+1","floor":12},{"not_picked":["champ:Circumvent","champ:TornadoPunch+1"],"picked":"champ:ArenaPreparation","floor":13},{"not_picked":["champ:FocusedDefense","champ:FlashCut+1"],"picked":"champ:BringItOn","floor":15}],"player_experience":911525,"relics_obtained":[{"floor":3,"key":"Oddly Smooth Stone"},{"floor":7,"key":"Bag of Preparation"},{"floor":8,"key":"Molten Egg 2"},{"floor":10,"key":"Tiny Chest"}],"event_choices":[{"damage_healed":0,"gold_gain":0,"player_choice":"Donut","damage_taken":0,"max_hp_gain":5,"max_hp_loss":0,"event_name":"Big Fish","floor":11,"gold_loss":0}],"is_beta":false,"boss_relics":[],"items_purged_floors":[],"is_endless":false,"potions_floor_spawned":[3,8,12,15],"killed_by":"downfall:Defect","ascension_level":0}}