{"host":"cyh4fejqtcjbfr7k","time":1608014721,"event":{"mods":["2.2 Compatiblity","AchievementEnabler","BaseMod","Colored Map","Colored Powertips","DeckTracker","Downfall","Googly Eyes","Hubris","Infinite Spire","Minty Spire (QoL Compilation)","Replay The Spire","Shop Mod","StSLib","SuperFastMode","The Disciple","Unceasing Turn Reminder"],"gold_per_floor":[111,111,122,122,122,122,148,164,164,164,182,182,182],"floor_reached":12,"playtime":405,"items_purged":[],"score":82,"play_id":"bb6660cd-26cb-4ba9-ab76-adbb3d2d5c2f","local_time":"20201214234521","is_ascension_mode":true,"campfire_choices":[{"floor":6,"key":"REST"}],"circlet_count":0,"master_deck":["Strike_Br","Strike_Br","Strike_Br","Strike_Br","Defend_Br","Defend_Br","Defend_Br","Defend_Br","SecondHand","PatternShift","Enlightenment","BiteCommand","Parity","ReapSow","LockedAnchor"],"relics":["Chronometer","Shuriken","infinitespire:Lucky Rock","hubris:MysteriousPyramids"],"acts_visited":["Exordium"],"potions_floor_usage":[12],"damage_taken":[{"damage":2,"enemies":"Cultist","floor":1,"turns":5},{"damage":7,"enemies":"Small Slimes","floor":3,"turns":4},{"damage":23,"enemies":"Lagavulin","floor":7,"turns":8},{"damage":7,"enemies":"2 Louse","floor":8,"turns":2},{"damage":28,"enemies":"Exordium Thugs","floor":11,"turns":3},{"damage":13,"enemies":"3 Sentries","floor":12,"turns":2}],"seed_played":"1175583846139076336","potions_obtained":[{"floor":1,"key":"Strength Potion"}],"is_trial":false,"path_per_floor":["M","?","M","?","$","R","E","M","T","?","M","E"],"character_chosen":"CHRONO_CLASS","items_purchased":[],"campfire_rested":1,"item_purchase_floors":[],"current_hp_per_floor":[63,63,56,44,44,63,40,33,33,33,5,0,0],"gold":182,"neow_bonus":"RANDOM_COLORLESS","is_daily":false,"chose_seed":false,"campfire_upgraded":0,"win_rate":0.0,"timestamp":1608014721,"path_taken":["M","?","M","?","$","R","E","M","T","?","?","E"],"items_purchased_type":[],"build_version":"2020-12-13","purchased_purges":0,"victory":false,"max_hp_per_floor":[65,65,65,65,65,65,65,65,65,65,65,65,65],"card_choices":[{"not_picked":["Replay:SS_hec_2","expansioncontent:DonusPower"],"picked":"Enlightenment","floor":0},{"not_picked":["EscortCommand","WindUp"],"picked":"BiteCommand","floor":1},{"not_picked":["CrunchTime","LockedScales"],"picked":"Parity","floor":3},{"not_picked":["Engulf","ResonantCall"],"picked":"ReapSow","floor":7},{"not_picked":["PrimeTime","OverTime","Parity"],"picked":"SKIP","floor":8},{"not_picked":["BiteCommand","WatchCommand"],"picked":"LockedAnchor","floor":11}],"player_experience":578999,"relics_obtained":[{"floor":7,"key":"infinitespire:Lucky Rock"},{"floor":9,"key":"hubris:MysteriousPyramids"}],"event_choices":[{"damage_healed":0,"gold_gain":0,"player_choice":"Success","damage_taken":12,"relics_obtained":["Shuriken"],"max_hp_gain":0,"max_hp_loss":0,"event_name":"Scrap Ooze","floor":4,"gold_loss":0},{"damage_healed":0,"gold_gain":0,"player_choice":"Ignored","damage_taken":0,"max_hp_gain":0,"max_hp_loss":0,"event_name":"Purifier","floor":10,"gold_loss":0}],"is_beta":false,"boss_relics":[],"items_purged_floors":[],"is_endless":false,"potions_floor_spawned":[1],"killed_by":"3 Sentries","ascension_level":1}}