{"host":"mkv3lj8gfkr85ioo","time":1608028044,"event":{"mods":["AchievementEnabler","BaseMod","Colored Map","Minty Spire (QoL Compilation)","SuperFastMode"],"gold_per_floor":[418,172,183,183,198,198,123,152,203,203,40,40,79,97,97,192,192,211,211,225,125,175,175,196,196,196,214,214,214,238,279,279,279,279],"floor_reached":33,"playtime":725,"items_purged":["Doubt","Defend_R"],"score":542,"play_id":"9074050b-533b-4887-9ec4-8df98b7fa701","local_time":"20201215192724","is_ascension_mode":true,"campfire_choices":[{"data":"Bash","floor":6.0,"key":"SMITH"},{"data":"Clothesline","floor":12.0,"key":"SMITH"},{"data":"Uppercut","floor":15.0,"key":"SMITH"},{"data":"Offering","floor":23.0,"key":"SMITH"},{"floor":25.0,"key":"REST"},{"floor":29.0,"key":"REST"},{"floor":32.0,"key":"REST"}],"circlet_count":0,"master_deck":["AscendersBane","Strike_R","Strike_R","Strike_R","Strike_R","Defend_R","Defend_R","Defend_R","Bash+1","Clothesline+1","Uppercut+1","Shrug It Off","Offering+1","Evolve+1","Writhe","Second Wind"],"relics":["Burning Blood","Old Coin","Tiny Chest","Akabeko","Bag of Marbles","Golden Idol","Lee\u0027s Waffle","Vajra","Busted Crown","Frozen Egg 2","Meat on the Bone","Red Skull","Oddly Smooth Stone","Strawberry"],"acts_visited":["Exordium","TheCity"],"potions_floor_usage":[33],"damage_taken":[{"damage":14.0,"enemies":"Small Slimes","floor":1.0,"turns":5.0},{"damage":9.0,"enemies":"2 Louse","floor":3.0,"turns":3.0},{"damage":12.0,"enemies":"Jaw Worm","floor":5.0,"turns":4.0},{"damage":30.0,"enemies":"Lagavulin","floor":8.0,"turns":7.0},{"damage":41.0,"enemies":"3 Sentries","floor":13.0,"turns":11.0},{"damage":1.0,"enemies":"Blue Slaver","floor":14.0,"turns":2.0},{"damage":50.0,"enemies":"Hexaghost","floor":16.0,"turns":8.0},{"damage":19.0,"enemies":"Chosen","floor":18.0,"turns":4.0},{"damage":14.0,"enemies":"Spheric Guardian","floor":20.0,"turns":3.0},{"damage":8.0,"enemies":"Centurion and Healer","floor":24.0,"turns":4.0},{"damage":27.0,"enemies":"Chosen and Byrds","floor":27.0,"turns":4.0},{"damage":36.0,"enemies":"Slavers","floor":31.0,"turns":6.0},{"damage":85,"enemies":"Automaton","floor":33,"turns":8}],"seed_played":"1882828468429609385","potions_obtained":[{"floor":1.0,"key":"Energy Potion"},{"floor":8.0,"key":"AttackPotion"},{"floor":13.0,"key":"Ancient Potion"},{"floor":14.0,"key":"Explosive Potion"},{"floor":16.0,"key":"GamblersBrew"},{"floor":20.0,"key":"BloodPotion"}],"is_trial":false,"path_per_floor":["M","$","M","?","M","R","?","E","T","?","$","R","E","M","R","B",null,"M","T","M","$","?","R","M","R","T","M","?","R","T","E","R","B"],"character_chosen":"IRONCLAD","items_purchased":["Tiny Chest","Lee\u0027s Waffle"],"campfire_rested":3,"item_purchase_floors":[2,11],"current_hp_per_floor":[60,60,57,57,51,51,51,27,27,1,82,82,47,52,52,8,64,51,51,43,43,43,43,41,65,65,56,56,80,80,57,83,15,15],"gold":279,"neow_bonus":"ONE_RARE_RELIC","is_daily":false,"chose_seed":false,"campfire_upgraded":4,"win_rate":0.0,"timestamp":1608028044,"path_taken":["M","$","M","?","M","R","?","E","T","?","$","R","E","M","R","BOSS","M","?","M","$","?","R","M","R","T","?","?","R","?","E","R","BOSS"],"items_purchased_type":["Relic","Relic"],"build_version":"2020-12-13","purchased_purges":2,"victory":false,"max_hp_per_floor":[75,75,75,75,75,75,75,75,75,75,82,82,82,82,82,82,82,82,82,82,82,82,82,82,82,82,82,82,82,82,89,89,89,89],"card_choices":[{"not_picked":["Rampage","Perfected Strike","Inflame"],"picked":"SKIP","floor":1.0},{"not_picked":["Sword Boomerang","Headbutt","Twin Strike"],"picked":"SKIP","floor":3.0},{"not_picked":["Havoc","Pummel"],"picked":"Clothesline","floor":5.0},{"not_picked":["Entrench","Sever Soul","Rage"],"picked":"SKIP","floor":8.0},{"not_picked":["Exhume","Twin Strike"],"picked":"Uppercut","floor":13.0},{"not_picked":["Thunderclap","Whirlwind"],"picked":"Shrug It Off","floor":14.0},{"not_picked":["Fiend Fire","Feed"],"picked":"Offering","floor":16.0},{"not_picked":["Armaments"],"picked":"SKIP","floor":18.0},{"not_picked":["Thunderclap"],"picked":"SKIP","floor":20.0},{"not_picked":[],"picked":"Evolve+1","floor":24.0},{"not_picked":["Twin Strike"],"picked":"SKIP","floor":27.0},{"not_picked":[],"picked":"Second Wind","floor":31.0}],"player_experience":147313,"relics_obtained":[{"floor":8.0,"key":"Akabeko"},{"floor":9.0,"key":"Bag of Marbles"},{"floor":13.0,"key":"Vajra"},{"floor":19.0,"key":"Frozen Egg 2"},{"floor":26.0,"key":"Meat on the Bone"},{"floor":30.0,"key":"Oddly Smooth Stone"},{"floor":31.0,"key":"Strawberry"}],"event_choices":[{"damage_healed":0.0,"max_hp_gain":0.0,"max_hp_loss":0.0,"gold_gain":0.0,"event_name":"Liars Game","player_choice":"Ignored","floor":4.0,"gold_loss":0.0,"damage_taken":0.0},{"cards_removed":["Strike_R"],"damage_healed":0.0,"max_hp_gain":0.0,"max_hp_loss":0.0,"gold_gain":0.0,"event_name":"The Cleric","player_choice":"Card Removal","floor":7.0,"gold_loss":75.0,"damage_taken":0.0},{"damage_healed":0.0,"max_hp_gain":0.0,"max_hp_loss":0.0,"gold_gain":0.0,"event_name":"Golden Idol","player_choice":"Take Damage","floor":10.0,"gold_loss":0.0,"damage_taken":26.0,"relics_obtained":["Golden Idol"]},{"damage_healed":0.0,"max_hp_gain":0.0,"max_hp_loss":0.0,"gold_gain":50.0,"event_name":"Golden Shrine","player_choice":"Pray","floor":22.0,"gold_loss":0.0,"damage_taken":0.0},{"damage_healed":0.0,"max_hp_gain":0.0,"max_hp_loss":0.0,"gold_gain":0.0,"event_name":"The Mausoleum","player_choice":"Opened","floor":28.0,"gold_loss":0.0,"damage_taken":0.0,"relics_obtained":["Red Skull"],"cards_obtained":["Writhe"]}],"is_beta":false,"boss_relics":[{"not_picked":["Coffee Dripper","Cursed Key"],"picked":"Busted Crown"}],"items_purged_floors":[2,21],"is_endless":false,"potions_floor_spawned":[1,8,13,14,16,20,24],"killed_by":"Automaton","ascension_level":20}}