{"host":"9lmq8xsdv2x4ffld","time":1608061912,"event":{"mods":["Act Like it!","BaseMod","Conspire","Downfall","Hermit","Hubris","Infinite Spire","Koishi","Minty Spire (QoL Compilation)","Shop Mod","StSLib","The Administrix","The Servant 0.9.4","TheHero"],"gold_per_floor":[119,119,119,119,134,163,163,174,174,189,209,209,209,234,234,234,234],"floor_reached":16,"playtime":1063,"items_purged":[],"score":110,"play_id":"9bf42c86-e36c-4c11-8434-77f4d7dec2ab","local_time":"20201215205152","is_ascension_mode":false,"campfire_choices":[{"floor":7.0,"key":"REST"},{"data":"Koishi:PredatoryInstincts","floor":12.0,"key":"SMITH"},{"data":"Koishi:EmbryosDream","floor":15.0,"key":"SMITH"}],"circlet_count":0,"master_deck":["Koishi:BasicStrike","Koishi:BasicStrike","Koishi:BasicStrike","Koishi:BasicStrike","Koishi:BasicDefend","Koishi:BasicDefend+1","Koishi:BasicDefend+1","Koishi:BasicDefend","Koishi:Provoke","Koishi:HauntingSlash+1","Koishi:BloodcurdlingScream","Koishi:EmbryosDream+1","Koishi:StingingMind","Koishi:BloodcurdlingScream","Koishi:PredatoryInstincts+1","Koishi:MentalBreakdown"],"relics":["Koishi:ImaginaryFriend","War Paint","Omamori","Meat on the Bone","hubris:MysteriousPyramids"],"acts_visited":[],"potions_floor_usage":[],"damage_taken":[{"damage":4.0,"enemies":"2 Louse","floor":1.0,"turns":5.0},{"damage":1.0,"enemies":"Cultist","floor":5.0,"turns":5.0},{"damage":30.0,"enemies":"3 Sentries","floor":6.0,"turns":13.0},{"damage":2.0,"enemies":"conspire:RoseBush","floor":8.0,"turns":4.0},{"damage":0.0,"enemies":"3 Louse","floor":10.0,"turns":3.0},{"damage":4.0,"enemies":"Blue Slaver","floor":11.0,"turns":4.0},{"damage":21.0,"enemies":"Gremlin Nob","floor":14.0,"turns":7.0},{"damage":0,"enemies":"Slime Boss","floor":16,"turns":1}],"seed_played":"-8920907615712086221","potions_obtained":[{"floor":1.0,"key":"EntropicBrew"},{"floor":8.0,"key":"LiquidMemories"},{"floor":11.0,"key":"Swift Potion"},{"floor":14.0,"key":"AttackPotion"}],"is_trial":false,"path_per_floor":["M","?","$","?","M","E","R","M","T","M","M","R","?","E","R","B"],"character_chosen":"KOISHI","items_purchased":["War Paint"],"campfire_rested":1,"item_purchase_floors":[3],"current_hp_per_floor":[63,63,53,53,56,28,47,49,49,51,61,61,61,54,54,54,54],"gold":234,"neow_bonus":"TEN_PERCENT_HP_BONUS","is_daily":false,"chose_seed":false,"campfire_upgraded":2,"win_rate":0.0,"timestamp":1608061912,"path_taken":["M","?","?","?","?","E","R","M","T","M","M","R","?","E","R","BOSS"],"items_purchased_type":["Relic"],"build_version":"2020-12-13","purchased_purges":0,"victory":false,"max_hp_per_floor":[66,66,66,66,66,66,66,66,66,66,66,66,66,66,66,66,66],"card_choices":[{"not_picked":["Koishi:CatchAndRose","Koishi:RorschachInDanmaku"],"picked":"Koishi:BloodcurdlingScream","floor":1.0},{"not_picked":["Koishi:VengefulSpirit","Koishi:TremblingHands"],"picked":"Koishi:EmbryosDream","floor":5.0},{"not_picked":["Koishi:PhilosophyOfTheDespised","Koishi:Vanish"],"picked":"Koishi:StingingMind","floor":6.0},{"not_picked":["Koishi:FreudianInstinct","Koishi:HeartfeltFancy"],"picked":"Koishi:BloodcurdlingScream","floor":8.0},{"not_picked":["Koishi:PhilosophyOfTheDespised","Koishi:ParalyzingFear"],"picked":"Koishi:PredatoryInstincts","floor":10.0},{"not_picked":["Koishi:PhantomStrike","Koishi:CatchAndRose"],"picked":"Koishi:MentalBreakdown","floor":11.0},{"not_picked":["Koishi:Prune","Koishi:HeartAttack","Koishi:EmbryosDream"],"picked":"SKIP","floor":14.0}],"player_experience":41825,"relics_obtained":[{"floor":6.0,"key":"Omamori"},{"floor":9.0,"key":"Meat on the Bone"},{"floor":14.0,"key":"hubris:MysteriousPyramids"}],"event_choices":[{"damage_healed":0.0,"max_hp_gain":0.0,"max_hp_loss":0.0,"gold_gain":0.0,"event_name":"Accursed Blacksmith","player_choice":"Forge","floor":2.0,"gold_loss":0.0,"damage_taken":0.0,"cards_upgraded":["Koishi:HauntingSlash"]},{"damage_healed":0.0,"max_hp_gain":0.0,"max_hp_loss":0.0,"gold_gain":0.0,"event_name":"Golden Idol","player_choice":"Ignored","floor":4.0,"gold_loss":0.0,"damage_taken":0.0},{"damage_healed":0.0,"max_hp_gain":0.0,"max_hp_loss":0.0,"gold_gain":0.0,"event_name":"The Woman in Blue","player_choice":"Bought 0 Potions","floor":13.0,"gold_loss":0.0,"damage_taken":0.0}],"is_beta":false,"boss_relics":[],"items_purged_floors":[],"is_endless":false,"potions_floor_spawned":[1,8,11,14],"killed_by":"Slime Boss","ascension_level":0}}