{"host":"qwttrqaysb380yri","time":1608062757,"event":{"mods":["BaseMod","Custom Start","Minty Spire (QoL Compilation)","Puzzle Mod","Relic Stats","StSLib","The Cursed","The Hierophant"],"gold_per_floor":[117,132,146,164,164,164,204,204,204,245,263,281,281,303,303,392,392,403,403,166,216,245,270,338,380,407,490,552,552,100,190,190,265,265,321,378,178,245,245,324,324,324,324,624,716,708,236,295,295,295],"floor_reached":51,"playtime":2059,"items_purged":["hierophant:Punish","hierophant:Strike_Hierophant+1","hierophant:Strike_Hierophant+1","hierophant:Strike_Hierophant+1"],"score":1881,"play_id":"1d1015fd-f478-405a-954d-43dcc2b98e07","local_time":"20201215210557","is_ascension_mode":true,"campfire_choices":[{"data":"hierophant:Refuge","floor":6,"key":"SMITH"},{"data":"hierophant:Batter","floor":8,"key":"SMITH"},{"floor":13,"key":"REST"},{"floor":15,"key":"DIG"},{"floor":29,"key":"DIG"},{"floor":32,"key":"DIG"},{"data":"hierophant:Upheaval","floor":41,"key":"SMITH"},{"floor":44,"key":"DIG"},{"floor":49,"key":"DIG"}],"circlet_count":0,"master_deck":["AscendersBane","hierophant:Strike_Hierophant+1","hierophant:Defend_Hierophant+1","hierophant:Defend_Hierophant+1","hierophant:Defend_Hierophant+1","hierophant:Defend_Hierophant+1","hierophant:ChurchCoffers+1","hierophant:Smite","hierophant:MorningPrayer+1","hierophant:Doubloon+1","hierophant:Refuge+1","hierophant:Zeal","hierophant:Batter+1","hierophant:PristineSoul+1","hierophant:Shelter+1","hierophant:HammerAndAnvil+1","hierophant:OrnateBuckler+1","hierophant:Cornucopia+1","hierophant:HammerAndAnvil+1","Blind+1","hierophant:Community","hierophant:MirrorShield+1","hierophant:SecretStash+1","hierophant:Encroach+1","hierophant:Smite","hierophant:Doubloon+1","hierophant:Upheaval+1","hierophant:Alms+1"],"relics":["hierophant:PropheticMaskRelic","Blood Vial","Shovel","Toxic Egg 2","Toy Ornithopter","Letter Opener","SacredBark","Akabeko","Pen Nib","Red Mask","Eternal Feather","ClockworkSouvenir","Bag of Preparation","Prayer Wheel","Coffee Dripper","CaptainsWheel","HornCleat","Smiling Mask","Old Coin","War Paint","PrismaticShard","InkBottle","Centennial Puzzle"],"acts_visited":["Exordium","TheCity","TheBeyond"],"potions_floor_usage":[7,16,18,22,23,33,46,50,50],"damage_taken":[{"damage":1,"enemies":"Cultist","floor":1,"turns":3},{"damage":2,"enemies":"Jaw Worm","floor":2,"turns":3},{"damage":0,"enemies":"2 Louse","floor":3,"turns":2},{"damage":0,"enemies":"2 Fungi Beasts","floor":4,"turns":2},{"damage":16,"enemies":"Gremlin Nob","floor":7,"turns":4},{"damage":25,"enemies":"3 Sentries","floor":10,"turns":8},{"damage":4,"enemies":"Large Slime","floor":11,"turns":5},{"damage":5,"enemies":"Exordium Thugs","floor":12,"turns":4},{"damage":0,"enemies":"Blue Slaver","floor":14,"turns":1},{"damage":27,"enemies":"Hexaghost","floor":16,"turns":10},{"damage":17,"enemies":"2 Thieves","floor":18,"turns":3},{"damage":2,"enemies":"Shell Parasite","floor":22,"turns":4},{"damage":28,"enemies":"Book of Stabbing","floor":23,"turns":7},{"damage":0,"enemies":"Shelled Parasite and Fungi","floor":24,"turns":5},{"damage":5,"enemies":"Gremlin Leader","floor":25,"turns":9},{"damage":4,"enemies":"Masked Bandits","floor":27,"turns":6},{"damage":0,"enemies":"Snecko","floor":28,"turns":5},{"damage":6,"enemies":"Centurion and Healer","floor":31,"turns":8},{"damage":3,"enemies":"Collector","floor":33,"turns":6},{"damage":0,"enemies":"3 Darklings","floor":35,"turns":3},{"damage":0,"enemies":"Orb Walker","floor":36,"turns":3},{"damage":0,"enemies":"Mind Bloom Boss Battle","floor":38,"turns":6},{"damage":0,"enemies":"Nemesis","floor":40,"turns":5},{"damage":0,"enemies":"Jaw Worm Horde","floor":45,"turns":4},{"damage":21,"enemies":"Transient","floor":46,"turns":5},{"damage":0,"enemies":"Reptomancer","floor":48,"turns":3},{"damage":0,"enemies":"Donu and Deca","floor":50,"turns":7}],"seed_played":"9166144758208026148","potions_obtained":[{"floor":2,"key":"Dexterity Potion"},{"floor":4,"key":"LiquidMemories"},{"floor":12,"key":"CultistPotion"},{"floor":16,"key":"Explosive Potion"},{"floor":18,"key":"AttackPotion"},{"floor":27,"key":"PowerPotion"},{"floor":31,"key":"SteroidPotion"},{"floor":33,"key":"Energy Potion"}],"is_trial":false,"path_per_floor":["M","M","M","M","?","R","E","R","T","E","M","M","R","M","R","B",null,"M","?","$","?","M","E","M","E","T","?","M","R","$","M","R","B",null,"M","M","$","?","?","E","R","?","T","R","M","M","$","E","R","B",null],"character_chosen":"HIEROPHANT","items_purchased":["Blind+1","hierophant:Community","ClockworkSouvenir","Bag of Preparation","Dexterity Potion","hierophant:Upheaval","War Paint","PrismaticShard","PowerPotion","hierophant:Alms+1"],"campfire_rested":1,"item_purchase_floors":[20,20,30,30,30,37,47,47,47,47],"current_hp_per_floor":[67,65,65,65,65,65,51,51,51,28,26,23,45,47,47,27,63,53,53,53,53,58,37,39,36,36,34,36,36,36,32,47,51,69,71,73,73,75,75,75,75,71,71,71,71,55,55,57,71,71],"gold":295,"neow_bonus":"UPGRADE_CARD","is_daily":false,"chose_seed":false,"campfire_upgraded":3,"win_rate":0.0,"timestamp":1608062757,"path_taken":["M","M","M","M","?","R","E","R","T","E","M","M","R","M","R","BOSS","M","?","$","?","M","E","?","E","T","?","M","R","$","M","R","BOSS","M","M","$","?","?","E","R","?","T","R","M","?","$","E","R","BOSS"],"items_purchased_type":["Card","Card","Relic","Relic","Potion","Card","Relic","Relic","Potion","Card"],"build_version":"2020-12-13","purchased_purges":4,"victory":true,"max_hp_per_floor":[75,75,75,75,75,75,75,75,75,75,75,75,75,75,75,75,75,75,75,75,75,75,75,75,75,75,75,75,75,75,75,75,75,75,75,75,75,75,75,75,75,71,71,71,71,71,71,71,71,71],"relic_stats":{"counters":[27,131],"Eternal Feather":29,"Pen Nib":[7],"Bag of Preparation":[20],"Letter Opener":[120],"War Paint":["hierophant:MorningPrayer","hierophant:Doubloon"],"Smiling Mask":100,"Blood Vial":38,"Centennial Puzzle":[0],"Shovel":5,"Prayer Wheel":4,"obtain_stats":[{"hierophant:PropheticMaskRelic":0,"SacredBark":17,"Eternal Feather":29,"Pen Nib":26,"Bag of Preparation":30,"Letter Opener":15,"War Paint":47,"Smiling Mask":43,"PrismaticShard":47,"Akabeko":25,"ClockworkSouvenir":30,"Old Coin":44,"Blood Vial":5,"CaptainsWheel":38,"Centennial Puzzle":49,"Shovel":7,"HornCleat":40,"Prayer Wheel":32,"Red Mask":27,"Coffee Dripper":34,"Toxic Egg 2":9,"Toy Ornithopter":10,"InkBottle":48},{"hierophant:PropheticMaskRelic":0,"SacredBark":10,"Eternal Feather":17,"Pen Nib":15,"Bag of Preparation":17,"Letter Opener":9,"War Paint":25,"Smiling Mask":23,"PrismaticShard":25,"Akabeko":15,"ClockworkSouvenir":17,"Old Coin":23,"Blood Vial":4,"CaptainsWheel":22,"Centennial Puzzle":26,"Shovel":5,"HornCleat":23,"Prayer Wheel":18,"Red Mask":16,"Coffee Dripper":19,"Toxic Egg 2":5,"Toy Ornithopter":6,"InkBottle":26},{"hierophant:PropheticMaskRelic":0,"SacredBark":42,"Eternal Feather":81,"Pen Nib":70,"Bag of Preparation":81,"Letter Opener":32,"War Paint":121,"Smiling Mask":112,"PrismaticShard":121,"Akabeko":70,"ClockworkSouvenir":81,"Old Coin":112,"Blood Vial":10,"CaptainsWheel":107,"Centennial Puzzle":124,"Shovel":14,"HornCleat":112,"Prayer Wheel":89,"Red Mask":76,"Coffee Dripper":95,"Toxic Egg 2":14,"Toy Ornithopter":22,"InkBottle":124}],"Toy Ornithopter":30,"InkBottle":[3]},"card_choices":[{"not_picked":["hierophant:FlamingChariot","hierophant:Repentance"],"picked":"hierophant:Smite","floor":1},{"not_picked":["hierophant:FlamingChariot","hierophant:SealAway"],"picked":"hierophant:MorningPrayer","floor":2},{"not_picked":["hierophant:Remorse","hierophant:RepressedViolence"],"picked":"hierophant:Refuge","floor":3},{"not_picked":["hierophant:RepressedViolence","hierophant:CoinFling"],"picked":"hierophant:Zeal","floor":4},{"not_picked":["hierophant:FlamingChariot","hierophant:Invocation"],"picked":"hierophant:Batter","floor":7},{"not_picked":["hierophant:MirrorShield+1","hierophant:OrnateJavelin"],"picked":"hierophant:PristineSoul+1","floor":10},{"not_picked":["hierophant:Community","hierophant:PassingBell"],"picked":"hierophant:Shelter+1","floor":11},{"not_picked":["hierophant:PassingBell","hierophant:Encroach+1"],"picked":"hierophant:HammerAndAnvil+1","floor":12},{"not_picked":["hierophant:Sermon+1","hierophant:WrathOfGod"],"picked":"hierophant:OrnateBuckler+1","floor":14},{"not_picked":["hierophant:LocustPlague","hierophant:Generosity"],"picked":"hierophant:Cornucopia+1","floor":16},{"not_picked":["hierophant:HolyVerse+1","hierophant:CoinFling+1"],"picked":"hierophant:HammerAndAnvil+1","floor":18},{"not_picked":["hierophant:Prophecy+1","hierophant:PristineSoul+1"],"picked":"hierophant:MirrorShield+1","floor":22},{"not_picked":["hierophant:Smite","hierophant:Levitation+1"],"picked":"hierophant:SecretStash+1","floor":23},{"not_picked":["hierophant:RepressedViolence","hierophant:Blessing+1","hierophant:SealAway+1"],"picked":"SKIP","floor":24},{"not_picked":["hierophant:RepressedViolence","hierophant:Blessing+1","hierophant:SealAway+1"],"picked":"SKIP","floor":24},{"not_picked":["hierophant:ThreeLashes","hierophant:Blessing+1"],"picked":"hierophant:Encroach+1","floor":25},{"not_picked":["hierophant:AuricBeam","hierophant:CursedGold"],"picked":"hierophant:Smite","floor":27},{"not_picked":["hierophant:Martyrdom","hierophant:Repentance+1","hierophant:PassingBell"],"picked":"SKIP","floor":28},{"not_picked":["hierophant:HammerAndAnvil+1","hierophant:Flagellation+1","hierophant:Shelter+1"],"picked":"SKIP","floor":31},{"not_picked":["hierophant:AuricBeam","hierophant:FlamingChariot"],"picked":"hierophant:Doubloon+1","floor":35},{"not_picked":["hierophant:Blessing+1","hierophant:RepressedViolence","hierophant:DisplayOfPower"],"picked":"SKIP","floor":35},{"not_picked":["hierophant:HolyVerse+1","hierophant:MorningPrayer+1","hierophant:Levitation+1"],"picked":"SKIP","floor":36},{"not_picked":["hierophant:FieryStrike","hierophant:Remorse+1","hierophant:DisplayOfPower"],"picked":"SKIP","floor":36},{"not_picked":["hierophant:Martyrdom","hierophant:AuricBeam+1","hierophant:LocustPlague"],"picked":"SKIP","floor":40},{"not_picked":["hierophant:RepressedViolence","hierophant:OrnateBuckler+1","hierophant:HolyVerse+1"],"picked":"SKIP","floor":45},{"not_picked":["hierophant:AuricShield+1","hierophant:FaithHealing+1","hierophant:Flagellation+1"],"picked":"SKIP","floor":45},{"not_picked":["hierophant:Exaltation+1","hierophant:HolyVerse+1","hierophant:OrnateJavelin+1"],"picked":"SKIP","floor":46},{"not_picked":["hierophant:RecallFunds+1","hierophant:Charity","hierophant:PristineSoul+1"],"picked":"SKIP","floor":46},{"not_picked":["TheCursedMod:CursedStaff","Turbo+1","Enlightenment+1"],"picked":"SKIP","floor":48}],"player_experience":1860784,"relics_obtained":[{"floor":5,"key":"Blood Vial"},{"floor":7,"key":"Shovel"},{"floor":9,"key":"Toxic Egg 2"},{"floor":10,"key":"Toy Ornithopter"},{"floor":15,"key":"Letter Opener"},{"floor":25,"key":"Akabeko"},{"floor":26,"key":"Pen Nib"},{"floor":27,"key":"Red Mask"},{"floor":29,"key":"Eternal Feather"},{"floor":32,"key":"Prayer Wheel"},{"floor":38,"key":"CaptainsWheel"},{"floor":40,"key":"HornCleat"},{"floor":43,"key":"Smiling Mask"},{"floor":44,"key":"Old Coin"},{"floor":48,"key":"InkBottle"},{"floor":49,"key":"Centennial Puzzle"}],"event_choices":[{"damage_healed":0,"gold_gain":0,"player_choice":"Relic","damage_taken":0,"max_hp_gain":0,"max_hp_loss":0,"event_name":"Wheel of Change","floor":5,"gold_loss":0},{"damage_healed":0,"gold_gain":0,"player_choice":"Simplicity","damage_taken":0,"max_hp_gain":0,"max_hp_loss":0,"event_name":"Back to Basics","floor":19,"gold_loss":0,"cards_upgraded":["hierophant:Strike_Hierophant","hierophant:Strike_Hierophant","hierophant:Strike_Hierophant","hierophant:Strike_Hierophant","hierophant:Defend_Hierophant","hierophant:Defend_Hierophant","hierophant:Defend_Hierophant","hierophant:Defend_Hierophant"]},{"damage_healed":0,"gold_gain":50,"player_choice":"Stole From Cult","damage_taken":0,"max_hp_gain":0,"max_hp_loss":0,"event_name":"Nest","floor":21,"gold_loss":0},{"damage_healed":0,"gold_gain":0,"player_choice":"Fought Bandits","damage_taken":0,"max_hp_gain":0,"max_hp_loss":0,"event_name":"Masked Bandits","floor":27,"gold_loss":0},{"damage_healed":0,"gold_gain":0,"player_choice":"Fight","damage_taken":0,"max_hp_gain":0,"max_hp_loss":0,"event_name":"MindBloom","floor":38,"gold_loss":0},{"damage_healed":0,"gold_gain":0,"player_choice":"Memory 1","damage_taken":0,"max_hp_gain":0,"max_hp_loss":0,"event_name":"SensoryStone","floor":39,"gold_loss":0},{"damage_healed":0,"gold_gain":0,"player_choice":"Max HP","damage_taken":0,"max_hp_gain":0,"max_hp_loss":4,"event_name":"Winding Halls","floor":42,"gold_loss":0}],"is_beta":false,"boss_relics":[{"not_picked":["Runic Dome","Snecko Eye"],"picked":"SacredBark"},{"not_picked":["Busted Crown","Black Star"],"picked":"Coffee Dripper"}],"items_purged_floors":[20,30,37,47],"is_endless":false,"potions_floor_spawned":[2,4,12,14,16,18,27,31,33,36,40,45],"ascension_level":15}}