{"host":"f55lpzc7830gmx23","time":1608039609,"event":{"mods":["BaseMod","Better Note","Downfall","Hermit","Minty Spire (QoL Compilation)","StSLib","The Blackbeard","The Cursed","The Necromancer"],"gold_per_floor":[133,180,180,207,207,282,22,78,78,135,201,248,263,283,283,413,413,433,20,20,40,40,85,104,104,127,181,181,24,65,13,13,126,126,143,143,180,0,0,34,52,108,108,108,108,180,180,180,180,205,205,205],"floor_reached":50,"playtime":3008,"items_purged":[],"score":1068,"play_id":"580f554e-edea-457a-90b1-98bdcbfeafa7","local_time":"20201215144009","is_ascension_mode":true,"campfire_choices":[{"floor":15.0,"key":"REST"},{"floor":32,"key":"REST"},{"floor":44,"key":"REST"},{"floor":49,"key":"REST"}],"circlet_count":0,"master_deck":["blackbeard:BlackbeardStrike","blackbeard:BlackbeardStrike","blackbeard:IntimidatingStrike","blackbeard:BlackbeardDefend","blackbeard:BlackbeardDefend","blackbeard:Cutlass","blackbeard:BountyHunter","blackbeard:Bandana","blackbeard:CatONineTails","blackbeard:BrownPants","blackbeard:RearmingStrike+1","blackbeard:PirateHook+1","blackbeard:BoostMorale","blackbeard:BlindAttacks+1","blackbeard:PowderKeg","blackbeard:GoldenGuillotine+1","blackbeard:Anchor","blackbeard:CloakAndCannonball","blackbeard:Provisioning","Shame","blackbeard:BeatUp+1","blackbeard:RemoveScurvy+1","blackbeard:CannonballSupply","blackbeard:CloakAndCannonball","blackbeard:FinalBarrage+1","blackbeard:GoldenDefense","blackbeard:CaptainsHat+1","blackbeard:Revenge+1","blackbeard:ReapersScythe+1","blackbeard:AgileStrike+1","blackbeard:RemoveScurvy+1","blackbeard:BoostMorale+1","blackbeard:CaptainsHat+1","blackbeard:RemoveScurvy","blackbeard:WeaponProficiency+1","blackbeard:GoldenStrike+1","Doubt","blackbeard:TheDrunkenSailor+1","Writhe","blackbeard:InfiniteBarrage+1"],"relics":["blackbeard:LoadTheCannons","Shuriken","Molten Egg 2","Frozen Egg 2","Mercury Hourglass","Black Star","Pear","Vajra","NlothsMask","blackbeard:Penknife","Bag of Marbles","MutagenicStrength","Question Card","Nloth\u0027s Gift","Dream Catcher","Astrolabe","Red Mask","Matryoshka","Orichalcum","War Paint","Sundial","Bottled Flame","blackbeard:TreasureChest","blackbeard:WhitePearl","Darkstone Periapt"],"acts_visited":["Exordium","TheCity","TheBeyond"],"potions_floor_usage":[16,23,23,24,27,27,33,33,37,42,42,42,42,42],"damage_taken":[{"damage":6.0,"enemies":"Jaw Worm","floor":1.0,"turns":3.0},{"damage":0.0,"enemies":"Cultist","floor":2.0,"turns":4.0},{"damage":0.0,"enemies":"Small Slimes","floor":4.0,"turns":2.0},{"damage":20.0,"enemies":"3 Sentries","floor":6.0,"turns":7.0},{"damage":22.0,"enemies":"Gremlin Gang","floor":8.0,"turns":4.0},{"damage":0.0,"enemies":"Large Slime","floor":10.0,"turns":4.0},{"damage":10.0,"enemies":"Gremlin Nob","floor":11.0,"turns":3.0},{"damage":0.0,"enemies":"Exordium Thugs","floor":12.0,"turns":2.0},{"damage":0.0,"enemies":"2 Fungi Beasts","floor":13.0,"turns":1.0},{"damage":0.0,"enemies":"Lots of Slimes","floor":14.0,"turns":1.0},{"damage":0,"enemies":"Slime Boss","floor":16,"turns":5},{"damage":1,"enemies":"Spheric Guardian","floor":18,"turns":3},{"damage":2,"enemies":"Chosen","floor":21,"turns":3},{"damage":33,"enemies":"Book of Stabbing","floor":23,"turns":4},{"damage":0,"enemies":"Shelled Parasite and Fungi","floor":24,"turns":2},{"damage":0,"enemies":"Slavers","floor":27,"turns":2},{"damage":19,"enemies":"Sentry and Sphere","floor":30,"turns":4},{"damage":35,"enemies":"Collector","floor":33,"turns":3},{"damage":0,"enemies":"Orb Walker","floor":35,"turns":2},{"damage":8,"enemies":"3 Darklings","floor":37,"turns":3},{"damage":42,"enemies":"Nemesis","floor":40,"turns":3},{"damage":8,"enemies":"Writhing Mass","floor":41,"turns":3},{"damage":32,"enemies":"Giant Head","floor":42,"turns":6},{"damage":92,"enemies":"Reptomancer","floor":46,"turns":5},{"damage":70,"enemies":"Awakened One","floor":50,"turns":3}],"seed_played":"633216970412755092","potions_obtained":[{"floor":1.0,"key":"LiquidBronze"},{"floor":4.0,"key":"Guardian:BlockOnCardUsePotion"},{"floor":6.0,"key":"BlessingOfTheForge"},{"floor":12.0,"key":"BlessingOfTheForge"},{"floor":14.0,"key":"BlessingOfTheForge"},{"floor":21,"key":"Swift Potion"},{"floor":23,"key":"Guardian:BlockOnCardUsePotion"},{"floor":27,"key":"Dexterity Potion"},{"floor":30,"key":"Fire Potion"},{"floor":36,"key":"FearPotion"},{"floor":36,"key":"hexamod:EctoCoolerPotion"},{"floor":40,"key":"BlessingOfTheForge"},{"floor":41,"key":"AttackPotion"}],"is_trial":false,"path_per_floor":["M","M","?","M","?","E","$","M","T","M","E","M","M","M","R","B",null,"M","$","?","M","?","E","M","?","T","E","?","$","M","$","R","B",null,"M","?","M","?","$","E","M","E","T","R","?","E","?","?","R","B"],"character_chosen":"BLACKBEARD_CLASS","items_purchased":["Molten Egg 2","Pear","blackbeard:CloakAndCannonball","Fire Potion","blackbeard:Provisioning","Dream Catcher","PowerPotion"],"campfire_rested":4,"item_purchase_floors":[7,19,19,19,19,29,31],"current_hp_per_floor":[62,62,62,62,62,42,42,20,20,20,10,10,10,10,32,32,64,63,73,73,71,71,38,38,38,38,38,38,38,19,19,44,9,66,71,71,71,71,71,29,29,5,5,30,85,1,28,28,55,0,0,0],"gold":205,"neow_bonus":"ONE_RANDOM_RARE_CARD","is_daily":false,"chose_seed":false,"campfire_upgraded":0,"win_rate":0.0,"timestamp":1608039609,"path_taken":["M","M","?","?","?","E","$","M","T","M","E","?","M","M","R","BOSS","M","$","?","M","?","E","?","?","T","E","?","$","?","?","R","BOSS","M","?","?","?","$","E","M","E","T","R","?","E","?","?","R","BOSS"],"items_purchased_type":["Relic","Relic","Card","Potion","Card","Relic","Potion"],"build_version":"2020-12-13","purchased_purges":0,"victory":false,"max_hp_per_floor":[75,75,75,75,75,75,75,75,75,75,75,75,75,75,75,75,75,75,85,85,85,85,85,85,85,85,85,85,85,85,85,85,85,85,85,85,85,85,85,85,85,85,85,85,85,85,91,91,91,91,91,91],"card_choices":[{"not_picked":["blackbeard:WeaponProficiency","blackbeard:GoldenStrike"],"picked":"blackbeard:Bandana","floor":1.0},{"not_picked":["blackbeard:PiratesWill","blackbeard:VengefulSpirit","blackbeard:FishingNets"],"picked":"SKIP","floor":2.0},{"not_picked":["blackbeard:Sword","blackbeard:Shrapnel"],"picked":"blackbeard:CatONineTails","floor":4.0},{"not_picked":["blackbeard:Fencing","blackbeard:Sharpening"],"picked":"blackbeard:BrownPants","floor":6.0},{"not_picked":["blackbeard:Rum","blackbeard:WeaponProficiency"],"picked":"blackbeard:RearmingStrike+1","floor":8.0},{"not_picked":["blackbeard:SwordDance","blackbeard:Sharpening"],"picked":"blackbeard:PirateHook+1","floor":10.0},{"not_picked":["blackbeard:Shrapnel+1","blackbeard:TacticalRetreat"],"picked":"blackbeard:BoostMorale","floor":11.0},{"not_picked":["blackbeard:SwordDance","blackbeard:TacticalRetreat"],"picked":"blackbeard:BlindAttacks+1","floor":12.0},{"not_picked":["blackbeard:Dagger","blackbeard:Spear"],"picked":"blackbeard:PowderKeg","floor":13.0},{"not_picked":["blackbeard:Sharpening","blackbeard:Shrapnel+1","blackbeard:ArmorUp"],"picked":"SKIP","floor":14.0},{"not_picked":["blackbeard:Halberd","blackbeard:MegaUpgrade"],"picked":"blackbeard:GoldenGuillotine+1","floor":16},{"not_picked":["blackbeard:Recklessness","blackbeard:VengefulSpirit"],"picked":"blackbeard:Anchor","floor":18},{"not_picked":["blackbeard:FieryDefense","blackbeard:WiseDefense"],"picked":"blackbeard:BeatUp+1","floor":21},{"not_picked":["blackbeard:Halberd","blackbeard:Fencing"],"picked":"blackbeard:RemoveScurvy","floor":23},{"not_picked":["blackbeard:ChaoticDefense","blackbeard:Sharpening"],"picked":"blackbeard:CannonballSupply","floor":24},{"not_picked":["blackbeard:Sword","blackbeard:BeatUp+1"],"picked":"blackbeard:CloakAndCannonball","floor":27},{"not_picked":["blackbeard:TacticalRetreat","blackbeard:CatONineTails","blackbeard:BeatUp+1"],"picked":"blackbeard:FinalBarrage+1","floor":30},{"not_picked":["blackbeard:DeadlyArsenal","blackbeard:BlindAttacks+1","blackbeard:Spear"],"picked":"blackbeard:GoldenDefense","floor":32},{"not_picked":["blackbeard:WeaponMastery+1","blackbeard:GoldenGuillotine+1","blackbeard:MegaUpgrade"],"picked":"blackbeard:CaptainsHat+1","floor":33},{"not_picked":["blackbeard:Recklessness","blackbeard:Dagger","blackbeard:TacticalRetreat+1"],"picked":"blackbeard:RemoveScurvy+1","floor":35},{"not_picked":["blackbeard:CloakAndCannonball+1","blackbeard:TerrorOfTheSeas","blackbeard:PowerHungry"],"picked":"blackbeard:BoostMorale","floor":37},{"not_picked":["blackbeard:TerrorOfTheSeas","blackbeard:Intoxication+1","blackbeard:WiseDefense"],"picked":"blackbeard:CaptainsHat+1","floor":40},{"not_picked":["blackbeard:DeadlyArsenal+1","blackbeard:CannonBarrage","blackbeard:TacticalRetreat"],"picked":"blackbeard:RemoveScurvy","floor":41},{"not_picked":["blackbeard:ChaoticDefense+1","blackbeard:Spear","blackbeard:GoldenDefense+1"],"picked":"blackbeard:WeaponProficiency+1","floor":42},{"not_picked":["blackbeard:Anchor+1","blackbeard:CloakAndCannonball","blackbeard:ReapersScythe"],"picked":"blackbeard:GoldenStrike+1","floor":44},{"not_picked":["blackbeard:Salvager+1","blackbeard:BeatUp+1","blackbeard:Sharpening+1"],"picked":"blackbeard:TheDrunkenSailor+1","floor":46},{"not_picked":["blackbeard:FieryDefense","blackbeard:BuriedTreasure","blackbeard:TerrorOfTheSeas+1"],"picked":"blackbeard:InfiniteBarrage+1","floor":49}],"player_experience":407633,"relics_obtained":[{"floor":6.0,"key":"Shuriken"},{"floor":9.0,"key":"Frozen Egg 2"},{"floor":11.0,"key":"Mercury Hourglass"},{"floor":23,"key":"blackbeard:Penknife"},{"floor":23,"key":"Bag of Marbles"},{"floor":27,"key":"Question Card"},{"floor":27,"key":"Art of War"},{"floor":40,"key":"Matryoshka"},{"floor":40,"key":"Orichalcum"},{"floor":42,"key":"War Paint"},{"floor":42,"key":"Sundial"},{"floor":43,"key":"Bottled Flame"},{"floor":43,"key":"blackbeard:TreasureChest"},{"floor":46,"key":"blackbeard:WhitePearl"},{"floor":46,"key":"Darkstone Periapt"}],"event_choices":[{"damage_healed":0.0,"max_hp_gain":0.0,"max_hp_loss":0.0,"gold_gain":0.0,"event_name":"betterNote:BetterNote","player_choice":"Ignored","floor":3.0,"gold_loss":0.0,"damage_taken":0.0,"cards_obtained":["Injury"]},{"damage_healed":0.0,"max_hp_gain":0.0,"max_hp_loss":0.0,"gold_gain":0.0,"event_name":"Match and Keep!","player_choice":"0 cards matched","floor":5.0,"gold_loss":0.0,"damage_taken":0.0,"cards_obtained":[]},{"damage_healed":0,"gold_gain":0,"player_choice":"Stole Relic","damage_taken":0,"relics_obtained":["Vajra"],"max_hp_gain":0,"max_hp_loss":0,"event_name":"Addict","floor":20,"gold_loss":0,"cards_obtained":["Shame"]},{"damage_healed":0,"gold_gain":0,"player_choice":"Trade","damage_taken":0,"relics_obtained":["NlothsMask"],"max_hp_gain":0,"max_hp_loss":0,"event_name":"FaceTrader","floor":22,"gold_loss":0},{"damage_healed":0,"gold_gain":0,"player_choice":"Inject Mutagens","damage_taken":0,"relics_obtained":["MutagenicStrength"],"max_hp_gain":0,"max_hp_loss":0,"event_name":"Drug Dealer","floor":25,"gold_loss":0},{"damage_healed":0,"gold_gain":0,"player_choice":"Traded Relic","damage_taken":0,"relics_obtained":["Nloth\u0027s Gift"],"max_hp_gain":0,"max_hp_loss":0,"event_name":"N\u0027loth","floor":28,"relics_lost":["Art of War"],"gold_loss":0},{"damage_healed":0,"gold_gain":0,"player_choice":"Got Potions","damage_taken":0,"max_hp_gain":0,"max_hp_loss":0,"event_name":"Lab","floor":36,"gold_loss":0},{"damage_healed":0,"gold_gain":0,"player_choice":"Paid","damage_taken":0,"relics_obtained":["Red Mask"],"max_hp_gain":0,"max_hp_loss":0,"event_name":"Tomb of Lord Red Mask","floor":38,"gold_loss":180},{"damage_healed":55,"gold_gain":0,"player_choice":"Heal","damage_taken":0,"max_hp_gain":0,"max_hp_loss":0,"event_name":"MindBloom","floor":45,"gold_loss":0,"cards_obtained":["Doubt"]},{"damage_healed":21,"gold_gain":0,"player_choice":"Writhe","damage_taken":0,"max_hp_gain":0,"max_hp_loss":0,"event_name":"Winding Halls","floor":47,"gold_loss":0,"cards_obtained":["Writhe"]},{"cards_removed":["blackbeard:BlackbeardStrike"],"damage_healed":0,"gold_gain":0,"player_choice":"Removed Attack","damage_taken":0,"max_hp_gain":0,"max_hp_loss":0,"event_name":"Falling","floor":48,"gold_loss":0}],"is_beta":false,"boss_relics":[{"not_picked":["SacredBark","Cursed Key"],"picked":"Black Star"},{"not_picked":["Tiny House","blackbeard:Karategi"],"picked":"Astrolabe"}],"items_purged_floors":[],"is_endless":false,"potions_floor_spawned":[1,4,6,12,14,21,23,27,30,40,41],"killed_by":"Awakened One","ascension_level":7}}