{"host":"g53g9qlo34vrqi92","time":1608011931,"event":{"mods":["Aspiration","Bard","BaseMod","Beaked The Cultist","BetterRewards","Colored Map","Conspire","Energized Spire","Fiend Mod","GifTheSpireLib","Googly Eyes","Gremlin Skip","Halation","Hermit","Hubris","Infinite Spire","Jedi Mod","Minty Spire (QoL Compilation)","Permanent Neow","Quick Restart","Relic Filter","Replay The Spire","Spikes Relics","StSLib","Stuff the Spire","Synergy Search","The Bladedancer","The Bug Knight","The Construct","The Cursed","The Factory","The Forsaken","The Jungle","The Necromancer","The Spell Scribe","The Trickster","Trackpad","slay the spire mod where everything is the same but ironclad has a cowboy hat","vexMod"],"gold_per_floor":[113,113,130,130,146,173,173,185,185,202,116,81,34,53,53,153,153,167,185,101,113,127,127,145,145,145,145,161,196,196,196,196,298,298,316,336,354,354,354],"floor_reached":38,"playtime":1952,"items_purged":[],"score":575,"play_id":"02fe8cbd-35f8-455e-964d-0f7c24c67e3a","local_time":"20201214215851","is_ascension_mode":false,"campfire_choices":[{"floor":7.0,"key":"RECALL"},{"floor":23.0,"key":"REST"},{"data":"Specialist","floor":25.0,"key":"SMITH"},{"data":"Uppercut","floor":27.0,"key":"SMITH"},{"floor":32.0,"key":"REST"}],"circlet_count":0,"master_deck":["Strike_R","Strike_R","Strike_R","Strike_R+1","Strike_R","Defend_R","Defend_R","Defend_R","Defend_R","Bash","The Bomb","Sword Boomerang+1","Thunderclap","Twin Strike","Heavy Blade","Uppercut+1","Twin Strike","Specialist+1","Pommel Strike","StuffTheSpire:Resist","Demon Form","ReplayTheSpireMod:Corrosion Curse","Life Link","Replay:Undeath\u0027s Touch","Dark Embrace+1","Power Through","Perfected Strike+1","Bludgeon","Reckless Charge+1","StuffTheSpire:Incineration+1","Reaper"],"relics":["Burning Blood","HollowMod:PaleOreRelic","trackpad:PocketGalaxy","infinitespire:Beetle Shell","SpikesRelics:DaevaFist","ClockworkSouvenir","WarpedTongs","trackpad:BottledTsunami","Kunai","Sandwich","Replay:Wax Seal","Replay:Arrowhead","beaked:MawFillet"],"acts_visited":["Exordium","TheCity","TheBeyond"],"potions_floor_usage":[],"damage_taken":[{"damage":0.0,"enemies":"conspire:RoseBush","floor":1.0,"turns":3.0},{"damage":15.0,"enemies":"infinitespire:Voidling","floor":3.0,"turns":3.0},{"damage":1.0,"enemies":"Jaw Worm","floor":5.0,"turns":2.0},{"damage":0.0,"enemies":"Gremlin Nob","floor":6.0,"turns":3.0},{"damage":7.0,"enemies":"Exordium Thugs","floor":8.0,"turns":3.0},{"damage":16.0,"enemies":"Exordium Wildlife","floor":10.0,"turns":3.0},{"damage":11.0,"enemies":"Large Slime","floor":14.0,"turns":6.0},{"damage":35.0,"enemies":"Slime Boss","floor":16.0,"turns":6.0},{"damage":0.0,"enemies":"Chosen","floor":18.0,"turns":5.0},{"damage":20.0,"enemies":"conspire:FuzzyDice","floor":19.0,"turns":3.0},{"damage":2.0,"enemies":"Snecko","floor":21.0,"turns":4.0},{"damage":12.0,"enemies":"3 Cultists","floor":22.0,"turns":5.0},{"damage":7.0,"enemies":"conspire:HollyBat","floor":24.0,"turns":10.0},{"damage":24.0,"enemies":"Centurion and Healer","floor":28.0,"turns":4.0},{"damage":23.0,"enemies":"Gremlin Leader","floor":29.0,"turns":4.0},{"damage":30.0,"enemies":"hubris:MusketHawk","floor":33.0,"turns":6.0},{"damage":18.0,"enemies":"Orb Walker","floor":35.0,"turns":2.0},{"damage":13,"enemies":"3 Shapes","floor":36,"turns":4},{"damage":40,"enemies":"3 Darklings","floor":37,"turns":3},{"damage":38,"enemies":"Nemesis","floor":38,"turns":2}],"seed_played":"4665805073418002763","potions_obtained":[{"floor":1.0,"key":"SpeedPotion"},{"floor":3.0,"key":"SpeedPotion"},{"floor":5.0,"key":"SteroidPotion"},{"floor":33.0,"key":"Adrenaline Potion"},{"floor":36,"key":"Fire Potion"}],"is_trial":false,"path_per_floor":["M","?","M","?","M","E","R","M","T","M","$","?","$","M","R_BF","B",null,"M","M","$","M","M","R","M","R","T","R","M","E","?","?","R","B",null,"M","M","M","E"],"character_chosen":"IRONCLAD","items_purchased":["HollowMod:PaleOreRelic","trackpad:PocketGalaxy","infinitespire:Beetle Shell","SpikesRelics:DaevaFist","The Bomb","ClockworkSouvenir","Specialist","Pommel Strike","Replay:Wax Seal"],"campfire_rested":2,"item_purchase_floors":[0,0,0,0,0,0,11,13,20],"current_hp_per_floor":[36,36,31,31,36,42,42,41,41,31,31,51,51,46,70,41,80,80,66,66,70,64,80,79,79,79,79,61,44,44,44,68,44,80,68,61,27,0,0],"gold":354,"neow_bonus":"","is_daily":false,"chose_seed":false,"campfire_upgraded":2,"win_rate":0.0,"timestamp":1608011931,"path_taken":["M","?","?","?","?","E","R","?","T","M","$","?","$","M","R_BF","BOSS","M","M","$","M","M","R","M","R","T","R","M","E","?","?","R","BOSS","M","M","M","E"],"items_purchased_type":["Relic","Relic","Relic","Relic","Card","Relic","Card","Card","Relic"],"build_version":"2020-12-13","purchased_purges":0,"victory":false,"max_hp_per_floor":[80,80,80,80,80,80,80,80,80,80,80,80,80,80,80,80,80,80,80,80,80,80,80,80,80,80,80,80,80,80,80,80,80,80,80,80,80,80,80],"card_choices":[{"not_picked":["Heavy Blade","Headbutt"],"picked":"Sword Boomerang","floor":1.0},{"not_picked":["Massacre","Clash"],"picked":"Thunderclap","floor":3.0},{"not_picked":["Sword Boomerang","Havoc"],"picked":"Twin Strike","floor":5.0},{"not_picked":["Run Through","Perfected Strike"],"picked":"Heavy Blade","floor":6.0},{"not_picked":["Immolate","Ghostly Armor"],"picked":"Uppercut","floor":8.0},{"not_picked":["Sword Boomerang","Replay:Undeath\u0027s Touch"],"picked":"Twin Strike","floor":10.0},{"not_picked":["Clothesline","Shrug It Off"],"picked":"StuffTheSpire:Resist","floor":14.0},{"not_picked":["jedi:strikingstrike","Double Tap"],"picked":"Demon Form","floor":16.0},{"not_picked":["Twin Strike","Clash"],"picked":"ReplayTheSpireMod:Corrosion Curse","floor":18.0},{"not_picked":["Body Slam+1","Searing Blow"],"picked":"Life Link","floor":19.0},{"not_picked":["Armaments","Headbutt"],"picked":"Replay:Undeath\u0027s Touch","floor":21.0},{"not_picked":["True Grit","Body Slam","hubris:ReadiedAction"],"picked":"SKIP","floor":22.0},{"not_picked":["True Grit","Carnage+1"],"picked":"Dark Embrace+1","floor":24.0},{"not_picked":["Entrench+1","ReplayTheSpireMod:Muscle Training+1"],"picked":"Power Through","floor":28.0},{"not_picked":["Body Slam","StuffTheSpire:TitanForm"],"picked":"Perfected Strike+1","floor":29.0},{"not_picked":["jedi:bloodyhammer","Barricade"],"picked":"Bludgeon","floor":33.0},{"not_picked":["Cleave","Evolve+1"],"picked":"Reckless Charge+1","floor":35.0},{"not_picked":["hubris:ReadiedAction","ReplayTheSpireMod:Strike From Hell"],"picked":"StuffTheSpire:Incineration+1","floor":36},{"not_picked":["Anger+1","Feel No Pain+1"],"picked":"Reaper","floor":37}],"player_experience":982770,"relics_obtained":[{"floor":6.0,"key":"trackpad:BottledTsunami"},{"floor":9.0,"key":"Kunai"},{"floor":29.0,"key":"Replay:Arrowhead"}],"event_choices":[{"damage_healed":0.0,"max_hp_gain":0.0,"max_hp_loss":0.0,"gold_gain":0.0,"event_name":"Accursed Blacksmith","player_choice":"Rummage","floor":2.0,"gold_loss":0.0,"damage_taken":0.0,"relics_obtained":["WarpedTongs"],"cards_obtained":["Pain"]},{"cards_removed":["Pain"],"damage_healed":0.0,"max_hp_gain":0.0,"max_hp_loss":0.0,"gold_gain":0.0,"event_name":"Purifier","player_choice":"Purged","floor":4.0,"gold_loss":0.0,"damage_taken":0.0},{"damage_healed":20.0,"max_hp_gain":0.0,"max_hp_loss":0.0,"gold_gain":0.0,"event_name":"The Cleric","player_choice":"Healed","floor":12.0,"gold_loss":35.0,"damage_taken":0.0}],"is_beta":false,"boss_relics":[{"not_picked":["aspiration:SecretTechniqueScroll","hubris:HollowSoul"],"picked":"Sandwich"},{"not_picked":["jedi:battlestandard","SacredBark"],"picked":"beaked:MawFillet"}],"items_purged_floors":[],"is_endless":false,"potions_floor_spawned":[1,3,5,10,14,19,24,28,33,36],"killed_by":"Nemesis","ascension_level":0}}