{"host":"qwttrqaysb380yri","time":1608057280,"event":{"mods":["BaseMod","Custom Start","Minty Spire (QoL Compilation)","Puzzle Mod","Relic Stats","StSLib","The Cursed","The Hierophant"],"gold_per_floor":[110,110,35,60,79,79,73,84,84,84,104,104,56,56],"floor_reached":13,"playtime":340,"items_purged":["Regret"],"score":149,"play_id":"0ea94151-7557-47fc-88c8-fae84ca41035","local_time":"20201215193440","is_ascension_mode":true,"campfire_choices":[{"data":"hierophant:FieryStrike","floor":6,"key":"SMITH"},{"floor":10,"key":"REST"}],"circlet_count":0,"master_deck":["AscendersBane","hierophant:Strike_Hierophant+1","hierophant:Strike_Hierophant","hierophant:Strike_Hierophant","hierophant:Strike_Hierophant","hierophant:Punish","hierophant:Defend_Hierophant","hierophant:Defend_Hierophant","hierophant:Defend_Hierophant+1","hierophant:Defend_Hierophant","hierophant:ChurchCoffers","hierophant:Doubloon","hierophant:Remorse","hierophant:FieryStrike+1","hierophant:HammerAndAnvil","hierophant:Purify","hierophant:ThreeLashes","hierophant:Doubloon","hierophant:Remorse"],"relics":["hierophant:PropheticMaskRelic","FossilizedHelix","Question Card","Kunai","Eternal Feather"],"acts_visited":["Exordium"],"potions_floor_usage":[13],"damage_taken":[{"damage":0,"enemies":"Jaw Worm","floor":1,"turns":3},{"damage":0,"enemies":"Small Slimes","floor":4,"turns":3},{"damage":8,"enemies":"2 Louse","floor":5,"turns":2},{"damage":18,"enemies":"Gremlin Nob","floor":7,"turns":4},{"damage":13,"enemies":"Exordium Wildlife","floor":8,"turns":3},{"damage":8,"enemies":"Blue Slaver","floor":11,"turns":4},{"damage":0,"enemies":"3 Sentries","floor":13,"turns":3}],"seed_played":"-3541429516839532614","potions_obtained":[{"floor":7,"key":"SneckoOil"},{"floor":11,"key":"Regen Potion"}],"is_trial":false,"path_per_floor":["M","?","$","M","M","R","E","M","T","R","M","?","E"],"character_chosen":"HIEROPHANT","items_purchased":[],"campfire_rested":1,"item_purchase_floors":[],"current_hp_per_floor":[50,50,50,50,42,42,24,11,11,42,34,11,23,23],"gold":56,"neow_bonus":"ONE_RARE_RELIC","is_daily":false,"chose_seed":false,"campfire_upgraded":1,"win_rate":0.0,"timestamp":1608057280,"path_taken":["M","?","$","M","M","R","E","M","T","R","M","?","E"],"items_purchased_type":[],"build_version":"2020-12-13","purchased_purges":1,"victory":false,"max_hp_per_floor":[75,75,75,75,75,75,75,75,75,75,75,75,75,75],"relic_stats":{"counters":[7,22],"Eternal Feather":9,"Kunai":[3],"Question Card":9,"obtain_stats":[{"hierophant:PropheticMaskRelic":0,"Eternal Feather":9,"Kunai":7,"Question Card":2,"FossilizedHelix":0},{"hierophant:PropheticMaskRelic":0,"Eternal Feather":5,"Kunai":4,"Question Card":1,"FossilizedHelix":0},{"hierophant:PropheticMaskRelic":0,"Eternal Feather":15,"Kunai":12,"Question Card":3,"FossilizedHelix":0}]},"card_choices":[{"not_picked":["hierophant:AuricBeam","hierophant:Bribe"],"picked":"hierophant:Remorse","floor":1},{"not_picked":["hierophant:Purify","hierophant:Shelter","hierophant:Prophecy"],"picked":"hierophant:FieryStrike","floor":4},{"not_picked":["hierophant:Alms","hierophant:FaithHealing","hierophant:Doubloon"],"picked":"hierophant:HammerAndAnvil","floor":5},{"not_picked":["hierophant:Anathema","hierophant:OrnateJavelin","hierophant:SealAway"],"picked":"hierophant:Purify","floor":7},{"not_picked":["hierophant:OrnateBuckler","hierophant:Shelter","hierophant:Zeal"],"picked":"hierophant:ThreeLashes","floor":8},{"not_picked":["hierophant:DisplayOfPower","hierophant:Embezzle","hierophant:Sermon"],"picked":"hierophant:Remorse","floor":11}],"player_experience":1857135,"relics_obtained":[{"floor":7,"key":"Kunai"},{"floor":9,"key":"Eternal Feather"}],"event_choices":[{"damage_healed":0,"gold_gain":0,"player_choice":"Box","damage_taken":0,"relics_obtained":["Question Card"],"max_hp_gain":0,"max_hp_loss":0,"event_name":"Big Fish","floor":2,"gold_loss":0,"cards_obtained":["Regret"]},{"damage_healed":0,"gold_gain":0,"player_choice":"Entered Light","damage_taken":23,"max_hp_gain":0,"max_hp_loss":0,"event_name":"Shining Light","floor":12,"gold_loss":0,"cards_upgraded":["hierophant:Strike_Hierophant","hierophant:Defend_Hierophant"]}],"is_beta":false,"boss_relics":[],"items_purged_floors":[3],"is_endless":false,"potions_floor_spawned":[7,11],"killed_by":"3 Sentries","ascension_level":15}}