{"host":"is2s59edl8twrhoj","time":1608075177,"event":{"mods":["BaseMod","Colored Map","Colored Powertips","DeckTracker","Minty Spire (QoL Compilation)","StSLib"],"gold_per_floor":[111,128,143,123,93,93,127,127,207,207,220,145,160,16,16,16,16],"floor_reached":16,"playtime":539,"items_purged":["Strike_G"],"score":175,"play_id":"d7d6d717-3eaf-4b06-945f-451495170b95","local_time":"20201215233257","is_ascension_mode":true,"campfire_choices":[{"data":"Neutralize","floor":6,"key":"SMITH"},{"floor":8,"key":"REST"},{"data":"Terror","floor":10,"key":"SMITH"},{"data":"Dagger Spray","floor":15,"key":"SMITH"}],"circlet_count":0,"master_deck":["AscendersBane","Strike_G","Strike_G","Strike_G","Strike_G","Defend_G","Defend_G","Defend_G","Defend_G","Defend_G","Survivor","Neutralize+1","Flying Knee","Flying Knee","Terror+1","Dagger Spray+1"],"relics":["Ring of the Snake","Blood Vial","Mummified Hand","Oddly Smooth Stone"],"acts_visited":["Exordium"],"potions_floor_usage":[5],"damage_taken":[{"damage":0,"enemies":"Small Slimes","floor":1,"turns":5},{"damage":0,"enemies":"Cultist","floor":2,"turns":4},{"damage":5,"enemies":"2 Louse","floor":3,"turns":3},{"damage":6,"enemies":"Looter","floor":5,"turns":4},{"damage":48,"enemies":"Lagavulin","floor":7,"turns":7},{"damage":0,"enemies":"Red Slaver","floor":11,"turns":4},{"damage":0,"enemies":"3 Louse","floor":13,"turns":3},{"damage":46,"enemies":"Slime Boss","floor":16,"turns":6}],"seed_played":"-8195135492052876193","potions_obtained":[{"floor":2,"key":"SmokeBomb"},{"floor":4,"key":"Fruit Juice"},{"floor":7,"key":"Energy Potion"}],"is_trial":false,"path_per_floor":["M","M","M","?","M","R","E","R","T","R","M","$","M","$","R","B"],"character_chosen":"THE_SILENT","items_purchased":["Oddly Smooth Stone"],"campfire_rested":1,"item_purchase_floors":[14],"current_hp_per_floor":[65,65,60,60,59,59,11,34,34,34,36,36,38,38,38,0,0],"gold":16,"neow_bonus":"TEN_PERCENT_HP_BONUS","is_daily":false,"chose_seed":false,"campfire_upgraded":3,"win_rate":0.0,"timestamp":1608075177,"path_taken":["M","M","M","?","M","R","E","R","T","R","?","$","?","?","R","BOSS"],"items_purchased_type":["Relic"],"build_version":"2020-12-13","purchased_purges":1,"victory":false,"max_hp_per_floor":[72,72,72,72,77,77,77,77,77,77,77,77,77,77,77,77,77],"card_choices":[{"not_picked":["Dagger Spray","Dodge and Roll"],"picked":"Flying Knee","floor":1},{"not_picked":["Dagger Throw","Choke"],"picked":"Flying Knee","floor":2},{"not_picked":["Setup","Dagger Throw"],"picked":"Terror","floor":3},{"not_picked":["Outmaneuver","Blade Dance","Acrobatics"],"picked":"SKIP","floor":5},{"not_picked":["Terror","Deflect","Flechettes"],"picked":"SKIP","floor":7},{"not_picked":["Bouncing Flask","Dodge and Roll"],"picked":"Dagger Spray","floor":11},{"not_picked":["Underhanded Strike","After Image","Dodge and Roll"],"picked":"SKIP","floor":13}],"player_experience":625031,"relics_obtained":[{"floor":7,"key":"Blood Vial"},{"floor":9,"key":"Mummified Hand"}],"event_choices":[{"damage_healed":0,"gold_gain":0,"player_choice":"Bought 1 Potion","damage_taken":0,"max_hp_gain":0,"max_hp_loss":0,"event_name":"The Woman in Blue","floor":4,"gold_loss":0}],"is_beta":false,"boss_relics":[],"items_purged_floors":[12],"is_endless":false,"potions_floor_spawned":[2,7],"killed_by":"Slime Boss","ascension_level":15}}