{"host":"k5dhp0bkccqfauyu","time":1608042094,"event":{"mods":["BaseMod","Better Note","Better Skull","Better Vampires","Colored Map","Colored Powertips","DeckTracker","Minty Spire (QoL Compilation)","Permanent Neow","StSLib","SuperFastMode"],"gold_per_floor":[119,40,56,69,69,69,103,121,121,121,147,164,164,197,197,197,197],"floor_reached":16,"playtime":425,"items_purged":[],"score":240,"play_id":"6fab9b22-ffc8-4948-9793-d4ad725326e5","local_time":"20201216012134","is_ascension_mode":true,"campfire_choices":[{"data":"Armaments","floor":6,"key":"SMITH"},{"data":"Uppercut","floor":10,"key":"SMITH"},{"data":"Pommel Strike","floor":13,"key":"SMITH"},{"floor":15,"key":"REST"}],"circlet_count":0,"master_deck":["AscendersBane","Strike_R","Strike_R","Strike_R","Strike_R","Strike_R","Defend_R","Defend_R","Defend_R","Defend_R","Bash","Pommel Strike+1","Uppercut+1","Iron Wave","Armaments+1","Evolve","Whirlwind+1","Limit Break","Inflame"],"relics":["Burning Blood","NeowsBlessing","Bag of Marbles","Lantern","Molten Egg 2","MealTicket"],"acts_visited":["Exordium"],"potions_floor_usage":[14,14],"damage_taken":[{"damage":0,"enemies":"Cultist","floor":1,"turns":1},{"damage":0,"enemies":"Jaw Worm","floor":3,"turns":1},{"damage":0,"enemies":"Small Slimes","floor":4,"turns":1},{"damage":31,"enemies":"Lagavulin","floor":7,"turns":8},{"damage":6,"enemies":"Looter","floor":8,"turns":3},{"damage":21,"enemies":"Gremlin Nob","floor":11,"turns":4},{"damage":5,"enemies":"Red Slaver","floor":12,"turns":2},{"damage":39,"enemies":"Lagavulin","floor":14,"turns":11},{"damage":33,"enemies":"The Guardian","floor":16,"turns":9}],"seed_played":"-6886039310406502951","potions_obtained":[{"floor":4,"key":"Dexterity Potion"},{"floor":7,"key":"SmokeBomb"},{"floor":12,"key":"Dexterity Potion"}],"is_trial":false,"path_per_floor":["M","$","M","M","?","R","E","M","T","R","E","M","R","E","R","B"],"character_chosen":"IRONCLAD","items_purchased":["Uppercut"],"campfire_rested":1,"item_purchase_floors":[2],"current_hp_per_floor":[74,74,75,75,80,80,55,55,55,55,40,41,41,8,32,0,0],"gold":197,"neow_bonus":"THREE_ENEMY_KILL","is_daily":false,"chose_seed":false,"campfire_upgraded":3,"win_rate":0.0,"timestamp":1608042094,"path_taken":["M","$","?","M","?","R","E","M","T","R","E","M","R","E","R","BOSS"],"items_purchased_type":["Card"],"build_version":"2020-12-13","purchased_purges":0,"victory":false,"max_hp_per_floor":[75,75,75,75,80,80,80,80,80,80,80,80,80,80,80,80,80],"card_choices":[{"not_picked":["Flex","Perfected Strike"],"picked":"Pommel Strike","floor":1},{"not_picked":["Flex","Clothesline"],"picked":"Iron Wave","floor":3},{"not_picked":["Sword Boomerang","Entrench"],"picked":"Armaments","floor":4},{"not_picked":["Sever Soul","Headbutt","Perfected Strike"],"picked":"SKIP","floor":7},{"not_picked":["Evolve","Wild Strike","Havoc"],"picked":"SKIP","floor":8},{"not_picked":["Wild Strike","Havoc"],"picked":"Evolve","floor":8},{"not_picked":["Rage","Clothesline+1"],"picked":"Whirlwind+1","floor":11},{"not_picked":["Shrug It Off","Heavy Blade+1"],"picked":"Limit Break","floor":12},{"not_picked":["Blood for Blood+1","Exhume"],"picked":"Inflame","floor":14}],"player_experience":1756005,"relics_obtained":[{"floor":7,"key":"Bag of Marbles"},{"floor":9,"key":"Lantern"},{"floor":11,"key":"Molten Egg 2"},{"floor":14,"key":"MealTicket"}],"event_choices":[{"damage_healed":0,"gold_gain":0,"player_choice":"Donut","damage_taken":0,"max_hp_gain":5,"max_hp_loss":0,"event_name":"Big Fish","floor":5,"gold_loss":0}],"is_beta":false,"boss_relics":[],"items_purged_floors":[],"is_endless":false,"potions_floor_spawned":[4,7,12],"killed_by":"The Guardian","ascension_level":20}}