{"host":"sxnl403xm2xmiyj1","time":1608057652,"event":{"mods":["AchievementEnabler","BaseMod","Colored Map","Keyboard Shortcuts","Minty Spire (QoL Compilation)","Quick Restart","StSLib","SuperFastMode"],"gold_per_floor":[116,136,151,164,164,195,212,56,109,109,139,152,152,187,187,187,187],"floor_reached":16,"playtime":272,"items_purged":["Pain"],"score":146,"play_id":"129a3468-7053-4def-9f4d-f6e13addf920","local_time":"20201216034052","is_ascension_mode":true,"campfire_choices":[{"data":"Dark Embrace","floor":10.0,"key":"SMITH"},{"data":"Metallicize","floor":13.0,"key":"SMITH"},{"data":"Metallicize","floor":15.0,"key":"SMITH"}],"circlet_count":0,"master_deck":["Strike_R","Strike_R","Strike_R","Strike_R","Strike_R","Defend_R","Defend_R","Defend_R","Defend_R","Bash","Dark Embrace+1","Pommel Strike","Twin Strike","Wild Strike","Double Tap","Clothesline","Evolve","Warcry","Metallicize+1","Metallicize+1"],"relics":["Burning Blood","WarpedTongs","Letter Opener","Bag of Preparation","Molten Egg 2","Akabeko"],"acts_visited":["Exordium"],"potions_floor_usage":[16],"damage_taken":[{"damage":0.0,"enemies":"Small Slimes","floor":1.0,"turns":3.0},{"damage":6.0,"enemies":"Cultist","floor":2.0,"turns":3.0},{"damage":0.0,"enemies":"2 Louse","floor":3.0,"turns":3.0},{"damage":15.0,"enemies":"2 Fungi Beasts","floor":4.0,"turns":3.0},{"damage":41.0,"enemies":"Gremlin Nob","floor":6.0,"turns":5.0},{"damage":15.0,"enemies":"Looter","floor":7.0,"turns":2.0},{"damage":27.0,"enemies":"3 Sentries","floor":11.0,"turns":5.0},{"damage":7.0,"enemies":"Exordium Thugs","floor":12.0,"turns":4.0},{"damage":11.0,"enemies":"Lagavulin","floor":14.0,"turns":5.0},{"damage":11,"enemies":"Hexaghost","floor":16,"turns":12}],"seed_played":"4535787141966557503","potions_obtained":[{"floor":3.0,"key":"Fire Potion"},{"floor":4.0,"key":"LiquidBronze"},{"floor":11.0,"key":"Ancient Potion"},{"floor":12.0,"key":"BlessingOfTheForge"},{"floor":14.0,"key":"EssenceOfSteel"}],"is_trial":false,"path_per_floor":["M","M","M","M","?","E","M","$","T","R","E","M","R","E","R","B"],"character_chosen":"IRONCLAD","items_purchased":["Evolve"],"campfire_rested":0,"item_purchase_floors":[8],"current_hp_per_floor":[88,88,88,79,79,44,35,35,35,35,14,13,13,8,8,0,0],"gold":187,"neow_bonus":"TEN_PERCENT_HP_BONUS","is_daily":false,"chose_seed":false,"campfire_upgraded":3,"win_rate":0.0,"timestamp":1608057652,"path_taken":["M","M","M","M","?","E","M","$","T","R","E","M","R","E","R","BOSS"],"items_purchased_type":["Card"],"build_version":"2020-12-13","purchased_purges":1,"victory":false,"max_hp_per_floor":[88,88,88,88,88,88,88,88,88,88,88,88,88,88,88,88,88],"card_choices":[{"not_picked":["Warcry","Reckless Charge"],"picked":"Dark Embrace","floor":1.0},{"not_picked":["Heavy Blade","Thunderclap"],"picked":"Pommel Strike","floor":2.0},{"not_picked":["Power Through","Anger"],"picked":"Twin Strike","floor":3.0},{"not_picked":["Intimidate","Iron Wave"],"picked":"Wild Strike","floor":4.0},{"not_picked":["True Grit","Whirlwind"],"picked":"Double Tap","floor":6.0},{"not_picked":["Power Through","Clash"],"picked":"Clothesline","floor":7.0},{"not_picked":["Iron Wave+1","Entrench"],"picked":"Warcry","floor":11.0},{"not_picked":["Second Wind","Thunderclap+1"],"picked":"Metallicize","floor":12.0},{"not_picked":["Body Slam+1","Wild Strike+1"],"picked":"Metallicize","floor":14.0}],"player_experience":101716,"relics_obtained":[{"floor":6.0,"key":"Letter Opener"},{"floor":9.0,"key":"Bag of Preparation"},{"floor":11.0,"key":"Molten Egg 2"},{"floor":14.0,"key":"Akabeko"}],"event_choices":[{"damage_healed":0.0,"max_hp_gain":0.0,"max_hp_loss":0.0,"gold_gain":0.0,"event_name":"Accursed Blacksmith","player_choice":"Rummage","floor":5.0,"gold_loss":0.0,"damage_taken":0.0,"relics_obtained":["WarpedTongs"],"cards_obtained":["Pain"]}],"is_beta":false,"boss_relics":[],"items_purged_floors":[8],"is_endless":false,"potions_floor_spawned":[3,4,11,12,14],"killed_by":"Hexaghost","ascension_level":4}}