{"host":"by3dnjj711vo194a","time":1608035550,"event":{"mods":["2.2 Compatiblity","AchievementEnabler","BaseMod","Colored Map","DeckTracker","KOR Keyword Fix","Keyboard Shortcuts","Minty Spire (QoL Compilation)","Permanent Neow","Quick Restart","StSLib","SuperFastMode","everything is the same but u backflip on backflip"],"gold_per_floor":[119,139,150,150,75,75,88,51,51,51,1,28,2,31,31,131,181,201,116,116,116,41,76,76,89,89,106,106,6,17,37,37,134,134,148,162,37,37,37],"floor_reached":38,"playtime":1419,"items_purged":["Defend_G","Defend_G","Strike_G"],"score":470,"play_id":"388e4a0e-7c96-40de-9f44-a4651aa92540","local_time":"20201215213230","is_ascension_mode":true,"campfire_choices":[{"data":"Blur","floor":6.0,"key":"SMITH"},{"data":"Tactician","floor":10.0,"key":"SMITH"},{"floor":15.0,"key":"REST"},{"data":"Crippling Poison","floor":24.0,"key":"SMITH"},{"floor":28.0,"key":"REST"},{"floor":32.0,"key":"REST"}],"circlet_count":0,"master_deck":["Strike_G+1","Strike_G","Strike_G","Defend_G","Defend_G","Defend_G","Survivor","Neutralize+1","Calculated Gamble","Catalyst","Blur+1","Tactician+1","Bouncing Flask","Poisoned Stab","Crippling Poison+1","Acrobatics","Acrobatics","Backflip","Night Terror","Terror"],"relics":["Ring of the Snake","Potion Belt","Blue Candle","Nunchaku","Tiny House","Mercury Hourglass","GremlinMask","Molten Egg 2","Snake Skull","Sozu"],"acts_visited":["Exordium","TheCity","TheBeyond"],"potions_floor_usage":[33,33,33],"damage_taken":[{"damage":7.0,"enemies":"Jaw Worm","floor":1.0,"turns":4.0},{"damage":0.0,"enemies":"Cultist","floor":2.0,"turns":4.0},{"damage":4.0,"enemies":"2 Louse","floor":3.0,"turns":4.0},{"damage":1.0,"enemies":"Blue Slaver","floor":7.0,"turns":5.0},{"damage":28.0,"enemies":"3 Sentries","floor":12.0,"turns":16.0},{"damage":7.0,"enemies":"Gremlin Nob","floor":14.0,"turns":4.0},{"damage":19.0,"enemies":"The Guardian","floor":16.0,"turns":10.0},{"damage":5.0,"enemies":"Shell Parasite","floor":18.0,"turns":6.0},{"damage":6.0,"enemies":"2 Thieves","floor":22.0,"turns":5.0},{"damage":34.0,"enemies":"Book of Stabbing","floor":23.0,"turns":7.0},{"damage":13.0,"enemies":"Sentry and Sphere","floor":25.0,"turns":5.0},{"damage":0.0,"enemies":"Centurion and Healer","floor":27.0,"turns":6.0},{"damage":0.0,"enemies":"Snecko","floor":30.0,"turns":3.0},{"damage":20.0,"enemies":"Sentry and Sphere","floor":31.0,"turns":5.0},{"damage":25,"enemies":"Automaton","floor":33,"turns":10},{"damage":57,"enemies":"3 Darklings","floor":35,"turns":5},{"damage":8,"enemies":"3 Shapes","floor":36,"turns":3},{"damage":15,"enemies":"Spire Growth","floor":38,"turns":3}],"seed_played":"1868816915096982743","potions_obtained":[{"floor":2.0,"key":"AttackPotion"},{"floor":3.0,"key":"LiquidBronze"},{"floor":17.0,"key":"GamblersBrew"},{"floor":25.0,"key":"BlessingOfTheForge"},{"floor":30.0,"key":"SkillPotion"},{"floor":31.0,"key":"PowerPotion"}],"is_trial":false,"path_per_floor":["M","M","M","?","$","R","M","$","T","R","?","E","$","E","R","B",null,"M","?","?","?","M","E","R","M","T","M","R","$","M","M","R","B",null,"M","M","$","M"],"character_chosen":"THE_SILENT","items_purchased":["Tactician","Poisoned Stab"],"campfire_rested":3,"item_purchase_floors":[8,13],"current_hp_per_floor":[63,63,59,52,52,52,51,51,51,51,51,23,23,16,37,18,75,70,70,56,56,50,16,16,3,3,3,27,27,27,7,31,6,80,23,15,15,0,0],"gold":37,"neow_bonus":"UPGRADE_CARD","is_daily":false,"chose_seed":false,"campfire_upgraded":3,"win_rate":0.0,"timestamp":1608035550,"path_taken":["M","M","M","?","$","R","M","?","T","R","?","E","?","E","R","BOSS","M","?","?","?","M","E","R","M","T","M","R","$","M","M","R","BOSS","M","?","$","M"],"items_purchased_type":["Card","Card"],"build_version":"2020-12-13","purchased_purges":3,"victory":false,"max_hp_per_floor":[70,70,70,70,70,70,70,70,70,70,70,70,70,70,70,70,75,75,75,80,80,80,80,80,80,80,80,80,80,80,80,80,80,80,80,80,80,80,80],"card_choices":[{"not_picked":["Dagger Throw","Flying Knee"],"picked":"Calculated Gamble","floor":1.0},{"not_picked":["Dagger Throw","Dodge and Roll"],"picked":"Catalyst","floor":2.0},{"not_picked":["Flying Knee","Slice"],"picked":"Blur","floor":3.0},{"not_picked":["Flying Knee","Dash","Quick Slash"],"picked":"SKIP","floor":7.0},{"not_picked":["Riddle With Holes","Backflip"],"picked":"Bouncing Flask","floor":12.0},{"not_picked":["Deflect","Caltrops","Leg Sweep"],"picked":"SKIP","floor":14.0},{"not_picked":["Accuracy+1","Escape Plan"],"picked":"Crippling Poison","floor":18.0},{"not_picked":["Endless Agony","Predator"],"picked":"Acrobatics","floor":22.0},{"not_picked":["Blur","Blade Dance"],"picked":"Acrobatics","floor":23.0},{"not_picked":["Outmaneuver","Eviscerate+1"],"picked":"Backflip","floor":25.0},{"not_picked":["Cloak And Dagger","Dagger Spray+1","Flying Knee+1"],"picked":"SKIP","floor":27.0},{"not_picked":["Slice+1","Sucker Punch+1","Poisoned Stab+1"],"picked":"SKIP","floor":30.0},{"not_picked":["Outmaneuver","Noxious Fumes","Expertise+1"],"picked":"SKIP","floor":31.0},{"not_picked":["Unload+1","Doppelganger"],"picked":"Night Terror","floor":33},{"not_picked":["Outmaneuver","Flying Knee+1"],"picked":"Terror","floor":35},{"not_picked":["Outmaneuver+1","Dash+1","Expertise+1"],"picked":"SKIP","floor":36}],"player_experience":123485,"relics_obtained":[{"floor":9.0,"key":"Potion Belt"},{"floor":12.0,"key":"Blue Candle"},{"floor":14.0,"key":"Nunchaku"},{"floor":23.0,"key":"Molten Egg 2"},{"floor":26.0,"key":"Snake Skull"}],"event_choices":[{"damage_healed":0.0,"max_hp_gain":0.0,"max_hp_loss":0.0,"gold_gain":0.0,"event_name":"Wheel of Change","player_choice":"Damaged","floor":4.0,"gold_loss":0.0,"damage_taken":7.0},{"cards_removed":["Strike_G"],"damage_healed":0.0,"max_hp_gain":0.0,"max_hp_loss":0.0,"gold_gain":0.0,"event_name":"The Cleric","player_choice":"Card Removal","floor":11.0,"gold_loss":50.0,"damage_taken":0.0},{"damage_healed":0.0,"max_hp_gain":0.0,"max_hp_loss":0.0,"gold_gain":0.0,"event_name":"Addict","player_choice":"Obtained Relic","floor":19.0,"gold_loss":85.0,"damage_taken":0.0,"relics_obtained":["Mercury Hourglass"]},{"damage_healed":0.0,"max_hp_gain":5.0,"max_hp_loss":0.0,"gold_gain":0.0,"event_name":"Forgotten Altar","player_choice":"Shed Blood","floor":20.0,"gold_loss":0.0,"damage_taken":19.0},{"damage_healed":0.0,"max_hp_gain":0.0,"max_hp_loss":0.0,"gold_gain":0.0,"event_name":"FaceTrader","player_choice":"Trade","floor":21.0,"gold_loss":0.0,"damage_taken":0.0,"relics_obtained":["GremlinMask"]}],"is_beta":false,"boss_relics":[{"not_picked":["Runic Dome","Cursed Key"],"picked":"Tiny House"},{"not_picked":["Philosopher\u0027s Stone","Snecko Eye"],"picked":"Sozu"}],"items_purged_floors":[5,29,37],"is_endless":false,"potions_floor_spawned":[2,3,25,30,31,35],"killed_by":"Spire Growth","ascension_level":2}}