{"host":"jak4ncvfzor9mys0","time":1608070913,"event":{"mods":["2.2 Compatiblity","AchievementEnabler","BaseMod","Better Altar","Better Match","Better Note","Better Sensory Stone","Better Skull","Better Third Choice","BetterRewards","Block Reminder","Colored Map","Colored Powertips","Energized Spire","Gold Saver","Hubris","Infinite Spire","Key Reminder","Minty Spire (QoL Compilation)","Rare Cards Sparkle","Red Circlet Mod","Relic Sorter","Relic Stats","Replay The Spire","Retaliation","StSLib","SuperFastMode","The Blue Laboratory"],"gold_per_floor":[416,316,326,343,443,443,473,489,543,543,209,209,209,224,224,224,224],"floor_reached":16,"playtime":644,"items_purged":["Defend_R","Defend_R","Defend_R"],"score":150,"play_id":"97f1e363-3c14-4306-ba54-00ba8d97e416","local_time":"20201215142153","is_ascension_mode":false,"campfire_choices":[{"data":"Ghostly Armor","floor":6,"key":"SMITH"},{"floor":10,"key":"REST"},{"data":"hubris:ReadiedAction","floor":12,"key":"SMITH"},{"data":"Shrug It Off","floor":15,"key":"SMITH"}],"circlet_count":0,"master_deck":["Strike_R","Strike_R","Strike_R","Strike_R","Strike_R","Defend_R","Bash","Shrug It Off+1","Ghostly Armor+1","Ghostly Armor","hubris:ReadiedAction+1","Flex","Shrug It Off"],"relics":["Burning Blood","Pear","Regal Pillow","hubris:SlimyHat"],"acts_visited":["Exordium"],"potions_floor_usage":[],"damage_taken":[{"damage":4,"enemies":"Small Slimes","floor":1,"turns":6},{"damage":2,"enemies":"Cultist","floor":3,"turns":5},{"damage":20,"enemies":"infinitespire:Voidling","floor":4,"turns":6},{"damage":46,"enemies":"Gremlin Nob","floor":7,"turns":6},{"damage":16,"enemies":"Lots of Slimes","floor":8,"turns":7},{"damage":0,"enemies":"Large Slime","floor":14,"turns":10},{"damage":124,"enemies":"Hexaghost","floor":16,"turns":18}],"seed_played":"-7485641880564355602","potions_obtained":[{"floor":1,"key":"Dexterity Potion"},{"floor":4,"key":"blueLaboratory:PhilterOfMotion"},{"floor":13,"key":"FairyPotion"}],"is_trial":false,"path_per_floor":["M","$","M","M","?","R","E","M","T","R","$","R","?","M","R","B"],"character_chosen":"IRONCLAD","items_purchased":["Shrug It Off","Ghostly Armor","hubris:SlimyHat","Shrug It Off"],"campfire_rested":1,"item_purchase_floors":[0,0,11,11],"current_hp_per_floor":[80,80,80,80,80,80,50,40,40,82,82,82,82,88,88,0,0],"gold":224,"neow_bonus":"","is_daily":false,"chose_seed":false,"campfire_upgraded":3,"win_rate":0.0,"timestamp":1608070913,"path_taken":["M","$","M","M","?","R","E","?","T","R","$","R","?","?","R","BOSS"],"items_purchased_type":["Card","Card","Relic","Card"],"build_version":"2020-12-13","purchased_purges":3,"victory":false,"max_hp_per_floor":[80,80,80,80,80,80,90,90,90,90,90,90,90,90,90,90,90],"relic_stats":{"Regal Pillow":15,"counters":[22,140],"obtain_stats":[{"hubris:Zylophone":6,"Sozu":17,"Regal Pillow":9,"Pear":7,"Happy Flower":9,"hubris:SlimyHat":11,"hubris:ChampionShield":26,"DDmod:BarbedSlagRelic":2,"Burning Blood":0,"hubris:GlazedTorus":8},{"hubris:Zylophone":2,"Sozu":7,"Regal Pillow":20,"Pear":19,"Happy Flower":3,"hubris:SlimyHat":20,"hubris:ChampionShield":12,"DDmod:BarbedSlagRelic":1,"Burning Blood":0,"hubris:GlazedTorus":3},{"hubris:Zylophone":7,"Sozu":38,"Regal Pillow":112,"Pear":105,"Happy Flower":17,"hubris:SlimyHat":112,"hubris:ChampionShield":67,"DDmod:BarbedSlagRelic":4,"Burning Blood":0,"hubris:GlazedTorus":17}],"Burning Blood":99},"card_choices":[{"not_picked":["Sentinel","Replay:Undeath\u0027s Touch"],"picked":"Ghostly Armor","floor":1},{"not_picked":["Uppercut","Havoc","Battle Trance"],"picked":"SKIP","floor":3},{"not_picked":["Clothesline","Iron Wave","Havoc"],"picked":"SKIP","floor":4},{"not_picked":["Inflame","Cleave"],"picked":"hubris:ReadiedAction","floor":7},{"not_picked":["Hemokinesis","Havoc"],"picked":"Flex","floor":8},{"not_picked":["Battle Trance","Dark Embrace","Sword Boomerang"],"picked":"SKIP","floor":14}],"player_experience":2608666,"relics_obtained":[{"floor":7,"key":"Pear"},{"floor":9,"key":"Regal Pillow"}],"event_choices":[{"damage_healed":0,"gold_gain":100,"player_choice":"Pray","damage_taken":0,"max_hp_gain":0,"max_hp_loss":0,"event_name":"Golden Shrine","floor":5,"gold_loss":0},{"damage_healed":0,"gold_gain":0,"player_choice":"Got Potions","damage_taken":0,"max_hp_gain":0,"max_hp_loss":0,"event_name":"Lab","floor":13,"gold_loss":0}],"is_beta":false,"boss_relics":[],"items_purged_floors":[0,2,11],"is_endless":false,"potions_floor_spawned":[1,4,14],"killed_by":"Hexaghost","ascension_level":0}}