{"host":"xz534terrkr331jc","time":1608049089,"event":{"mods":["BaseMod","Better Third Choice","Downfall","Hermit","Jorbs\u0027s Wanderer Trilogy","Marisa????????","Minty Spire (QoL Compilation)","Shade Mod","StSLib","The Cursed","The Hierophant","The Servant 0.9.4","The Wild Card"],"gold_per_floor":[99,99,99,24,59,59,84,102,114,114,114,132,147,147,162,260,260,260,275,288,288,288,299,299,318,268,268,284,284,284,284,294,392,392,392,408,408,408,92,92,92,92,105,105,124,124,136,136,148,148],"floor_reached":51,"playtime":4107,"items_purged":["Guardian:Strike_Guardian"],"score":747,"play_id":"f3c4cf3e-ebd9-4316-a9b0-b246439c0ed7","local_time":"20201215171809","is_ascension_mode":false,"campfire_choices":[{"data":"Guardian:TwinSlam","floor":1,"key":"SMITH"},{"data":"Guardian:DonusPower","floor":6,"key":"SMITH"},{"floor":10,"key":"REST"},{"data":"Guardian:TimeBomb","floor":18,"key":"SMITH"},{"data":"Guardian:RollAttack","floor":27,"key":"SMITH"},{"data":"Guardian:MultiBeam","floor":35,"key":"SMITH"},{"data":"Guardian:Defend_Guardian","floor":37,"key":"SMITH"},{"data":"Guardian:Defend_Guardian","floor":40,"key":"SMITH"},{"data":"Guardian:SpikerProtocol","floor":42,"key":"SMITH"},{"data":"Guardian:EvasiveProtocol","floor":44,"key":"SMITH"}],"circlet_count":0,"master_deck":["Guardian:Strike_Guardian+1","Guardian:Defend_Guardian+1","Guardian:Defend_Guardian+1","Guardian:CurlUp","Guardian:TwinSlam+1","Guardian:DonusPower+1","Guardian:ChargeCore+1","Guardian:PrimingBeam","Guardian:FloatingOrbs","Guardian:TimeBomb+1","Guardian:DecasProtection+1","Guardian:RollAttack+1","Guardian:PiercingHide","Guardian:MultiBeam+1","Guardian:SpikerProtocol+1","Guardian:ChargeUp+1","Guardian:EvasiveProtocol+1","Doubt"],"relics":["Guardian:ModeShifter","downfall:HeartsMalice","Gremlin Horn","MealTicket","Velvet Choker","Shuriken","Kunai","Empty Cage","Whetstone","ClockworkSouvenir","Bottled Tornado"],"acts_visited":["Exordium","TheCity","TheBeyond"],"potions_floor_usage":[25,33],"damage_taken":[{"damage":0,"enemies":"Small Slimes","floor":2,"turns":1},{"damage":0,"enemies":"Cultist","floor":3,"turns":1},{"damage":0,"enemies":"downfall:FleeingMerchant","floor":4,"turns":1},{"damage":28,"enemies":"Gremlin Nob","floor":5,"turns":6},{"damage":11,"enemies":"Jaw Worm","floor":8,"turns":2},{"damage":0,"enemies":"2 Fungi Beasts","floor":9,"turns":2},{"damage":0,"enemies":"Large Slime","floor":12,"turns":4},{"damage":6,"enemies":"Red Slaver","floor":13,"turns":3},{"damage":11,"enemies":"3 Louse","floor":15,"turns":4},{"damage":24,"enemies":"downfall:Ironclad","floor":16,"turns":9},{"damage":10,"enemies":"Shell Parasite","floor":19,"turns":4},{"damage":2,"enemies":"Chosen","floor":20,"turns":5},{"damage":8,"enemies":"Sentry and Sphere","floor":23,"turns":5},{"damage":9,"enemies":"Cultist and Chosen","floor":25,"turns":4},{"damage":7,"enemies":"3 Cultists","floor":28,"turns":4},{"damage":6,"enemies":"Snake Plant","floor":32,"turns":4},{"damage":44,"enemies":"downfall:Silent","floor":33,"turns":7},{"damage":14,"enemies":"Orb Walker","floor":36,"turns":4},{"damage":10,"enemies":"downfall:FleeingMerchant","floor":39,"turns":4},{"damage":9,"enemies":"3 Shapes","floor":43,"turns":4},{"damage":16,"enemies":"Jaw Worm Horde","floor":45,"turns":4},{"damage":3,"enemies":"Transient","floor":47,"turns":5},{"damage":14,"enemies":"3 Darklings","floor":49,"turns":4},{"damage":44,"enemies":"downfall:Watcher","floor":50,"turns":10}],"seed_played":"-5567219985327593610","potions_obtained":[{"floor":8,"key":"Energy Potion"},{"floor":9,"key":"Swift Potion"},{"floor":12,"key":"LiquidBronze"},{"floor":23,"key":"DuplicationPotion"},{"floor":25,"key":"BlessingOfTheForge"},{"floor":33,"key":"EssenceOfSteel"},{"floor":45,"key":"champ:CounterPotion"}],"is_trial":false,"path_per_floor":["R","M","M","$","E","R","T","M","M","R","?","M","M","?","M","B",null,"R","M","M","?","?","M","T","M","?","R","M","?","T","?","M","B",null,"R","M","R","?","$","R","T","R","M","R","M","?","M","?","M","B",null],"character_chosen":"GUARDIAN","items_purchased":["Whetstone","ClockworkSouvenir"],"campfire_rested":1,"item_purchase_floors":[39,39],"current_hp_per_floor":[80,80,80,80,52,52,52,41,41,65,65,65,59,59,48,24,80,80,70,68,68,68,60,60,51,80,80,73,73,73,73,67,23,80,80,66,66,66,70,70,70,70,61,61,45,45,42,80,66,22],"gold":148,"neow_bonus":"THREE_ENEMY_KILL","is_daily":false,"chose_seed":false,"campfire_upgraded":9,"win_rate":0.0,"timestamp":1608049089,"path_taken":["R","M","M","$","E","R","T","M","M","R","?","M","M","?","M","BOSS","R","M","?","?","?","M","T","M","?","R","M","?","?","?","M","BOSS","R","M","R","?","$","R","T","R","?","R","M","?","M","?","M","BOSS"],"items_purchased_type":["Relic","Relic"],"build_version":"2020-12-13","purchased_purges":1,"victory":true,"max_hp_per_floor":[80,80,80,80,80,80,80,80,80,80,80,80,80,80,80,80,80,80,80,80,80,80,80,80,80,80,80,80,80,80,80,80,80,80,80,80,80,80,80,80,80,80,80,80,80,80,80,80,80,80],"card_choices":[{"not_picked":["Guardian:PiercingHide","Guardian:Repulse"],"picked":"Guardian:DonusPower","floor":2},{"not_picked":["Guardian:ChargeUp","Guardian:PrimingBeam"],"picked":"Guardian:ChargeCore","floor":3},{"not_picked":["Guardian:TimeBomb","Guardian:WalkerClaw"],"picked":"Guardian:Gem_Green","floor":4},{"not_picked":["Guardian:SentryBeam","Guardian:RefractedBeam"],"picked":"Guardian:PrimingBeam","floor":5},{"not_picked":["Guardian:WalkerClaw","Guardian:PrimingBeam","Guardian:Gem_White"],"picked":"SKIP","floor":8},{"not_picked":["Guardian:MultiBeam","Guardian:Gem_Cyan"],"picked":"Guardian:FloatingOrbs","floor":9},{"not_picked":["Guardian:Planning","Guardian:PrismaticBeam","Guardian:Gem_Purple"],"picked":"SKIP","floor":12},{"not_picked":["Guardian:Gem_Red","Guardian:ChargeUp"],"picked":"Guardian:TimeBomb","floor":13},{"not_picked":["Guardian:ShieldCharger","Guardian:TimeBomb","Guardian:StasisField"],"picked":"SKIP","floor":15},{"not_picked":["Guardian:PrismaticBeam+1","Guardian:ChargeCore"],"picked":"Guardian:DecasProtection+1","floor":19},{"not_picked":["Guardian:Planning","Guardian:GuardianWhirl","Guardian:PiercingHide+1"],"picked":"SKIP","floor":20},{"not_picked":["Guardian:TemporalShield","Guardian:PolyBeam"],"picked":"Guardian:RollAttack","floor":23},{"not_picked":["Guardian:Gem_Lightblue","Guardian:TemporalStrike"],"picked":"Guardian:PiercingHide","floor":25},{"not_picked":["Guardian:ChargeCore+1","Guardian:ArmoredProtocol"],"picked":"Guardian:MultiBeam","floor":28},{"not_picked":["Guardian:PiercingHide","Guardian:TemporalShield"],"picked":"Guardian:SpikerProtocol","floor":32},{"not_picked":["Guardian:Emergency","Guardian:BronzeOrb+1","Guardian:ShieldCharger"],"picked":"SKIP","floor":36},{"not_picked":["Guardian:DecasProtection+1","Guardian:PrismaticBeam+1"],"picked":"Guardian:ChargeUp+1","floor":39},{"not_picked":["Guardian:Gem_Cyan","Guardian:TemporalShield"],"picked":"Guardian:EvasiveProtocol","floor":43},{"not_picked":["Guardian:CrystalBeam","Guardian:GuardianWhirl+1","Guardian:PiercingHide+1"],"picked":"SKIP","floor":45},{"not_picked":["Guardian:TimeCapacitor+1","Guardian:TemporalShield+1","Guardian:WalkerClaw"],"picked":"SKIP","floor":47},{"not_picked":["Guardian:Gem_Lightblue","Guardian:RollAttack+1","Guardian:PiercingHide"],"picked":"SKIP","floor":49}],"player_experience":525575,"relics_obtained":[{"floor":5,"key":"Gremlin Horn"},{"floor":7,"key":"MealTicket"},{"floor":24,"key":"Shuriken"},{"floor":30,"key":"Kunai"},{"floor":41,"key":"Bottled Tornado"}],"event_choices":[{"damage_healed":0,"gold_gain":0,"player_choice":"Ignored","damage_taken":0,"max_hp_gain":0,"max_hp_loss":0,"event_name":"NoteForYourself","floor":14,"gold_loss":0},{"cards_removed":["Guardian:Strike_Guardian"],"damage_healed":0,"gold_gain":0,"player_choice":"Elegance","damage_taken":0,"max_hp_gain":0,"max_hp_loss":0,"event_name":"betterThird:BetterWriting","floor":21,"gold_loss":0},{"damage_healed":0,"gold_gain":0,"player_choice":"Ignored","damage_taken":0,"max_hp_gain":0,"max_hp_loss":0,"event_name":"Vampires","floor":22,"gold_loss":0},{"damage_healed":0,"gold_gain":0,"player_choice":"Ignored","damage_taken":0,"max_hp_gain":0,"max_hp_loss":0,"event_name":"Ghosts","floor":29,"gold_loss":0}],"is_beta":false,"boss_relics":[{"not_picked":["Fusion Hammer","Runic Dome"],"picked":"Velvet Choker"},{"not_picked":["Philosopher\u0027s Stone","Astrolabe"],"picked":"Empty Cage"}],"items_purged_floors":[4],"is_endless":false,"potions_floor_spawned":[8,9,12,15,20,23,25,33,43,45],"ascension_level":0}}