{"host":"df9o10zwd5ba1nc2","time":1608047448,"event":{"mods":["AchievementEnabler","Aspiration","Bard","BaseMod","Beaked The Cultist","Better Altar","Better Match","Better Note","Better Sensory Stone","Better Skull","Better Third Choice","BetterRewards","CCEM","Clawfect","Colored Map","Conspire","Downfall","GifTheSpireLib","Googly Eyes","Halation","Hermit","Highlight Path","Hubris","Hunter ??","Infinite Spire","Jedi Mod","Jorbs\u0027s Wanderer Trilogy","Mad Scientist","Marisa????????","Mimic Mod","Minty Spire (QoL Compilation)","Permanent Neow","Replay The Spire","Shade Mod","Shop Mod","Spicy Shops","StSLib","Stuff the Spire","The Administrix","The Animator","The Blackbeard","The Bug Knight","The Construct","The Cursed","The Disciple","The Gatherer","The Hierophant","The IronCluck","The Jungle","The Mystic","The Necromancer","The Problem Sleuth","The Runesmith","The Servant 0.9.4","The Spell Scribe","The Witch","Unceasing Turn Reminder","UnlockEverythingMod","everything is the same but u backflip on backflip","slay the spire mod where everything is the same but ironclad has a cowboy hat"],"gold_per_floor":[99,109,109,109,139,158,181,200,328,345,365,377,68,68,85,184,184,34,134,144,144,144,8,8,18,134,134,154,166,180,198,218,323,323,323,343,353,353,367,377,404,540,540,680,680,680],"floor_reached":45,"playtime":4926,"items_purged":["hubris:Compulsion"],"score":611,"play_id":"42cda0ad-9485-4457-b1ed-093874541b82","local_time":"20201215105048","is_ascension_mode":false,"campfire_choices":[{"data":"Guardian:DonusPower","floor":1,"key":"SMITH"},{"data":"ReplayTheSpireMod:Chaos Vortex","floor":4,"key":"SMITH"},{"data":"Guardian:RevengeProtocol","floor":18,"key":"SMITH"},{"data":"Guardian:ArmoredProtocol","floor":27,"key":"SMITH"},{"data":"Guardian:SphericShield","floor":35,"key":"SMITH"}],"circlet_count":0,"master_deck":["Guardian:Defend_Guardian","Guardian:Defend_Guardian","Guardian:Defend_Guardian","Guardian:CurlUp","Guardian:TwinSlam","Guardian:DonusPower+1","Guardian:ConstructionForm","Guardian:WalkerClaw","Guardian:TemporalStrike","Guardian:PiercingHide","Guardian:ChargeUp","Guardian:PolyBeam","Guardian:AncientConstruct","Guardian:PrismaticBeam","Guardian:TemporalShield","Guardian:ShieldCharger","Guardian:RevengeProtocol+1","Guardian:TimeSifter","Guardian:PrismaticBarrier","Guardian:Incinerate","hubris:Despair","Good Instincts","Guardian:WalkerClaw+1","Iron Wave","Guardian:ArmoredProtocol+1","hubris:DuctTapeCard","Guardian:TemporalShield+1","Guardian:RollAttack+1","Guardian:StasisStrike","Guardian:SphericShield+1","Guardian:SentryBeam+1","Guardian:Planning+1","Guardian:FastForward","Guardian:Gem_Red","Guardian:Gem_Green","Guardian:ArmoredProtocol+1","Guardian:StasisField","Guardian:Clone","Guardian:Emergency","Guardian:Clone"],"relics":["Guardian:ModeShifter","StuffTheSpire:TintedRock","ReplayFunnel","Bag of Marbles","downfall:HeartBlessingGreen","downfall:HeartBlessingBlue","downfall:GremlinSack","hubris:DuctTape","StuffTheSpire:Experiment12","hubris:ScarierMask","hubris:ToyBattleship","CCEMRelics:GrapeVine","ReplayTheSpireMod:TigerMarble"],"acts_visited":["Exordium","TheCity","TheBeyond"],"potions_floor_usage":[11,15,16,26,33,33,33,40,42,44],"damage_taken":[{"damage":4,"enemies":"Jaw Worm","floor":2,"turns":3},{"damage":0,"enemies":"Lagavulin","floor":5,"turns":6},{"damage":0,"enemies":"Small Slimes","floor":6,"turns":4},{"damage":0,"enemies":"2 Louse","floor":8,"turns":6},{"damage":0,"enemies":"Gremlin Nob","floor":9,"turns":6},{"damage":0,"enemies":"Red Slaver","floor":10,"turns":4},{"damage":0,"enemies":"Blue Slaver","floor":11,"turns":5},{"damage":7,"enemies":"2 Fungi Beasts","floor":12,"turns":2},{"damage":0,"enemies":"downfall:FleeingMerchant","floor":13,"turns":4},{"damage":0,"enemies":"Gremlin Gang","floor":15,"turns":4},{"damage":6,"enemies":"downfall:Ironclad","floor":16,"turns":9},{"damage":22,"enemies":"downfall:Ironclad","floor":19,"turns":5},{"damage":0,"enemies":"Chosen","floor":20,"turns":4},{"damage":0,"enemies":"downfall:FleeingMerchant","floor":23,"turns":4},{"damage":11,"enemies":"Shell Parasite","floor":25,"turns":7},{"damage":23,"enemies":"Nightmare","floor":26,"turns":9},{"damage":0,"enemies":"Shelled Parasite and Fungi","floor":28,"turns":4},{"damage":0,"enemies":"Cultist and Chosen","floor":29,"turns":6},{"damage":0,"enemies":"Snake Plant","floor":30,"turns":4},{"damage":6,"enemies":"Centurion and Healer","floor":31,"turns":7},{"damage":10,"enemies":"Shelled Parasite and Fungi","floor":32,"turns":5},{"damage":11,"enemies":"downfall:Defect","floor":33,"turns":6},{"damage":2,"enemies":"3 Shapes","floor":36,"turns":3},{"damage":6,"enemies":"3 Darklings","floor":37,"turns":5},{"damage":0,"enemies":"Maw","floor":39,"turns":7},{"damage":0,"enemies":"Jaw Worm Horde","floor":40,"turns":7},{"damage":12,"enemies":"beaked:SuperParasite","floor":42,"turns":8},{"damage":44,"enemies":"Reptomancer","floor":44,"turns":9},{"damage":21,"enemies":"Writhing Mass","floor":45,"turns":4}],"seed_played":"1918061425677391155","potions_obtained":[{"floor":8,"key":"Weak Potion"},{"floor":9,"key":"PowerPotion"},{"floor":11,"key":"jedi:StrikingPotion"},{"floor":15,"key":"Venom Potion"},{"floor":16,"key":"Milkshake"},{"floor":25,"key":"SteroidPotion"},{"floor":26,"key":"EssenceOfSteel"},{"floor":28,"key":"Toxic Potion"},{"floor":29,"key":"SteroidPotion"},{"floor":37,"key":"Flashbang"},{"floor":40,"key":"Guardian:BlockOnCardUsePotion"},{"floor":42,"key":"Guardian:DefensiveModePotion"}],"is_trial":false,"path_per_floor":["R","M","?","R","E","M","T","M","E","M","M","M","$","?","M","B",null,"R","?","M","AVR","?","$","T","M","NM","R","M","M","M","M","M","B",null,"R","M","M","?","M","M","T","E","?","E","M"],"character_chosen":"GUARDIAN","items_purchased":["Guardian:PrismaticBeam","Guardian:TemporalShield","Bag of Marbles","Guardian:ArmoredProtocol"],"campfire_rested":0,"item_purchase_floors":[13,13,13,23],"current_hp_per_floor":[80,76,55,55,55,55,55,55,55,55,55,48,48,48,48,42,80,90,68,68,68,68,68,68,57,34,34,34,34,34,28,18,7,90,90,88,82,82,82,82,82,70,62,18,0,0],"gold":680,"neow_bonus":"TRANSFORM_TWO_CARDS","is_daily":false,"chose_seed":false,"campfire_upgraded":5,"win_rate":0.0,"timestamp":1608047448,"path_taken":["R","M","?","R","E","M","T","M","E","M","M","M","$","?","M","BOSS","R","?","M","AVR","?","?","T","M","NM","R","M","M","M","?","M","BOSS","R","M","M","?","?","M","T","E","?","E","?"],"items_purchased_type":["Card","Card","Relic","Card"],"build_version":"2020-12-13","purchased_purges":1,"victory":false,"max_hp_per_floor":[80,80,80,80,80,80,80,80,80,80,80,80,80,80,80,80,80,90,90,90,90,90,90,90,90,90,90,90,90,90,90,90,90,90,90,90,90,90,90,90,90,90,90,90,90,90],"card_choices":[{"not_picked":["Guardian:Reroute","Guardian:TimeCapacitor"],"picked":"Guardian:WalkerClaw","floor":2},{"not_picked":["ReplayTheSpireMod:Haul","ReplayTheSpireMod:Echoes of Time"],"picked":"ReplayTheSpireMod:Chaos Vortex","floor":3},{"not_picked":["Guardian:VentSteam","Guardian:Gem_White"],"picked":"Guardian:TemporalStrike","floor":5},{"not_picked":["Guardian:RollAttack","Guardian:Recover"],"picked":"Guardian:PiercingHide","floor":6},{"not_picked":["Guardian:TemporalStrike","Guardian:Suspension"],"picked":"Guardian:Gem_Purple","floor":8},{"not_picked":["Guardian:Incinerate","Guardian:Recover"],"picked":"Guardian:Gem_Synthetic","floor":9},{"not_picked":["Guardian:PiercingHide","Guardian:ShieldCharger"],"picked":"Guardian:ChargeUp","floor":10},{"not_picked":["Guardian:ChargeCore","Guardian:Emergency"],"picked":"Guardian:Gem_Green","floor":11},{"not_picked":["Guardian:PrismaticBeam","Guardian:Incinerate"],"picked":"Guardian:PolyBeam","floor":12},{"not_picked":["Guardian:Gem_Purple","Guardian:ShieldCharger"],"picked":"Guardian:AncientConstruct","floor":13},{"not_picked":["Guardian:VentSteam","Guardian:TemporalStrike"],"picked":"Guardian:ShieldCharger","floor":15},{"not_picked":["Guardian:ExploitGems","Guardian:TimeSifter"],"picked":"Guardian:RevengeProtocol","floor":16},{"not_picked":["Guardian:PrimingBeam","Guardian:Suspension"],"picked":"Guardian:WalkerClaw+1","floor":19},{"not_picked":["Guardian:PrimingBeam+1","Guardian:ChargeCore+1"],"picked":"Guardian:Gem_Lightblue","floor":20},{"not_picked":["Guardian:Emergency","Guardian:PolyBeam","Guardian:PiercingHide"],"picked":"SKIP","floor":23},{"not_picked":["Guardian:ChargeCore","Guardian:TimeCapacitor+1"],"picked":"Guardian:TemporalShield+1","floor":25},{"not_picked":["Guardian:TimeBomb+1","Guardian:ArmoredProtocol"],"picked":"Guardian:RollAttack+1","floor":26},{"not_picked":["Guardian:CrystalBeam","Guardian:PiercingHide+1"],"picked":"Guardian:Gem_Blue","floor":28},{"not_picked":["Guardian:TimeBomb","Guardian:TemporalStrike"],"picked":"Guardian:StasisStrike","floor":29},{"not_picked":["Guardian:Incinerate","Guardian:TimeCapacitor","Guardian:VentSteam"],"picked":"SKIP","floor":30},{"not_picked":["Guardian:Gem_Green","Guardian:Suspension+1"],"picked":"Guardian:Gem_Purple","floor":31},{"not_picked":["Guardian:Recover","Guardian:PiercingHide+1"],"picked":"Guardian:Gem_Crimson","floor":32},{"not_picked":["Guardian:StasisField","Guardian:BaubleBeam"],"picked":"Guardian:SphericShield","floor":33},{"not_picked":["Guardian:Gem_Purple","Guardian:VentSteam"],"picked":"Guardian:SentryBeam+1","floor":36},{"not_picked":["Guardian:Reroute","Guardian:TemporalStrike"],"picked":"Guardian:Planning+1","floor":37},{"not_picked":["Guardian:Recover+1","Guardian:PrimingBeam"],"picked":"Guardian:Gem_Green","floor":39},{"not_picked":["Guardian:ShieldCharger","Guardian:Suspension+1"],"picked":"Guardian:ArmoredProtocol+1","floor":40},{"not_picked":["Guardian:Incinerate+1","Guardian:StasisStrike"],"picked":"Guardian:StasisField","floor":42},{"not_picked":["Guardian:Gem_Synthetic","Guardian:WalkerClaw+1"],"picked":"Guardian:Clone","floor":44}],"player_experience":27755,"relics_obtained":[{"floor":5,"key":"StuffTheSpire:TintedRock"},{"floor":9,"key":"ReplayFunnel"},{"floor":19,"key":"downfall:GremlinSack"},{"floor":24,"key":"hubris:DuctTape"},{"floor":26,"key":"StuffTheSpire:Experiment12"},{"floor":41,"key":"hubris:ToyBattleship"},{"floor":42,"key":"CCEMRelics:GrapeVine"},{"floor":44,"key":"ReplayTheSpireMod:TigerMarble"}],"event_choices":[{"cards_removed":["hubris:Despair"],"damage_healed":0,"gold_gain":0,"player_choice":"Take \u0026 Give","damage_taken":0,"max_hp_gain":0,"max_hp_loss":0,"event_name":"betterNote:BetterNote","floor":22,"gold_loss":0,"cards_obtained":["Iron Wave"]}],"is_beta":false,"boss_relics":[{"not_picked":["Runic Pyramid","Runesmith:UraniumAnvil","Kintsugi"]},{"not_picked":["Busted Crown","Replay:Wanted Poster"],"picked":"hubris:ScarierMask"}],"items_purged_floors":[13],"is_endless":true,"potions_floor_spawned":[8,9,11,15,16,25,26,28,29,31,32,37,40,42],"killed_by":"Writhing Mass","ascension_level":0}}