{"host":"69rply1jf2d1wbmp","time":1608069124,"event":{"mods":["BaseMod","Minty Spire (QoL Compilation)","Quick Restart"],"gold_per_floor":[109,109,34,0,20,20,61,61,61,97,117,292,24,47,47,175,175,195,234,249,249,272,272,310,310,310,11,11,11,11,24,24,145,145,170,183,37,58,73,73,98,113,113,148,148,148,173,196,196,196],"floor_reached":51,"playtime":1905,"items_purged":["Injury","Doubt"],"score":782,"play_id":"1ce0fbbb-fef8-489c-8a73-ce602d1bff3b","local_time":"20201215165204","is_ascension_mode":false,"campfire_choices":[{"data":"White Noise","floor":6,"key":"SMITH"},{"floor":8,"key":"REST"},{"floor":15,"key":"REST"},{"data":"White Noise","floor":23,"key":"SMITH"},{"floor":25,"key":"REST"},{"data":"White Noise","floor":29,"key":"SMITH"},{"data":"Capacitor","floor":32,"key":"SMITH"},{"floor":40,"key":"REST"},{"floor":46,"key":"REST"},{"floor":49,"key":"REST"}],"circlet_count":0,"master_deck":["Zap","Dualcast","White Noise+1","BootSequence","White Noise+1","Leap","The Bomb","Rainbow","All For One","Streamline","Hologram","Darkness","White Noise+1","Electrodynamics","Leap","Necronomicurse","Capacitor+1","Buffer","Force Field","Static Discharge+1","Leap+1","Parasite","Undo+1","Lockon+1","Force Field","Dramatic Entrance","Reinforced Body+1"],"relics":["Cracked Core","TungstenRod","Golden Idol","Orichalcum","Pear","Gremlin Horn","Pandora\u0027s Box","Red Mask","Lantern","Symbiotic Virus","CaptainsWheel","Necronomicon","Mercury Hourglass","Empty Cage","Juzu Bracelet","Question Card","Sundial"],"acts_visited":["Exordium","TheCity","TheBeyond"],"potions_floor_usage":[7,10,24,36,39,50,50,50],"damage_taken":[{"damage":1,"enemies":"2 Louse","floor":1,"turns":3},{"damage":13,"enemies":"Small Slimes","floor":5,"turns":3},{"damage":31,"enemies":"Gremlin Nob","floor":7,"turns":5},{"damage":19,"enemies":"Lagavulin","floor":10,"turns":6},{"damage":3,"enemies":"Cultist","floor":11,"turns":4},{"damage":0,"enemies":"Blue Slaver","floor":14,"turns":3},{"damage":0,"enemies":"Slime Boss","floor":16,"turns":7},{"damage":21,"enemies":"Shell Parasite","floor":18,"turns":6},{"damage":0,"enemies":"Masked Bandits","floor":19,"turns":2},{"damage":0,"enemies":"Chosen","floor":20,"turns":4},{"damage":4,"enemies":"Centurion and Healer","floor":22,"turns":5},{"damage":13,"enemies":"Slavers","floor":24,"turns":3},{"damage":0,"enemies":"Snecko","floor":31,"turns":4},{"damage":18,"enemies":"Champ","floor":33,"turns":8},{"damage":6,"enemies":"Orb Walker","floor":35,"turns":3},{"damage":20,"enemies":"3 Darklings","floor":36,"turns":4},{"damage":18,"enemies":"4 Shapes","floor":38,"turns":3},{"damage":4,"enemies":"Writhing Mass","floor":39,"turns":5},{"damage":11,"enemies":"Transient","floor":41,"turns":5},{"damage":3,"enemies":"Sphere and 2 Shapes","floor":42,"turns":3},{"damage":30,"enemies":"Reptomancer","floor":44,"turns":5},{"damage":0,"enemies":"4 Shapes","floor":47,"turns":6},{"damage":13,"enemies":"3 Darklings","floor":48,"turns":4},{"damage":57,"enemies":"Time Eater","floor":50,"turns":9}],"seed_played":"5132752864113239533","potions_obtained":[{"floor":1,"key":"Regen Potion"},{"floor":5,"key":"SneckoOil"},{"floor":11,"key":"Swift Potion"},{"floor":24,"key":"Ancient Potion"},{"floor":31,"key":"Regen Potion"},{"floor":33,"key":"Weak Potion"},{"floor":39,"key":"Regen Potion"},{"floor":44,"key":"Dexterity Potion"},{"floor":47,"key":"Fire Potion"}],"is_trial":false,"path_per_floor":["M","?","$","?","M","R","E","R","T","E","M","?","$","M","R","B",null,"M","?","M","?","M","R","E","R","T","$","?","R","T","M","R","B",null,"M","M","$","M","M","R","M","M","T","E","?","R","M","M","R","B",null],"character_chosen":"DEFECT","items_purchased":["The Bomb","CaptainsWheel","Juzu Bracelet"],"campfire_rested":6,"item_purchase_floors":[13,27,37],"current_hp_per_floor":[67,67,67,67,54,54,23,43,53,49,46,46,46,46,69,69,78,57,57,57,57,53,53,40,63,63,63,51,51,51,51,51,33,78,72,52,52,34,44,67,56,53,53,23,23,46,46,33,56,14],"gold":196,"neow_bonus":"ONE_RARE_RELIC","is_daily":false,"chose_seed":false,"campfire_upgraded":4,"win_rate":0.0,"timestamp":1608069124,"path_taken":["M","?","$","?","M","R","E","R","T","E","M","?","$","M","R","BOSS","M","?","M","?","M","R","E","R","T","$","?","R","?","?","R","BOSS","M","M","$","M","M","R","M","M","T","E","?","R","M","M","R","BOSS"],"items_purchased_type":["Card","Relic","Relic"],"build_version":"2020-12-13","purchased_purges":2,"victory":true,"max_hp_per_floor":[68,68,68,68,68,68,68,68,78,78,78,78,78,78,78,78,78,78,78,78,78,78,78,78,78,78,78,78,78,78,78,78,78,78,78,78,78,78,78,78,78,78,78,78,78,78,78,78,78,78],"card_choices":[{"not_picked":["Rip and Tear","Ball Lightning"],"picked":"White Noise","floor":1},{"not_picked":["Hologram","Reinforced Body"],"picked":"BootSequence","floor":5},{"not_picked":["Skim","Coolheaded"],"picked":"White Noise","floor":7},{"not_picked":["Redo","Barrage","Fission"],"picked":"SKIP","floor":10},{"not_picked":["Compile Driver","Sweeping Beam"],"picked":"Leap","floor":11},{"not_picked":["Stack","Hologram","Double Energy"],"picked":"SKIP","floor":14},{"not_picked":["Multi-Cast","All For One"],"picked":"Rainbow","floor":16},{"not_picked":["Sweeping Beam","Storm","Redo"],"picked":"SKIP","floor":18},{"not_picked":["Steam","Hologram+1"],"picked":"Leap","floor":19},{"not_picked":["Rebound","Double Energy+1","Reprogram+1"],"picked":"SKIP","floor":20},{"not_picked":["Steam","Stack","Steam Power"],"picked":"SKIP","floor":22},{"not_picked":["Rebound","Compile Driver","All For One"],"picked":"SKIP","floor":24},{"not_picked":["Sweeping Beam","Hologram"],"picked":"Capacitor","floor":31},{"not_picked":["Reboot","Rainbow"],"picked":"Buffer","floor":33},{"not_picked":["Go for the Eyes+1","Conserve Battery"],"picked":"Force Field","floor":35},{"not_picked":["Heatsinks+1","Compile Driver+1"],"picked":"Static Discharge+1","floor":36},{"not_picked":["Gash","Skim+1"],"picked":"Leap+1","floor":38},{"not_picked":["Turbo","Steam"],"picked":"Undo+1","floor":39},{"not_picked":["Coolheaded+1","Gash+1"],"picked":"Lockon+1","floor":41},{"not_picked":["Tempest+1","Sunder","Rebound+1"],"picked":"SKIP","floor":42},{"not_picked":["Leap","Stack+1","Coolheaded"],"picked":"Force Field","floor":44},{"not_picked":["Jack Of All Trades","Finesse","Swift Strike"],"picked":"Dramatic Entrance","floor":45},{"not_picked":["Redo","Doom and Gloom+1","Hyperbeam","Streamline"],"picked":"SKIP","floor":47},{"not_picked":["Ball Lightning+1","Double Energy","Redo"],"picked":"Reinforced Body+1","floor":48}],"player_experience":341133,"relics_obtained":[{"floor":7,"key":"Orichalcum"},{"floor":9,"key":"Pear"},{"floor":10,"key":"Gremlin Horn"},{"floor":19,"key":"Red Mask"},{"floor":24,"key":"Lantern"},{"floor":26,"key":"Symbiotic Virus"},{"floor":28,"key":"Necronomicon"},{"floor":30,"key":"Mercury Hourglass"},{"floor":43,"key":"Question Card"},{"floor":44,"key":"Sundial"}],"event_choices":[{"damage_healed":0,"gold_gain":0,"player_choice":"Take Wound","damage_taken":0,"relics_obtained":["Golden Idol"],"max_hp_gain":0,"max_hp_loss":0,"event_name":"Golden Idol","floor":2,"gold_loss":0,"cards_obtained":["Injury"]},{"damage_healed":0,"gold_gain":0,"player_choice":"Left Gold","damage_taken":0,"max_hp_gain":0,"max_hp_loss":0,"event_name":"World of Goop","floor":4,"gold_loss":34},{"damage_healed":0,"gold_gain":175,"player_choice":"AGREE","damage_taken":0,"max_hp_gain":0,"max_hp_loss":0,"event_name":"Liars Game","floor":12,"gold_loss":0,"cards_obtained":["Doubt"]},{"damage_healed":0,"gold_gain":0,"player_choice":"Fought Bandits","damage_taken":0,"max_hp_gain":0,"max_hp_loss":0,"event_name":"Masked Bandits","floor":19,"gold_loss":0},{"damage_healed":0,"gold_gain":0,"player_choice":"Ignored","damage_taken":0,"max_hp_gain":0,"max_hp_loss":0,"event_name":"Ghosts","floor":21,"gold_loss":0},{"damage_healed":0,"gold_gain":0,"player_choice":"Obtained Book","damage_taken":16,"max_hp_gain":0,"max_hp_loss":0,"event_name":"Cursed Tome","floor":28,"gold_loss":0},{"damage_healed":0,"gold_gain":0,"player_choice":"Memory 1","damage_taken":0,"max_hp_gain":0,"max_hp_loss":0,"event_name":"SensoryStone","floor":45,"gold_loss":0}],"is_beta":false,"boss_relics":[{"not_picked":["SlaversCollar","Coffee Dripper"],"picked":"Pandora\u0027s Box"},{"not_picked":["Calling Bell","Nuclear Battery"],"picked":"Empty Cage"}],"items_purged_floors":[3,13],"is_endless":false,"potions_floor_spawned":[1,5,11,24,31,33,35,39,44,47,48],"ascension_level":0}}