{"host":"wha9hktbkslqvblg","time":1608031664,"event":{"mods":["BaseMod","Colored Map","Minty Spire (QoL Compilation)","Relic Stats","SuperFastMode","everything is the same but u backflip on backflip"],"gold_per_floor":[112,37,37,112,129,160,160,183,183,213,226,254,272,291,291,365,365,385,565,585,445,445,445,445],"floor_reached":23,"playtime":519,"items_purged":["Strike_R","Strike_R"],"score":448,"play_id":"5f32bebe-3e81-4222-b8aa-cb29de7636b3","local_time":"20201215202744","is_ascension_mode":true,"campfire_choices":[{"data":"Evolve","floor":7.0,"key":"SMITH"},{"floor":15,"key":"REST"}],"circlet_count":0,"master_deck":["AscendersBane","Strike_R","Strike_R","Defend_R","Defend_R","Defend_R","Defend_R","Bash","Evolve+1","Second Wind","Uppercut","Dark Embrace+1","Shrug It Off","Demon Form+1","Berserk+1","Hemokinesis","Body Slam+1","Shockwave"],"relics":["Burning Blood","NeowsBlessing","Frozen Egg 2","Odd Mushroom","Mummified Hand","White Beast Statue","SlaversCollar"],"acts_visited":["Exordium","TheCity"],"potions_floor_usage":[13,14,14,14,14,14,16,18,23],"damage_taken":[{"damage":0.0,"enemies":"Jaw Worm","floor":1.0,"turns":1.0},{"damage":0.0,"enemies":"Small Slimes","floor":5.0,"turns":1.0},{"damage":0.0,"enemies":"Lagavulin","floor":6.0,"turns":2.0},{"damage":26.0,"enemies":"The Mushroom Lair","floor":8.0,"turns":5.0},{"damage":2.0,"enemies":"2 Louse","floor":11.0,"turns":3.0},{"damage":25.0,"enemies":"3 Sentries","floor":12.0,"turns":10.0},{"damage":22,"enemies":"Exordium Thugs","floor":13,"turns":4},{"damage":10,"enemies":"3 Louse","floor":14,"turns":7},{"damage":32,"enemies":"The Guardian","floor":16,"turns":12},{"damage":17,"enemies":"Spheric Guardian","floor":18,"turns":5},{"damage":21,"enemies":"Chosen","floor":20,"turns":5},{"damage":0,"enemies":"Book of Stabbing","floor":23,"turns":1}],"seed_played":"4752227800050425035","potions_obtained":[{"floor":1.0,"key":"Explosive Potion"},{"floor":5.0,"key":"LiquidBronze"},{"floor":11.0,"key":"EntropicBrew"},{"floor":13,"key":"SteroidPotion"},{"floor":14,"key":"Energy Potion"},{"floor":16,"key":"Explosive Potion"},{"floor":18,"key":"PowerPotion"}],"is_trial":false,"path_per_floor":["M","$","?","?","M","E","R","?","T","?","M","E","M","M","R","B",null,"M","?","M","$","T","E"],"character_chosen":"IRONCLAD","items_purchased":["Shockwave"],"campfire_rested":1,"item_purchase_floors":[21],"current_hp_per_floor":[74,74,67,56,62,68,68,48,48,48,52,33,17,13,35,9,59,48,29,14,14,14,14,14],"gold":445,"neow_bonus":"THREE_ENEMY_KILL","is_daily":false,"chose_seed":false,"campfire_upgraded":1,"win_rate":0.0,"timestamp":1608031664,"path_taken":["M","$","?","?","M","E","R","?","T","?","M","E","?","M","R","BOSS","M","?","M","$","?","E"],"items_purchased_type":["Card"],"build_version":"2020-12-13","purchased_purges":2,"victory":false,"max_hp_per_floor":[75,75,75,75,75,75,75,75,75,75,75,75,75,75,75,75,75,75,75,75,75,75,75,75],"relic_stats":{"counters":[12,56],"Mummified Hand":[24],"obtain_stats":[{"SlaversCollar":17,"NeowsBlessing":0,"Mummified Hand":9,"Frozen Egg 2":6,"Odd Mushroom":8,"Burning Blood":0,"White Beast Statue":12},{"SlaversCollar":9,"NeowsBlessing":0,"Mummified Hand":4,"Frozen Egg 2":3,"Odd Mushroom":4,"Burning Blood":0,"White Beast Statue":6},{"SlaversCollar":45,"NeowsBlessing":0,"Mummified Hand":9,"Frozen Egg 2":4,"Odd Mushroom":9,"Burning Blood":0,"White Beast Statue":22}],"Burning Blood":66},"card_choices":[{"not_picked":["Dual Wield","Twin Strike","Havoc"],"picked":"SKIP","floor":1.0},{"not_picked":["Twin Strike","Armaments"],"picked":"Evolve","floor":5.0},{"not_picked":["Whirlwind","Heavy Blade"],"picked":"Second Wind","floor":6.0},{"not_picked":["Armaments","Havoc"],"picked":"Uppercut","floor":8.0},{"not_picked":["Sever Soul","Clash"],"picked":"Dark Embrace+1","floor":11.0},{"not_picked":["Rage","Entrench","Anger"],"picked":"SKIP","floor":12.0},{"not_picked":["Perfected Strike","Clash"],"picked":"Shrug It Off","floor":13},{"not_picked":["Fire Breathing+1","Headbutt"],"picked":"Demon Form+1","floor":14},{"not_picked":["Fiend Fire","Demon Form+1"],"picked":"Berserk+1","floor":16},{"not_picked":["Second Wind+1","Dual Wield"],"picked":"Hemokinesis","floor":18},{"not_picked":["Iron Wave","Havoc"],"picked":"Body Slam+1","floor":20}],"player_experience":845341,"relics_obtained":[{"floor":6.0,"key":"Frozen Egg 2"},{"floor":8.0,"key":"Odd Mushroom"},{"floor":9.0,"key":"Mummified Hand"},{"floor":12.0,"key":"White Beast Statue"}],"event_choices":[{"cards_removed":["Strike_R"],"damage_healed":0.0,"max_hp_gain":0.0,"max_hp_loss":0.0,"gold_gain":0.0,"event_name":"Golden Wing","player_choice":"Card Removal","floor":3.0,"gold_loss":0.0,"damage_taken":7.0},{"damage_healed":0.0,"max_hp_gain":0.0,"max_hp_loss":0.0,"gold_gain":75.0,"event_name":"World of Goop","player_choice":"Gather Gold","floor":4.0,"gold_loss":0.0,"damage_taken":11.0},{"damage_healed":0.0,"max_hp_gain":0.0,"max_hp_loss":0.0,"gold_gain":0.0,"event_name":"Mushrooms","player_choice":"Fought Mushrooms","floor":8.0,"gold_loss":0.0,"damage_taken":0.0},{"damage_healed":0.0,"max_hp_gain":0.0,"max_hp_loss":0.0,"gold_gain":30.0,"event_name":"Dead Adventurer","player_choice":"Searched \u00272\u0027 times","floor":10.0,"gold_loss":0.0,"damage_taken":0.0},{"damage_healed":0,"gold_gain":180,"player_choice":"GOLD GOLD ","damage_taken":19,"max_hp_gain":0,"max_hp_loss":0,"event_name":"Knowing Skull","floor":19,"potions_obtained":[],"gold_loss":0,"cards_obtained":[]}],"is_beta":false,"boss_relics":[{"not_picked":["Runic Cube","Cursed Key"],"picked":"SlaversCollar"}],"items_purged_floors":[2,21],"is_endless":false,"potions_floor_spawned":[1,5,11,13,14,16,18,20],"killed_by":"Book of Stabbing","ascension_level":20}}