{"host":"63yhhrjweyj22b0v","time":1608070686,"event":{"mods":["BaseMod","Minty Spire (QoL Compilation)","Quick Restart"],"gold_per_floor":[117,117,131,206,227,227,270,270,270,270,284,303,336,357,357,478,478,496,514,554,567,67,67,83,83,107,132,192,229,241,278,290,425,437,473,20,83,98,180,180,90,90,145,158,173,173,192,216,216,216,216],"floor_reached":50,"playtime":1905,"items_purged":["Defend_B","Defend_B+1"],"score":498,"play_id":"0245621e-c998-48b5-b513-63795d7cc435","local_time":"20201215161806","is_ascension_mode":false,"campfire_choices":[{"data":"Static Discharge","floor":6,"key":"SMITH"},{"floor":8,"key":"REST"},{"floor":15,"key":"REST"},{"floor":23,"key":"REST"},{"floor":30,"key":"REST"},{"data":"Fission","floor":32,"key":"SMITH"},{"floor":40,"key":"REST"},{"data":"Static Discharge","floor":42,"key":"SMITH"},{"data":"Redo","floor":46,"key":"SMITH"},{"floor":49,"key":"REST"}],"circlet_count":0,"master_deck":["Strike_B+1","Strike_B+1","Strike_B+1","Defend_B+1","Defend_B+1","Zap","Dualcast+1","Melter","Redo+1","Static Discharge+1","FTL","Auto Shields+1","Ball Lightning","Darkness","Redo+1","Fission+1","Self Repair","Beam Cell","Static Discharge","Static Discharge+1","Ball Lightning","Gash","Force Field+1","Conserve Battery+1","Static Discharge+1","Amplify","Beam Cell+1","Loop","Doom and Gloom+1","Beam Cell+1","Defragment"],"relics":["Cracked Core","NeowsBlessing","Golden Idol","FossilizedHelix","Bird Faced Urn","Toy Ornithopter","Odd Mushroom","Nuclear Battery","Red Mask","DollysMirror","MawBank","Oddly Smooth Stone","SlaversCollar","Incense Burner","Girya","Symbiotic Virus","War Paint"],"acts_visited":["Exordium","TheCity","TheBeyond"],"potions_floor_usage":[7,21,27,33,37,38,50,50],"damage_taken":[{"damage":0,"enemies":"Small Slimes","floor":1,"turns":1},{"damage":0,"enemies":"Jaw Worm","floor":3,"turns":1},{"damage":0,"enemies":"2 Louse","floor":5,"turns":1},{"damage":20,"enemies":"Gremlin Nob","floor":7,"turns":4},{"damage":10,"enemies":"2 Fungi Beasts","floor":11,"turns":2},{"damage":0,"enemies":"Large Slime","floor":12,"turns":4},{"damage":7,"enemies":"The Mushroom Lair","floor":13,"turns":3},{"damage":7,"enemies":"Blue Slaver","floor":14,"turns":3},{"damage":21,"enemies":"Slime Boss","floor":16,"turns":7},{"damage":0,"enemies":"Spheric Guardian","floor":18,"turns":3},{"damage":12,"enemies":"Chosen","floor":19,"turns":5},{"damage":58,"enemies":"Masked Bandits","floor":20,"turns":4},{"damage":20,"enemies":"Snake Plant","floor":21,"turns":4},{"damage":29,"enemies":"Chosen and Byrds","floor":24,"turns":5},{"damage":23,"enemies":"3 Cultists","floor":27,"turns":5},{"damage":4,"enemies":"Centurion and Healer","floor":29,"turns":8},{"damage":10,"enemies":"Chosen and Byrds","floor":31,"turns":6},{"damage":34,"enemies":"Collector","floor":33,"turns":9},{"damage":0,"enemies":"Orb Walker","floor":35,"turns":4},{"damage":35,"enemies":"Mind Bloom Boss Battle","floor":37,"turns":3},{"damage":31,"enemies":"3 Darklings","floor":38,"turns":5},{"damage":24,"enemies":"Writhing Mass","floor":44,"turns":6},{"damage":12,"enemies":"Maw","floor":45,"turns":7},{"damage":2,"enemies":"Spire Growth","floor":47,"turns":4},{"damage":20,"enemies":"Sphere and 2 Shapes","floor":48,"turns":4},{"damage":84,"enemies":"Awakened One","floor":50,"turns":6}],"seed_played":"1399200780314482732","potions_obtained":[{"floor":5,"key":"Weak Potion"},{"floor":11,"key":"LiquidMemories"},{"floor":12,"key":"FairyPotion"},{"floor":13,"key":"SpeedPotion"},{"floor":18,"key":"CultistPotion"},{"floor":21,"key":"Energy Potion"},{"floor":35,"key":"AttackPotion"},{"floor":47,"key":"EssenceOfSteel"},{"floor":48,"key":"AttackPotion"}],"is_trial":false,"path_per_floor":["M","?","M","?","M","R","E","R","T","T","M","M","?","M","R","B",null,"M","M","?","M","$","R","M","?","T","M","T","M","R","M","R","B",null,"M","$","?","M","T","R","?","R","T","M","M","R","M","M","R","B"],"character_chosen":"DEFECT","items_purchased":["Static Discharge","DollysMirror","Ball Lightning","CultistPotion","Gash","Loop","Incense Burner"],"campfire_rested":6,"item_purchase_floors":[22,22,22,22,22,36,36],"current_hp_per_floor":[75,57,57,46,46,46,26,48,48,48,40,42,37,30,52,33,75,75,63,7,29,29,51,37,37,37,32,32,43,65,70,70,50,75,75,75,47,36,36,58,58,58,58,53,62,62,75,62,75,0,0],"gold":216,"neow_bonus":"THREE_ENEMY_KILL","is_daily":false,"chose_seed":false,"campfire_upgraded":4,"win_rate":0.0,"timestamp":1608070686,"path_taken":["M","?","M","?","M","R","E","R","T","?","M","?","?","M","R","BOSS","M","M","?","M","$","R","M","?","T","M","?","M","R","M","R","BOSS","M","$","?","M","?","R","?","R","T","M","M","R","M","?","R","BOSS"],"items_purchased_type":["Card","Relic","Card","Potion","Card","Card","Relic"],"build_version":"2020-12-13","purchased_purges":2,"victory":false,"max_hp_per_floor":[75,75,75,75,75,75,75,75,75,75,75,75,75,75,75,75,75,75,75,75,75,75,75,75,75,75,75,75,75,75,75,75,75,75,75,75,75,75,75,75,75,75,75,75,75,75,75,75,75,75,75],"card_choices":[{"not_picked":["Hologram","Compile Driver"],"picked":"Melter","floor":1},{"not_picked":["Compile Driver","Heatsinks"],"picked":"Redo","floor":3},{"not_picked":["Tempest","Self Repair"],"picked":"Static Discharge","floor":5},{"not_picked":["Stack","White Noise"],"picked":"FTL","floor":7},{"not_picked":["Streamline","Stack"],"picked":"Auto Shields","floor":11},{"not_picked":["Darkness","Coolheaded"],"picked":"Ball Lightning","floor":12},{"not_picked":["Coolheaded","Compile Driver"],"picked":"Darkness","floor":13},{"not_picked":["Lockon","Genetic Algorithm"],"picked":"Redo","floor":14},{"not_picked":["Rainbow","All For One"],"picked":"Fission","floor":16},{"not_picked":["Blizzard+1","Stack+1","Reinforced Body"],"picked":"SKIP","floor":18},{"not_picked":["Genetic Algorithm","Stack","White Noise"],"picked":"SKIP","floor":19},{"not_picked":["Stack","Recycle+1"],"picked":"Self Repair","floor":20},{"not_picked":["Barrage+1","Conserve Battery"],"picked":"Beam Cell","floor":21},{"not_picked":["Rebound","Darkness","Sunder"],"picked":"SKIP","floor":24},{"not_picked":["Coolheaded","Doom and Gloom"],"picked":"Force Field+1","floor":27},{"not_picked":["Scrape","Gash"],"picked":"Conserve Battery+1","floor":29},{"not_picked":["Cold Snap","FTL"],"picked":"Static Discharge","floor":31},{"not_picked":["Hyperbeam","All For One"],"picked":"Amplify","floor":33},{"not_picked":["Compile Driver","Auto Shields"],"picked":"Beam Cell+1","floor":35},{"not_picked":["Barrage","Genetic Algorithm"],"picked":"Doom and Gloom+1","floor":37},{"not_picked":["Barrage+1","Compile Driver","Steam"],"picked":"SKIP","floor":38},{"not_picked":["Redo","Storm+1"],"picked":"Beam Cell+1","floor":44},{"not_picked":["Chaos","Genetic Algorithm","Streamline+1"],"picked":"SKIP","floor":45},{"not_picked":["Glacier","Go for the Eyes"],"picked":"Defragment","floor":47},{"not_picked":["Rebound+1","Steam","Reprogram"],"picked":"SKIP","floor":48}],"player_experience":590761,"relics_obtained":[{"floor":7,"key":"FossilizedHelix"},{"floor":9,"key":"Bird Faced Urn"},{"floor":10,"key":"Toy Ornithopter"},{"floor":13,"key":"Odd Mushroom"},{"floor":20,"key":"Red Mask"},{"floor":26,"key":"MawBank"},{"floor":28,"key":"Oddly Smooth Stone"},{"floor":37,"key":"Girya"},{"floor":39,"key":"Symbiotic Virus"},{"floor":43,"key":"War Paint"}],"event_choices":[{"damage_healed":0,"gold_gain":0,"player_choice":"Take Damage","damage_taken":18,"relics_obtained":["Golden Idol"],"max_hp_gain":0,"max_hp_loss":0,"event_name":"Golden Idol","floor":2,"gold_loss":0},{"damage_healed":0,"gold_gain":75,"player_choice":"Gather Gold","damage_taken":11,"max_hp_gain":0,"max_hp_loss":0,"event_name":"World of Goop","floor":4,"gold_loss":0},{"damage_healed":0,"gold_gain":0,"player_choice":"Fought Mushrooms","damage_taken":0,"max_hp_gain":0,"max_hp_loss":0,"event_name":"Mushrooms","floor":13,"gold_loss":0},{"damage_healed":0,"gold_gain":0,"player_choice":"Fought Bandits","damage_taken":0,"max_hp_gain":0,"max_hp_loss":0,"event_name":"Masked Bandits","floor":20,"gold_loss":0},{"damage_healed":0,"gold_gain":0,"player_choice":"Simplicity","damage_taken":0,"max_hp_gain":0,"max_hp_loss":0,"event_name":"Back to Basics","floor":25,"gold_loss":0,"cards_upgraded":["Strike_B","Strike_B","Strike_B","Strike_B","Defend_B","Defend_B","Defend_B"]},{"damage_healed":0,"gold_gain":0,"player_choice":"Fight","damage_taken":0,"max_hp_gain":0,"max_hp_loss":0,"event_name":"MindBloom","floor":37,"gold_loss":0},{"cards_removed":["Strike_B"],"damage_healed":0,"gold_gain":0,"player_choice":"Upgrade and Remove","damage_taken":0,"max_hp_gain":0,"max_hp_loss":0,"event_name":"Designer","floor":41,"gold_loss":90,"cards_upgraded":["Dualcast"]}],"is_beta":false,"boss_relics":[{"not_picked":["FrozenCore","Coffee Dripper"],"picked":"Nuclear Battery"},{"not_picked":["Runic Pyramid","Philosopher\u0027s Stone"],"picked":"SlaversCollar"}],"items_purged_floors":[22,36],"is_endless":false,"potions_floor_spawned":[5,11,12,13,16,18,20,21,24,35,47,48],"killed_by":"Awakened One","ascension_level":0}}