{"host":"wukocnei7dgudpva","time":1608014796,"event":{"mods":["AchievementEnabler","BaseMod","Colored Map","Minty Spire (QoL Compilation)","StSLib","SuperFastMode"],"gold_per_floor":[109,128,138,10,25,25,51,51,51,51,51,62,62,76,76,171,171,184,184,201,126,155,155,155,172,172,172,187,201,201,220,220,220,220],"floor_reached":33,"playtime":1519,"items_purged":["Strike_B"],"score":249,"play_id":"7013bfcf-e975-4b22-a311-24fdd1106843","local_time":"20201215154636","is_ascension_mode":false,"campfire_choices":[{"floor":6,"key":"REST"},{"floor":10,"key":"REST"},{"floor":13,"key":"RECALL"},{"data":"Genetic Algorithm","floor":15,"key":"SMITH"},{"floor":23,"key":"REST"},{"floor":27,"key":"REST"},{"floor":32,"key":"REST"}],"circlet_count":0,"master_deck":["Strike_B","Strike_B","Defend_B","Defend_B","Defend_B","Zap","Dualcast","Ball Lightning","Genetic Algorithm+1","Ball Lightning","Hologram","Tempest","Darkness","Echo Form","Conserve Battery","Ball Lightning","Static Discharge+1","Decay"],"relics":["Cracked Core","Torii","Unceasing Top","Nuclear Battery","Red Mask"],"acts_visited":["Exordium","TheCity"],"potions_floor_usage":[16,25,33,33],"damage_taken":[{"damage":0,"enemies":"2 Louse","floor":1,"turns":2},{"damage":0,"enemies":"Small Slimes","floor":2,"turns":2},{"damage":1,"enemies":"Cultist","floor":3,"turns":4},{"damage":6,"enemies":"Blue Slaver","floor":5,"turns":3},{"damage":45,"enemies":"3 Sentries","floor":7,"turns":6},{"damage":1,"enemies":"Looter","floor":12,"turns":2},{"damage":3,"enemies":"Lots of Slimes","floor":14,"turns":3},{"damage":36,"enemies":"The Guardian","floor":16,"turns":9},{"damage":7,"enemies":"3 Byrds","floor":18,"turns":4},{"damage":22,"enemies":"Shell Parasite","floor":20,"turns":5},{"damage":16,"enemies":"Masked Bandits","floor":22,"turns":4},{"damage":43,"enemies":"Centurion and Healer","floor":25,"turns":7},{"damage":17,"enemies":"Cultist and Chosen","floor":28,"turns":6},{"damage":22,"enemies":"Snecko","floor":29,"turns":5},{"damage":5,"enemies":"Snake Plant","floor":31,"turns":1},{"damage":63,"enemies":"Collector","floor":33,"turns":7}],"seed_played":"2763437015208665932","potions_obtained":[{"floor":2,"key":"SteroidPotion"},{"floor":12,"key":"DuplicationPotion"},{"floor":22,"key":"PowerPotion"},{"floor":28,"key":"Dexterity Potion"},{"floor":29,"key":"Regen Potion"}],"is_trial":false,"path_per_floor":["M","M","M","$","M","R","E","$","T","R","?","M","R","M","R","B",null,"M","?","M","?","?","R","$","M","T","R","M","M","?","M","R","B"],"character_chosen":"DEFECT","items_purchased":["Ball Lightning"],"campfire_rested":5,"item_purchase_floors":[4],"current_hp_per_floor":[82,82,81,81,75,82,37,37,37,61,66,65,65,62,62,26,87,80,80,58,58,42,68,68,25,25,51,34,12,12,7,33,0,0],"gold":220,"neow_bonus":"TEN_PERCENT_HP_BONUS","is_daily":false,"chose_seed":false,"campfire_upgraded":1,"win_rate":0.0,"timestamp":1608014796,"path_taken":["M","M","M","$","M","R","E","$","T","R","?","M","R","M","R","BOSS","M","?","M","?","?","R","?","M","T","R","M","?","?","M","R","BOSS"],"items_purchased_type":["Card"],"build_version":"2020-12-13","purchased_purges":1,"victory":false,"max_hp_per_floor":[82,82,82,82,82,82,82,82,82,82,87,87,87,87,87,87,87,87,87,87,87,87,87,87,87,87,87,87,87,87,87,87,87,87],"card_choices":[{"not_picked":["Hologram","Rebound"],"picked":"Ball Lightning","floor":1},{"not_picked":["Stack","Steam"],"picked":"Genetic Algorithm","floor":2},{"not_picked":["Turbo","Cold Snap","Compile Driver"],"picked":"SKIP","floor":3},{"not_picked":["Cold Snap","Heatsinks"],"picked":"Hologram","floor":5},{"not_picked":["Undo","Glacier","Redo"],"picked":"SKIP","floor":7},{"not_picked":["Genetic Algorithm","Sweeping Beam"],"picked":"Tempest","floor":12},{"not_picked":["Coolheaded","Stack"],"picked":"Darkness","floor":14},{"not_picked":["All For One","Reboot"],"picked":"Echo Form","floor":16},{"not_picked":["Gash+1","Rebound+1","Hello World"],"picked":"SKIP","floor":18},{"not_picked":["Streamline+1","Redo"],"picked":"Conserve Battery","floor":20},{"not_picked":["Coolheaded","Streamline"],"picked":"Ball Lightning","floor":25},{"not_picked":["Cold Snap+1","Steam"],"picked":"Static Discharge+1","floor":28},{"not_picked":["Chaos","Barrage","Coolheaded"],"picked":"SKIP","floor":29},{"not_picked":["Barrage","Redo","Scrape+1"],"picked":"SKIP","floor":31}],"player_experience":228019,"relics_obtained":[{"floor":7,"key":"Torii"},{"floor":9,"key":"Unceasing Top"},{"floor":22,"key":"Red Mask"}],"event_choices":[{"damage_healed":0,"gold_gain":0,"player_choice":"Donut","damage_taken":0,"max_hp_gain":5,"max_hp_loss":0,"event_name":"Big Fish","floor":11,"gold_loss":0},{"cards_removed":["Strike_B"],"damage_healed":0,"gold_gain":0,"player_choice":"Elegance","damage_taken":0,"max_hp_gain":0,"max_hp_loss":0,"event_name":"Back to Basics","floor":19,"gold_loss":0},{"cards_removed":["Defend_B"],"damage_healed":0,"gold_gain":0,"player_choice":"Gave Gold","damage_taken":0,"max_hp_gain":0,"max_hp_loss":0,"event_name":"Beggar","floor":21,"gold_loss":75},{"damage_healed":0,"gold_gain":0,"player_choice":"Fought Bandits","damage_taken":0,"max_hp_gain":0,"max_hp_loss":0,"event_name":"Masked Bandits","floor":22,"gold_loss":0},{"damage_healed":0,"gold_gain":0,"player_choice":"Smashed Altar","damage_taken":0,"max_hp_gain":0,"max_hp_loss":0,"event_name":"Forgotten Altar","floor":30,"gold_loss":0,"cards_obtained":["Decay"]}],"is_beta":false,"boss_relics":[{"not_picked":["Snecko Eye","Fusion Hammer"],"picked":"Nuclear Battery"}],"items_purged_floors":[4],"is_endless":false,"potions_floor_spawned":[2,12,22,28,29,31],"killed_by":"Collector","ascension_level":0}}