{"host":"hdafziggwnbzqpcb","time":1608067326,"event":{"mods":["BaseMod","Better Vampires","Colored Map","Colored Powertips","GifTheSpireLib","Minty Spire (QoL Compilation)","Quick Restart","Rare Cards Sparkle","StSLib","The Bug Knight","The Cursed","TheHero"],"gold_per_floor":[115,115,50,62,76,76,110,110,110,110,136,151,151,180,180,279,279,297,0,19,34,49,49,59,59,105,131,143,155,167,199,211,323,335,363,135,1134,1182,1199,1199,1231,1251,1251,1268,814,825,835,909,909,909],"floor_reached":51,"playtime":2876,"items_purged":["TheCursedMod:Strike_TheCursed","TheCursedMod:Strike_TheCursed"],"score":802,"play_id":"64f0bea7-bd21-435d-8558-bc5c37010d48","local_time":"20201215132206","is_ascension_mode":true,"campfire_choices":[{"data":"TheCursedMod:CleanUpWorkshop","floor":6,"key":"SMITH"},{"data":"TheCursedMod:CursedAmulet","floor":8,"key":"SMITH"},{"data":"TheCursedMod:SpitefulPray","floor":13,"key":"SMITH"},{"floor":15,"key":"DIG"},{"data":"TheCursedMod:HellfireBreathing","floor":23,"key":"SMITH"},{"data":"TheCursedMod:HellfireBreathing","floor":29,"key":"SMITH"},{"floor":32,"key":"REST"},{"data":"TheCursedMod:HellfireBreathing","floor":40,"key":"SMITH"},{"floor":49,"key":"DIG"}],"circlet_count":0,"master_deck":["TheCursedMod:Strike_TheCursed","TheCursedMod:Strike_TheCursed","TheCursedMod:CursedWand","TheCursedMod:CleanUpWorkshop+1","TheCursedMod:Dregs","TheCursedMod:HellfireBreathing+1","TheCursedMod:CursedAmulet+1","TheCursedMod:CursedShiv","TheCursedMod:SpitefulPray+1","TheCursedMod:ReleasedStrength","TheCursedMod:HellfireBreathing+1","TheCursedMod:RapidMovement","TheCursedMod:HellfireBreathing+1","TheCursedMod:RapidMovement","TheCursedMod:SpitefulPray","TheCursedMod:NeowsMight","Normality","Normality","TheCursedMod:HellfireBreathing","TheCursedMod:CursedShiv","TheCursedMod:SurpriseAttack"],"relics":["TheCursedMod:BlackMagicAdvanced","NeowsBlessing","Calipers","Pantograph","Eternal Feather","Du-Vu Doll","Shovel","HollowMod:PaleOreRelic","Blood Vial","TheCursedMod:OminousMark","Vajra","MawBank","Gremlin Horn","TheCursedMod:SoulVessel","Unceasing Top","Dream Catcher","Bronze Scales","Strawberry","TheCursedMod:DemonicMark","Anchor"],"acts_visited":["Exordium","TheCity","TheBeyond"],"potions_floor_usage":[16,16,21,27,42,50],"damage_taken":[{"damage":0,"enemies":"Cultist","floor":1,"turns":1},{"damage":0,"enemies":"2 Louse","floor":4,"turns":1},{"damage":0,"enemies":"Jaw Worm","floor":5,"turns":1},{"damage":22,"enemies":"Lagavulin","floor":7,"turns":8},{"damage":9,"enemies":"Gremlin Nob","floor":11,"turns":4},{"damage":0,"enemies":"2 Fungi Beasts","floor":12,"turns":3},{"damage":0,"enemies":"3 Sentries","floor":14,"turns":5},{"damage":24,"enemies":"The Guardian","floor":16,"turns":10},{"damage":14,"enemies":"Spheric Guardian","floor":18,"turns":4},{"damage":12,"enemies":"Shell Parasite","floor":20,"turns":5},{"damage":18,"enemies":"Snecko","floor":21,"turns":5},{"damage":9,"enemies":"Sentry and Sphere","floor":22,"turns":4},{"damage":2,"enemies":"Shelled Parasite and Fungi","floor":24,"turns":4},{"damage":31,"enemies":"Gremlin Leader","floor":27,"turns":6},{"damage":17,"enemies":"Snake Plant","floor":31,"turns":3},{"damage":34,"enemies":"Champ","floor":33,"turns":7},{"damage":6,"enemies":"3 Darklings","floor":35,"turns":3},{"damage":13,"enemies":"2 Orb Walkers","floor":38,"turns":3},{"damage":0,"enemies":"3 Shapes","floor":39,"turns":2},{"damage":4,"enemies":"Giant Head","floor":41,"turns":6},{"damage":22,"enemies":"Maw","floor":42,"turns":5},{"damage":0,"enemies":"4 Shapes","floor":44,"turns":3},{"damage":0,"enemies":"3 Darklings","floor":46,"turns":3},{"damage":3,"enemies":"Transient","floor":47,"turns":5},{"damage":66,"enemies":"Time Eater","floor":50,"turns":8}],"seed_played":"1150605974028076708","potions_obtained":[{"floor":1,"key":"FairyPotion"},{"floor":7,"key":"Block Potion"},{"floor":14,"key":"LiquidMemories"},{"floor":18,"key":"CultistPotion"},{"floor":24,"key":"FearPotion"},{"floor":31,"key":"EntropicBrew"},{"floor":35,"key":"Energy Potion"},{"floor":42,"key":"Dexterity Potion"}],"is_trial":false,"path_per_floor":["M","?","?","M","M","R","E","R","T","T","E","M","R","E","R","B",null,"M","$","M","M","M","R","M","?","T","E","?","R","?","M","R","B",null,"M","$","?","?","M","R","E","M","T","M","$","M","M","T","R","B",null],"character_chosen":"THE_CURSED","items_purchased":["TheCursedMod:HellfireBreathing","Vajra","Gremlin Horn","Bronze Scales","Strawberry","TheCursedMod:SurpriseAttack"],"campfire_rested":1,"item_purchase_floors":[19,19,36,45,45,45],"current_hp_per_floor":[75,68,68,68,68,68,46,46,46,46,37,37,43,43,49,51,75,61,61,51,35,28,37,37,37,37,8,8,17,17,2,33,26,75,69,69,69,58,63,75,75,61,61,68,75,82,82,82,82,28],"gold":909,"neow_bonus":"THREE_ENEMY_KILL","is_daily":false,"chose_seed":false,"campfire_upgraded":6,"win_rate":0.0,"timestamp":1608067326,"path_taken":["M","?","?","?","M","R","E","R","T","?","E","M","R","E","R","BOSS","M","$","M","M","M","R","M","?","T","E","?","R","?","?","R","BOSS","M","?","?","?","M","R","E","?","T","M","$","M","M","?","R","BOSS"],"items_purchased_type":["Card","Relic","Relic","Relic","Relic","Card"],"build_version":"2020-12-13","purchased_purges":2,"victory":true,"max_hp_per_floor":[75,75,75,75,75,75,75,75,75,75,75,75,75,75,75,75,75,75,75,75,75,75,75,75,75,75,75,75,75,75,75,75,75,75,75,75,75,75,75,75,75,75,75,75,82,82,82,82,82,82],"card_choices":[{"not_picked":["TheCursedMod:Grudge","TheCursedMod:Wield"],"picked":"TheCursedMod:HellfireBreathing","floor":1},{"not_picked":["TheCursedMod:Stigma","TheCursedMod:Torture"],"picked":"TheCursedMod:CursedAmulet","floor":4},{"not_picked":["TheCursedMod:EmpowerCircles","TheCursedMod:SurpriseAttack","TheCursedMod:Stigma"],"picked":"SKIP","floor":5},{"not_picked":["TheCursedMod:RavingStaff","TheCursedMod:Hemoplague"],"picked":"TheCursedMod:CursedShiv","floor":7},{"not_picked":["TheCursedMod:StunningStrike","TheCursedMod:CursedStaff","TheCursedMod:CircleOfBlood"],"picked":"SKIP","floor":11},{"not_picked":["TheCursedMod:VitalStrike","TheCursedMod:CursedBlade"],"picked":"TheCursedMod:SpitefulPray","floor":12},{"not_picked":["TheCursedMod:CursedAmulet","TheCursedMod:CursedMace","TheCursedMod:CircleOfCorruption"],"picked":"SKIP","floor":14},{"not_picked":["TheCursedMod:Wield+1","TheCursedMod:CircleOfFlame+1"],"picked":"TheCursedMod:ReleasedStrength","floor":18},{"not_picked":["TheCursedMod:CursedBoomerang+1","TheCursedMod:CursedAmulet"],"picked":"TheCursedMod:RapidMovement","floor":20},{"not_picked":["TheCursedMod:VitalStrike","TheCursedMod:DarkBarrier","TheCursedMod:SmokeScreen"],"picked":"SKIP","floor":21},{"not_picked":["TheCursedMod:SpitefulPray","TheCursedMod:Stretching","TheCursedMod:Stigma"],"picked":"SKIP","floor":22},{"not_picked":["TheCursedMod:CursedBlade+1","TheCursedMod:Stigma"],"picked":"TheCursedMod:HellfireBreathing","floor":24},{"not_picked":["TheCursedMod:CursedStaff","TheCursedMod:Obscuration"],"picked":"TheCursedMod:RapidMovement","floor":27},{"not_picked":["TheCursedMod:ManaBullet","TheCursedMod:CircleOfFlame","TheCursedMod:CircleOfFocus"],"picked":"SKIP","floor":31},{"not_picked":["TheCursedMod:AntiAging","TheCursedMod:CollectTribute"],"picked":"TheCursedMod:NeowsMight","floor":33},{"not_picked":["TheCursedMod:TacticalStrike","TheCursedMod:Torture+1","TheCursedMod:RavingStaff+1"],"picked":"SKIP","floor":35},{"not_picked":["TheCursedMod:EmpowerCircles","TheCursedMod:LuckyCharm+1"],"picked":"TheCursedMod:HellfireBreathing","floor":38},{"not_picked":["TheCursedMod:SpitefulPray+1","TheCursedMod:FuryStrike","TheCursedMod:CursedMace+1"],"picked":"SKIP","floor":39},{"not_picked":["TheCursedMod:CollectTribute","TheCursedMod:Obscuration+1"],"picked":"TheCursedMod:CursedShiv","floor":41},{"not_picked":["TheCursedMod:CircleOfFlame","TheCursedMod:SpreadPlague+1","TheCursedMod:CursedAmulet"],"picked":"SKIP","floor":42},{"not_picked":["TheCursedMod:TacticalStrike+1","TheCursedMod:CircleOfFlame","TheCursedMod:SaltUponWound+1"],"picked":"SKIP","floor":44},{"not_picked":["TheCursedMod:SpitefulStrike","TheCursedMod:CursedBlade","TheCursedMod:WearCloak"],"picked":"SKIP","floor":46},{"not_picked":["TheCursedMod:CursedMace","TheCursedMod:SaltUponWound","TheCursedMod:CursedBlade+1"],"picked":"SKIP","floor":47}],"player_experience":607061,"relics_obtained":[{"floor":7,"key":"Pantograph"},{"floor":9,"key":"Eternal Feather"},{"floor":10,"key":"Du-Vu Doll"},{"floor":11,"key":"Shovel"},{"floor":14,"key":"HollowMod:PaleOreRelic"},{"floor":15,"key":"Blood Vial"},{"floor":27,"key":"MawBank"},{"floor":38,"key":"TheCursedMod:SoulVessel"},{"floor":41,"key":"Unceasing Top"},{"floor":43,"key":"Dream Catcher"},{"floor":48,"key":"TheCursedMod:DemonicMark"},{"floor":49,"key":"Anchor"}],"event_choices":[{"cards_removed":["TheCursedMod:Defend_TheCursed"],"damage_healed":0,"gold_gain":0,"player_choice":"Card Removal","damage_taken":7,"max_hp_gain":0,"max_hp_loss":0,"event_name":"Golden Wing","floor":2,"gold_loss":0},{"damage_healed":0,"gold_gain":0,"player_choice":"Paid Gold","damage_taken":0,"relics_obtained":["Calipers"],"max_hp_gain":0,"max_hp_loss":0,"event_name":"WeMeetAgain","floor":3,"gold_loss":65},{"cards_removed":["TheCursedMod:Defend_TheCursed"],"damage_healed":0,"gold_gain":0,"player_choice":"Elegance","damage_taken":0,"max_hp_gain":0,"max_hp_loss":0,"event_name":"Back to Basics","floor":25,"gold_loss":0},{"damage_healed":0,"gold_gain":0,"cards_transformed":["TheCursedMod:Defend_TheCursed","TheCursedMod:Defend_TheCursed"],"player_choice":"Became Test Subject","damage_taken":0,"max_hp_gain":0,"max_hp_loss":0,"event_name":"Drug Dealer","floor":28,"gold_loss":0,"cards_obtained":["TheCursedMod:ParallelWorld","TheCursedMod:SpitefulPray"]},{"cards_removed":["TheCursedMod:ParallelWorld"],"damage_healed":0,"gold_gain":0,"player_choice":"Purged","damage_taken":0,"max_hp_gain":0,"max_hp_loss":0,"event_name":"Purifier","floor":30,"gold_loss":0},{"damage_healed":0,"gold_gain":999,"player_choice":"Gold","damage_taken":0,"max_hp_gain":0,"max_hp_loss":0,"event_name":"MindBloom","floor":37,"gold_loss":0,"cards_obtained":["Normality","Normality"]},{"damage_healed":0,"gold_gain":0,"player_choice":"Fight","damage_taken":0,"max_hp_gain":0,"max_hp_loss":0,"event_name":"Mysterious Sphere","floor":38,"gold_loss":0}],"is_beta":false,"boss_relics":[{"not_picked":["SlaversCollar","Runic Dome"],"picked":"TheCursedMod:OminousMark"},{"not_picked":["Snecko Eye","SacredBark"],"picked":"TheCursedMod:BlackMagicAdvanced"}],"items_purged_floors":[19,45],"is_endless":false,"potions_floor_spawned":[1,7,14,18,24,31,35,41,42,47],"ascension_level":1}}