{"host":"pjgcdp3h1plnbocs","time":1608072544,"event":{"mods":["AchievementEnabler","BaseMod","Colored Map","Highlight Path","Minty Spire (QoL Compilation)"],"gold_per_floor":[112,187,66,85,100,135,135,168,238,263,363,382,413,429,429,534,534,550,567,567,314,324,355,455,489,489,489,489],"floor_reached":27,"playtime":939,"items_purged":["Decay","Strike_B"],"score":381,"play_id":"025e6258-89a4-4f5c-a7c7-80cfab7fb7f8","local_time":"20201215234904","is_ascension_mode":true,"campfire_choices":[{"data":"Consume","floor":15,"key":"SMITH"}],"circlet_count":0,"master_deck":["Strike_B","Strike_B","Defend_B","Defend_B","Defend_B","Zap","Dualcast","Ball Lightning","Cold Snap","Glacier","Seek","Capacitor","Redo","Consume+1","Capacitor","Electrodynamics","Redo","Blizzard+1"],"relics":["Cracked Core","Turnip","FossilizedHelix","Juzu Bracelet","Meat on the Bone","Sundial","Lantern","Empty Cage","Orichalcum","Pen Nib","Strawberry"],"acts_visited":["TheCity"],"potions_floor_usage":[13,16,16,25,27,27],"damage_taken":[{"damage":0.0,"enemies":"Small Slimes","floor":1.0,"turns":3.0},{"damage":0.0,"enemies":"Cultist","floor":4.0,"turns":2.0},{"damage":1.0,"enemies":"Jaw Worm","floor":5.0,"turns":3.0},{"damage":21.0,"enemies":"Lagavulin","floor":6.0,"turns":7.0},{"damage":4.0,"enemies":"Gremlin Nob","floor":8.0,"turns":4.0},{"damage":16.0,"enemies":"3 Sentries","floor":10.0,"turns":9.0},{"damage":0,"enemies":"Red Slaver","floor":12,"turns":5},{"damage":1,"enemies":"Gremlin Nob","floor":13,"turns":6},{"damage":15,"enemies":"Lots of Slimes","floor":14,"turns":4},{"damage":0,"enemies":"Slime Boss","floor":16,"turns":8},{"damage":11,"enemies":"2 Thieves","floor":18,"turns":2},{"damage":1,"enemies":"Spheric Guardian","floor":19,"turns":5},{"damage":6,"enemies":"Shelled Parasite and Fungi","floor":22,"turns":7},{"damage":21,"enemies":"Slavers","floor":23,"turns":2},{"damage":26,"enemies":"Gremlin Leader","floor":25,"turns":8},{"damage":35,"enemies":"Slavers","floor":27,"turns":2}],"seed_played":"-4797361946340135185","potions_obtained":[{"floor":1.0,"key":"GamblersBrew"},{"floor":5.0,"key":"Regen Potion"},{"floor":6.0,"key":"Block Potion"},{"floor":7.0,"key":"Fruit Juice"},{"floor":7.0,"key":"Fire Potion"},{"floor":8.0,"key":"SmokeBomb"},{"floor":14,"key":"AttackPotion"},{"floor":18,"key":"Block Potion"},{"floor":22,"key":"EssenceOfDarkness"},{"floor":25,"key":"Energy Potion"}],"is_trial":false,"path_per_floor":["M","?","$","M","M","E","?","E","T","E","?","M","E","M","R","B",null,"M","M","?","$","M","E","?","E","T","E"],"character_chosen":"DEFECT","items_purchased":["Cold Snap","Orichalcum"],"campfire_rested":0,"item_purchase_floors":[3,21],"current_hp_per_floor":[75,68,68,68,67,46,51,47,47,43,43,43,42,39,39,54,80,69,68,68,68,62,41,41,34,34,0,0],"gold":489,"neow_bonus":"ONE_RARE_RELIC","is_daily":false,"chose_seed":false,"campfire_upgraded":1,"win_rate":0.0,"timestamp":1608072544,"path_taken":["M","?","$","M","?","E","?","E","T","E","?","M","E","M","R","BOSS","M","M","?","$","M","E","?","E","T","E"],"items_purchased_type":["Card","Relic"],"build_version":"2020-12-13","purchased_purges":2,"victory":false,"max_hp_per_floor":[75,75,75,75,75,75,80,80,80,80,80,80,80,80,80,80,80,80,80,80,80,80,80,80,87,87,87,87],"card_choices":[{"not_picked":["Streamline","Go for the Eyes"],"picked":"Ball Lightning","floor":1.0},{"not_picked":["Static Discharge","Stack"],"picked":"Glacier","floor":4.0},{"not_picked":["Stack","FTL"],"picked":"Seek","floor":5.0},{"not_picked":["Cold Snap","Barrage"],"picked":"Capacitor","floor":6.0},{"not_picked":["Gash","Beam Cell"],"picked":"Redo","floor":8.0},{"not_picked":["Coolheaded","Ball Lightning"],"picked":"Consume","floor":10.0},{"not_picked":["Chill","Compile Driver","Amplify"],"picked":"SKIP","floor":12},{"not_picked":["Rebound","Reinforced Body"],"picked":"Capacitor","floor":13},{"not_picked":["Aggregate","Gash","Streamline"],"picked":"SKIP","floor":14},{"not_picked":["Amplify","Machine Learning"],"picked":"Electrodynamics","floor":16},{"not_picked":["Rebound","Compile Driver","Stack"],"picked":"SKIP","floor":18},{"not_picked":["Rebound","Gash"],"picked":"Redo","floor":19},{"not_picked":["Skim+1","Gash+1","Conserve Battery"],"picked":"SKIP","floor":22},{"not_picked":["Cold Snap+1","Melter","Stack"],"picked":"SKIP","floor":23},{"not_picked":["Heatsinks+1","Rainbow"],"picked":"Blizzard+1","floor":25}],"player_experience":99374,"relics_obtained":[{"floor":6.0,"key":"FossilizedHelix"},{"floor":8.0,"key":"Juzu Bracelet"},{"floor":9.0,"key":"Meat on the Bone"},{"floor":10.0,"key":"Sundial"},{"floor":13,"key":"Lantern"},{"floor":23,"key":"Pen Nib"},{"floor":25,"key":"Strawberry"}],"event_choices":[{"damage_healed":0.0,"max_hp_gain":0.0,"max_hp_loss":0.0,"gold_gain":75.0,"event_name":"FaceTrader","player_choice":"Touch","floor":2.0,"gold_loss":0.0,"damage_taken":7.0},{"damage_healed":0.0,"max_hp_gain":0.0,"max_hp_loss":0.0,"gold_gain":0.0,"event_name":"Lab","player_choice":"Got Potions","floor":7.0,"gold_loss":0.0,"damage_taken":0.0},{"damage_healed":0.0,"max_hp_gain":0.0,"max_hp_loss":0.0,"gold_gain":100.0,"event_name":"Golden Shrine","player_choice":"Pray","floor":11.0,"gold_loss":0.0,"damage_taken":0.0},{"damage_healed":0,"gold_gain":0,"player_choice":"Ignored","damage_taken":0,"max_hp_gain":0,"max_hp_loss":0,"event_name":"Ghosts","floor":20,"gold_loss":0},{"damage_healed":0,"gold_gain":100,"player_choice":"Pray","damage_taken":0,"max_hp_gain":0,"max_hp_loss":0,"event_name":"Golden Shrine","floor":24,"gold_loss":0}],"is_beta":false,"boss_relics":[{"not_picked":["Ectoplasm","Velvet Choker"],"picked":"Empty Cage"}],"items_purged_floors":[3,21],"is_endless":false,"potions_floor_spawned":[1,5,6,8,14,18,22,25],"killed_by":"Slavers","ascension_level":3}}