{"host":"j4g6ia6asvpyu2b0","time":1608067642,"event":{"mods":["BaseMod","Colored Map","Minty Spire (QoL Compilation)","Permanent Neow","Quick Restart","Relic Stats","StSLib","Unceasing Turn Reminder"],"gold_per_floor":[115,129,142,155,155,188,188,218,290,290,325,325,355,370,370,475,475,486,505,525,345,345,376,376,376,425,456,456,485,503,503,503,599,599,615,634,634,644,655,655,681,681,681,693,728,743,743,346,346,346,346,346,1,26,26],"floor_reached":56,"playtime":1957,"items_purged":["Strike_B","Pain"],"score":1552,"play_id":"beab5e5f-0c82-4b4c-9d73-93c604ccaaf1","local_time":"20201215142722","is_ascension_mode":true,"campfire_choices":[{"floor":7,"key":"REST"},{"floor":10,"key":"REST"},{"data":"Defragment","floor":15,"key":"SMITH"},{"data":"Electrodynamics","floor":24,"key":"SMITH"},{"data":"Static Discharge","floor":28,"key":"SMITH"},{"data":"Loop","floor":32,"key":"SMITH"},{"data":"Storm","floor":40,"key":"SMITH"},{"data":"Fission","floor":42,"key":"SMITH"},{"floor":49,"key":"RECALL"},{"data":"Static Discharge","floor":52,"key":"SMITH"}],"circlet_count":0,"master_deck":["Strike_B","Strike_B","Defend_B+1","Defend_B+1","Defend_B","Defend_B","Zap","Dualcast+1","Echo Form","Steam","Rip and Tear","Melter","Streamline","Ball Lightning","Loop+1","Defragment+1","Coolheaded","Electrodynamics+1","Echo Form","Reinforced Body","Double Energy+1","Static Discharge+1","Skim+1","Glacier+1","Writhe","Coolheaded","Machine Learning","Loop+1","Loop","Fission+1","Storm+1","Static Discharge+1","Multi-Cast","Static Discharge+1","Heatsinks","Sweeping Beam","Injury","Capacitor+1","Loop+1","Biased Cognition","Core Surge","Coolheaded","Hello World"],"relics":["Cracked Core","Bird Faced Urn","StoneCalendar","Bottled Tornado","Centennial Puzzle","Boot","Cursed Key","Potion Belt","MealTicket","War Paint","Lantern","Cables","Inserter","Ornamental Fan","Regal Pillow","Emotion Chip","Akabeko"],"acts_visited":["Exordium","TheCity","TheBeyond","TheEnding"],"potions_floor_usage":[8,13,23,27,55,55,55],"damage_taken":[{"damage":2,"enemies":"2 Louse","floor":1,"turns":3},{"damage":0,"enemies":"Small Slimes","floor":2,"turns":5},{"damage":0,"enemies":"Cultist","floor":3,"turns":3},{"damage":15,"enemies":"Exordium Wildlife","floor":4,"turns":4},{"damage":9,"enemies":"Lagavulin","floor":6,"turns":7},{"damage":12,"enemies":"Gremlin Nob","floor":8,"turns":3},{"damage":15,"enemies":"Lagavulin","floor":11,"turns":6},{"damage":16,"enemies":"Gremlin Nob","floor":13,"turns":3},{"damage":6,"enemies":"2 Fungi Beasts","floor":14,"turns":4},{"damage":0,"enemies":"Slime Boss","floor":16,"turns":5},{"damage":7,"enemies":"Chosen","floor":18,"turns":4},{"damage":13,"enemies":"Spheric Guardian","floor":19,"turns":4},{"damage":5,"enemies":"Cultist and Chosen","floor":20,"turns":4},{"damage":38,"enemies":"Book of Stabbing","floor":23,"turns":4},{"damage":14,"enemies":"Slavers","floor":27,"turns":2},{"damage":19,"enemies":"Gremlin Leader","floor":29,"turns":5},{"damage":16,"enemies":"Shelled Parasite and Fungi","floor":30,"turns":3},{"damage":29,"enemies":"Collector","floor":33,"turns":6},{"damage":14,"enemies":"Orb Walker","floor":35,"turns":4},{"damage":15,"enemies":"3 Shapes","floor":36,"turns":4},{"damage":13,"enemies":"Writhing Mass","floor":38,"turns":4},{"damage":14,"enemies":"3 Darklings","floor":39,"turns":5},{"damage":23,"enemies":"Reptomancer","floor":41,"turns":4},{"damage":24,"enemies":"Spire Growth","floor":44,"turns":4},{"damage":8,"enemies":"Giant Head","floor":45,"turns":8},{"damage":26,"enemies":"Maw","floor":46,"turns":4},{"damage":33,"enemies":"Donu and Deca","floor":50,"turns":5},{"damage":67,"enemies":"Shield and Spear","floor":54,"turns":3},{"damage":92,"enemies":"The Heart","floor":55,"turns":5}],"seed_played":"4864808861299341577","potions_obtained":[{"floor":1,"key":"Ancient Potion"},{"floor":2,"key":"Energy Potion"},{"floor":6,"key":"FearPotion"},{"floor":8,"key":"Explosive Potion"},{"floor":19,"key":"GamblersBrew"},{"floor":27,"key":"SteroidPotion"},{"floor":29,"key":"BlessingOfTheForge"},{"floor":35,"key":"Dexterity Potion"},{"floor":38,"key":"DuplicationPotion"},{"floor":41,"key":"LiquidMemories"},{"floor":44,"key":"FairyPotion"}],"is_trial":false,"path_per_floor":["M","M","M","M","?","E","R","E","T","R","E","?","E","M","R","B",null,"M","M","M","$","?","E","R","?","T","E","R","E","M","?","R","B",null,"M","M","?","M","M","R","E","R","T","M","E","M","?","$","R","B",null,"R","$","E","B",null],"character_chosen":"DEFECT","items_purchased":["Static Discharge","Skim","Emotion Chip","Biased Cognition","Core Surge","Coolheaded","DistilledChaos"],"campfire_rested":2,"item_purchase_floors":[21,21,48,53,53,53,53],"current_hp_per_floor":[66,66,66,51,37,28,48,38,38,58,45,45,33,27,27,39,68,65,55,64,64,52,34,34,34,34,30,30,27,25,25,25,22,73,73,70,70,73,73,73,70,70,70,71,73,57,57,72,72,70,73,73,73,22,29],"gold":26,"neow_bonus":"THREE_RARE_CARDS","is_daily":false,"chose_seed":false,"campfire_upgraded":7,"win_rate":0.0,"timestamp":1608067642,"path_taken":["M","M","M","M","?","E","R","E","T","R","E","?","E","M","R","BOSS","M","?","M","$","?","E","R","?","T","E","R","E","M","?","R","BOSS","M","M","?","M","M","R","E","R","T","M","E","?","?","$","R","BOSS","R","$","E","BOSS"],"items_purchased_type":["Card","Card","Relic","Card","Card","Card","Potion"],"build_version":"2020-12-13","purchased_purges":2,"victory":true,"max_hp_per_floor":[68,68,68,68,68,68,68,68,68,68,68,68,68,68,68,68,68,68,68,68,68,73,73,73,73,73,73,73,73,73,73,73,73,73,73,73,73,73,73,73,73,73,73,73,73,73,73,73,73,73,73,73,73,73,73],"relic_stats":{"Regal Pillow":0,"Inserter":[24],"counters":[29,124],"StoneCalendar":[52],"War Paint":["Defend_B","Skim"],"Boot":[3],"Cursed Key":2,"Cables":[58,46,12,0,0],"Centennial Puzzle":[63],"Emotion Chip":[33,32,1,0,0],"Ornamental Fan":[4],"Bird Faced Urn":[331],"MealTicket":15,"obtain_stats":[{"Potion Belt":23,"Lantern":27,"Regal Pillow":45,"Inserter":34,"StoneCalendar":8,"Bottled Tornado":9,"War Paint":26,"Boot":13,"Cursed Key":17,"Akabeko":54,"Cables":29,"Centennial Puzzle":11,"Emotion Chip":48,"Ornamental Fan":41,"Bird Faced Urn":6,"MealTicket":25,"Cracked Core":0},{"Potion Belt":14,"Lantern":15,"Regal Pillow":25,"Inserter":18,"StoneCalendar":6,"Bottled Tornado":6,"War Paint":14,"Boot":8,"Cursed Key":10,"Akabeko":28,"Cables":16,"Centennial Puzzle":7,"Emotion Chip":26,"Ornamental Fan":23,"Bird Faced Urn":5,"MealTicket":14,"Cracked Core":0},{"Potion Belt":59,"Lantern":61,"Regal Pillow":107,"Inserter":74,"StoneCalendar":25,"Bottled Tornado":25,"War Paint":59,"Boot":34,"Cursed Key":43,"Akabeko":119,"Cables":66,"Centennial Puzzle":31,"Emotion Chip":111,"Ornamental Fan":95,"Bird Faced Urn":22,"MealTicket":59,"Cracked Core":0}]},"card_choices":[{"not_picked":["Meteor Strike","Creative AI"],"picked":"Echo Form","floor":0},{"not_picked":["FTL","Coolheaded"],"picked":"Steam","floor":1},{"not_picked":["Tempest","Gash"],"picked":"Rip and Tear","floor":2},{"not_picked":["Double Energy","Sunder"],"picked":"Melter","floor":3},{"not_picked":["Rebound","Undo"],"picked":"Streamline","floor":4},{"not_picked":["Compile Driver","Beam Cell"],"picked":"Ball Lightning","floor":6},{"not_picked":["Compile Driver","Coolheaded"],"picked":"Loop","floor":8},{"not_picked":["Steam","Gash"],"picked":"Defragment","floor":11},{"not_picked":["Go for the Eyes","Recycle"],"picked":"Coolheaded","floor":13},{"not_picked":["Turbo","Rebound"],"picked":"Electrodynamics","floor":14},{"not_picked":["Buffer","All For One"],"picked":"Echo Form","floor":16},{"not_picked":["Compile Driver+1","Sweeping Beam+1"],"picked":"Reinforced Body","floor":18},{"not_picked":["Go for the Eyes","Steam Power"],"picked":"Sweeping Beam+1","floor":19},{"not_picked":["Stack","Compile Driver"],"picked":"Double Energy+1","floor":20},{"not_picked":["All For One","Doom and Gloom+1"],"picked":"Glacier+1","floor":23},{"not_picked":["Blizzard","Sweeping Beam"],"picked":"Coolheaded","floor":27},{"not_picked":["Cold Snap","Streamline"],"picked":"Machine Learning","floor":29},{"not_picked":["Self Repair+1","FTL"],"picked":"Loop+1","floor":30},{"not_picked":["Thunder Strike","Creative AI"],"picked":"Fission","floor":33},{"not_picked":["Ball Lightning","Rebound"],"picked":"Storm","floor":35},{"not_picked":["Conserve Battery","Doom and Gloom"],"picked":"Static Discharge","floor":36},{"not_picked":["Skim+1","Sweeping Beam"],"picked":"Static Discharge+1","floor":38},{"not_picked":["Leap+1","FTL+1"],"picked":"Heatsinks","floor":39},{"not_picked":["Beam Cell","Rebound+1"],"picked":"Sweeping Beam","floor":41},{"not_picked":["Consume+1","Static Discharge"],"picked":"Capacitor+1","floor":44},{"not_picked":["Auto Shields","Barrage"],"picked":"Loop+1","floor":45},{"not_picked":["Steam Power+1","Beam Cell+1","Ball Lightning"],"picked":"SKIP","floor":46},{"not_picked":["Aggregate","Genetic Algorithm+1"],"picked":"Hello World","floor":54}],"player_experience":665799,"relics_obtained":[{"floor":6,"key":"Bird Faced Urn"},{"floor":8,"key":"StoneCalendar"},{"floor":9,"key":"Bottled Tornado"},{"floor":11,"key":"Centennial Puzzle"},{"floor":13,"key":"Boot"},{"floor":23,"key":"Potion Belt"},{"floor":26,"key":"War Paint"},{"floor":27,"key":"Lantern"},{"floor":29,"key":"Cables"},{"floor":41,"key":"Ornamental Fan"},{"floor":45,"key":"Regal Pillow"},{"floor":54,"key":"Akabeko"}],"event_choices":[{"damage_healed":0,"gold_gain":0,"player_choice":"Entered Light","damage_taken":14,"max_hp_gain":0,"max_hp_loss":0,"event_name":"Shining Light","floor":5,"gold_loss":0,"cards_upgraded":["Defend_B","Dualcast"]},{"damage_healed":0,"gold_gain":0,"player_choice":"Ignored","damage_taken":0,"max_hp_gain":0,"max_hp_loss":0,"event_name":"NoteForYourself","floor":12,"gold_loss":0},{"damage_healed":0,"gold_gain":0,"player_choice":"Shed Blood","damage_taken":17,"max_hp_gain":5,"max_hp_loss":0,"event_name":"Forgotten Altar","floor":22,"gold_loss":0},{"damage_healed":0,"gold_gain":0,"player_choice":"Opened","damage_taken":0,"relics_obtained":["MealTicket"],"max_hp_gain":0,"max_hp_loss":0,"event_name":"The Mausoleum","floor":25,"gold_loss":0,"cards_obtained":["Writhe"]},{"damage_healed":0,"gold_gain":0,"player_choice":"Read","damage_taken":0,"max_hp_gain":0,"max_hp_loss":0,"event_name":"The Library","floor":31,"gold_loss":0,"cards_obtained":["Loop"]},{"damage_healed":0,"gold_gain":0,"cards_transformed":["Strike_B"],"player_choice":"Transformed","damage_taken":0,"max_hp_gain":0,"max_hp_loss":0,"event_name":"Transmorgrifier","floor":37,"gold_loss":0,"cards_obtained":["Multi-Cast"]},{"cards_removed":["Sweeping Beam"],"damage_healed":0,"gold_gain":0,"player_choice":"Removed Attack","damage_taken":0,"max_hp_gain":0,"max_hp_loss":0,"event_name":"Falling","floor":47,"gold_loss":0}],"is_beta":false,"boss_relics":[{"not_picked":["SlaversCollar","Calling Bell"],"picked":"Cursed Key"},{"not_picked":["Runic Pyramid","SacredBark"],"picked":"Inserter"}],"items_purged_floors":[21,48],"is_endless":false,"potions_floor_spawned":[1,2,6,8,11,19,27,29,35,38,41,44,46,54],"ascension_level":3}}