{"host":"mvq3y0vr4azttkc6","time":1608068792,"event":{"mods":["BaseMod","Colored Powertips","Minty Spire (QoL Compilation)","Replay The Spire","StSLib"],"gold_per_floor":[14,14,14,14,14,47,47,72,98,115,115,148,172,216,228,345,357,381,406,418,201,215,215,232,232,232],"floor_reached":25,"playtime":1376,"items_purged":["Metallicize+1"],"score":230,"play_id":"270ad0c6-5c39-432e-b98d-dbf8353c7973","local_time":"20201216004632","is_ascension_mode":true,"campfire_choices":[{"data":"Hemokinesis","floor":7,"key":"SMITH"},{"data":"Thunderclap","floor":11,"key":"SMITH"},{"floor":15,"key":"DIG"},{"data":"Run Through","floor":23,"key":"SMITH"}],"circlet_count":0,"master_deck":["Bash","Reckless Charge","Hemokinesis+1","Thunderclap+1","Flex","ReplayTheSpireMod:Muscle Training","Limit Break","Parasite","Decay","Ghostly Armor+1","Run Through+1","Rupture","Iron Wave+1","Twin Strike+1"],"relics":["Burning Blood","ReplayFunnel","Pen Nib","Lantern","MawBank","Replay:Mystery Machine","Counterbalance","Kintsugi","ClockworkSouvenir"],"acts_visited":["Exordium","TheCity"],"potions_floor_usage":[14,25,25,25],"damage_taken":[{"damage":3,"enemies":"Jaw Worm","floor":1,"turns":4},{"damage":19,"enemies":"Gremlin Nob","floor":6,"turns":4},{"damage":0,"enemies":"Small Slimes","floor":10,"turns":3},{"damage":18,"enemies":"3 Sentries","floor":12,"turns":5},{"damage":0,"enemies":"2 Louse","floor":13,"turns":2},{"damage":21,"enemies":"Lagavulin","floor":14,"turns":4},{"damage":26,"enemies":"The Guardian","floor":16,"turns":8},{"damage":7,"enemies":"Chosen","floor":18,"turns":4},{"damage":17,"enemies":"Spheric Guardian","floor":19,"turns":4},{"damage":22,"enemies":"Snecko","floor":22,"turns":4},{"damage":26,"enemies":"Shelled Parasite and Fungi","floor":24,"turns":4},{"damage":32,"enemies":"Gremlin Leader","floor":25,"turns":4}],"seed_played":"5904771334501233010","potions_obtained":[{"floor":1,"key":"Venom Potion"},{"floor":6,"key":"Elixir"},{"floor":13,"key":"DistilledChaos"},{"floor":16,"key":"LiquidBronze"},{"floor":18,"key":"Energy Potion"}],"is_trial":false,"path_per_floor":["M","?","?","$","?","E","R","T","T","M","R","E","M","E","R","B",null,"M","M","?","$","M","R","M","E"],"character_chosen":"IRONCLAD","items_purchased":["ClockworkSouvenir"],"campfire_rested":0,"item_purchase_floors":[21],"current_hp_per_floor":[80,64,64,64,64,51,51,51,51,57,57,45,51,36,36,16,80,79,68,68,68,52,52,32,0,0],"gold":232,"neow_bonus":"REMOVE_TWO","is_daily":false,"chose_seed":false,"campfire_upgraded":3,"win_rate":0.0,"timestamp":1608068792,"path_taken":["M","?","?","$","?","E","R","?","T","M","R","E","?","E","R","BOSS","M","M","?","$","M","R","?","E"],"items_purchased_type":["Relic"],"build_version":"2020-12-13","purchased_purges":1,"victory":false,"max_hp_per_floor":[80,80,80,80,80,80,80,80,80,80,80,80,80,80,80,80,80,80,80,80,80,80,80,80,80,80],"card_choices":[{"not_picked":["Combust","Shrug It Off"],"picked":"Metallicize","floor":1},{"not_picked":["True Grit","Intimidate"],"picked":"Hemokinesis","floor":6},{"not_picked":["Headbutt","Entrench"],"picked":"Thunderclap","floor":10},{"not_picked":["Seeing Red","Hemokinesis"],"picked":"Flex","floor":12},{"not_picked":["Iron Wave","Anger"],"picked":"ReplayTheSpireMod:Muscle Training","floor":13},{"not_picked":["Rage","Flex","Blood for Blood"],"picked":"SKIP","floor":14},{"not_picked":["Demonic Infusion","Replay:Many Hands"],"picked":"Limit Break","floor":16},{"not_picked":["Iron Wave","Rampage"],"picked":"Ghostly Armor+1","floor":18},{"not_picked":["Iron Wave+1","Shrug It Off"],"picked":"Run Through","floor":19},{"not_picked":["True Grit+1","Combust"],"picked":"Iron Wave+1","floor":22},{"not_picked":["Entrench","Sword Boomerang+1"],"picked":"Twin Strike+1","floor":24}],"player_experience":67193,"relics_obtained":[{"floor":6,"key":"ReplayFunnel"},{"floor":8,"key":"Pen Nib"},{"floor":9,"key":"Lantern"},{"floor":12,"key":"MawBank"},{"floor":14,"key":"Replay:Mystery Machine"},{"floor":15,"key":"Counterbalance"}],"event_choices":[{"damage_healed":0,"gold_gain":0,"player_choice":"Entered Light","damage_taken":16,"max_hp_gain":0,"max_hp_loss":0,"event_name":"Shining Light","floor":2,"gold_loss":0,"cards_upgraded":["Strike_R","Metallicize"]},{"damage_healed":0,"gold_gain":0,"cards_transformed":["Strike_R"],"player_choice":"Change","damage_taken":0,"max_hp_gain":0,"max_hp_loss":0,"event_name":"Living Wall","floor":3,"gold_loss":0,"cards_obtained":["Reckless Charge"]},{"damage_healed":0,"gold_gain":0,"cards_transformed":["Defend_R"],"player_choice":"Transformed","damage_taken":0,"max_hp_gain":0,"max_hp_loss":0,"event_name":"Transmorgrifier","floor":20,"gold_loss":0,"cards_obtained":["Rupture"]}],"is_beta":false,"boss_relics":[{"not_picked":["Replay:Drink Me","SlaversCollar"],"picked":"Kintsugi"}],"items_purged_floors":[21],"is_endless":false,"potions_floor_spawned":[1,6,13,16,18,24],"killed_by":"Gremlin Leader","ascension_level":1}}