{"host":"oc5h2hqz0xgb0igf","time":1608027059,"event":{"mods":["AchievementEnabler","BaseMod","Colored Map","Colored Powertips","Minty Spire (QoL Compilation)","Rare Cards Sparkle"],"gold_per_floor":[114,124,134,84,94,128,128,162,162,178,193,212,88,104,104,200,200,218,235,255,275,287,320,338,363,438,438,455,470,470,504,504,607,607,625,625,641,653,249,275,275,287,287,319,334,334,135,149,149,149],"floor_reached":51,"playtime":3236,"items_purged":["Strike_B","Parasite","Turbo"],"score":789,"play_id":"aa864220-a3c9-42ea-a94a-347dbbbcba62","local_time":"20201215021059","is_ascension_mode":false,"campfire_choices":[{"data":"Static Discharge","floor":7,"key":"SMITH"},{"data":"Self Repair","floor":15,"key":"SMITH"},{"data":"Self Repair","floor":30,"key":"SMITH"},{"data":"Chill","floor":32,"key":"SMITH"},{"data":"Consume","floor":41,"key":"SMITH"},{"data":"Buffer","floor":46,"key":"SMITH"},{"data":"Storm","floor":49,"key":"SMITH"}],"circlet_count":0,"master_deck":["Defend_B","Defend_B","Defend_B","Defend_B","Zap+1","Dualcast","Consume+1","Self Repair+1","Static Discharge+1","Ball Lightning","Self Repair+1","Cold Snap","Machine Learning","Coolheaded+1","Chill+1","Buffer","Loop","Static Discharge+1","Coolheaded+1","Skim+1","Buffer+1","Glacier+1","Force Field+1","Storm+1"],"relics":["Cracked Core","Blood Vial","Mercury Hourglass","Velvet Choker","Pear","HornCleat","Toxic Egg 2","Pantograph","Empty Cage","Calipers","Letter Opener","Bag of Marbles","Dream Catcher"],"acts_visited":["Exordium","TheCity","TheBeyond"],"potions_floor_usage":[8,16,16,18,20,21,25,31,40,44,50,50,50],"damage_taken":[{"damage":11,"enemies":"Jaw Worm","floor":1,"turns":3},{"damage":0,"enemies":"Small Slimes","floor":2,"turns":2},{"damage":6,"enemies":"Cultist","floor":3,"turns":4},{"damage":9,"enemies":"Blue Slaver","floor":5,"turns":3},{"damage":25,"enemies":"3 Sentries","floor":6,"turns":6},{"damage":16,"enemies":"Gremlin Nob","floor":8,"turns":3},{"damage":7,"enemies":"3 Louse","floor":10,"turns":2},{"damage":0,"enemies":"Large Slime","floor":11,"turns":4},{"damage":12,"enemies":"2 Fungi Beasts","floor":12,"turns":3},{"damage":15,"enemies":"3 Louse","floor":14,"turns":1},{"damage":17,"enemies":"Hexaghost","floor":16,"turns":10},{"damage":13,"enemies":"Chosen","floor":18,"turns":4},{"damage":3,"enemies":"3 Byrds","floor":19,"turns":2},{"damage":19,"enemies":"Cultist and Chosen","floor":20,"turns":4},{"damage":23,"enemies":"Snecko","floor":21,"turns":5},{"damage":16,"enemies":"Snake Plant","floor":22,"turns":2},{"damage":39,"enemies":"Gremlin Leader","floor":23,"turns":6},{"damage":13,"enemies":"Cultist and Chosen","floor":24,"turns":4},{"damage":22,"enemies":"Book of Stabbing","floor":25,"turns":4},{"damage":14,"enemies":"Sentry and Sphere","floor":28,"turns":5},{"damage":13,"enemies":"Snake Plant","floor":29,"turns":4},{"damage":23,"enemies":"Slavers","floor":31,"turns":5},{"damage":26,"enemies":"Champ","floor":33,"turns":18},{"damage":12,"enemies":"3 Shapes","floor":35,"turns":6},{"damage":11,"enemies":"Orb Walker","floor":37,"turns":5},{"damage":12,"enemies":"Writhing Mass","floor":38,"turns":11},{"damage":75,"enemies":"Giant Head","floor":40,"turns":12},{"damage":0,"enemies":"4 Shapes","floor":42,"turns":5},{"damage":26,"enemies":"Nemesis","floor":44,"turns":9},{"damage":0,"enemies":"Sphere and 2 Shapes","floor":45,"turns":7},{"damage":0,"enemies":"3 Darklings","floor":48,"turns":8},{"damage":37,"enemies":"Time Eater","floor":50,"turns":15}],"seed_played":"-619192117968953715","potions_obtained":[{"floor":1,"key":"FocusPotion"},{"floor":2,"key":"Energy Potion"},{"floor":5,"key":"SkillPotion"},{"floor":8,"key":"Ancient Potion"},{"floor":16,"key":"ColorlessPotion"},{"floor":18,"key":"Fruit Juice"},{"floor":20,"key":"Fire Potion"},{"floor":23,"key":"GamblersBrew"},{"floor":24,"key":"SpeedPotion"},{"floor":33,"key":"SkillPotion"},{"floor":35,"key":"LiquidBronze"},{"floor":42,"key":"Weak Potion"},{"floor":44,"key":"Energy Potion"},{"floor":45,"key":"SkillPotion"}],"is_trial":false,"path_per_floor":["M","M","M","?","M","E","R","E","T","M","M","M","$","M","R","B",null,"M","M","M","M","M","E","M","E","T","?","M","M","R","E","R","B",null,"M","?","M","M","$","E","R","M","T","E","M","R","$","M","R","B",null],"character_chosen":"DEFECT","items_purchased":["Coolheaded","Calipers","Storm"],"campfire_rested":0,"item_purchase_floors":[13,39,47],"current_hp_per_floor":[64,64,65,65,63,45,45,38,38,33,49,53,53,47,47,49,75,80,80,78,74,67,57,63,60,60,42,47,53,53,52,52,73,95,95,95,95,95,92,37,37,59,59,55,77,77,77,92,92,75],"gold":149,"neow_bonus":"UPGRADE_CARD","is_daily":false,"chose_seed":false,"campfire_upgraded":7,"win_rate":0.0,"timestamp":1608027059,"path_taken":["M","M","M","?","M","E","R","E","T","M","M","M","$","M","R","BOSS","M","M","M","M","M","E","M","E","T","?","M","M","R","E","R","BOSS","M","?","M","?","$","E","R","M","T","E","M","R","$","M","R","BOSS"],"items_purchased_type":["Card","Relic","Card"],"build_version":"2020-12-13","purchased_purges":3,"victory":true,"max_hp_per_floor":[75,75,75,75,75,75,75,75,75,75,75,75,75,75,75,75,75,80,80,80,80,80,90,90,90,90,95,95,95,95,95,95,95,95,95,95,95,95,92,92,92,92,92,92,92,92,92,92,92,92],"card_choices":[{"not_picked":["Double Energy","Stack"],"picked":"Consume","floor":1},{"not_picked":["Hologram","Loop"],"picked":"Self Repair","floor":2},{"not_picked":["Storm","Gash"],"picked":"Turbo","floor":3},{"not_picked":["Steam","Rainbow"],"picked":"Static Discharge","floor":5},{"not_picked":["Go for the Eyes","Force Field"],"picked":"Ball Lightning","floor":6},{"not_picked":["Turbo","Cold Snap"],"picked":"Self Repair","floor":8},{"not_picked":["Beam Cell","Leap"],"picked":"Cold Snap","floor":10},{"not_picked":["Turbo","Sunder","Leap"],"picked":"SKIP","floor":11},{"not_picked":["Scrape","Skim"],"picked":"Machine Learning","floor":12},{"not_picked":["Auto Shields","Coolheaded"],"picked":"Chill","floor":14},{"not_picked":["Fission","Multi-Cast"],"picked":"Buffer","floor":16},{"not_picked":["Auto Shields","Steam Power+1"],"picked":"Loop","floor":18},{"not_picked":["Steam Power","Beam Cell"],"picked":"Static Discharge+1","floor":19},{"not_picked":["BootSequence","Beam Cell"],"picked":"Coolheaded+1","floor":20},{"not_picked":["Scrape","Blizzard","Steam"],"picked":"SKIP","floor":21},{"not_picked":["Darkness","Conserve Battery","Redo+1"],"picked":"SKIP","floor":22},{"not_picked":["Tempest","Redo","Turbo"],"picked":"SKIP","floor":23},{"not_picked":["Self Repair","Darkness","Reprogram"],"picked":"SKIP","floor":24},{"not_picked":["Loop","Go for the Eyes","Fusion"],"picked":"SKIP","floor":25},{"not_picked":["Turbo+1","Ball Lightning","Meteor Strike"],"picked":"SKIP","floor":28},{"not_picked":["Rip and Tear","Tempest+1","Cold Snap"],"picked":"SKIP","floor":29},{"not_picked":["Sweeping Beam+1","Rebound+1"],"picked":"Skim+1","floor":31},{"not_picked":["Rainbow+1","Machine Learning"],"picked":"Buffer","floor":33},{"not_picked":["Compile Driver","Leap+1"],"picked":"Glacier+1","floor":35},{"not_picked":["Leap+1","Turbo+1","Sweeping Beam"],"picked":"SKIP","floor":37},{"not_picked":["Skim+1","Sweeping Beam","Stack+1"],"picked":"SKIP","floor":38},{"not_picked":["Rebound+1","Beam Cell+1","Heatsinks+1"],"picked":"SKIP","floor":40},{"not_picked":["Rebound+1","Gash","Machine Learning"],"picked":"SKIP","floor":42},{"not_picked":["Darkness+1","Static Discharge"],"picked":"Force Field+1","floor":44},{"not_picked":["Sweeping Beam+1","Ball Lightning+1","Darkness+1"],"picked":"SKIP","floor":45},{"not_picked":["Sunder","Aggregate+1","Sweeping Beam+1"],"picked":"SKIP","floor":48}],"player_experience":74173,"relics_obtained":[{"floor":6,"key":"Blood Vial"},{"floor":9,"key":"Mercury Hourglass"},{"floor":23,"key":"Pear"},{"floor":25,"key":"HornCleat"},{"floor":26,"key":"Toxic Egg 2"},{"floor":31,"key":"Pantograph"},{"floor":40,"key":"Letter Opener"},{"floor":43,"key":"Bag of Marbles"},{"floor":44,"key":"Dream Catcher"}],"event_choices":[{"cards_removed":["Strike_B"],"damage_healed":0,"gold_gain":0,"player_choice":"Card Removal","damage_taken":0,"max_hp_gain":0,"max_hp_loss":0,"event_name":"The Cleric","floor":4,"gold_loss":50},{"damage_healed":0,"gold_gain":0,"player_choice":"Shed Blood","damage_taken":23,"max_hp_gain":5,"max_hp_loss":0,"event_name":"Forgotten Altar","floor":27,"gold_loss":0},{"damage_healed":0,"gold_gain":0,"player_choice":"Upgraded","damage_taken":0,"max_hp_gain":0,"max_hp_loss":0,"event_name":"Upgrade Shrine","floor":36,"gold_loss":0,"cards_upgraded":["Coolheaded"]}],"is_beta":false,"boss_relics":[{"not_picked":["Busted Crown","Snecko Eye"],"picked":"Velvet Choker"},{"not_picked":["Runic Pyramid","Philosopher\u0027s Stone"],"picked":"Empty Cage"}],"items_purged_floors":[13,39,47],"is_endless":false,"potions_floor_spawned":[1,2,5,8,14,16,18,20,23,24,33,35,42,44,45],"ascension_level":0}}