{"host":"4np54w3ai1r5lqo1","time":1608001867,"event":{"mods":["BaseMod","Colored Map","Minty Spire (QoL Compilation)","Quick Restart"],"gold_per_floor":[14,14,39,139,163,163,196,196,196,219,60,84,84,34,34,34,34],"floor_reached":16,"playtime":449,"items_purged":[],"score":142,"play_id":"3635a5de-ed40-4361-b770-e8923ab6ae62","local_time":"20201215011107","is_ascension_mode":true,"campfire_choices":[{"data":"Predator","floor":6,"key":"SMITH"},{"data":"Riddle With Holes","floor":8,"key":"SMITH"},{"data":"Caltrops","floor":15,"key":"SMITH"}],"circlet_count":0,"master_deck":["Strike_G","Strike_G","Strike_G","Strike_G+1","Defend_G","Defend_G+1","Defend_G","Defend_G","Defend_G","Survivor","Neutralize","Riddle With Holes+1","Cloak And Dagger+1","Predator+1","Blade Dance","Dash","Caltrops+1","Cloak And Dagger+1"],"relics":["Ring of the Snake","Gambling Chip","Golden Idol","Singing Bowl","Regal Pillow","War Paint"],"acts_visited":["Exordium"],"potions_floor_usage":[16],"damage_taken":[{"damage":0,"enemies":"2 Louse","floor":1,"turns":3},{"damage":2,"enemies":"Small Slimes","floor":3,"turns":6},{"damage":0,"enemies":"Cultist","floor":5,"turns":4},{"damage":15,"enemies":"3 Sentries","floor":7,"turns":10},{"damage":4,"enemies":"Red Slaver","floor":10,"turns":3},{"damage":35,"enemies":"The Guardian","floor":16,"turns":11}],"seed_played":"5074128336690902255","potions_obtained":[{"floor":1,"key":"Weak Potion"},{"floor":7,"key":"Swift Potion"}],"is_trial":false,"path_per_floor":["M","?","M","?","M","R","E","R","T","M","$","T","?","?","R","B"],"character_chosen":"THE_SILENT","items_purchased":["Dash","Caltrops","Cloak And Dagger"],"campfire_rested":0,"item_purchase_floors":[11,11,11],"current_hp_per_floor":[63,63,61,61,61,61,46,46,46,44,44,44,31,31,31,0,0],"gold":34,"neow_bonus":"ONE_RARE_RELIC","is_daily":false,"chose_seed":false,"campfire_upgraded":3,"win_rate":0.0,"timestamp":1608001867,"path_taken":["M","?","M","?","M","R","E","R","T","?","?","?","?","?","R","BOSS"],"items_purchased_type":["Card","Card","Card"],"build_version":"2020-12-13","purchased_purges":0,"victory":false,"max_hp_per_floor":[70,65,65,65,65,65,65,65,65,67,67,67,67,67,67,67,67],"card_choices":[{"not_picked":["Dodge and Roll","Flying Knee"],"picked":"Riddle With Holes","floor":1},{"not_picked":["Leg Sweep","Sucker Punch"],"picked":"Cloak And Dagger","floor":3},{"not_picked":["Deadly Poison","Choke"],"picked":"Predator","floor":5},{"not_picked":["Concentrate","Outmaneuver"],"picked":"Blade Dance","floor":7},{"not_picked":["Expertise","Poisoned Stab","Slice"],"picked":"Singing Bowl","floor":10}],"player_experience":457921,"relics_obtained":[{"floor":7,"key":"Singing Bowl"},{"floor":9,"key":"Regal Pillow"},{"floor":12,"key":"War Paint"}],"event_choices":[{"damage_healed":0,"gold_gain":0,"player_choice":"Lose Max HP","damage_taken":0,"relics_obtained":["Golden Idol"],"max_hp_gain":0,"max_hp_loss":5,"event_name":"Golden Idol","floor":2,"gold_loss":0},{"damage_healed":0,"gold_gain":100,"player_choice":"Pray","damage_taken":0,"max_hp_gain":0,"max_hp_loss":0,"event_name":"Golden Shrine","floor":4,"gold_loss":0},{"damage_healed":0,"gold_gain":0,"player_choice":"Entered Light","damage_taken":13,"max_hp_gain":0,"max_hp_loss":0,"event_name":"Shining Light","floor":13,"gold_loss":0,"cards_upgraded":["Defend_G","Strike_G"]},{"cards_removed":["Strike_G"],"damage_healed":0,"gold_gain":0,"player_choice":"Card Removal","damage_taken":0,"max_hp_gain":0,"max_hp_loss":0,"event_name":"The Cleric","floor":14,"gold_loss":50}],"is_beta":false,"boss_relics":[],"items_purged_floors":[],"is_endless":false,"potions_floor_spawned":[1,7],"killed_by":"The Guardian","ascension_level":9}}