{"host":"ptzx9a22gag0b7tg","time":1608016264,"event":{"mods":["BaseMod","Better Note","ChefMod","Downfall","Minty Spire (QoL Compilation)","Replay The Spire","StSLib","TheFirefly"],"gold_per_floor":[112,112,112,32,45,45,59,94,176,176,196,214,234,247,247,346,346,365,365,365,365,382,174,192,211,226,146,201,214,214,226,226,257,257,362,362,381,59,74,74,174,174,190,204,277,356,356,356],"floor_reached":47,"playtime":8610,"items_purged":[],"score":526,"play_id":"277dafcd-9512-451d-96a4-1d0c908e4283","local_time":"20201214231104","is_ascension_mode":false,"campfire_choices":[{"data":"thefirefly:Prominence","floor":6.0,"key":"SMITH"},{"floor":15.0,"key":"REST"},{"floor":30,"key":"REST"},{"floor":32,"key":"REST"},{"data":"thefirefly:Regeneration","floor":34,"key":"SMITH"},{"data":"thefirefly:LifeSupport","floor":42,"key":"SMITH"}],"circlet_count":0,"master_deck":["thefirefly:Strike","thefirefly:Strike","thefirefly:Strike","thefirefly:Defend","thefirefly:Defend","thefirefly:Defend","thefirefly:StealthMode","thefirefly:PhotonBlast","thefirefly:HyperspaceAssault","thefirefly:Boost","thefirefly:Prominence+1","thefirefly:EvasiveManeuver","thefirefly:ShieldArray","thefirefly:ShieldGenerator","thefirefly:Reposition","thefirefly:CoveringFire","thefirefly:Reposition","thefirefly:Lamentation","thefirefly:AlphaStrike","thefirefly:Lamentation","thefirefly:AccountUncertainty","thefirefly:InterceptingShot","thefirefly:FlakCannon","thefirefly:DecoyShot","thefirefly:StarCinder","thefirefly:LifeSupport+1","thefirefly:Pacify+1","thefirefly:Regeneration+1","thefirefly:Pacify+1","thefirefly:MindControl","thefirefly:Quine","thefirefly:ChargedLaser","thefirefly:DataMiner+1","Clumsy","thefirefly:Prominence","thefirefly:CreateClone","ReplayTheSpireMod:Doomed","Writhe","thefirefly:EvasiveManeuver","thefirefly:Prominence"],"relics":["thefirefly:StealthSystem","thefirefly:PlasmaFairy","Mercury Hourglass","Pear","Cursed Key","Lee\u0027s Waffle","Lantern","Eternal Feather","Empty Cage","White Beast Statue","Ring of Fangs","Ring of Panic","HornCleat","Dream Catcher"],"acts_visited":["TheCity","TheBeyond"],"potions_floor_usage":[31,35,35,35,39,44,44,47],"damage_taken":[{"damage":7.0,"enemies":"2 Louse","floor":1.0,"turns":3.0},{"damage":6.0,"enemies":"Jaw Worm","floor":5.0,"turns":2.0},{"damage":2.0,"enemies":"Small Slimes","floor":7.0,"turns":3.0},{"damage":20.0,"enemies":"Lagavulin","floor":8.0,"turns":6.0},{"damage":3.0,"enemies":"Gremlin Gang","floor":11.0,"turns":4.0},{"damage":0.0,"enemies":"2 Fungi Beasts","floor":12.0,"turns":3.0},{"damage":0.0,"enemies":"Lots of Slimes","floor":13.0,"turns":1.0},{"damage":0.0,"enemies":"Exordium Thugs","floor":14.0,"turns":3.0},{"damage":4.0,"enemies":"Slime Boss","floor":16.0,"turns":11.0},{"damage":10,"enemies":"Chosen","floor":18,"turns":5},{"damage":0,"enemies":"2 Thieves","floor":22,"turns":4},{"damage":22,"enemies":"Shelled Parasite and Fungi","floor":24,"turns":7},{"damage":27,"enemies":"Centurion and Healer","floor":25,"turns":6},{"damage":17,"enemies":"Snake Plant","floor":26,"turns":5},{"damage":0,"enemies":"Cultist and Chosen","floor":29,"turns":6},{"damage":1,"enemies":"Centurion and Healer","floor":31,"turns":8},{"damage":30,"enemies":"Replay:Snechameleon","floor":33,"turns":6},{"damage":38,"enemies":"Automaton","floor":35,"turns":15},{"damage":10,"enemies":"Orb Walker","floor":37,"turns":3},{"damage":25,"enemies":"3 Shapes","floor":39,"turns":4},{"damage":11,"enemies":"Writhing Mass","floor":43,"turns":10},{"damage":31,"enemies":"3 Darklings","floor":44,"turns":5},{"damage":23,"enemies":"Jaw Worm Horde","floor":47,"turns":3}],"seed_played":"-5238586339490755425","potions_obtained":[{"floor":8.0,"key":"Weak Potion"},{"floor":14.0,"key":"SpeedPotion"},{"floor":26,"key":"Dexterity Potion"},{"floor":29,"key":"Dexterity Potion"},{"floor":31,"key":"PowerPotion"},{"floor":35,"key":"hexamod:EctoCoolerPotion"},{"floor":39,"key":"LifebloodPotion"},{"floor":43,"key":"LifebloodPotion"},{"floor":44,"key":"Elixir"}],"is_trial":false,"path_per_floor":["M","?","?","$","M","R","M","E","T","?","M","M","M","M","R","B",null,"M","?","PTL","PTL","M","$","M","M","M","$","T","M","R","M","R","E","R","B",null,"M","$","M","?","?","R","M","M","T","?","M"],"character_chosen":"THE_FIREFLY","items_purchased":["thefirefly:Prominence","Lee\u0027s Waffle","thefirefly:InterceptingShot","thefirefly:LifeSupport","White Beast Statue","thefirefly:ChargedLaser"],"campfire_rested":3,"item_purchase_floors":[4,23,23,27,38,38],"current_hp_per_floor":[48,36,54,54,48,48,46,26,36,36,33,33,33,33,52,48,65,55,55,55,55,55,72,50,23,6,6,6,12,33,38,59,35,53,15,72,62,62,37,37,37,55,53,22,22,22,0,0],"gold":356,"neow_bonus":"ONE_RANDOM_RARE_CARD","is_daily":false,"chose_seed":false,"campfire_upgraded":3,"win_rate":0.0,"timestamp":1608016264,"path_taken":["M","?","?","?","?","R","M","E","T","?","M","M","M","?","R","BOSS","M","?","PTL","PTL","M","?","M","M","M","$","T","M","R","M","R","E","R","BOSS","M","$","?","?","?","R","?","M","T","?","M"],"items_purchased_type":["Card","Relic","Card","Card","Relic","Card"],"build_version":"2020-12-13","purchased_purges":0,"victory":false,"max_hp_per_floor":[55,55,55,55,55,55,55,55,65,65,65,65,65,65,65,65,65,65,65,65,65,65,72,72,72,72,72,72,72,72,72,72,72,72,72,72,72,72,72,72,72,72,72,72,72,72,72,72],"card_choices":[{"not_picked":["thefirefly:ArtillleryBeam","thefirefly:RollBack"],"picked":"thefirefly:Boost","floor":1.0},{"not_picked":["thefirefly:Rend","thefirefly:Distort"],"picked":"thefirefly:EvasiveManeuver","floor":5.0},{"not_picked":["thefirefly:Boost","thefirefly:MirrorShield"],"picked":"thefirefly:ShieldArray","floor":7.0},{"not_picked":["thefirefly:QuantumTunneling","thefirefly:ArtillleryBeam"],"picked":"thefirefly:ShieldGenerator","floor":8.0},{"not_picked":["thefirefly:Bombardment","thefirefly:HyperFocus"],"picked":"thefirefly:Reposition","floor":11.0},{"not_picked":["thefirefly:ChargedLaser","thefirefly:ErraticMotions"],"picked":"thefirefly:CoveringFire","floor":12.0},{"not_picked":["thefirefly:Pacify","thefirefly:Rend"],"picked":"thefirefly:Reposition","floor":13.0},{"not_picked":["thefirefly:FlakCannon","thefirefly:MindControl"],"picked":"thefirefly:Lamentation","floor":14.0},{"not_picked":["thefirefly:TachyonBeam","thefirefly:MindControl"],"picked":"thefirefly:AlphaStrike","floor":16.0},{"not_picked":["thefirefly:Reposition","thefirefly:Rend+1"],"picked":"thefirefly:Lamentation","floor":18},{"not_picked":["thefirefly:FullProjection","thefirefly:Distort"],"picked":"thefirefly:AccountUncertainty","floor":22},{"not_picked":["thefirefly:Boost","thefirefly:QuantumTunneling+1"],"picked":"thefirefly:FlakCannon","floor":24},{"not_picked":["thefirefly:StarCinder","thefirefly:ArtillleryBeam"],"picked":"thefirefly:DecoyShot","floor":25},{"not_picked":["thefirefly:ArtillleryBeam","thefirefly:Distort"],"picked":"thefirefly:StarCinder","floor":26},{"not_picked":["thefirefly:CoveringFire+1","thefirefly:DecoyShot+1"],"picked":"thefirefly:Pacify+1","floor":29},{"not_picked":["thefirefly:DecoyShot","thefirefly:CoveringFire"],"picked":"thefirefly:Regeneration","floor":31},{"not_picked":["thefirefly:Reposition","thefirefly:CoveringFire"],"picked":"thefirefly:Pacify+1","floor":33},{"not_picked":["thefirefly:LustForEternity","thefirefly:SoulStrike"],"picked":"thefirefly:MindControl","floor":35},{"not_picked":["thefirefly:AuroralDischarge+1","thefirefly:LaserMail"],"picked":"thefirefly:Quine","floor":37},{"not_picked":["thefirefly:ShieldArray+1","thefirefly:IonizedBarrier"],"picked":"thefirefly:DataMiner+1","floor":39},{"not_picked":["thefirefly:FlakCannon","thefirefly:StoredPower"],"picked":"thefirefly:Prominence","floor":43},{"not_picked":["thefirefly:RollBack","thefirefly:StarCinder"],"picked":"thefirefly:CreateClone","floor":44},{"not_picked":["thefirefly:CoveringFire+1","thefirefly:Reposition"],"picked":"thefirefly:EvasiveManeuver","floor":46},{"not_picked":["thefirefly:Exile","thefirefly:StoredPower+1"],"picked":"thefirefly:Prominence","floor":46}],"player_experience":65437,"relics_obtained":[{"floor":8.0,"key":"Mercury Hourglass"},{"floor":9.0,"key":"Pear"},{"floor":28,"key":"Lantern"},{"floor":33,"key":"Eternal Feather"},{"floor":40,"key":"Ring of Fangs"},{"floor":40,"key":"Ring of Panic"},{"floor":45,"key":"HornCleat"},{"floor":46,"key":"Dream Catcher"}],"event_choices":[{"damage_healed":0.0,"max_hp_gain":0.0,"max_hp_loss":0.0,"gold_gain":0.0,"event_name":"Scrap Ooze","player_choice":"Success","floor":2.0,"gold_loss":0.0,"damage_taken":12.0,"relics_obtained":["thefirefly:PlasmaFairy"]},{"damage_healed":18.0,"max_hp_gain":0.0,"max_hp_loss":0.0,"gold_gain":0.0,"event_name":"Big Fish","player_choice":"Banana","floor":3.0,"gold_loss":0.0,"damage_taken":0.0},{"cards_removed":["thefirefly:Defend"],"damage_healed":0.0,"max_hp_gain":0.0,"max_hp_loss":0.0,"gold_gain":0.0,"event_name":"Purifier","player_choice":"Purged","floor":10.0,"gold_loss":0.0,"damage_taken":0.0},{"cards_removed":["thefirefly:Strike"],"damage_healed":0,"gold_gain":0,"player_choice":"Give","damage_taken":0,"max_hp_gain":0,"max_hp_loss":0,"event_name":"betterNote:BetterNote","floor":19,"gold_loss":0,"cards_obtained":["None"]},{"damage_healed":0,"gold_gain":100,"player_choice":"Pray","damage_taken":0,"max_hp_gain":0,"max_hp_loss":0,"event_name":"Golden Shrine","floor":41,"gold_loss":0}],"is_beta":false,"boss_relics":[{"not_picked":["Runic Pyramid","Black Star"],"picked":"Cursed Key"},{"not_picked":["Astrolabe","thefirefly:ShadowThruster"],"picked":"Empty Cage"}],"items_purged_floors":[],"is_endless":false,"potions_floor_spawned":[8,14,26,29,31,35,39,43,44],"killed_by":"Jaw Worm Horde","ascension_level":0}}