{"host":"uhhucka17mqeuzwb","time":1608033096,"event":{"mods":["2.2 Compatiblity","AchievementEnabler","Act Like it!","Astrologer","BaseMod","Better Altar","Better Skull","Colored Powertips","Defuse TimeMaze Blight","Downfall","Energized Spire","Faster Ascension Climbing","Friendly Minions","Gensokyo","GifTheSpireLib","Gremlin Mod","Gremlin Skip","Halation","Hallownest","Hermit","HololiveMod","KinomotoSakuraMod(????)","Lobotomy","Marisa????????","Minty Spire (QoL Compilation)","Quick Restart","Red Circlet Mod","Replay The Spire","Reworked Bosses","Shade Mod","Shop Mod","StSLib","The Administrix","The Animator","The Blue Laboratory","The Bug Knight","The Cursed","The Factory","The Forsaken","Waifu the Spire"],"gold_per_floor":[83,83,95,95,95,95,95,134,134,144,168,168,188,188,203,203,203,307,307,322,322,421,421,440,440,144,144,170,170,183,183,200,75,75,181,181,196,196,7,7,22,51,51,70,95,95,95,395,422,441,441,447],"floor_reached":53,"playtime":6462,"items_purged":[],"score":911,"play_id":"0676a7f3-d813-4ad8-b309-7ce3905b3cd8","local_time":"20201215065136","is_ascension_mode":false,"campfire_choices":[{"data":"Hololive_CallNatsuiroMatsuri","floor":9,"key":"SMITH"},{"data":"Hololive_CallHoshimachiSuisei","floor":12,"key":"SMITH"},{"data":"Hololive_CallNekomataOkayu","floor":17,"key":"SMITH"},{"data":"Hololive_StrengthChampion","floor":25,"key":"SMITH"},{"data":"Hololive_StrengthChampion+1","floor":27,"key":"SMITH"},{"data":"Hololive_CallShiranuiFlare","floor":31,"key":"SMITH"},{"data":"Hololive_CallShiroganeNoel","floor":34,"key":"SMITH"},{"data":"Hololive_Yoholoon","floor":43,"key":"SMITH"},{"data":"Hololive_StrengthChampion+2","floor":47,"key":"SMITH"},{"data":"Hololive_StrengthChampion+3","floor":51,"key":"SMITH"}],"circlet_count":0,"master_deck":["Hololive_CallNatsuiroMatsuri+1","Hololive_CallAkaiHaato+1","Hololive_CallNekomataOkayu+1","Hololive_CallSpadeEcho+1","Hololive_CallYogiri","Hololive_FlyingPonyTail","Hololive_Strike+1","Hololive_Strike","Hololive_Defend","Hololive_Defend+1","Bloodbath","Hololive_CallInugamiKorone+1","OSAHOGD","Hololive_Rebound","Hololive_CallHoshimachiSuisei+1","Hololive_BringToTrial","Hololive_StrengthChampion+4","Hololive_LuckPotion","UniverseFragment","Hololive_IdolExercise","Hololive_ILoveYou","Hololive_CandyCastle","Hololive_CandyCastle","Hololive_CallShiranuiFlare+1","Hololive_CallShiroganeNoel+1","Hololive_Thief+1","BlackSwan","Hololive_MaximGun","Hololive_CocoNews+1","Hololive_Yoholoon+1","Hololive_CallOkamiMio","BlackArmy","Hololive_FlyingPonyTail","Hololive_CallAkiRosenthal","SilentOrchestra","Hololive_CallMomosuzuNene+2","Hololive_FlyingPonyTail+1"],"relics":["Hololive_TheStar","CogitoBucket","Juzu Bracelet","MealTicket","Hololive_FriedShrimpLion","HellTrain","energizedSpire:SpiderWeb","MerchantsRug","Boot","Lantern","Bloody Idol","Blood Vial","SkinProphecy","theForsaken:PaleLantern","Membership Card","Bottled Flame","AtMidnight","Theresia","halation:PrussianBluePaint","Replay:Bottled Flurry"],"acts_visited":["Exordium","TheCity","TheCity"],"potions_floor_usage":[15,32],"damage_taken":[{"damage":0,"enemies":"Jaw Worm","floor":1,"turns":3},{"damage":0,"enemies":"Small Slimes","floor":3,"turns":3},{"damage":0,"enemies":"3 Sentries","floor":8,"turns":7},{"damage":0,"enemies":"Cultist","floor":10,"turns":3},{"damage":0,"enemies":"2 Fungi Beasts","floor":13,"turns":3},{"damage":3,"enemies":"Gremlin Gang","floor":15,"turns":4},{"damage":17,"enemies":"Fading Forest","floor":18,"turns":11},{"damage":0,"enemies":"Spheric Guardian","floor":20,"turns":3},{"damage":0,"enemies":"3 Byrds","floor":24,"turns":3},{"damage":0,"enemies":"Centurion and Healer","floor":30,"turns":3},{"damage":0,"enemies":"Sentry and Sphere","floor":32,"turns":4},{"damage":0,"enemies":"bossMod:newChamp","floor":35,"turns":6},{"damage":0,"enemies":"theFactory:2_Experiment_Personnel","floor":37,"turns":4},{"damage":0,"enemies":"theFactory:BigBot","floor":41,"turns":4},{"damage":0,"enemies":"theFactory:DrinkBrewer","floor":42,"turns":5},{"damage":40,"enemies":"theFactory:Big_Bot_Bundle","floor":44,"turns":7},{"damage":0,"enemies":"theFactory:Manservantes","floor":49,"turns":5},{"damage":0,"enemies":"theFactory:Sentries_and_Big_Bot","floor":50,"turns":5},{"damage":0,"enemies":"theFactory:SPIDER","floor":52,"turns":6},{"damage":17,"enemies":"Malkuth","floor":53,"turns":7},{"damage":0,"enemies":"Yesod","floor":53,"turns":6}],"seed_played":"-4885155360844390256","potions_obtained":[{"floor":1,"key":"Block Potion"},{"floor":8,"key":"Ancient Potion"},{"floor":10,"key":"sneckomod:MuddlingPotion"},{"floor":13,"key":"blueLaboratory:BottleOfVodka"},{"floor":20,"key":"blueLaboratory:FrostheartPotion"},{"floor":30,"key":"Strength Potion"},{"floor":32,"key":"blueLaboratory:SavagePotion"},{"floor":37,"key":"blueLaboratory:Moonshine"},{"floor":49,"key":"blueLaboratory:PhilterOfMotion"}],"is_trial":false,"path_per_floor":["M","?","M","PTL","PTL","?","?","E","R","M","T","R","M","?","M","?","R","B",null,"M","?","?","?","M","R","$","R","T","?","M","R","M","$","R","B",null,"M","?","$","?","M","E","R","M","T","?","R","?","E","M","R","B",null],"character_chosen":"Hololive_HololiveCharacter","items_purchased":["MerchantsRug","Hololive_CandyCastle","Boot","Hololive_Thief","Membership Card","Hololive_Yoholoon","Hololive_CallOkamiMio"],"campfire_rested":0,"item_purchase_floors":[26,26,26,33,39,39,39],"current_hp_per_floor":[35,35,35,35,35,28,6,8,8,9,9,9,10,15,13,13,13,18,40,40,40,40,40,40,40,40,40,40,10,18,18,33,40,40,42,42,44,44,44,44,46,48,48,15,20,15,15,20,31,37,37,56],"gold":462,"neow_bonus":"","is_daily":false,"chose_seed":false,"campfire_upgraded":10,"win_rate":0.0,"timestamp":1608033096,"path_taken":["M","?","M","PTL","PTL","?","?","E","R","M","T","R","M","?","M","?","R","BOSS","M","?","?","?","M","R","$","R","T","?","M","R","M","$","R","BOSS","M","?","?","?","M","E","R","M","T","?","R","?","E","M","R","BOSS"],"items_purchased_type":["Relic","Card","Relic","Card","Relic","Card","Card"],"build_version":"2020-12-13","purchased_purges":0,"victory":true,"max_hp_per_floor":[35,35,35,35,35,35,35,35,35,35,35,35,35,40,40,40,40,40,40,40,40,40,40,40,40,40,40,40,40,40,40,40,40,40,42,42,44,44,44,44,46,48,48,52,52,52,52,52,54,56,56,58],"card_choices":[{"not_picked":["CrumblingArmor","DreamingCurrent"],"picked":"Bloodbath","floor":1},{"not_picked":["Hololive_CallMomosuzuNene","Hololive_CallMurasakiShion","Hololive_Drill"],"picked":"Hololive_CallInugamiKorone","floor":1},{"not_picked":["FieryBird","Yin"],"picked":"OSAHOGD","floor":3},{"not_picked":["Hololive_CallArtia","Hololive_CallHoushouMarine","Hololive_Sequa"],"picked":"Hololive_Rebound","floor":3},{"not_picked":["SpiderBud","ShyLook","MHz"],"picked":"Singing Bowl","floor":8},{"not_picked":["Hololive_Rebound","Hololive_CallOmaruPolka","Hololive_Sequa"],"picked":"Hololive_CallHoshimachiSuisei","floor":8},{"not_picked":["CherryBlossoms","MeatLantern","PunishingBird"],"picked":"Singing Bowl","floor":10},{"not_picked":["Hololive_Sequa","Hololive_Trident","Hololive_Rebound"],"picked":"Hololive_BringToTrial","floor":10},{"not_picked":["DreamingCurrent","LaLuna","Funeral"],"picked":"Singing Bowl","floor":13},{"not_picked":["Hololive_IdolExercise","Hololive_CallTokinoSora","Hololive_RevenueBasedLive"],"picked":"Hololive_StrengthChampion","floor":13},{"not_picked":["GalaxyChild","QueenOfHatred","Funeral"],"picked":"Singing Bowl","floor":15},{"not_picked":["Hololive_OvertimeWork","Hololive_Trident","Hololive_Rebound"],"picked":"Hololive_LuckPotion","floor":15},{"not_picked":["WallGazer","MHz","HappyTeddy"],"picked":"Singing Bowl","floor":18},{"not_picked":["SnowQueen","Scorched"],"picked":"UniverseFragment","floor":18},{"not_picked":["Hololive_ScarfAndHalo","Hololive_FlareMind","Hololive_StarCraft"],"picked":"Hololive_IdolExercise","floor":18},{"not_picked":["SpiderBud","PunishingBird","LittlePrince"],"picked":"Singing Bowl","floor":20},{"not_picked":["Hololive_Psychosis+1","Hololive_HuntDinosaur","Hololive_CallSpadeEcho+1"],"picked":"Hololive_ILoveYou","floor":20},{"not_picked":["BigBadWolf","ShyLook","BeautyBeast"],"picked":"Singing Bowl","floor":24},{"not_picked":["Hololive_CallManoAloe","Hololive_Drill","Hololive_ILoveYou","Hololive_StrengthChampion"],"picked":"SKIP","floor":24},{"not_picked":["OldLady","GalaxyChild","BigBird"],"picked":"Singing Bowl","floor":30},{"not_picked":["Hololive_CallRoboco","Hololive_Rebound","Hololive_RevenueBasedLive"],"picked":"Hololive_CallShiranuiFlare","floor":30},{"not_picked":["Porccubus","NakedNest","VoidDream"],"picked":"Singing Bowl","floor":32},{"not_picked":["Hololive_Psychosis","Hololive_FlareMind","Hololive_CallFriendA"],"picked":"Hololive_CallShiroganeNoel","floor":32},{"not_picked":["NakedNest","LittlePrince","QueenBee"],"picked":"Singing Bowl","floor":35},{"not_picked":["MeatLantern","BigBird"],"picked":"BlackSwan","floor":35},{"not_picked":["Hololive_WolfAndLamb","Hololive_DiamondStrike","Hololive_StarCraft"],"picked":"Hololive_MaximGun","floor":35},{"not_picked":["BigBadWolf","PunishingBird","FairyFestival"],"picked":"Singing Bowl","floor":37},{"not_picked":["Hololive_Breathe","Hololive_CallAkaiHaato","Hololive_OvertimeWork+1"],"picked":"Hololive_CocoNews+1","floor":37},{"not_picked":["MeltingLove","CENSORED","GalaxyChild"],"picked":"Singing Bowl","floor":41},{"not_picked":["Yin","OldLady"],"picked":"BlackArmy","floor":41},{"not_picked":["Hololive_Nanodesu","Hololive_StrengthChampion","Hololive_Psychosis+1"],"picked":"Hololive_FlyingPonyTail","floor":41},{"not_picked":["SnowQueen","Scarecrow","BigBird"],"picked":"Singing Bowl","floor":42},{"not_picked":["Hololive_HuntDinosaur+1","Hololive_AWSL","Hololive_CallRoboco"],"picked":"Hololive_CallAkiRosenthal","floor":42},{"not_picked":["Variant","WallGazer","QueenBee"],"picked":"Singing Bowl","floor":44},{"not_picked":["Hololive_Psychosis+1","Hololive_HuntDinosaur","Hololive_Rebound","Hololive_CallHoshimachiSuisei"],"picked":"SKIP","floor":44},{"not_picked":["DreamingCurrent","GalaxyChild","LittleHelper"],"picked":"Singing Bowl","floor":49},{"not_picked":["Woodsman","NakedNest"],"picked":"SilentOrchestra","floor":49},{"not_picked":["Hololive_Drill+1","Hololive_Sequa+1","Hololive_LuckPotion"],"picked":"Hololive_CallMomosuzuNene","floor":49},{"not_picked":["SingingMachine","BodiesMountain","Mercenary"],"picked":"Singing Bowl","floor":50},{"not_picked":["Hololive_StrengthChampion+1","Hololive_Psychosis","Hololive_CallRoboco"],"picked":"Hololive_FlyingPonyTail+1","floor":50}],"player_experience":1021440,"relics_obtained":[{"floor":8,"key":"MealTicket"},{"floor":11,"key":"Hololive_FriedShrimpLion"},{"floor":28,"key":"Lantern"},{"floor":42,"key":"Bottled Flame"},{"floor":44,"key":"AtMidnight"},{"floor":45,"key":"halation:PrussianBluePaint"},{"floor":49,"key":"Replay:Bottled Flurry"}],"event_choices":[{"damage_healed":0,"gold_gain":0,"player_choice":"Entered Light","damage_taken":7,"max_hp_gain":0,"max_hp_loss":0,"event_name":"Shining Light","floor":6,"gold_loss":0,"cards_upgraded":["Hololive_Defend","Hololive_Strike"]},{"damage_healed":0,"gold_gain":0,"player_choice":"UP UP UP ","damage_taken":28,"relics_obtained":[],"max_hp_gain":0,"max_hp_loss":0,"event_name":"betterSkull:BetterSkull","floor":7,"gold_loss":0,"cards_upgraded":["Hololive_CallAkaiHaato","Hololive_CallSpadeEcho","Hololive_CallInugamiKorone"]},{"damage_healed":0,"gold_gain":0,"player_choice":"Donut","damage_taken":0,"max_hp_gain":5,"max_hp_loss":0,"event_name":"Big Fish","floor":14,"gold_loss":0},{"damage_healed":0,"gold_gain":0,"player_choice":"Ignored","damage_taken":0,"max_hp_gain":0,"max_hp_loss":0,"event_name":"Golden Wing","floor":16,"gold_loss":0},{"damage_healed":0,"gold_gain":0,"player_choice":"Ignored","damage_taken":0,"max_hp_gain":0,"max_hp_loss":0,"event_name":"Ghosts","floor":21,"gold_loss":0},{"damage_healed":0,"gold_gain":99,"player_choice":"Stole From Cult","damage_taken":0,"max_hp_gain":0,"max_hp_loss":0,"event_name":"Nest","floor":22,"gold_loss":0},{"damage_healed":0,"gold_gain":0,"player_choice":" Idol Vial ","damage_taken":30,"relics_obtained":["Bloody Idol","Blood Vial"],"max_hp_gain":40,"max_hp_loss":10,"event_name":"betterAltar:BetterAltar","floor":29,"potions_obtained":[],"relics_lost":[],"gold_loss":0},{"damage_healed":0,"gold_gain":0,"player_choice":"Ignored","damage_taken":0,"max_hp_gain":0,"max_hp_loss":0,"event_name":"NoteForYourself","floor":38,"gold_loss":0},{"damage_healed":0,"gold_gain":0,"player_choice":"Upgraded","damage_taken":0,"max_hp_gain":0,"max_hp_loss":0,"event_name":"Upgrade Shrine","floor":40,"gold_loss":0,"cards_upgraded":["Hololive_Thief"]},{"damage_healed":0,"gold_gain":0,"player_choice":"Damaged","damage_taken":5,"max_hp_gain":0,"max_hp_loss":0,"event_name":"Wheel of Change","floor":46,"gold_loss":0}],"is_beta":false,"boss_relics":[{"not_picked":["energizedSpire:RedRose","energizedSpire:DeadBattery"],"picked":"energizedSpire:SpiderWeb"},{"not_picked":["Velvet Choker","Abe\u0027s Treasure"],"picked":"theForsaken:PaleLantern"}],"items_purged_floors":[],"is_endless":false,"potions_floor_spawned":[1,8,10,13,20,30,32,37,49,52],"ascension_level":0}}