{"host":"skr63qsdfgeey3it","time":1608022528,"event":{"mods":["BaseMod","Minty Spire (QoL Compilation)","Replay The Spire","Robot Space Explorer","Spicy Shops","StSLib"],"gold_per_floor":[113,128,128,140,71,71,104,104,104,104,131,148,113,142,142,245,245,258,258,84,292,207,207,248,30,30,75,75,84,113,126,126,239,239,266,288,204,238,238,238,272,272,272,290,312,352,352,16,16,16,16],"floor_reached":50,"playtime":3207,"items_purged":["Injury"],"score":1224,"play_id":"d118e436-f79e-412f-9889-40515d4dbd38","local_time":"20201215025528","is_ascension_mode":true,"campfire_choices":[{"data":"Noxious Fumes","floor":6,"key":"SMITH"},{"floor":8,"key":"REST"},{"floor":15,"key":"REST"},{"floor":23,"key":"REST"},{"data":"Accuracy","floor":28,"key":"SMITH"},{"data":"Catalyst","floor":32,"key":"SMITH"},{"data":"Predator","floor":40,"key":"SMITH"},{"data":"Riddle With Holes","floor":42,"key":"SMITH"},{"data":"Parasite","floor":49,"key":"PURGE"}],"circlet_count":0,"master_deck":["AscendersBane","Survivor","Neutralize","Outmaneuver","Predator+1","Blade Dance","Bouncing Flask","Noxious Fumes+1","Catalyst+1","Dagger Spray","Phantasmal Killer+1","A Thousand Cuts+1","Deadly Poison","Poison Darts+1","Malaise+1","Riddle With Holes+1","Sucker Punch","Caltrops","Prepared","Backstab","Prepared+1","RitualDagger","Catalyst+1","Accuracy+1","Blade Dance","Bite","Bite","Bite","Bite","Bite","Necronomicurse","Burst+1","Toxin Wave+1","Parasite","Acrobatics","Madness","Madness","Dodge and Roll+1","ReplayTheSpireMod:Scrap Shanks","Catalyst+1"],"relics":["Ring of the Snake","NeowsBlessing","Orichalcum","Mercury Hourglass","Golden Egg","Juzu Bracelet","Pandora\u0027s Box","ReplayTheSpireMod:CursedCoin","CeramicFish","Pet Ghost","Strawberry","Happy Flower","Lee\u0027s Waffle","Bag of Preparation","Necronomicon","Pantograph","HoveringKite","Torii","Gremlin Food","Bottled Lightning","Replay:Accelerometer","Snake Skull","DollysMirror","HandDrill"],"acts_visited":["Exordium","TheCity","TheBeyond"],"potions_floor_usage":[7,16,18,30,33,46],"damage_taken":[{"damage":0,"enemies":"Cultist","floor":1,"turns":1},{"damage":0,"enemies":"Jaw Worm","floor":2,"turns":1},{"damage":0,"enemies":"Small Slimes","floor":4,"turns":1},{"damage":46,"enemies":"Gremlin Nob","floor":7,"turns":5},{"damage":2,"enemies":"Lagavulin","floor":11,"turns":4},{"damage":20,"enemies":"Exordium Thugs","floor":12,"turns":4},{"damage":8,"enemies":"3 Sentries","floor":14,"turns":4},{"damage":14,"enemies":"Hexaghost","floor":16,"turns":7},{"damage":13,"enemies":"Spheric Guardian","floor":18,"turns":4},{"damage":27,"enemies":"Replay:Snechameleon","floor":24,"turns":4},{"damage":19,"enemies":"Book of Stabbing","floor":30,"turns":4},{"damage":0,"enemies":"3 Byrds","floor":31,"turns":3},{"damage":23,"enemies":"Pondfish","floor":33,"turns":10},{"damage":6,"enemies":"Orb Walker","floor":35,"turns":3},{"damage":5,"enemies":"3 Shapes","floor":36,"turns":3},{"damage":0,"enemies":"Writhing Mass","floor":38,"turns":2},{"damage":13,"enemies":"R_Hoarder","floor":41,"turns":6},{"damage":16,"enemies":"Transient","floor":45,"turns":5},{"damage":31,"enemies":"Giant Head","floor":46,"turns":6},{"damage":87,"enemies":"Replay:Hell Engine","floor":50,"turns":6}],"seed_played":"-1146747107699317665","potions_obtained":[{"floor":4,"key":"LiquidBronze"},{"floor":7,"key":"Weak Potion"},{"floor":11,"key":"GamblersBrew"},{"floor":16,"key":"ColorlessPotion"},{"floor":18,"key":"BlessingOfTheForge"},{"floor":30,"key":"SpeedPotion"},{"floor":31,"key":"Elixir"},{"floor":33,"key":"EssenceOfSteel"},{"floor":36,"key":"DistilledChaos"}],"is_trial":false,"path_per_floor":["M","M","?","M","$","R","E","R","T","?","E","M","?","E","R","B",null,"M","?","$","?","?","R","E","$","T","?","R","?","E","M","R","B",null,"M","M","$","M","?","R","E","R","T","?","M","E","?","$","R","B"],"character_chosen":"THE_SILENT","items_purchased":["Noxious Fumes","ReplayTheSpireMod:CursedCoin","Catalyst","CeramicFish","Happy Flower","Lee\u0027s Waffle","Torii","Snake Skull","DollysMirror","HandDrill"],"campfire_rested":3,"item_purchase_floors":[5,20,20,20,25,25,37,48,48,48],"current_hp_per_floor":[63,63,63,63,63,63,17,38,38,38,36,16,33,25,46,32,61,48,42,42,42,42,63,43,84,84,58,58,42,30,38,38,49,56,54,55,55,57,57,57,44,44,44,37,23,4,51,51,48,0,0],"gold":16,"neow_bonus":"THREE_ENEMY_KILL","is_daily":false,"chose_seed":false,"campfire_upgraded":5,"win_rate":0.0,"timestamp":1608022528,"path_taken":["M","M","?","?","?","R","E","R","T","?","E","?","?","E","R","BOSS","M","?","$","?","?","R","E","?","T","?","R","?","E","M","R","BOSS","M","M","$","M","?","R","E","R","T","?","M","E","?","$","R","BOSS"],"items_purchased_type":["Card","Relic","Card","Relic","Relic","Relic","Relic","Relic","Relic","Relic"],"build_version":"2020-12-13","purchased_purges":1,"victory":false,"max_hp_per_floor":[70,70,70,70,70,70,70,70,70,70,70,70,70,70,70,70,70,70,70,70,70,70,70,77,84,84,58,58,58,58,58,58,58,58,58,58,58,58,58,58,58,58,58,58,58,58,51,51,48,48,48],"card_choices":[{"not_picked":["Prepared","Flechettes"],"picked":"Outmaneuver","floor":1},{"not_picked":["Expertise","Blur"],"picked":"Predator","floor":2},{"not_picked":["PiercingWail","Outmaneuver"],"picked":"Bouncing Flask","floor":4},{"not_picked":["Sneak Up","Fluid Movement"],"picked":"Catalyst","floor":7},{"not_picked":["Dagger Throw","Quick Slash","Deflect"],"picked":"SKIP","floor":11},{"not_picked":["Predator","Dagger Throw"],"picked":"Dagger Spray","floor":12},{"not_picked":["Hidden Blade","Skewer"],"picked":"Phantasmal Killer","floor":14},{"not_picked":["Bullet Time","Storm of Steel"],"picked":"A Thousand Cuts","floor":16},{"not_picked":["Underhanded Strike","Endless Agony"],"picked":"Prepared+1","floor":18},{"not_picked":["Backflip","Cloak And Dagger"],"picked":"Accuracy","floor":21},{"not_picked":["Well Laid Plans","Quick Slash"],"picked":"Blade Dance","floor":24},{"not_picked":["Tools of the Trade","PiercingWail","ReplayTheSpireMod:Exploit Weakness"],"picked":"SKIP","floor":30},{"not_picked":["PiercingWail","Setup","Deflect"],"picked":"SKIP","floor":31},{"not_picked":["Die Die Die","ReplayTheSpireMod:Necrosis"],"picked":"Burst","floor":33},{"not_picked":["PiercingWail","Predator"],"picked":"Poisoned Stab+1","floor":35},{"not_picked":["Dagger Spray","Endless Agony"],"picked":"Toxin Wave+1","floor":36},{"not_picked":["Draining Mist+1","Hidden Blade"],"picked":"Acrobatics","floor":38},{"not_picked":["Calculated Gamble","Reflex","Sucker Punch+1"],"picked":"SKIP","floor":41},{"not_picked":["Riddle With Holes","Acrobatics+1"],"picked":"Dodge and Roll+1","floor":45},{"not_picked":["Finisher","ReplayTheSpireMod:Exploit Weakness"],"picked":"ReplayTheSpireMod:Scrap Shanks","floor":46}],"player_experience":717622,"relics_obtained":[{"floor":7,"key":"Orichalcum"},{"floor":9,"key":"Mercury Hourglass"},{"floor":11,"key":"Golden Egg"},{"floor":14,"key":"Juzu Bracelet"},{"floor":24,"key":"Strawberry"},{"floor":26,"key":"Bag of Preparation"},{"floor":29,"key":"Necronomicon"},{"floor":30,"key":"Pantograph"},{"floor":41,"key":"Gremlin Food"},{"floor":43,"key":"Bottled Lightning"},{"floor":46,"key":"Replay:Accelerometer"}],"event_choices":[{"damage_healed":0,"gold_gain":0,"cards_transformed":["Strike_G"],"player_choice":"Transformed","damage_taken":0,"max_hp_gain":0,"max_hp_loss":0,"event_name":"Transmorgrifier","floor":3,"gold_loss":0,"cards_obtained":["Blade Dance"]},{"cards_removed":["Strike_G"],"damage_healed":0,"gold_gain":0,"player_choice":"Offered Basic","damage_taken":0,"max_hp_gain":0,"max_hp_loss":0,"event_name":"Bonfire Elementals","floor":10,"gold_loss":0},{"damage_healed":17,"gold_gain":0,"player_choice":"Healed","damage_taken":0,"max_hp_gain":0,"max_hp_loss":0,"event_name":"The Cleric","floor":13,"gold_loss":35},{"damage_healed":0,"gold_gain":0,"player_choice":"Joined the Cult","damage_taken":6,"max_hp_gain":0,"max_hp_loss":0,"event_name":"Nest","floor":19,"gold_loss":0,"cards_obtained":["RitualDagger"]},{"damage_healed":0,"gold_gain":0,"player_choice":"Obtained Relic","damage_taken":0,"relics_obtained":["Pet Ghost"],"max_hp_gain":0,"max_hp_loss":0,"event_name":"Addict","floor":22,"gold_loss":85},{"damage_healed":0,"gold_gain":0,"player_choice":"Became a vampire","damage_taken":0,"max_hp_gain":0,"max_hp_loss":26,"event_name":"Vampires","floor":27,"gold_loss":0,"cards_obtained":["Bite","Bite","Bite","Bite","Bite"]},{"damage_healed":0,"gold_gain":0,"player_choice":"Obtained Book","damage_taken":16,"max_hp_gain":0,"max_hp_loss":0,"event_name":"Cursed Tome","floor":29,"gold_loss":0},{"cards_removed":["Poisoned Stab"],"damage_healed":0,"gold_gain":0,"player_choice":"Removed Attack","damage_taken":0,"max_hp_gain":0,"max_hp_loss":0,"event_name":"Falling","floor":39,"gold_loss":0},{"damage_healed":0,"gold_gain":0,"player_choice":"Embrace Madness","damage_taken":7,"max_hp_gain":0,"max_hp_loss":0,"event_name":"Winding Halls","floor":44,"gold_loss":0,"cards_obtained":["Madness","Madness"]},{"damage_healed":51,"gold_gain":0,"player_choice":"Heal","damage_taken":0,"max_hp_gain":0,"max_hp_loss":7,"event_name":"The Moai Head","floor":47,"gold_loss":0}],"is_beta":false,"boss_relics":[{"not_picked":["Sozu","SlaversCollar"],"picked":"Pandora\u0027s Box"},{"not_picked":["Astrolabe","Fusion Hammer"],"picked":"HoveringKite"}],"items_purged_floors":[20],"is_endless":false,"potions_floor_spawned":[4,7,11,16,18,30,31,33,36,38,41],"killed_by":"Replay:Hell Engine","ascension_level":11}}