{"host":"bxdue9bkfm2khp2x","time":1608047318,"event":{"mods":["Aspiration","BaseMod","Better Vampires","Challenge The Spire","Colored Powertips","Conspire","Decade(王小明)","Dota2Spire","Downfall","Highlight Path","Marisa（F雨　魔理沙）","Minty Spire (QoL Compilation)","MostiFishMod","Remilia（蕾米莉亚）","Replay The Spire","RumiaBox-露米娅的神秘盒子","StSLib","Td1madao Mod","The Alterego","The Cursed","The Servant 0.9.4","Waifu the Spire","WarShipGirlsR/战舰少女R mod","Youmu（魂魄妖梦）","noobMod","vexMod","【功能Mod】混沌之环修复补丁","【遗物卡牌】REMEMod","篝火指南"],"gold_per_floor":[215,215,231,231,311,311,236,268,268,268,86,86,123,158,158,278,278,311,115,115,152,168,168,204,204,231,273,213,213,244,281,281,407,407,425,128,150,328,371,371,394,394,394,426,472,216,216,234,234,240],"floor_reached":51,"playtime":13378,"items_purged":["alterego_mod:Strike","alterego_mod:Impale","alterego_mod:Strike","alterego_mod:Strike","Parasite"],"score":1165,"play_id":"b8abff93-71ac-4fa6-b36a-cf1896ca472b","local_time":"20201215234838","is_ascension_mode":true,"campfire_choices":[{"data":"alterego_mod:Palingenesis","floor":6.0,"key":"SMITH"},{"data":"alterego_mod:BigMeatyClaws","floor":10.0,"key":"SMITH"},{"data":"alterego_mod:MagicResistance","floor":12.0,"key":"SMITH"},{"data":"alterego_mod:DiscoLights","floor":15.0,"key":"SMITH"},{"data":"alterego_mod:DiscoLights","floor":23.0,"key":"SMITH"},{"data":"alterego_mod:TrickOrTreatment","floor":25.0,"key":"SMITH"},{"data":"alterego_mod:BreastValley","floor":29.0,"key":"SMITH"},{"data":"alterego_mod:IdEs","floor":32.0,"key":"SMITH"},{"data":"alterego_mod:Nekomimi","floor":40.0,"key":"SMITH"},{"data":"alterego_mod:Birthday","floor":42,"key":"SMITH"},{"floor":49,"key":"REST"}],"circlet_count":0,"master_deck":["AscendersBane","alterego_mod:Strike","alterego_mod:Defend","alterego_mod:Defend","alterego_mod:Defend","alterego_mod:Defend","alterego_mod:BigMeatyClaws+1","alterego_mod:BrynhildrsRune+1","alterego_mod:Palingenesis+1","alterego_mod:MaintainEyeContact","alterego_mod:DeftHands","alterego_mod:DiscoLights+1","alterego_mod:MagicResistance+1","alterego_mod:DiscoLights+1","alterego_mod:TrickOrTreatment+1","alterego_mod:Birthday+1","alterego_mod:BreastValley+1","alterego_mod:DiscoLights+1","alterego_mod:Rake+1","alterego_mod:IdEs+1","alterego_mod:Nekomimi+1","alterego_mod:Exercise","alterego_mod:Palingenesis+1"],"relics":["alterego_mod:MasochisticConstitution","REME_ComplimentaryCards","DaveBox","ice","xbg","Question Card","Replay:Bandana","vexMod:HeadHunter","ImportantClient","Dota2Spire:Satanic","Snack Pack","aspiration:StickyExplosives_weak","Pen Nib","Chemical X","vexMod:MemoryStick","Darkstone Periapt","Dota2Spire:PowerTreads","Guide Book"],"acts_visited":["Exordium","TheCity","TheBeyond"],"potions_floor_usage":[],"damage_taken":[{"damage":0.0,"enemies":"Cultist","floor":1.0,"turns":5.0},{"damage":0.0,"enemies":"2 Louse","floor":3.0,"turns":3.0},{"damage":19.0,"enemies":"3 Sentries","floor":8.0,"turns":17.0},{"damage":1.0,"enemies":"Small Slimes","floor":13.0,"turns":6.0},{"damage":0.0,"enemies":"Blue Slaver","floor":14.0,"turns":5.0},{"damage":30.0,"enemies":"The Guardian","floor":16.0,"turns":22.0},{"damage":12.0,"enemies":"Shell Parasite","floor":18.0,"turns":9.0},{"damage":2.0,"enemies":"3 Byrds","floor":21.0,"turns":10.0},{"damage":27.0,"enemies":"Centurion and Healer","floor":22.0,"turns":11.0},{"damage":34.0,"enemies":"REME_1_Revenger","floor":24.0,"turns":11.0},{"damage":9.0,"enemies":"Snecko","floor":27.0,"turns":4.0},{"damage":16.0,"enemies":"Sentry and Sphere","floor":30.0,"turns":9.0},{"damage":22.0,"enemies":"Chosen and Byrds","floor":31.0,"turns":6.0},{"damage":31.0,"enemies":"Champ","floor":33.0,"turns":8.0},{"damage":43.0,"enemies":"Orb Walker","floor":35.0,"turns":6.0},{"damage":91.0,"enemies":"3 Shapes","floor":37.0,"turns":10.0},{"damage":17.0,"enemies":"conspire:MimicChest","floor":38.0,"turns":17.0},{"damage":28.0,"enemies":"Sphere and 2 Shapes","floor":39.0,"turns":8.0},{"damage":10,"enemies":"Writhing Mass","floor":41,"turns":11},{"damage":62,"enemies":"Nemesis","floor":44,"turns":9},{"damage":17,"enemies":"Spire Growth","floor":45,"turns":5},{"damage":58,"enemies":"Jaw Worm Horde","floor":48,"turns":6},{"damage":46,"enemies":"conspire:OrnateMirror","floor":50,"turns":10}],"seed_played":"-8956559736508602470","potions_obtained":[{"floor":13.0,"key":"Weak Potion"},{"floor":14.0,"key":"BlessingOfTheForge"}],"is_trial":false,"path_per_floor":["M","?","M","?","?","R","$","E","T","R","$","R","M","M","R","B",null,"M","$","?","M","M","R","E","R","T","M","?","R","M","M","R","B",null,"M","$","M","?","M","R","M","R","T","E","M","$","?","M","R","B",null],"character_chosen":"The_Alterego","items_purchased":["alterego_mod:DiscoLights+1","alterego_mod:MagicResistance","alterego_mod:BreastValley","Dota2Spire:Satanic","Snack Pack","Chemical X","alterego_mod:Nekomimi","Guide Book"],"campfire_rested":1,"item_purchase_floors":[11,11,19,19,19,36,36,46],"current_hp_per_floor":[70,70,70,70,70,70,70,66,66,66,66,66,72,72,72,43,66,55,55,41,79,75,75,82,82,82,74,74,74,84,73,73,77,84,67,67,18,61,54,54,91,91,91,68,75,75,75,43,70,84],"gold":240,"neow_bonus":"HUNDRED_GOLD","is_daily":false,"chose_seed":false,"campfire_upgraded":10,"win_rate":0.0,"timestamp":1608047318,"path_taken":["M","?","M","?","?","R","$","E","T","R","?","R","M","M","R","BOSS","M","$","?","M","M","R","E","R","T","M","?","R","M","M","R","BOSS","M","$","M","?","M","R","M","R","T","E","M","$","?","M","R","BOSS"],"items_purchased_type":["Card","Card","Card","Relic","Relic","Relic","Card","Relic"],"build_version":"2020-12-13","purchased_purges":5,"victory":true,"max_hp_per_floor":[70,70,70,70,70,70,70,71,71,71,71,71,72,72,72,73,73,74,74,79,80,81,81,82,82,82,83,83,83,84,85,85,86,86,87,87,88,89,90,90,91,91,91,92,93,90,90,91,91,92],"card_choices":[{"not_picked":["alterego_mod:Jiggle","alterego_mod:Support","alterego_mod:Punishment"],"picked":"SKIP","floor":1.0},{"not_picked":["alterego_mod:Belle","alterego_mod:Cooking","alterego_mod:PerceptionDisorder"],"picked":"alterego_mod:MaintainEyeContact","floor":3.0},{"not_picked":["alterego_mod:Complex","alterego_mod:1TonWallop","alterego_mod:RidiculouslyBig"],"picked":"alterego_mod:DeftHands","floor":8.0},{"not_picked":["alterego_mod:Punishment","alterego_mod:SakuraLabyrinth","alterego_mod:Bounce"],"picked":"alterego_mod:DiscoLights","floor":13.0},{"not_picked":["alterego_mod:Punishment","alterego_mod:Cooking","alterego_mod:SakuraFive","alterego_mod:Bounce"],"picked":"SKIP","floor":14.0},{"not_picked":["alterego_mod:RingBreak","alterego_mod:InsideBaseball","alterego_mod:Weigh"],"picked":"alterego_mod:TrickOrTreatment","floor":16.0},{"not_picked":["alterego_mod:BiFurious+1","alterego_mod:Pet","alterego_mod:SakuraFive"],"picked":"alterego_mod:Birthday","floor":18.0},{"not_picked":["alterego_mod:SakuraFive","alterego_mod:Stockings","alterego_mod:Skirt"],"picked":"alterego_mod:DiscoLights","floor":21.0},{"not_picked":["alterego_mod:Bounce","alterego_mod:DeftHands","alterego_mod:1TonWallop"],"picked":"alterego_mod:Collar+1","floor":22.0},{"not_picked":["alterego_mod:Alter","alterego_mod:Antipathy","alterego_mod:SideboobHour"],"picked":"alterego_mod:Rake","floor":24.0},{"not_picked":["alterego_mod:Cushion","alterego_mod:HighServant","alterego_mod:Punishment","alterego_mod:Birthday"],"picked":"SKIP","floor":24.0},{"not_picked":["alterego_mod:Jiggle","alterego_mod:1TonWallop","alterego_mod:Cycle","alterego_mod:HighServant"],"picked":"SKIP","floor":27.0},{"not_picked":["alterego_mod:Cycle","alterego_mod:Rip","alterego_mod:TrashNCrash","alterego_mod:Birthday"],"picked":"SKIP","floor":30.0},{"not_picked":["alterego_mod:MaintainEyeContact","alterego_mod:Rip","alterego_mod:GoddessCore"],"picked":"alterego_mod:IdEs","floor":31.0},{"not_picked":["alterego_mod:RocketPunch","alterego_mod:Belle+1","alterego_mod:BustOut","alterego_mod:Collar"],"picked":"SKIP","floor":35.0},{"not_picked":["alterego_mod:PerceptionDisorder+1","alterego_mod:Rip","alterego_mod:BeGentle+1","alterego_mod:MagicResistance+1"],"picked":"SKIP","floor":37.0},{"not_picked":["alterego_mod:Rip","alterego_mod:Mirror","alterego_mod:Collar"],"picked":"alterego_mod:Exercise","floor":38.0},{"not_picked":["alterego_mod:BusterCard","alterego_mod:Rip","alterego_mod:BustOut","alterego_mod:Bloomers+1"],"picked":"SKIP","floor":39.0},{"not_picked":["alterego_mod:Bloomers","alterego_mod:Rip","alterego_mod:Cooking","alterego_mod:TrashNCrash"],"picked":"SKIP","floor":41},{"not_picked":["alterego_mod:Weigh","alterego_mod:Lift","alterego_mod:PainIsPleasure"],"picked":"alterego_mod:Palingenesis","floor":44},{"not_picked":["alterego_mod:Birthday+1","alterego_mod:Bunnysuit","alterego_mod:Belle+1","alterego_mod:Nekomimi"],"picked":"SKIP","floor":44},{"not_picked":["alterego_mod:SakuraLabyrinth","alterego_mod:PresenceConcealment","alterego_mod:GoddessCore+1","alterego_mod:TrashNCrash"],"picked":"SKIP","floor":45},{"not_picked":["alterego_mod:TrashNCrash","alterego_mod:Cooking","alterego_mod:Undulate","alterego_mod:BiFurious+1"],"picked":"SKIP","floor":48}],"player_experience":1374499,"relics_obtained":[{"floor":1.0,"key":"Question Card"},{"floor":8.0,"key":"Replay:Bandana"},{"floor":9.0,"key":"vexMod:HeadHunter"},{"floor":16.0,"key":"ImportantClient"},{"floor":24.0,"key":"aspiration:StickyExplosives_weak"},{"floor":26.0,"key":"Pen Nib"},{"floor":38.0,"key":"vexMod:MemoryStick"},{"floor":43,"key":"Darkstone Periapt"},{"floor":44,"key":"Dota2Spire:PowerTreads"}],"event_choices":[{"damage_healed":0.0,"max_hp_gain":5.0,"max_hp_loss":0.0,"gold_gain":0.0,"event_name":"Forgotten Altar","player_choice":"Shed Blood","floor":20.0,"gold_loss":0.0,"damage_taken":19.0},{"cards_removed":["alterego_mod:Collar"],"damage_healed":0,"gold_gain":0,"player_choice":"Removed Attack","damage_taken":0,"max_hp_gain":0,"max_hp_loss":0,"event_name":"Falling","floor":47,"gold_loss":0}],"is_beta":false,"boss_relics":[{"not_picked":["ChewingGum","Replay:Wanted Poster","aspiration:RitualDagger"]},{"not_picked":["NightmareShop","REME_DemonsWealth","conspire:SeveredTorchhead"]}],"items_purged_floors":[7,11,19,36,46],"is_endless":false,"potions_floor_spawned":[13,14,16,21,31,37,38,41,48],"ascension_level":12}}