{"host":"qwttrqaysb380yri","time":1608060680,"event":{"mods":["BaseMod","Custom Start","Minty Spire (QoL Compilation)","Puzzle Mod","Relic Stats","StSLib","The Cursed","The Hierophant"],"gold_per_floor":[117,133,151,164,177,177,189,33,57,86,108,108,108,119,119,211,211,233,233,247,30,30,59,59,55,55,55,55,55,78,3,3,93,93,125,125,144,157,190,190,196,196,196,196,227,127,156,156,156,152],"floor_reached":51,"playtime":1940,"items_purged":["hierophant:PassingBell","hierophant:Sermon"],"score":1587,"play_id":"fe7fb4c5-3014-45aa-93a6-16f68062506e","local_time":"20201215203120","is_ascension_mode":true,"campfire_choices":[{"data":"hierophant:FlamingChariot","floor":6.0,"key":"SMITH"},{"data":"hierophant:Glossolalia","floor":13.0,"key":"SMITH"},{"floor":15.0,"key":"REST"},{"floor":24,"key":"REST"},{"floor":28,"key":"REST"},{"data":"hierophant:Purify","floor":32,"key":"SMITH"},{"data":"hierophant:Encroach","floor":40,"key":"SMITH"},{"data":"hierophant:DeathKnell","floor":42,"key":"SMITH"},{"floor":44,"key":"REST"},{"floor":49,"key":"REST"}],"circlet_count":0,"master_deck":["AscendersBane","hierophant:Strike_Hierophant+1","hierophant:Strike_Hierophant+1","hierophant:Defend_Hierophant+1","hierophant:Defend_Hierophant+1","hierophant:Defend_Hierophant+1","hierophant:Defend_Hierophant+1","hierophant:ChurchCoffers+1","Blind","hierophant:Encroach+1","hierophant:FlamingChariot+1","hierophant:FieryStrike","hierophant:Glossolalia+1","hierophant:Encroach","hierophant:Doubloon","hierophant:ConvertCurrency","hierophant:DeathKnell+1","hierophant:Racketeering","hierophant:Invocation","hierophant:Purify+1","hierophant:Encroach","hierophant:HammerAndAnvil","hierophant:Zeal","hierophant:Shelter","hierophant:Chorus+1","hierophant:Encroach+1"],"relics":["hierophant:PropheticMaskRelic","War Paint","Potion Belt","Anchor","Dream Catcher","Odd Mushroom","Golden Idol","Lantern","Philosopher\u0027s Stone","HandDrill","Akabeko","Ancient Tea Set","Bronze Scales","Matryoshka","Sozu","StrikeDummy","Regal Pillow","PreservedInsect","Bag of Marbles","Shovel"],"acts_visited":["Exordium","TheCity","TheBeyond"],"potions_floor_usage":[35],"damage_taken":[{"damage":2.0,"enemies":"Cultist","floor":1.0,"turns":4.0},{"damage":6.0,"enemies":"Small Slimes","floor":2.0,"turns":4.0},{"damage":0.0,"enemies":"2 Louse","floor":3.0,"turns":2.0},{"damage":3.0,"enemies":"Red Slaver","floor":4.0,"turns":4.0},{"damage":10.0,"enemies":"Exordium Wildlife","floor":5.0,"turns":6.0},{"damage":12.0,"enemies":"Gremlin Nob","floor":7.0,"turns":3.0},{"damage":0.0,"enemies":"Lagavulin","floor":10.0,"turns":3.0},{"damage":14.0,"enemies":"The Mushroom Lair","floor":11.0,"turns":4.0},{"damage":6.0,"enemies":"3 Sentries","floor":14.0,"turns":4.0},{"damage":31.0,"enemies":"Hexaghost","floor":16.0,"turns":10.0},{"damage":19.0,"enemies":"Chosen","floor":18.0,"turns":6.0},{"damage":9.0,"enemies":"Shell Parasite","floor":20.0,"turns":5.0},{"damage":6,"enemies":"Slavers","floor":23,"turns":4},{"damage":43,"enemies":"Gremlin Leader","floor":25,"turns":5},{"damage":0,"enemies":"Centurion and Healer","floor":30,"turns":6},{"damage":0,"enemies":"Champ","floor":33,"turns":5},{"damage":0,"enemies":"3 Darklings","floor":35,"turns":4},{"damage":4,"enemies":"3 Shapes","floor":37,"turns":3},{"damage":1,"enemies":"3 Darklings","floor":38,"turns":5},{"damage":12,"enemies":"4 Shapes","floor":39,"turns":7},{"damage":7,"enemies":"Nemesis","floor":41,"turns":5},{"damage":0,"enemies":"Giant Head","floor":45,"turns":4},{"damage":38,"enemies":"Reptomancer","floor":47,"turns":4},{"damage":38,"enemies":"Awakened One","floor":50,"turns":10}],"seed_played":"3603387115856727069","potions_obtained":[{"floor":3.0,"key":"Regen Potion"},{"floor":4.0,"key":"Strength Potion"},{"floor":5.0,"key":"Weak Potion"},{"floor":7.0,"key":"AttackPotion"},{"floor":11.0,"key":"Swift Potion"},{"floor":23,"key":"SteroidPotion"},{"floor":25,"key":"Block Potion"}],"is_trial":false,"path_per_floor":["M","M","M","M","M","R","E","$","T","E","?","?","R","E","R","B",null,"M","?","M","$","?","E","R","E","T","?","R","T","M","$","R","B",null,"M","?","M","M","M","R","E","R","T","R","E","$","E","?","R","B",null],"character_chosen":"HIEROPHANT","items_purchased":["Potion Belt","hierophant:HammerAndAnvil","HandDrill","hierophant:Zeal"],"campfire_rested":5,"item_purchase_floors":[8,21,21,21],"current_hp_per_floor":[66,60,60,57,62,62,50,50,50,50,36,36,36,30,50,19,56,37,37,28,28,42,36,56,13,13,13,33,33,33,33,33,33,59,59,59,55,54,42,42,35,35,35,68,68,68,30,30,65,27],"gold":152,"neow_bonus":"RANDOM_COLORLESS","is_daily":false,"chose_seed":false,"campfire_upgraded":5,"win_rate":0.0,"timestamp":1608060680,"path_taken":["M","M","M","M","M","R","E","$","T","E","?","?","R","E","R","BOSS","M","?","M","$","?","E","R","E","T","?","R","?","M","$","R","BOSS","M","?","M","M","?","R","E","R","T","R","E","$","E","?","R","BOSS"],"items_purchased_type":["Relic","Card","Relic","Card"],"build_version":"2020-12-13","purchased_purges":2,"victory":true,"max_hp_per_floor":[75,75,75,75,75,75,75,75,75,75,75,68,68,68,68,68,68,68,68,68,68,68,68,68,68,68,68,68,68,68,68,68,68,68,68,68,68,68,68,68,68,68,68,68,68,68,68,68,68,68],"relic_stats":{"Sozu":3,"Dream Catcher":5,"Regal Pillow":28,"Shovel":0,"counters":[24,117],"Golden Idol":129,"Bronze Scales":[138],"PreservedInsect":191,"HandDrill":[38],"War Paint":["hierophant:Defend_Hierophant","hierophant:ChurchCoffers"],"obtain_stats":[{"Potion Belt":8,"Lantern":14,"Regal Pillow":43,"Golden Idol":12,"hierophant:PropheticMaskRelic":0,"PreservedInsect":43,"War Paint":7,"Odd Mushroom":11,"Ancient Tea Set":25,"Akabeko":23,"Sozu":34,"Anchor":9,"Dream Catcher":10,"Matryoshka":29,"Shovel":47,"Bronze Scales":26,"Philosopher\u0027s Stone":17,"HandDrill":21,"Bag of Marbles":45,"StrikeDummy":41},{"Potion Belt":6,"Lantern":9,"Regal Pillow":21,"Golden Idol":8,"hierophant:PropheticMaskRelic":0,"PreservedInsect":21,"War Paint":6,"Odd Mushroom":8,"Ancient Tea Set":14,"Akabeko":13,"Sozu":16,"Anchor":6,"Dream Catcher":7,"Matryoshka":14,"Shovel":23,"Bronze Scales":14,"Philosopher\u0027s Stone":10,"HandDrill":12,"Bag of Marbles":22,"StrikeDummy":21},{"Potion Belt":23,"Lantern":34,"Regal Pillow":99,"Golden Idol":30,"hierophant:PropheticMaskRelic":0,"PreservedInsect":99,"War Paint":23,"Odd Mushroom":30,"Ancient Tea Set":64,"Akabeko":59,"Sozu":75,"Anchor":23,"Dream Catcher":26,"Matryoshka":64,"Shovel":107,"Bronze Scales":64,"Philosopher\u0027s Stone":44,"HandDrill":55,"Bag of Marbles":103,"StrikeDummy":99}]},"card_choices":[{"not_picked":["Deep Breath","Purity"],"picked":"Blind","floor":0.0},{"not_picked":["hierophant:ConvertCurrency","hierophant:Empathy"],"picked":"hierophant:Encroach","floor":1.0},{"not_picked":["hierophant:Doomsaying","hierophant:Remorse"],"picked":"hierophant:FlamingChariot","floor":2.0},{"not_picked":["hierophant:DisplayOfPower","hierophant:Empathy"],"picked":"hierophant:FieryStrike","floor":3.0},{"not_picked":["hierophant:MintersHammer","hierophant:AuricBeam","hierophant:Sermon"],"picked":"SKIP","floor":4.0},{"not_picked":["hierophant:Upheaval","hierophant:Prophecy"],"picked":"hierophant:Glossolalia","floor":5.0},{"not_picked":["hierophant:Repentance","hierophant:Prophecy"],"picked":"hierophant:PassingBell","floor":7.0},{"not_picked":["hierophant:Glossolalia","hierophant:RepressedViolence"],"picked":"hierophant:Encroach","floor":10.0},{"not_picked":["hierophant:AuricShield","hierophant:HolyVerse"],"picked":"hierophant:ConvertCurrency","floor":11.0},{"not_picked":["hierophant:Empathy","hierophant:AuricShield"],"picked":"hierophant:DeathKnell","floor":14.0},{"not_picked":["hierophant:RepressedViolence","hierophant:FaithHealing"],"picked":"hierophant:Racketeering","floor":15.0},{"not_picked":["hierophant:LocustPlague","hierophant:MintersHammer"],"picked":"hierophant:Invocation","floor":16.0},{"not_picked":["hierophant:Flagellation","hierophant:CursedGold+1"],"picked":"hierophant:Purify","floor":18.0},{"not_picked":["hierophant:AuricBeam","hierophant:Flagellation","hierophant:Purify"],"picked":"SKIP","floor":20.0},{"not_picked":["hierophant:HolyVerse","hierophant:EyeForCoin","hierophant:RepressedViolence"],"picked":"SKIP","floor":23},{"not_picked":["hierophant:HolyVerse","hierophant:Community","hierophant:RustyCrate"],"picked":"SKIP","floor":25},{"not_picked":["hierophant:Flagellation","hierophant:HammerAndAnvil"],"picked":"hierophant:Shelter","floor":28},{"not_picked":["hierophant:Charity","hierophant:HolyVerse+1","hierophant:Remorse"],"picked":"SKIP","floor":30},{"not_picked":["hierophant:MirrorShield","hierophant:Patience","hierophant:MorningPrayer"],"picked":"SKIP","floor":35},{"not_picked":["hierophant:MorningPrayer","hierophant:Rebuild","hierophant:FieryStrike+1"],"picked":"SKIP","floor":37},{"not_picked":["hierophant:Martyrdom","hierophant:Mercenaries"],"picked":"hierophant:Chorus+1","floor":38},{"not_picked":["hierophant:DivineIntervention","hierophant:FlamingChariot","hierophant:Sermon"],"picked":"SKIP","floor":39},{"not_picked":["hierophant:Flagellation","hierophant:FlamingChariot","hierophant:ThreeLashes"],"picked":"SKIP","floor":41},{"not_picked":["hierophant:SecretStash+1","hierophant:HammerAndAnvil+1","hierophant:AuricBeam"],"picked":"SKIP","floor":45},{"not_picked":["hierophant:Doubloon","hierophant:PassingBell","hierophant:Doomsaying"],"picked":"SKIP","floor":47},{"not_picked":["hierophant:RepressedViolence+1","hierophant:FlamingChariot"],"picked":"hierophant:Encroach+1","floor":49}],"player_experience":1858844,"relics_obtained":[{"floor":7.0,"key":"War Paint"},{"floor":9.0,"key":"Anchor"},{"floor":10.0,"key":"Dream Catcher"},{"floor":11.0,"key":"Odd Mushroom"},{"floor":14.0,"key":"Lantern"},{"floor":23,"key":"Akabeko"},{"floor":25,"key":"Ancient Tea Set"},{"floor":26,"key":"Bronze Scales"},{"floor":29,"key":"Matryoshka"},{"floor":41,"key":"StrikeDummy"},{"floor":43,"key":"Regal Pillow"},{"floor":43,"key":"PreservedInsect"},{"floor":45,"key":"Bag of Marbles"},{"floor":47,"key":"Shovel"}],"event_choices":[{"damage_healed":0.0,"max_hp_gain":0.0,"max_hp_loss":0.0,"gold_gain":0.0,"event_name":"Mushrooms","player_choice":"Fought Mushrooms","floor":11.0,"gold_loss":0.0,"damage_taken":0.0},{"damage_healed":0.0,"max_hp_gain":0.0,"max_hp_loss":7.0,"gold_gain":0.0,"event_name":"Golden Idol","player_choice":"Lose Max HP","floor":12.0,"gold_loss":0.0,"damage_taken":0.0,"relics_obtained":["Golden Idol"]},{"damage_healed":0.0,"max_hp_gain":0.0,"max_hp_loss":0.0,"gold_gain":0.0,"cards_transformed":["hierophant:Strike_Hierophant","hierophant:Strike_Hierophant"],"event_name":"Drug Dealer","player_choice":"Became Test Subject","floor":19.0,"gold_loss":0.0,"damage_taken":0.0,"cards_obtained":["hierophant:Sermon","hierophant:Encroach"]},{"damage_healed":14.0,"max_hp_gain":0.0,"max_hp_loss":0.0,"gold_gain":0.0,"event_name":"The Library","player_choice":"Heal","floor":22.0,"gold_loss":0.0,"damage_taken":0.0},{"damage_healed":0,"gold_gain":0,"player_choice":"Simplicity","damage_taken":0,"max_hp_gain":0,"max_hp_loss":0,"event_name":"Back to Basics","floor":27,"gold_loss":0,"cards_upgraded":["hierophant:Strike_Hierophant","hierophant:Strike_Hierophant","hierophant:Defend_Hierophant","hierophant:Defend_Hierophant","hierophant:Defend_Hierophant"]},{"cards_removed":["hierophant:Punish"],"damage_healed":0,"gold_gain":0,"player_choice":"Offered Basic","damage_taken":0,"max_hp_gain":0,"max_hp_loss":0,"event_name":"Bonfire Elementals","floor":36,"gold_loss":0},{"damage_healed":0,"gold_gain":0,"player_choice":"Ignored","damage_taken":0,"max_hp_gain":0,"max_hp_loss":0,"event_name":"Tomb of Lord Red Mask","floor":48,"gold_loss":0}],"is_beta":false,"boss_relics":[{"not_picked":["SacredBark","Calling Bell"],"picked":"Philosopher\u0027s Stone"},{"not_picked":["Cursed Key","Busted Crown"],"picked":"Sozu"}],"items_purged_floors":[31,46],"is_endless":false,"potions_floor_spawned":[3,4,5,7,11,23,25,39,41,47],"ascension_level":15}}