{"host":"k3q0k2m1mxhfmd6y","time":1608065956,"event":{"mods":["AchievementEnabler","BaseMod","BetterRewards","Colored Map","Colored Powertips","Downfall","Googly Eyes","Hubris","Minty Spire (QoL Compilation)","Permanent Neow","Quick Restart","Replay The Spire","StSLib","SuperFastMode","The IronCluck","slay the spire mod where everything is the same but ironclad has a cowboy hat"],"gold_per_floor":[112,132,148,167,179,205,216,216,243,14,14,39,114,131,131,233,233,248,248,261,261,273,273,293,322,349,374,374,374],"floor_reached":28,"playtime":944,"items_purged":[],"score":286,"play_id":"1832f6f9-54ab-455b-ae0a-b546013e0839","local_time":"20201215205916","is_ascension_mode":true,"campfire_choices":[{"floor":8.0,"key":"REST"},{"floor":11.0,"key":"REST"},{"floor":15.0,"key":"REST"},{"data":"Magnetism","floor":23.0,"key":"SMITH"}],"circlet_count":0,"master_deck":["Strike_G","Strike_G","Strike_G","Strike_G","Strike_G","Defend_G+1","Defend_G+1","Defend_G","Defend_G","Defend_G","Survivor+1","Neutralize","Poisoned Stab","Slice","Dagger Spray","Flying Knee","Deadly Poison","Leg Sweep","Noxious Fumes+1","Magnetism+1","Flying Knee","After Image","Toxin Wave","Bane","ReplayTheSpireMod:Speed Training","Slice","Bouncing Flask"],"relics":["hubris:HollowSoul","Gremlin Food","ReplayFunnel","Sozu","GremlinMask","Guardian:GemstoneGun","Boot","Happy Flower"],"acts_visited":[],"potions_floor_usage":[],"damage_taken":[{"damage":1.0,"enemies":"Cultist","floor":1.0,"turns":4.0},{"damage":2.0,"enemies":"Jaw Worm","floor":2.0,"turns":3.0},{"damage":0.0,"enemies":"2 Louse","floor":3.0,"turns":2.0},{"damage":8.0,"enemies":"2 Fungi Beasts","floor":4.0,"turns":3.0},{"damage":5.0,"enemies":"Exordium Wildlife","floor":5.0,"turns":4.0},{"damage":26.0,"enemies":"3 Sentries","floor":6.0,"turns":7.0},{"damage":3.0,"enemies":"Large Slime","floor":7.0,"turns":4.0},{"damage":29.0,"enemies":"Lagavulin","floor":12.0,"turns":6.0},{"damage":8.0,"enemies":"2 Fungi Beasts","floor":14.0,"turns":3.0},{"damage":21.0,"enemies":"The Guardian","floor":16.0,"turns":9.0},{"damage":0.0,"enemies":"3 Byrds","floor":18.0,"turns":4.0},{"damage":6.0,"enemies":"Shell Parasite","floor":20.0,"turns":6.0},{"damage":14.0,"enemies":"Sentry and Sphere","floor":22.0,"turns":5.0},{"damage":13.0,"enemies":"Snecko","floor":24.0,"turns":5.0},{"damage":36.0,"enemies":"Replay:Snechameleon","floor":25.0,"turns":8.0},{"damage":7.0,"enemies":"Book of Stabbing","floor":27.0,"turns":7.0}],"seed_played":"-5349147278062643427","potions_obtained":[{"floor":4.0,"key":"Cursed Concoction"},{"floor":5.0,"key":"SteroidPotion"},{"floor":6.0,"key":"GamblersBrew"},{"floor":12.0,"key":"Dexterity Potion"},{"floor":14.0,"key":"Adrenaline Potion"}],"is_trial":false,"path_per_floor":["M","M","M","M","M","E","M","R","T","$","R","E","?","M","R","B",null,"M","$","M","?","M","R","M","E","T","E","R"],"character_chosen":"THE_SILENT","items_purchased":["Noxious Fumes+1","Magnetism"],"campfire_rested":3,"item_purchase_floors":[10,10],"current_hp_per_floor":[69,67,67,59,54,28,25,46,46,46,67,38,27,19,40,19,70,70,70,64,64,50,50,37,9,9,2,2,2],"gold":374,"neow_bonus":"BOSS_RELIC","is_daily":false,"chose_seed":false,"campfire_upgraded":1,"win_rate":0.0,"timestamp":1608065956,"path_taken":["M","M","M","?","M","E","M","R","T","$","R","E","?","M","R","BOSS","M","$","M","?","M","R","M","E","T","E","R"],"items_purchased_type":["Card","Card"],"build_version":"2020-12-13","purchased_purges":0,"victory":false,"max_hp_per_floor":[70,70,70,70,70,70,70,70,70,70,70,70,70,70,70,70,70,70,70,70,70,70,70,70,70,70,70,70,70],"card_choices":[{"not_picked":["Dodge and Roll","Outmaneuver"],"picked":"Poisoned Stab","floor":1.0},{"not_picked":["Tactician","Catalyst"],"picked":"Slice","floor":2.0},{"not_picked":["Masterful Stab","Backflip"],"picked":"Dagger Spray","floor":3.0},{"not_picked":["Cloak And Dagger","Outmaneuver"],"picked":"Flying Knee","floor":4.0},{"not_picked":["Skewer","Outmaneuver"],"picked":"Deadly Poison","floor":5.0},{"not_picked":["Dagger Throw","hubris:TrickCloak","Well Laid Plans"],"picked":"SKIP","floor":6.0},{"not_picked":["Dodge and Roll","Atom Bomb"],"picked":"Leg Sweep","floor":7.0},{"not_picked":["Acrobatics","Blade Dance","Finisher"],"picked":"SKIP","floor":12.0},{"not_picked":["Hidden Blade","hubris:Sniper"],"picked":"Flying Knee","floor":14.0},{"not_picked":["Glass Knife","Atom Bomb"],"picked":"After Image","floor":16.0},{"not_picked":["PiercingWail","Dagger Throw+1"],"picked":"Toxin Wave","floor":18.0},{"not_picked":["Flying Knee+1","Masterful Stab+1","Hidden Blade+1"],"picked":"SKIP","floor":20.0},{"not_picked":["Deflect+1","PiercingWail"],"picked":"Bane","floor":22.0},{"not_picked":["Bouncing Flask","Flying Knee"],"picked":"ReplayTheSpireMod:Speed Training","floor":24.0},{"not_picked":["Storm of Steel","Setup"],"picked":"Slice","floor":25.0},{"not_picked":["hubris:SlightOfHand","Expertise"],"picked":"Bouncing Flask","floor":27.0}],"player_experience":104599,"relics_obtained":[{"floor":6.0,"key":"Gremlin Food"},{"floor":9.0,"key":"ReplayFunnel"},{"floor":25.0,"key":"Guardian:GemstoneGun"},{"floor":26.0,"key":"Boot"},{"floor":27.0,"key":"Happy Flower"}],"event_choices":[{"damage_healed":0.0,"max_hp_gain":0.0,"max_hp_loss":0.0,"gold_gain":75.0,"event_name":"World of Goop","player_choice":"Gather Gold","floor":13.0,"gold_loss":0.0,"damage_taken":11.0},{"damage_healed":0.0,"max_hp_gain":0.0,"max_hp_loss":0.0,"gold_gain":0.0,"event_name":"FaceTrader","player_choice":"Trade","floor":21.0,"gold_loss":0.0,"damage_taken":0.0,"relics_obtained":["GremlinMask"]}],"is_beta":false,"boss_relics":[{"not_picked":["Snecko Scales","Honey Jar"],"picked":"Sozu"}],"items_purged_floors":[],"is_endless":false,"potions_floor_spawned":[4,5,6,12,14,20,25,27],"ascension_level":1}}