{"host":"e4hse1vg61zltgzv","time":1608036360,"event":{"mods":["AchievementEnabler","BaseMod","Block Reminder","Colored Map","DeckTracker","GifTheSpireLib","Minty Spire (QoL Compilation)","Rare Cards Sparkle","StSLib","SuperFastMode","everything is the same but u backflip on backflip"],"gold_per_floor":[138,195,237,270,327,432,513,588,614,719,776,851,563,641,641,863,1013,1064,1121,798,849,900,990,1083,1182,1250,591,642,720,822,897,897,1110,1110,1161,1194,1230,783,825,912,1017,1098,1098,768,286,316,352,454,454,454,454,454,454,24,120,120],"floor_reached":57,"playtime":737,"items_purged":["Exhume+1"],"score":4488,"play_id":"260ffbdd-1dd3-4afc-87a8-f6f2a3317be3","local_time":"20201215214600","daily_mods":["Flight","DeadlyEvents","Binary","Elite Swarm","Lethality","Midas"],"is_ascension_mode":true,"campfire_choices":[{"floor":15,"key":"DIG"},{"floor":32,"key":"DIG"},{"floor":49,"key":"RECALL"},{"floor":53,"key":"DIG"}],"circlet_count":0,"master_deck":["RitualDagger+1","Exhume+1","Exhume+1","Exhume+1","Dual Wield+1"],"relics":["Burning Blood","Singing Bowl","Bag of Marbles","Shovel","Lizard Tail","Nunchaku","Incense Burner","Omamori","Whetstone","Anchor","Ancient Tea Set","Pen Nib","Molten Egg 2","Tiny House","HandDrill","Akabeko","Toxic Egg 2","Bronze Scales","StoneCalendar","ClockworkSouvenir","InkBottle","Blue Candle","Bag of Marbles","MealTicket","Velvet Choker","Toy Ornithopter","Question Card","PreservedInsect","Ginger","Bag of Preparation","Boot","Potion Belt","Cauldron","Prayer Wheel","Orichalcum","Gambling Chip","Sundial","Strawberry","Centennial Puzzle","Oddly Smooth Stone"],"acts_visited":["Exordium","TheCity","TheBeyond","TheEnding"],"potions_floor_usage":[8,13,56,56],"damage_taken":[{"damage":0,"enemies":"Jaw Worm","floor":1,"turns":1},{"damage":0,"enemies":"Cultist","floor":2,"turns":1},{"damage":0,"enemies":"Small Slimes","floor":3,"turns":1},{"damage":0,"enemies":"Blue Slaver","floor":4,"turns":1},{"damage":0,"enemies":"Gremlin Gang","floor":5,"turns":2},{"damage":0,"enemies":"Lagavulin","floor":6,"turns":1},{"damage":0,"enemies":"Gremlin Nob","floor":7,"turns":1},{"damage":0,"enemies":"3 Sentries","floor":8,"turns":1},{"damage":0,"enemies":"Gremlin Nob","floor":10,"turns":1},{"damage":0,"enemies":"Looter","floor":11,"turns":1},{"damage":0,"enemies":"Lagavulin","floor":12,"turns":1},{"damage":0,"enemies":"Gremlin Nob","floor":14,"turns":1},{"damage":0,"enemies":"Hexaghost","floor":16,"turns":1},{"damage":0,"enemies":"3 Byrds","floor":18,"turns":1},{"damage":0,"enemies":"Chosen","floor":19,"turns":1},{"damage":0,"enemies":"Snake Plant","floor":21,"turns":1},{"damage":0,"enemies":"Snecko","floor":22,"turns":1},{"damage":0,"enemies":"Gremlin Leader","floor":23,"turns":1},{"damage":0,"enemies":"Book of Stabbing","floor":24,"turns":1},{"damage":0,"enemies":"Slavers","floor":25,"turns":1},{"damage":0,"enemies":"Centurion and Healer","floor":28,"turns":1},{"damage":0,"enemies":"Gremlin Leader","floor":29,"turns":1},{"damage":0,"enemies":"Book of Stabbing","floor":30,"turns":1},{"damage":0,"enemies":"Gremlin Leader","floor":31,"turns":1},{"damage":0,"enemies":"Automaton","floor":33,"turns":1},{"damage":0,"enemies":"3 Shapes","floor":35,"turns":1},{"damage":0,"enemies":"Orb Walker","floor":36,"turns":1},{"damage":0,"enemies":"Transient","floor":37,"turns":2},{"damage":0,"enemies":"Jaw Worm Horde","floor":39,"turns":1},{"damage":0,"enemies":"Reptomancer","floor":40,"turns":1},{"damage":0,"enemies":"Giant Head","floor":41,"turns":1},{"damage":0,"enemies":"Reptomancer","floor":42,"turns":1},{"damage":0,"enemies":"Sphere and 2 Shapes","floor":46,"turns":1},{"damage":11,"enemies":"4 Shapes","floor":47,"turns":2},{"damage":0,"enemies":"Giant Head","floor":48,"turns":1},{"damage":0,"enemies":"Time Eater","floor":50,"turns":1},{"damage":0,"enemies":"Donu and Deca","floor":51,"turns":1},{"damage":0,"enemies":"Shield and Spear","floor":55,"turns":1},{"damage":122,"enemies":"The Heart","floor":56,"turns":4}],"seed_played":"1945588867328255882","potions_obtained":[{"floor":3,"key":"LiquidBronze"},{"floor":4,"key":"SmokeBomb"},{"floor":5,"key":"SpeedPotion"},{"floor":6,"key":"Fruit Juice"},{"floor":8,"key":"EssenceOfSteel"},{"floor":14,"key":"EssenceOfSteel"},{"floor":29,"key":"DistilledChaos"},{"floor":33,"key":"SpeedPotion"},{"floor":37,"key":"BloodPotion"},{"floor":44,"key":"Block Potion"},{"floor":44,"key":"DuplicationPotion"}],"is_trial":true,"path_per_floor":["M","M","M","M","M","E","E","E","T","E","M","E","$","E","R","B",null,"M","M","$","M","M","E","E","E","T","$","M","E","E","E","R","B",null,"M","M","M","$","M","E","E","E","T","$","$","M","M","E","R","B","B",null,"R","$","E","B",null],"character_chosen":"IRONCLAD","items_purchased":["Fruit Juice","Ancient Tea Set","HandDrill","Akabeko","StoneCalendar","ClockworkSouvenir","Dual Wield+1","Toy Ornithopter","Question Card","Potion Belt","Cauldron","Prayer Wheel","Orichalcum","Strawberry","Centennial Puzzle","FairyPotion"],"campfire_rested":0,"item_purchase_floors":[13,13,20,20,27,27,27,38,38,44,44,45,45,54,54,54],"current_hp_per_floor":[76,79,81,83,85,87,89,96,96,98,100,102,107,109,109,111,118,120,122,122,124,126,128,130,132,132,132,134,136,138,140,140,142,142,144,146,148,148,150,152,154,156,156,156,156,160,159,166,166,166,166,166,166,173,175,104],"gold":120,"neow_bonus":"","is_daily":false,"chose_seed":false,"campfire_upgraded":0,"win_rate":0.0,"timestamp":1608036360,"path_taken":["M","M","M","M","M","E","E","E","T","E","M","E","$","E","R","BOSS","M","M","$","M","M","E","E","E","T","$","M","E","E","E","R","BOSS","M","M","M","$","M","E","E","E","T","$","$","M","M","E","R","BOSS","BOSS","R","$","E","BOSS"],"items_purchased_type":["Potion","Relic","Relic","Relic","Relic","Relic","Card","Relic","Relic","Relic","Relic","Relic","Relic","Relic","Relic","Potion"],"build_version":"2020-12-13","purchased_purges":1,"victory":true,"max_hp_per_floor":[77,79,81,83,85,87,89,96,96,98,100,102,107,109,109,111,118,120,122,122,124,126,128,130,132,132,132,134,136,138,140,140,142,142,144,146,148,148,150,152,154,156,156,156,156,160,164,166,166,166,166,166,166,173,175,175],"card_choices":[{"not_picked":["Armaments","Entrench"],"picked":"Singing Bowl","floor":1},{"not_picked":["Burning Pact","Perfected Strike"],"picked":"Singing Bowl","floor":2},{"not_picked":["True Grit","Warcry"],"picked":"Singing Bowl","floor":3},{"not_picked":["Dual Wield","Clash"],"picked":"Singing Bowl","floor":4},{"not_picked":["Exhume","Shockwave"],"picked":"Singing Bowl","floor":5},{"not_picked":["Juggernaut","Limit Break"],"picked":"Singing Bowl","floor":6},{"not_picked":["Berserk","Immolate"],"picked":"Singing Bowl","floor":7},{"not_picked":["Limit Break","Immolate"],"picked":"Singing Bowl","floor":8},{"not_picked":["Double Tap","Exhume"],"picked":"Singing Bowl","floor":10},{"not_picked":["Havoc","Bloodletting"],"picked":"Singing Bowl","floor":11},{"not_picked":["Feed","Brutality"],"picked":"Singing Bowl","floor":12},{"not_picked":["Bludgeon","Brutality"],"picked":"Singing Bowl","floor":14},{"not_picked":["Fiend Fire+1","Feed+1"],"picked":"Singing Bowl","floor":16},{"not_picked":["Heavy Blade+1","Iron Wave+1"],"picked":"Singing Bowl","floor":17},{"not_picked":["Sword Boomerang+1","Feel No Pain+1"],"picked":"Singing Bowl","floor":18},{"not_picked":["Blood for Blood+1","True Grit"],"picked":"Singing Bowl","floor":19},{"not_picked":["Flex","Warcry"],"picked":"Singing Bowl","floor":21},{"not_picked":["Shrug It Off","Whirlwind+1"],"picked":"Singing Bowl","floor":22},{"not_picked":["Double Tap+1","Bludgeon+1"],"picked":"Singing Bowl","floor":23},{"not_picked":["Barricade","Impervious+1"],"picked":"Singing Bowl","floor":24},{"not_picked":["Feed+1","Double Tap+1"],"picked":"Singing Bowl","floor":25},{"not_picked":["Rage+1","Wild Strike+1"],"picked":"Singing Bowl","floor":28},{"not_picked":["Reaper+1","Barricade"],"picked":"Singing Bowl","floor":29},{"not_picked":["Double Tap+1","Corruption"],"picked":"Singing Bowl","floor":30},{"not_picked":["Bludgeon+1","Immolate+1"],"picked":"Singing Bowl","floor":31},{"not_picked":["Brutality","Berserk"],"picked":"Singing Bowl","floor":33},{"not_picked":["Spot Weakness+1","Anger+1"],"picked":"Singing Bowl","floor":35},{"not_picked":["Headbutt+1","Sentinel+1"],"picked":"Singing Bowl","floor":36},{"not_picked":["Carnage+1","Sentinel+1"],"picked":"Singing Bowl","floor":37},{"not_picked":["Combust","Thunderclap+1","Entrench+1"],"picked":"Singing Bowl","floor":39},{"not_picked":["Impervious+1","Immolate+1","Fiend Fire+1"],"picked":"Singing Bowl","floor":40},{"not_picked":["Corruption","Bludgeon+1","Offering+1"],"picked":"Singing Bowl","floor":41},{"not_picked":["Exhume+1","Brutality","Impervious+1"],"picked":"Singing Bowl","floor":42},{"not_picked":["Reckless Charge+1","Pommel Strike+1","Hemokinesis+1"],"picked":"Singing Bowl","floor":46},{"not_picked":["Heavy Blade+1","Ghostly Armor+1","Perfected Strike+1"],"picked":"Singing Bowl","floor":46},{"not_picked":["Flex+1","Power Through+1","Blood for Blood+1"],"picked":"Singing Bowl","floor":47},{"not_picked":["Uppercut+1","Iron Wave+1","Body Slam+1"],"picked":"Singing Bowl","floor":47},{"not_picked":["Limit Break+1","Berserk","Demon Form"],"picked":"Singing Bowl","floor":48},{"not_picked":["Immolate+1","Berserk","Brutality"],"picked":"Singing Bowl","floor":55}],"player_experience":738468,"relics_obtained":[{"floor":6,"key":"Lizard Tail"},{"floor":7,"key":"Nunchaku"},{"floor":8,"key":"Incense Burner"},{"floor":9,"key":"Omamori"},{"floor":10,"key":"Whetstone"},{"floor":12,"key":"Anchor"},{"floor":14,"key":"Pen Nib"},{"floor":15,"key":"Molten Egg 2"},{"floor":23,"key":"Toxic Egg 2"},{"floor":25,"key":"Bronze Scales"},{"floor":29,"key":"InkBottle"},{"floor":30,"key":"Blue Candle"},{"floor":31,"key":"Bag of Marbles"},{"floor":32,"key":"MealTicket"},{"floor":40,"key":"PreservedInsect"},{"floor":41,"key":"Ginger"},{"floor":42,"key":"Bag of Preparation"},{"floor":43,"key":"Boot"},{"floor":48,"key":"Gambling Chip"},{"floor":53,"key":"Sundial"},{"floor":55,"key":"Oddly Smooth Stone"}],"event_choices":[],"is_beta":false,"boss_relics":[{"not_picked":["Empty Cage","Black Star"],"picked":"Tiny House"},{"not_picked":["Snecko Eye","Runic Dome"],"picked":"Velvet Choker"}],"items_purged_floors":[27],"is_endless":false,"potions_floor_spawned":[3,4,5,6,8,10,14,16,19,28,29,33,37,40,41,48],"ascension_level":20}}