{"host":"nn0usk9aafse27ii","time":1608061191,"event":{"mods":["Act Like it!","BaseMod","Colored Map","Highlight Path","Minty Spire (QoL Compilation)","Replay The Spire","Shop Mod","StSLib"],"gold_per_floor":[118,137,137,212,137,137,170,170,217,234,285,285,300,4,4,101,101,113,123,133,44,64,64,93,93,93,106,120,120,130,146,146,242,242,254,9,48,59,70,99,111,111,135,135,135,135,154,154,154,154,154,154,1,29,29,29],"floor_reached":55,"playtime":6411,"items_purged":["Strike_R","Strike_R"],"score":921,"play_id":"ce59d7be-345c-4df6-94f7-1882d7714bba","local_time":"20201215113951","is_ascension_mode":false,"campfire_choices":[{"data":"ReplayTheSpireMod:LeadingStrike","floor":6.0,"key":"SMITH"},{"data":"Brutality","floor":8.0,"key":"SMITH"},{"floor":12.0,"key":"RECALL"},{"data":"ReplayTheSpireMod:Brewmster","floor":15.0,"key":"SMITH"},{"data":"Entrench","floor":23.0,"key":"SMITH"},{"floor":25.0,"key":"REST"},{"data":"Juggernaut","floor":32.0,"key":"SMITH"},{"data":"Life Link","floor":42.0,"key":"SMITH"},{"data":"ReplayTheSpireMod:Private Reserves","floor":45.0,"key":"SMITH"},{"data":"ReplayTheSpireMod:Limb From Limb","floor":49.0,"key":"SMITH"},{"data":"ReplayTheSpireMod:Limb From Limb","floor":52.0,"key":"SMITH"}],"circlet_count":0,"master_deck":["Defend_R","Defend_R+1","Defend_R","Defend_R+1","ReplayTheSpireMod:LeadingStrike+1","Brutality+1","Thunderclap","Entrench+1","ReplayTheSpireMod:Brewmster+1","Reaper","Clothesline","ReplayTheSpireMod:Stacked","Replay:Parry","Shrug It Off","Juggernaut+1","Inflame","Metallicize","Fire Breathing+1","Hemogenesis","Flex+1","Twin Strike+1","Run Through+1","Rupture+1","Replay:Bootleg Shield Generator","Infernal Blade+1","Carnage+1","Life Link+1","ReplayTheSpireMod:Private Reserves+1","ReplayTheSpireMod:Limb From Limb+1","Blind","ReplayTheSpireMod:Limb From Limb+1"],"relics":["Burning Blood","NeowsBlessing","Nunchaku","Blood Vial","Vajra","Painkiller Herb","Quantum Egg","Iron Hammer","Replay:Grab Bag","ChewingGum","Mark of Pain","Astrolabe","Runic Cube","Toolbox","Bag of Marbles","Omamori","War Paint","Unceasing Top"],"acts_visited":["Exordium","TheCity","TheBeyond","TheEnding"],"potions_floor_usage":[55,55,55],"damage_taken":[{"damage":0.0,"enemies":"Cultist","floor":1.0,"turns":1.0},{"damage":0.0,"enemies":"Small Slimes","floor":2.0,"turns":1.0},{"damage":0.0,"enemies":"3 Sentries","floor":7.0,"turns":1.0},{"damage":5.0,"enemies":"Jaw Worm","floor":10.0,"turns":3.0},{"damage":30.0,"enemies":"Exordium Thugs","floor":13.0,"turns":4.0},{"damage":62.0,"enemies":"The Guardian","floor":16.0,"turns":11.0},{"damage":13.0,"enemies":"Chosen","floor":18.0,"turns":4.0},{"damage":9.0,"enemies":"3 Byrds","floor":19.0,"turns":5.0},{"damage":9.0,"enemies":"Shelled Parasite and Fungi","floor":20.0,"turns":5.0},{"damage":5.0,"enemies":"Snecko","floor":22.0,"turns":5.0},{"damage":36.0,"enemies":"Slavers","floor":24.0,"turns":6.0},{"damage":4.0,"enemies":"Snake Plant","floor":27.0,"turns":4.0},{"damage":15.0,"enemies":"Centurion and Healer","floor":28.0,"turns":7.0},{"damage":28.0,"enemies":"Shelled Parasite and Fungi","floor":30.0,"turns":6.0},{"damage":11.0,"enemies":"Snake Plant","floor":31.0,"turns":5.0},{"damage":65.0,"enemies":"Pondfish","floor":33.0,"turns":13.0},{"damage":2.0,"enemies":"Orb Walker","floor":35.0,"turns":3.0},{"damage":4.0,"enemies":"3 Shapes","floor":37.0,"turns":4.0},{"damage":15.0,"enemies":"Sphere and 2 Shapes","floor":38.0,"turns":4.0},{"damage":16.0,"enemies":"Jaw Worm Horde","floor":39.0,"turns":5.0},{"damage":11.0,"enemies":"R_Hoarder","floor":40.0,"turns":5.0},{"damage":20.0,"enemies":"Maw","floor":41.0,"turns":5.0},{"damage":10.0,"enemies":"4 Shapes","floor":47.0,"turns":2.0},{"damage":64.0,"enemies":"Time Eater","floor":50.0,"turns":10.0},{"damage":22.0,"enemies":"Shield and Spear","floor":54.0,"turns":3.0},{"damage":90,"enemies":"The Heart","floor":55,"turns":5}],"seed_played":"-2332126953314548227","potions_obtained":[{"floor":2.0,"key":"Toxic Potion"},{"floor":13.0,"key":"Energy Potion"},{"floor":16.0,"key":"SkillPotion"},{"floor":19.0,"key":"Dexterity Potion"},{"floor":20.0,"key":"FairyPotion"},{"floor":31.0,"key":"Elixir"},{"floor":35.0,"key":"ColorlessPotion"},{"floor":37.0,"key":"SneckoOil"},{"floor":41.0,"key":"Toxic Potion"},{"floor":54.0,"key":"Adrenaline Potion"}],"is_trial":false,"path_per_floor":["M","M","?","?","$","R","E","R","T","M","T","R","M","$","R","B",null,"?","?","?","T","?","T","E","T","T","?","?","T","?","?","T","B",null,"?","T","?","?","?","E","?","T","T","?","T","?","?","?","T","B",null,"T","T","E","B"],"character_chosen":"IRONCLAD","items_purchased":["ReplayTheSpireMod:Brewmster","Replay:Parry","Toolbox","Replay:Bootleg Shield Generator","War Paint"],"campfire_rested":1,"item_purchase_floors":[14,21,36,36,53],"current_hp_per_floor":[80,80,77,66,66,66,72,72,72,75,75,75,53,53,53,15,80,73,78,77,77,80,80,50,74,74,78,71,71,70,67,67,22,80,80,80,80,76,80,75,80,80,80,80,80,80,76,76,76,54,80,80,80,64,0,0],"gold":29,"neow_bonus":"THREE_ENEMY_KILL","is_daily":false,"chose_seed":false,"campfire_upgraded":9,"win_rate":0.0,"timestamp":1608061191,"path_taken":["M","?","?","?","?","R","E","R","T","?","?","R","M","$","R","BOSS","?","?","?","T","?","T","E","T","T","?","?","T","?","?","T","BOSS","?","T","?","?","?","E","?","T","T","?","T","?","?","?","T","BOSS","T","T","E","BOSS"],"items_purchased_type":["Card","Card","Relic","Card","Relic"],"build_version":"2020-12-13","purchased_purges":2,"victory":false,"max_hp_per_floor":[80,80,80,80,80,80,80,80,80,80,80,80,80,80,80,80,80,80,80,80,80,80,80,80,80,80,80,80,80,80,80,80,80,80,80,80,80,80,80,80,80,80,80,80,80,80,80,80,80,80,80,80,80,80,80,80],"card_choices":[{"not_picked":["Clothesline","Anger"],"picked":"ReplayTheSpireMod:LeadingStrike","floor":1.0},{"not_picked":["Rage","Wild Strike","Heavy Blade"],"picked":"SKIP","floor":2.0},{"not_picked":["Whirlwind","Anger"],"picked":"Brutality","floor":7.0},{"not_picked":["Twin Strike","Body Slam"],"picked":"Thunderclap","floor":10.0},{"not_picked":["Armaments","Feel No Pain"],"picked":"Entrench","floor":13.0},{"not_picked":["Double Tap","Fiend Fire"],"picked":"Reaper","floor":16.0},{"not_picked":["ReplayTheSpireMod:Strike From Hell","Pommel Strike+1"],"picked":"Clothesline","floor":18.0},{"not_picked":["Dropkick","Warcry+1"],"picked":"ReplayTheSpireMod:Stacked","floor":19.0},{"not_picked":["Sentinel","True Grit","Evolve+1"],"picked":"SKIP","floor":20.0},{"not_picked":["Sword Boomerang","ReplayTheSpireMod:Strike From Hell"],"picked":"Shrug It Off","floor":22.0},{"not_picked":["Combust","Inflame"],"picked":"Juggernaut","floor":24.0},{"not_picked":["Cleave","Clothesline"],"picked":"Inflame","floor":27.0},{"not_picked":["Armaments","Ghostly Armor+1"],"picked":"Metallicize","floor":28.0},{"not_picked":["Flex","Twin Strike","Headbutt"],"picked":"SKIP","floor":30.0},{"not_picked":["Dark Embrace+1","Twin Strike"],"picked":"Fire Breathing+1","floor":31.0},{"not_picked":["Offering","Double Tap"],"picked":"Hemogenesis","floor":33.0},{"not_picked":["Warcry","Heavy Blade+1"],"picked":"Rupture+1","floor":35.0},{"not_picked":["Run Through","Cleave+1","Anger"],"picked":"SKIP","floor":37.0},{"not_picked":["Body Slam","Entrench"],"picked":"Infernal Blade+1","floor":38.0},{"not_picked":["ReplayTheSpireMod:Strike From Hell","Burning Pact+1"],"picked":"Carnage+1","floor":39.0},{"not_picked":["Blood for Blood","Headbutt","Cleave+1"],"picked":"SKIP","floor":40.0},{"not_picked":["Ghostly Armor+1","Sword Boomerang+1"],"picked":"Life Link","floor":41.0},{"not_picked":["Crow Ritual","Good Instincts"],"picked":"ReplayTheSpireMod:Private Reserves","floor":44.0},{"not_picked":["ReplayTheSpireMod:Strike From Hell","Shrug It Off","Thunderclap"],"picked":"SKIP","floor":47.0},{"not_picked":["Shrug It Off","Flex","Abandon+1"],"picked":"SKIP","floor":54.0}],"player_experience":268481,"relics_obtained":[{"floor":7.0,"key":"Blood Vial"},{"floor":11.0,"key":"Vajra"},{"floor":24.0,"key":"Quantum Egg"},{"floor":26.0,"key":"Iron Hammer"},{"floor":40.0,"key":"Bag of Marbles"},{"floor":43.0,"key":"Omamori"},{"floor":54.0,"key":"Unceasing Top"}],"event_choices":[{"damage_healed":0.0,"max_hp_gain":0.0,"max_hp_loss":0.0,"gold_gain":0.0,"event_name":"Scrap Ooze","player_choice":"Success","floor":3.0,"gold_loss":0.0,"damage_taken":3.0,"relics_obtained":["Nunchaku"]},{"damage_healed":0.0,"max_hp_gain":0.0,"max_hp_loss":0.0,"gold_gain":75.0,"event_name":"World of Goop","player_choice":"Gather Gold","floor":4.0,"gold_loss":0.0,"damage_taken":11.0},{"damage_healed":0.0,"max_hp_gain":0.0,"max_hp_loss":0.0,"gold_gain":0.0,"event_name":"SensoryStone","player_choice":"Memory 1","floor":44.0,"gold_loss":0.0,"damage_taken":0.0},{"damage_healed":0.0,"max_hp_gain":0.0,"max_hp_loss":0.0,"gold_gain":0.0,"cards_transformed":["Bash"],"event_name":"Transmorgrifier","player_choice":"Transformed","floor":46.0,"gold_loss":0.0,"damage_taken":0.0,"cards_obtained":["ReplayTheSpireMod:Limb From Limb"]},{"damage_healed":0.0,"max_hp_gain":0.0,"max_hp_loss":0.0,"gold_gain":0.0,"event_name":"Match and Keep!","player_choice":"2 cards matched","floor":48.0,"gold_loss":0.0,"damage_taken":0.0,"cards_obtained":["Blind","ReplayTheSpireMod:Limb From Limb"]}],"is_beta":false,"boss_relics":[{"not_picked":["SlaversCollar","Electric Blood"],"picked":"Painkiller Herb"},{"not_picked":["Ring of Chaos","Pandora\u0027s Box"],"picked":"Replay:Grab Bag"},{"not_picked":["Ooze Armor","Runic Dome"],"picked":"ChewingGum"},{"not_picked":["Philosopher\u0027s Stone","Cursed Key"],"picked":"Mark of Pain"},{"not_picked":["Runic Pyramid","Kintsugi"],"picked":"Astrolabe"},{"not_picked":["Calling Bell","Black Star"],"picked":"Runic Cube"}],"items_purged_floors":[5,14],"is_endless":false,"potions_floor_spawned":[2,13,16,19,20,24,31,35,37,41,54],"killed_by":"The Heart","ascension_level":0}}