{"host":"0fmi5fguj5lvt8pf","time":1608058570,"event":{"mods":["BaseMod","BetterRewards","Colored Map","Downfall","Minty Spire (QoL Compilation)","Permanent Neow","StSLib"],"gold_per_floor":[199,299,299,330,93,93,118,118,118,118,26,45,45,30,46,144,144,144,163,163,176,192,192,192,204,204,230,115,115,125,145,161,266,266,266],"floor_reached":34,"playtime":2286,"items_purged":["champ:Defend","Regret"],"score":368,"play_id":"eabc0c75-ce81-4127-857a-e8201c7dae37","local_time":"20201215105610","is_ascension_mode":false,"campfire_choices":[{"data":"champ:Taunt","floor":1.0,"key":"SMITH"},{"floor":3.0,"key":"REST"},{"data":"champ:Improvising","floor":8.0,"key":"SMITH"},{"data":"champ:AdrenalArmor","floor":10.0,"key":"SMITH"},{"data":"1","floor":18.0,"key":"LIFT"},{"data":"champ:FocusedBerserking","floor":23,"key":"SMITH"}],"circlet_count":0,"master_deck":["champ:Strike+1","champ:Strike","champ:Strike","champ:Strike+1","champ:Defend","champ:Defend","champ:Execute","champ:Taunt+1","champ:Lariat+1","champ:AdrenalArmor+1","champ:RageSigil","champ:Control","champ:Improvising+1","champ:Circumvent","champ:FocusedBerserking+1","CurseOfTheBell","champ:FocusedBerserking","champ:AdrenalArmor","champ:EnragedBash","champ:Encircle","champ:SkillfulDodge+1","champ:StanceDance+1","champ:EnchantCrown"],"relics":["champ:ChampionCrown","Champion Belt","Gremlin Horn","Girya","Calling Bell","Bag of Preparation","Pantograph","champ:SignatureFinisher","Sundial","champ:BerserkersGuideToSlaughter","Unceasing Top","SlaversCollar"],"acts_visited":["Exordium","TheCity","TheBeyond"],"potions_floor_usage":[21,27,28],"damage_taken":[{"damage":54.0,"floor":2.0,"turns":6.0},{"damage":28.0,"enemies":"Lagavulin","floor":4.0,"turns":7.0},{"damage":20.0,"enemies":"downfall:FleeingMerchant","floor":5.0,"turns":4.0},{"damage":75.0,"enemies":"downfall:FleeingMerchant","floor":11.0,"turns":4.0},{"damage":51.0,"enemies":"Small Slimes","floor":12.0,"turns":4.0},{"damage":48.0,"enemies":"downfall:FleeingMerchant","floor":14.0,"turns":4.0},{"damage":55.0,"enemies":"Jaw Worm","floor":15.0,"turns":3.0},{"damage":148.0,"enemies":"downfall:Defect","floor":16.0,"turns":7.0},{"damage":67.0,"enemies":"Spheric Guardian","floor":19.0,"turns":6.0},{"damage":60,"enemies":"3 Byrds","floor":21,"turns":5},{"damage":100,"enemies":"Centurion and Healer","floor":22,"turns":5},{"damage":40,"enemies":"Snecko","floor":25,"turns":4},{"damage":73,"enemies":"Slavers","floor":27,"turns":4},{"damage":71,"enemies":"downfall:FleeingMerchant","floor":28,"turns":4},{"damage":80,"enemies":"3 Cultists","floor":30,"turns":5},{"damage":43,"enemies":"Sentry and Sphere","floor":31,"turns":2},{"damage":28,"enemies":"Snake Plant","floor":32,"turns":2},{"damage":160,"enemies":"downfall:Silent","floor":33,"turns":7}],"seed_played":"6037198691992442204","potions_obtained":[{"floor":2.0,"key":"FearPotion"},{"floor":12.0,"key":"Strength Potion"},{"floor":16.0,"key":"SteroidPotion"},{"floor":21,"key":"BlessingOfTheForge"},{"floor":22,"key":"Fire Potion"},{"floor":29,"key":"CultistPotion"},{"floor":32,"key":"Guardian:BlockOnCardUsePotion"}],"is_trial":false,"path_per_floor":["R","?","R","E","$","?","T","R","?","R","$","M","T","$","M","B",null,"R","M","?","M","M","R","T","M","?","E","$","?","M","M","M","B",null],"character_chosen":"THE_CHAMP","items_purchased":["champ:Control","champ:Improvising","champ:FocusedBerserking"],"campfire_rested":1,"item_purchase_floors":[5,5,11],"current_hp_per_floor":[90,46,73,55,55,85,85,85,85,85,66,90,90,90,90,15,90,90,84,84,69,90,90,90,90,90,90,86,86,76,95,95,75,95,95],"gold":266,"neow_bonus":"HUNDRED_GOLD","is_daily":false,"chose_seed":false,"campfire_upgraded":4,"win_rate":0.0,"timestamp":1608058570,"path_taken":["R","?","R","E","$","?","T","R","?","R","?","M","?","$","M","BOSS","R","M","?","M","?","R","T","M","?","E","?","?","M","M","M","BOSS"],"items_purchased_type":["Card","Card","Card"],"build_version":"2020-12-13","purchased_purges":2,"victory":false,"max_hp_per_floor":[90,90,90,90,90,90,90,90,90,90,90,90,90,90,90,90,90,90,90,90,90,90,90,90,90,90,90,95,95,95,95,95,95,95,95],"card_choices":[{"not_picked":["champ:RecklessLeap","champ:GladiatorsShout"],"picked":"champ:Lariat","floor":2.0},{"not_picked":["champ:GladiatorsShout","champ:BringItOn"],"picked":"champ:AdrenalArmor","floor":4.0},{"not_picked":["champ:BerserkersShout","champ:DefensiveShout"],"picked":"champ:RageSigil","floor":5.0},{"not_picked":["champ:FlashCut","champ:IronFortress"],"picked":"champ:Circumvent","floor":11.0},{"not_picked":["champ:BringItOn","champ:Balance","champ:ShieldSigil"],"picked":"SKIP","floor":12.0},{"not_picked":["champ:FalseCounter","champ:EnGarde","champ:BerserkersShout"],"picked":"SKIP","floor":14.0},{"not_picked":["champ:CrookedStrike","champ:Circumvent","champ:ShieldSigil"],"picked":"SKIP","floor":15.0},{"not_picked":["champ:DefensiveStyle","champ:RapidStrikes"],"picked":"champ:FocusedBerserking","floor":19.0},{"not_picked":["champ:BerserkersShout","champ:FanOfKnives+1"],"picked":"champ:AdrenalArmor","floor":21},{"not_picked":["champ:Lariat+1","champ:RapidStrikes"],"picked":"champ:EnragedBash","floor":22},{"not_picked":["champ:Backstep+1","champ:Haymaker+1","champ:AdrenalArmor"],"picked":"SKIP","floor":25},{"not_picked":["champ:StrikeOfGenius","champ:DancingMaster"],"picked":"champ:FightOn","floor":27},{"not_picked":["champ:Aggression","champ:DefensiveStyle"],"picked":"champ:Encircle","floor":28},{"not_picked":["champ:Lariat+1","champ:Haymaker+1","champ:AdrenalArmor"],"picked":"SKIP","floor":30},{"not_picked":["champ:PreciseThrust","champ:BladeFlurry"],"picked":"champ:SkillfulDodge+1","floor":31},{"not_picked":["champ:DefensiveShout","champ:BringItOn"],"picked":"champ:StanceDance+1","floor":32},{"not_picked":["champ:IgnorePain","champ:HeavySlash"],"picked":"champ:EnchantCrown","floor":33}],"player_experience":1164485,"relics_obtained":[{"floor":2.0,"key":"Champion Belt"},{"floor":4.0,"key":"Gremlin Horn"},{"floor":13.0,"key":"Girya"},{"floor":17.0,"key":"Bag of Preparation"},{"floor":17.0,"key":"Pantograph"},{"floor":17.0,"key":"champ:SignatureFinisher"},{"floor":24,"key":"Sundial"},{"floor":27,"key":"Unceasing Top"}],"event_choices":[{"damage_healed":30.0,"max_hp_gain":0.0,"max_hp_loss":0.0,"gold_gain":0.0,"event_name":"Big Fish","player_choice":"Banana","floor":6.0,"gold_loss":0.0,"damage_taken":0.0},{"cards_removed":["champ:Defend"],"damage_healed":0,"gold_gain":0,"player_choice":"Offered Basic","damage_taken":0,"max_hp_gain":0,"max_hp_loss":0,"event_name":"Bonfire Elementals","floor":20,"gold_loss":0}],"is_beta":false,"boss_relics":[{"not_picked":["Cursed Key","sneckomod:SneckoTalon"],"picked":"Calling Bell"},{"not_picked":["Runic Pyramid","Philosopher\u0027s Stone"],"picked":"SlaversCollar"}],"items_purged_floors":[5,28],"is_endless":false,"potions_floor_spawned":[2,12,16,21,22,32],"ascension_level":0}}