{"host":"rwzz6mk6bpmb57ql","time":1608011303,"event":{"mods":["BaseMod","BetterRewards","Colored Map","Highlight Path","Hubris","Minty Spire (QoL Compilation)","Replay The Spire","StSLib"],"gold_per_floor":[5109,4645,4661,4679,4679,4679,4679,4679,4679,4709,4709,4723,4723,4723,4733,4743,4743,4843,4843,4854,4953,4680,4700,4719,4224,4257,4257,4280,4293,4307,4307,4321,4245,4245,4343,4343,4354,4368,4290,4304,4318,4347,4366,4399,4399,3964,3981,3991,3991,3971,3971,3971,3971,3971,3487,3513,3513],"floor_reached":58,"playtime":2912,"items_purged":["Strike_R","Defend_R","Strike_R","Defend_R","Defend_R","Body Slam","Corruption"],"score":2081,"play_id":"5f5d0bf6-9c5d-4658-aed9-a9bce9730612","local_time":"20201214234823","is_ascension_mode":true,"campfire_choices":[{"floor":6,"key":"RECALL"},{"data":"Anger","floor":11,"key":"SMITH"},{"data":"Seeing Red","floor":17,"key":"SMITH"},{"data":"Flex","floor":27,"key":"SMITH"},{"data":"Hemokinesis","floor":31,"key":"SMITH"},{"data":"Intimidate","floor":34,"key":"SMITH"},{"data":"Demonic Infusion","floor":51,"key":"SMITH"},{"data":"hubris:StunningStrike","floor":54,"key":"SMITH"}],"circlet_count":0,"master_deck":["Strike_R","Bash+1","Feed+1","Dropkick","Infernal Blade+1","Anger+1","True Grit+1","Intimidate+1","Seeing Red+1","Flex+1","Replay:Many Hands+1","CurseOfTheBell","hubris:StunningStrike+1","Shockwave+1","Hemokinesis+1","Blood for Blood+1","Replay:Undeath\u0027s Touch","Flex+1","Replay:Undeath\u0027s Touch+1","Demonic Infusion+1","Bash","Spot Weakness"],"relics":["Burning Blood","Membership Card","hubris:BottledRain","Gremlin Food","Bag of Preparation","Whetstone","hubris:EvacipatedBox","ClockworkSouvenir","Replay:PocketPolymizer","Orichalcum","ReplayTheSpireMod:Ninjato","Replay:Mystery Machine","Calling Bell","Replay:Rubber Ducky","Ornamental Fan","Bird Faced Urn","Strawberry","Lizard Tail","hubris:Spice","Replay:Bottled Eggs","Lee\u0027s Waffle","HornCleat","King of Hearts","Pet Ghost","hubris:ScarierMask","Bag of Marbles","hubris:CrystalStatue","Sundial","Juzu Bracelet","hubris:IronBody","Anchor"],"acts_visited":["Exordium","TheCity","TheBeyond","TheEnding"],"potions_floor_usage":[16,23,24,35,40,40,48,56,57],"damage_taken":[{"damage":9,"enemies":"2 Louse","floor":1,"turns":2},{"damage":0,"enemies":"Small Slimes","floor":3,"turns":2},{"damage":12,"enemies":"Jaw Worm","floor":4,"turns":3},{"damage":12,"enemies":"3 Sentries","floor":10,"turns":3},{"damage":0,"enemies":"Lots of Slimes","floor":12,"turns":2},{"damage":0,"enemies":"Exordium Thugs","floor":15,"turns":2},{"damage":0,"enemies":"2 Fungi Beasts","floor":16,"turns":2},{"damage":0,"enemies":"Slime Boss","floor":18,"turns":4},{"damage":0,"enemies":"Spheric Guardian","floor":20,"turns":3},{"damage":0,"enemies":"Shell Parasite","floor":23,"turns":1},{"damage":8,"enemies":"3 Cultists","floor":24,"turns":4},{"damage":37,"enemies":"Slavers","floor":26,"turns":5},{"damage":6,"enemies":"Centurion and Healer","floor":29,"turns":3},{"damage":0,"enemies":"Snake Plant","floor":30,"turns":2},{"damage":2,"enemies":"3 Cultists","floor":32,"turns":3},{"damage":6,"enemies":"Pondfish","floor":35,"turns":6},{"damage":2,"enemies":"Orb Walker","floor":37,"turns":2},{"damage":0,"enemies":"3 Darklings","floor":38,"turns":4},{"damage":11,"enemies":"Spire Growth","floor":40,"turns":2},{"damage":6,"enemies":"Maw","floor":41,"turns":5},{"damage":0,"enemies":"Reptomancer","floor":42,"turns":3},{"damage":4,"enemies":"Sphere and 2 Shapes","floor":43,"turns":1},{"damage":4,"enemies":"R_Hoarder","floor":44,"turns":7},{"damage":10,"enemies":"4 Shapes","floor":47,"turns":1},{"damage":2,"enemies":"Spire Growth","floor":48,"turns":2},{"damage":16,"enemies":"hubris:GrandSnecko","floor":52,"turns":4},{"damage":0,"enemies":"Shield and Spear","floor":56,"turns":1},{"damage":63,"enemies":"The Heart","floor":57,"turns":7}],"seed_played":"2915831189298521910","potions_obtained":[{"floor":3,"key":"ElixirPotion"},{"floor":10,"key":"BloodPotion"},{"floor":15,"key":"FairyPotion"},{"floor":20,"key":"Elixir"},{"floor":23,"key":"Swift Potion"},{"floor":30,"key":"Swift Potion"},{"floor":37,"key":"BlessingOfTheForge"},{"floor":38,"key":"Fire Potion"},{"floor":43,"key":"Adrenaline Potion"},{"floor":47,"key":"DuplicationPotion"},{"floor":56,"key":"Adrenaline Potion"}],"is_trial":false,"path_per_floor":["M","$","M","M","?","R","?","$","T","E","R","M","PTL","PTL","M","M","R_BF","B",null,"M","?","$","M","M","$","E","R","T","M","M","R","M","?","R","B",null,"M","M","$","M","M","E","M","E","T","$","M","M","?","?","R","B",null,"R","$","E","B",null],"character_chosen":"IRONCLAD","items_purchased":["Membership Card","hubris:BottledRain","Infernal Blade","hubris:CleavingFinish","Gremlin Food","Bag of Preparation","Whetstone","hubris:EvacipatedBox","ClockworkSouvenir","Replay:PocketPolymizer","Orichalcum","ReplayTheSpireMod:Ninjato","Strawberry","Lizard Tail","Corruption","hubris:StunningStrike","hubris:Spice","Replay:Bottled Eggs","Lee\u0027s Waffle","Bag of Marbles","hubris:Spice","hubris:Spice","Juzu Bracelet","Spot Weakness","hubris:Spice","hubris:Spice","hubris:IronBody","Explosive Potion"],"campfire_rested":0,"item_purchase_floors":[2,2,2,2,2,8,8,8,8,8,8,8,22,22,25,25,25,25,25,39,46,46,46,55,55,55,55,55],"current_hp_per_floor":[160,160,166,160,160,160,160,33,33,91,91,101,101,101,111,156,156,162,182,182,182,189,189,191,208,177,177,177,177,183,183,191,191,191,191,212,212,212,212,207,207,220,224,224,224,208,200,200,200,200,200,190,200,200,184,176,119],"gold":3513,"neow_bonus":"ONE_RANDOM_RARE_CARD","is_daily":false,"chose_seed":false,"campfire_upgraded":7,"win_rate":0.0,"timestamp":1608011303,"path_taken":["M","$","M","M","?","R","?","?","T","E","R","M","PTL","PTL","?","M","R_BF","BOSS","M","?","$","M","M","$","E","R","T","M","M","R","M","?","R","BOSS","M","?","$","M","M","E","M","E","T","$","M","M","?","?","R","BOSS","R","$","E","BOSS"],"items_purchased_type":["Relic","Relic","Card","Card","Relic","Relic","Relic","Relic","Relic","Relic","Relic","Relic","Relic","Relic","Card","Card","Relic","Relic","Relic","Relic","Relic","Relic","Relic","Card","Relic","Relic","Relic","Potion"],"build_version":"2020-12-13","purchased_purges":7,"victory":true,"max_hp_per_floor":[163,163,166,166,166,166,166,166,166,170,170,174,174,174,178,182,182,182,182,182,182,189,189,193,208,208,208,208,208,208,208,212,212,212,212,212,212,212,212,212,212,220,224,224,224,208,200,200,200,200,200,200,200,200,184,176,176],"card_choices":[{"not_picked":["Armaments","ReplayTheSpireMod:Stacked"],"picked":"Dropkick","floor":1},{"not_picked":["Sever Soul","Rupture","Armaments"],"picked":"SKIP","floor":3},{"not_picked":["Rage","Carnage"],"picked":"Anger","floor":4},{"not_picked":["ReplayTheSpireMod:Strike From Hell","Warcry","ReplayTheSpireMod:Stacked"],"picked":"SKIP","floor":10},{"not_picked":["ReplayTheSpireMod:Strike From Hell","Entrench"],"picked":"Intimidate","floor":12},{"not_picked":["Body Slam","Inflame"],"picked":"Seeing Red","floor":15},{"not_picked":["Anger","Dropkick"],"picked":"Flex","floor":16},{"not_picked":["Fiend Fire","Barricade"],"picked":"Replay:Many Hands","floor":18},{"not_picked":["Anger","Wild Strike+1","Shrug It Off"],"picked":"SKIP","floor":20},{"not_picked":["Bloodletting","Twin Strike","Life Link+1"],"picked":"SKIP","floor":23},{"not_picked":["Entrench+1","ReplayTheSpireMod:Strike From Hell+1","Heavy Blade"],"picked":"SKIP","floor":24},{"not_picked":["Run Through","Thunderclap+1"],"picked":"Shockwave+1","floor":26},{"not_picked":["Armaments","Wild Strike","Pummel+1"],"picked":"SKIP","floor":29},{"not_picked":["Berserk","Body Slam"],"picked":"Hemokinesis","floor":30},{"not_picked":["Anger+1","Infernal Blade+1","Battle Trance+1"],"picked":"SKIP","floor":32},{"not_picked":["Armaments","ReplayTheSpireMod:Limb From Limb"],"picked":"Blood for Blood+1","floor":37},{"not_picked":["hubris:ReadiedAction","Run Through","ReplayTheSpireMod:LeadingStrike"],"picked":"SKIP","floor":38},{"not_picked":["Carnage","Armaments"],"picked":"Replay:Undeath\u0027s Touch","floor":40},{"not_picked":["Anger+1","Shockwave"],"picked":"Flex+1","floor":41},{"not_picked":["Anger+1","Eclipse","Intimidate"],"picked":"SKIP","floor":42},{"not_picked":["Bloodletting+1","ReplayTheSpireMod:Strike From Hell"],"picked":"Replay:Undeath\u0027s Touch+1","floor":43},{"not_picked":["Entrench+1","Perfected Strike+1","Fire Breathing"],"picked":"SKIP","floor":44},{"not_picked":["Shrug It Off+1","Cleave+1"],"picked":"hubris:SpiceAddiction","floor":47},{"not_picked":["Flex","Shrug It Off+1","hubris:SharpeningStone+1"],"picked":"SKIP","floor":48},{"not_picked":["Berserk","Uppercut"],"picked":"hubris:SpiceAddiction","floor":56}],"player_experience":16062,"relics_obtained":[{"floor":10,"key":"Replay:Mystery Machine"},{"floor":19,"key":"Replay:Rubber Ducky"},{"floor":19,"key":"Ornamental Fan"},{"floor":19,"key":"Bird Faced Urn"},{"floor":26,"key":"HornCleat"},{"floor":28,"key":"King of Hearts"},{"floor":42,"key":"hubris:Spice"},{"floor":44,"key":"hubris:CrystalStatue"},{"floor":45,"key":"Sundial"},{"floor":56,"key":"Anchor"}],"event_choices":[{"damage_healed":0,"gold_gain":99,"player_choice":"Stole From Cult","damage_taken":0,"max_hp_gain":0,"max_hp_loss":0,"event_name":"Nest","floor":21,"gold_loss":0},{"damage_healed":0,"gold_gain":0,"player_choice":"Paid Gold","damage_taken":0,"relics_obtained":["Pet Ghost"],"max_hp_gain":0,"max_hp_loss":0,"event_name":"WeMeetAgain","floor":33,"gold_loss":76},{"damage_healed":0,"gold_gain":0,"player_choice":"2 cards matched","damage_taken":0,"max_hp_gain":0,"max_hp_loss":0,"event_name":"Match and Keep!","floor":49,"gold_loss":0,"cards_obtained":["Demonic Infusion","Bash"]},{"damage_healed":0,"gold_gain":0,"player_choice":"Bought 1 Potion","damage_taken":0,"max_hp_gain":0,"max_hp_loss":0,"event_name":"The Woman in Blue","floor":50,"gold_loss":0}],"is_beta":false,"boss_relics":[{"not_picked":["Astrolabe","ChewingGum","Snecko Eye"],"picked":"Calling Bell"},{"not_picked":["hubris:GrandSneckoEye","Tiny House","Black Star"],"picked":"hubris:ScarierMask"}],"items_purged_floors":[2,8,8,8,8,22,46],"is_endless":false,"potions_floor_spawned":[3,10,15,20,23,30,37,38,43,47,56],"ascension_level":3}}