{"host":"zekcc3vicrep0och","time":1608041640,"event":{"mods":["AchievementEnabler","BaseMod","Colored Map","Colored Powertips","Displayed Cursed Tome","Minty Spire (QoL Compilation)","Relic Stats","StSLib"],"gold_per_floor":[116,134,154,173,173,201,214,13,37,72,72,24,24,34,34,139,139,157,157,157,157,147,147,165,165,188,227,227,247,282,301,301,411,411,439,450,459,491,491,491,518,518,588,617,630,665,272,314,314,314],"floor_reached":51,"playtime":3286,"items_purged":["Strike_B","Writhe"],"score":1284,"play_id":"82ca2612-1884-4fa9-a123-0fa0197f8c30","local_time":"20201215171400","is_ascension_mode":true,"campfire_choices":[{"data":"Creative AI","floor":11.0,"key":"SMITH"},{"data":"Loop","floor":13.0,"key":"SMITH"},{"data":"Zap","floor":15.0,"key":"SMITH"},{"floor":23.0,"key":"REST"},{"data":"Self Repair","floor":25.0,"key":"SMITH"},{"data":"Force Field","floor":28.0,"key":"SMITH"},{"data":"Double Energy","floor":32.0,"key":"SMITH"},{"data":"Consume","floor":40.0,"key":"SMITH"},{"floor":42.0,"key":"REST"},{"floor":49,"key":"REST"}],"circlet_count":0,"master_deck":["AscendersBane","Strike_B+1","Defend_B+1","Defend_B+1","Defend_B+1","Defend_B+1","Zap+1","Dualcast","Machine Learning","Redo","Coolheaded","Loop+1","White Noise","Creative AI+1","Undo","Self Repair+1","Storm","Thunder Strike+1","Chaos+1","Force Field+1","Conserve Battery","Conserve Battery+1","Consume+1","Double Energy+1","Reboot","Cold Snap+1","Parasite","Steam+1","Force Field+1","Skim","Fusion+1"],"relics":["Cracked Core","Dead Branch","Bag of Marbles","Art of War","SlaversCollar","Enchiridion","Ancient Tea Set","CeramicFish","Sundial","Inserter","Incense Burner","Letter Opener","Blue Candle","Membership Card","Whetstone","Centennial Puzzle","Turnip"],"acts_visited":["TheCity","TheBeyond"],"potions_floor_usage":[50],"damage_taken":[{"damage":0.0,"enemies":"Cultist","floor":1.0,"turns":3.0},{"damage":0.0,"enemies":"2 Louse","floor":2.0,"turns":2.0},{"damage":0.0,"enemies":"Small Slimes","floor":3.0,"turns":2.0},{"damage":12.0,"enemies":"2 Fungi Beasts","floor":4.0,"turns":4.0},{"damage":16.0,"enemies":"3 Sentries","floor":6.0,"turns":6.0},{"damage":10.0,"enemies":"Large Slime","floor":7.0,"turns":5.0},{"damage":0.0,"enemies":"Lagavulin","floor":10.0,"turns":8.0},{"damage":1.0,"enemies":"Exordium Thugs","floor":14.0,"turns":6.0},{"damage":16.0,"enemies":"The Guardian","floor":16.0,"turns":8.0},{"damage":13.0,"enemies":"Chosen","floor":18.0,"turns":4.0},{"damage":7.0,"enemies":"2 Thieves","floor":22.0,"turns":4.0},{"damage":11.0,"enemies":"3 Cultists","floor":24.0,"turns":6.0},{"damage":8.0,"enemies":"Slavers","floor":27.0,"turns":5.0},{"damage":9.0,"enemies":"Snake Plant","floor":29.0,"turns":5.0},{"damage":5.0,"enemies":"Book of Stabbing","floor":30.0,"turns":6.0},{"damage":11.0,"enemies":"Snecko","floor":31.0,"turns":5.0},{"damage":28.0,"enemies":"Automaton","floor":33.0,"turns":9.0},{"damage":15.0,"enemies":"Orb Walker","floor":35.0,"turns":4.0},{"damage":22.0,"enemies":"3 Darklings","floor":36.0,"turns":6.0},{"damage":45.0,"enemies":"Writhing Mass","floor":38.0,"turns":11.0},{"damage":31.0,"enemies":"Nemesis","floor":41.0,"turns":7.0},{"damage":0.0,"enemies":"Jaw Worm Horde","floor":44.0,"turns":4.0},{"damage":0.0,"enemies":"Maw","floor":45.0,"turns":6.0},{"damage":12,"enemies":"Reptomancer","floor":46,"turns":5},{"damage":12,"enemies":"Giant Head","floor":48,"turns":9},{"damage":1,"enemies":"Donu and Deca","floor":50,"turns":9}],"seed_played":"2634684031299719238","potions_obtained":[{"floor":1.0,"key":"LiquidBronze"},{"floor":3.0,"key":"EntropicBrew"},{"floor":6.0,"key":"Weak Potion"},{"floor":7.0,"key":"BlessingOfTheForge"},{"floor":10.0,"key":"BlessingOfTheForge"},{"floor":24.0,"key":"DuplicationPotion"},{"floor":29.0,"key":"GamblersBrew"},{"floor":31.0,"key":"FearPotion"},{"floor":33.0,"key":"Dexterity Potion"},{"floor":36.0,"key":"CultistPotion"},{"floor":41.0,"key":"Swift Potion"},{"floor":46,"key":"Dexterity Potion"}],"is_trial":false,"path_per_floor":["M","M","M","M","?","E","M","$","T","E","R","$","R","M","R","B",null,"M","?","?","?","M","R","M","R","T","E","R","M","E","M","R","B",null,"M","M","?","M","?","R","E","R","T","M","M","E","$","E","R","B",null],"character_chosen":"DEFECT","items_purchased":["Self Repair","SkillPotion","Energy Potion","Membership Card","Whetstone","Centennial Puzzle","Regen Potion"],"campfire_rested":3,"item_purchase_floors":[8,8,12,47,47,47,47],"current_hp_per_floor":[68,68,68,56,49,33,23,23,23,30,30,30,30,36,36,27,63,57,43,27,27,20,44,40,40,40,52,52,53,58,57,57,39,70,65,53,73,38,38,38,17,41,41,41,61,59,59,57,80,80],"gold":314,"neow_bonus":"ONE_RANDOM_RARE_CARD","is_daily":false,"chose_seed":false,"campfire_upgraded":7,"win_rate":0.0,"timestamp":1608041640,"path_taken":["M","M","?","M","?","E","M","$","T","E","R","$","R","M","R","BOSS","M","?","?","?","M","R","?","R","T","E","R","M","E","M","R","BOSS","M","M","?","M","?","R","E","R","T","M","M","E","$","E","R","BOSS"],"items_purchased_type":["Card","Potion","Potion","Relic","Relic","Relic","Potion"],"build_version":"2020-12-13","purchased_purges":2,"victory":true,"max_hp_per_floor":[75,75,75,75,75,75,75,75,75,75,75,75,75,75,75,75,75,75,80,80,80,80,80,80,80,80,80,80,80,80,80,80,80,80,80,80,80,80,80,80,80,80,80,80,80,80,80,80,80,80],"relic_stats":{"Centennial Puzzle":[6],"Inserter":[30],"counters":[26,147],"Sundial":[10],"Dead Branch":[80],"CeramicFish":99,"Blue Candle":[3],"Turnip":[0],"Art of War":[57],"Letter Opener":[185],"Whetstone":["Thunder Strike"],"obtain_stats":[{"Inserter":34,"Dead Branch":6,"CeramicFish":27,"Blue Candle":46,"Enchiridion":20,"Incense Burner":41,"Letter Opener":43,"Whetstone":47,"Ancient Tea Set":26,"SlaversCollar":17,"Centennial Puzzle":47,"Sundial":30,"Turnip":48,"Bag of Marbles":9,"Art of War":10,"Membership Card":47,"Cracked Core":0},{"Inserter":17,"Dead Branch":5,"CeramicFish":13,"Blue Candle":24,"Enchiridion":10,"Incense Burner":21,"Letter Opener":21,"Whetstone":24,"Ancient Tea Set":12,"SlaversCollar":9,"Centennial Puzzle":24,"Sundial":15,"Turnip":25,"Bag of Marbles":6,"Art of War":7,"Membership Card":24,"Cracked Core":0},{"Inserter":87,"Dead Branch":16,"CeramicFish":62,"Blue Candle":130,"Enchiridion":47,"Incense Burner":115,"Letter Opener":115,"Whetstone":130,"Ancient Tea Set":57,"SlaversCollar":43,"Centennial Puzzle":130,"Sundial":73,"Turnip":138,"Bag of Marbles":21,"Art of War":29,"Membership Card":130,"Cracked Core":0}]},"card_choices":[{"not_picked":["Heatsinks","Rip and Tear"],"picked":"Redo","floor":1.0},{"not_picked":["Leap","Barrage"],"picked":"Coolheaded","floor":2.0},{"not_picked":["Storm","Self Repair"],"picked":"Loop","floor":3.0},{"not_picked":["Ball Lightning","Reinforced Body"],"picked":"White Noise","floor":4.0},{"not_picked":["Melter","Sunder"],"picked":"Creative AI","floor":6.0},{"not_picked":["Sweeping Beam","Barrage"],"picked":"Undo","floor":7.0},{"not_picked":["Stack","Barrage"],"picked":"Storm","floor":10.0},{"not_picked":["Melter","Gash","Turbo"],"picked":"SKIP","floor":14.0},{"not_picked":["All For One","Hyperbeam"],"picked":"Thunder Strike","floor":16.0},{"not_picked":["Redo","Sweeping Beam+1"],"picked":"Chaos+1","floor":18.0},{"not_picked":["Redo","Skim"],"picked":"Force Field","floor":22.0},{"not_picked":["Turbo","Ball Lightning+1"],"picked":"Conserve Battery","floor":24.0},{"not_picked":["Undo","Force Field+1"],"picked":"Conserve Battery+1","floor":27.0},{"not_picked":["Redo","Darkness","Stack+1"],"picked":"SKIP","floor":29.0},{"not_picked":["Stack","Aggregate"],"picked":"Consume","floor":30.0},{"not_picked":["Steam Power","Barrage+1"],"picked":"Double Energy","floor":31.0},{"not_picked":["Rainbow","All For One"],"picked":"Reboot","floor":33.0},{"not_picked":["Rebound","Streamline+1"],"picked":"Cold Snap+1","floor":35.0},{"not_picked":["Sweeping Beam","Rebound","Consume"],"picked":"SKIP","floor":36.0},{"not_picked":["White Noise","Gash"],"picked":"Steam+1","floor":38.0},{"not_picked":["All For One","Cold Snap","Doom and Gloom"],"picked":"SKIP","floor":41.0},{"not_picked":["Go for the Eyes","Turbo+1"],"picked":"Force Field+1","floor":44.0},{"not_picked":["Stack+1","Hello World","Aggregate"],"picked":"SKIP","floor":45.0},{"not_picked":["Rainbow","Blizzard+1"],"picked":"Skim","floor":46},{"not_picked":["Rebound+1","Turbo"],"picked":"Fusion+1","floor":48}],"player_experience":417479,"relics_obtained":[{"floor":6.0,"key":"Dead Branch"},{"floor":9.0,"key":"Bag of Marbles"},{"floor":10.0,"key":"Art of War"},{"floor":26.0,"key":"Ancient Tea Set"},{"floor":27.0,"key":"CeramicFish"},{"floor":30.0,"key":"Sundial"},{"floor":41.0,"key":"Incense Burner"},{"floor":43.0,"key":"Letter Opener"},{"floor":46,"key":"Blue Candle"},{"floor":48,"key":"Turnip"}],"event_choices":[{"cards_removed":["Strike_B"],"damage_healed":0.0,"max_hp_gain":0.0,"max_hp_loss":0.0,"gold_gain":0.0,"event_name":"Golden Wing","player_choice":"Card Removal","floor":5.0,"gold_loss":0.0,"damage_taken":7.0},{"damage_healed":0.0,"max_hp_gain":5.0,"max_hp_loss":0.0,"gold_gain":0.0,"event_name":"Forgotten Altar","player_choice":"Shed Blood","floor":19.0,"gold_loss":0.0,"damage_taken":19.0},{"damage_healed":0.0,"max_hp_gain":0.0,"max_hp_loss":0.0,"gold_gain":0.0,"event_name":"Cursed Tome","player_choice":"Obtained Book","floor":20.0,"gold_loss":0.0,"damage_taken":16.0},{"damage_healed":0.0,"max_hp_gain":0.0,"max_hp_loss":0.0,"gold_gain":0.0,"event_name":"Back to Basics","player_choice":"Simplicity","floor":21.0,"gold_loss":0.0,"damage_taken":0.0,"cards_upgraded":["Strike_B","Strike_B","Defend_B","Defend_B","Defend_B","Defend_B"]},{"damage_healed":20.0,"max_hp_gain":0.0,"max_hp_loss":0.0,"gold_gain":0.0,"event_name":"Winding Halls","player_choice":"Writhe","floor":37.0,"gold_loss":0.0,"damage_taken":0.0,"cards_obtained":["Writhe"]},{"cards_removed":["Strike_B"],"damage_healed":0.0,"max_hp_gain":0.0,"max_hp_loss":0.0,"gold_gain":0.0,"event_name":"Falling","player_choice":"Removed Attack","floor":39.0,"gold_loss":0.0,"damage_taken":0.0}],"is_beta":false,"boss_relics":[{"not_picked":["Tiny House","Empty Cage"],"picked":"SlaversCollar"},{"not_picked":["Astrolabe","Fusion Hammer"],"picked":"Inserter"}],"items_purged_floors":[8,47],"is_endless":false,"potions_floor_spawned":[1,3,6,7,10,24,29,31,33,36,41,46],"ascension_level":11}}