{"host":"qw1m3zcvi888b4j7","time":1608072816,"event":{"mods":["BaseMod","Block Reminder","Colored Map","Colored Powertips","DeckTracker","Highlight Path","Hubris","Minty Spire (QoL Compilation)","Quick Restart","Rare Cards Sparkle","Relic Sorter","Relic Stats","Replay The Spire","StSLib","The Blue Laboratory","The Cursed"],"gold_per_floor":[111,111,29,44,54,54,79,79,79,91,105,105,137,137,137,137,137],"floor_reached":16,"playtime":854,"items_purged":[],"score":116,"play_id":"288b94bb-bedb-4a1f-bd28-88e82c8cb576","local_time":"20201215235336","is_ascension_mode":true,"campfire_choices":[{"floor":6,"key":"RECALL"},{"data":"Anger","floor":8,"key":"SMITH"},{"data":"Replay:Undeath\u0027s Touch","floor":15,"key":"SMITH"}],"circlet_count":0,"master_deck":["Strike_R","Strike_R","Strike_R","Strike_R","Strike_R","Defend_R","Defend_R+1","Defend_R","Defend_R","Bash","Defend_B","TheCursedMod:CursedWand","hubris:StunningStrike+1","True Grit","Second Wind","Anger+1","Dual Wield","ReplayTheSpireMod:Muscle Training","Sentinel","Replay:Undeath\u0027s Touch+1","Dark Embrace+1","Searing Blow","Injury"],"relics":["Burning Blood","hubris:CrystalStatue","Replay:Ringing Soul","King of Hearts","Golden Idol"],"acts_visited":["Exordium"],"potions_floor_usage":[13,16],"damage_taken":[{"damage":1,"enemies":"Cultist","floor":1,"turns":3},{"damage":0,"enemies":"Jaw Worm","floor":4,"turns":5},{"damage":7,"enemies":"2 Louse","floor":5,"turns":2},{"damage":39,"enemies":"Lagavulin","floor":7,"turns":9},{"damage":1,"enemies":"2 Fungi Beasts","floor":10,"turns":5},{"damage":7,"enemies":"Blue Slaver","floor":11,"turns":3},{"damage":11,"enemies":"Gremlin Nob","floor":13,"turns":4},{"damage":42,"enemies":"Hexaghost","floor":16,"turns":10}],"seed_played":"3981631871603803820","potions_obtained":[{"floor":7,"key":"SpeedPotion"},{"floor":11,"key":"Venom Potion"}],"is_trial":false,"path_per_floor":["M","?","$","M","M","R","E","R","T","M","M","?","E","?","R","B"],"character_chosen":"IRONCLAD","items_purchased":["Second Wind","Anger"],"campfire_rested":0,"item_purchase_floors":[3,3],"current_hp_per_floor":[80,80,80,80,79,79,46,46,46,54,56,39,37,40,40,0,0],"gold":137,"neow_bonus":"THREE_RARE_CARDS","is_daily":false,"chose_seed":false,"campfire_upgraded":2,"win_rate":0.0,"timestamp":1608072816,"path_taken":["M","?","?","M","M","R","E","R","T","M","M","?","E","?","R","BOSS"],"items_purchased_type":["Card","Card"],"build_version":"2020-12-13","purchased_purges":0,"victory":false,"max_hp_per_floor":[80,80,80,80,80,80,80,80,80,83,86,86,89,92,92,92,92],"relic_stats":{"counters":[8,41],"Golden Idol":0,"obtain_stats":[{"Replay:Ringing Soul":9,"hubris:CrystalStatue":7,"Golden Idol":14,"King of Hearts":13,"Burning Blood":0},{"Replay:Ringing Soul":4,"hubris:CrystalStatue":4,"Golden Idol":7,"King of Hearts":7,"Burning Blood":0},{"Replay:Ringing Soul":19,"hubris:CrystalStatue":19,"Golden Idol":31,"King of Hearts":31,"Burning Blood":0}],"Burning Blood":31},"card_choices":[{"not_picked":["Reaper","Fiend Fire"],"picked":"hubris:StunningStrike","floor":0},{"not_picked":["Run Through","Heavy Blade"],"picked":"True Grit","floor":1},{"not_picked":["Anger","Iron Wave"],"picked":"Dual Wield","floor":4},{"not_picked":["Ghostly Armor","Power Through"],"picked":"ReplayTheSpireMod:Muscle Training","floor":5},{"not_picked":["ReplayTheSpireMod:Strike From Hell","Intimidate"],"picked":"Sentinel","floor":7},{"not_picked":["Pommel Strike","Fiend Fire"],"picked":"Replay:Undeath\u0027s Touch","floor":10},{"not_picked":["Whirlwind","Perfected Strike"],"picked":"Dark Embrace","floor":11},{"not_picked":["Sword Boomerang","Iron Wave"],"picked":"Searing Blow","floor":13}],"player_experience":81936,"relics_obtained":[{"floor":7,"key":"hubris:CrystalStatue"},{"floor":9,"key":"Replay:Ringing Soul"},{"floor":13,"key":"King of Hearts"}],"event_choices":[{"damage_healed":0,"gold_gain":0,"player_choice":"Upgraded","damage_taken":0,"max_hp_gain":0,"max_hp_loss":0,"event_name":"Upgrade Shrine","floor":2,"gold_loss":0,"cards_upgraded":["hubris:StunningStrike"]},{"damage_healed":0,"gold_gain":0,"player_choice":"Entered Light","damage_taken":17,"max_hp_gain":0,"max_hp_loss":0,"event_name":"Shining Light","floor":12,"gold_loss":0,"cards_upgraded":["Dark Embrace","Defend_R"]},{"damage_healed":0,"gold_gain":0,"player_choice":"Take Wound","damage_taken":0,"relics_obtained":["Golden Idol"],"max_hp_gain":0,"max_hp_loss":0,"event_name":"Golden Idol","floor":14,"gold_loss":0,"cards_obtained":["Injury"]}],"is_beta":false,"boss_relics":[],"items_purged_floors":[],"is_endless":false,"potions_floor_spawned":[7,11],"killed_by":"Hexaghost","ascension_level":1}}