{"host":"sc0o2qwpf9j16a4i","time":1608055568,"event":{"mods":["AchievementEnabler","BaseMod","BetterRewards","Block Reminder","Colored Map","Colored Powertips","Custom Start","Highlight Path","Minty Spire (QoL Compilation)","Relic Stats"],"gold_per_floor":[15,30,30,45,45,45,77,77,103,138,156,156,182,201,201,201,201],"floor_reached":16,"playtime":454,"items_purged":[],"score":268,"play_id":"834c8f7f-769e-4632-9c87-2d616acd38dc","local_time":"20201215200608","is_ascension_mode":true,"campfire_choices":[{"data":"Eruption","floor":6,"key":"SMITH"},{"data":"Omniscience","floor":8,"key":"SMITH"},{"data":"FlyingSleeves","floor":15,"key":"SMITH"}],"circlet_count":0,"master_deck":["AscendersBane","Strike_P","Strike_P","Strike_P","Strike_P","Defend_P","Defend_P","Defend_P","Defend_P","Eruption+1","Vigilance","SandsOfTime+1","EmptyFist","FollowUp","Omniscience+1","Halt","InnerPeace","CarveReality","FlyingSleeves+1"],"relics":["PureWater","Bird Faced Urn","Ancient Tea Set","Happy Flower","Potion Belt","Shovel"],"acts_visited":["Exordium"],"potions_floor_usage":[7,10,16],"damage_taken":[{"damage":0,"enemies":"2 Louse","floor":1,"turns":2},{"damage":8,"enemies":"Small Slimes","floor":2,"turns":3},{"damage":4,"enemies":"Jaw Worm","floor":4,"turns":3},{"damage":15,"enemies":"Lagavulin","floor":7,"turns":5},{"damage":9,"enemies":"3 Sentries","floor":10,"turns":6},{"damage":1,"enemies":"Exordium Wildlife","floor":11,"turns":3},{"damage":0,"enemies":"Lagavulin","floor":13,"turns":4},{"damage":0,"enemies":"3 Louse","floor":14,"turns":3},{"damage":18,"enemies":"Hexaghost","floor":16,"turns":7}],"seed_played":"-2253017839647091668","potions_obtained":[{"floor":2,"key":"Dexterity Potion"},{"floor":4,"key":"Strength Potion"},{"floor":10,"key":"Strength Potion"},{"floor":14,"key":"BottledMiracle"}],"is_trial":false,"path_per_floor":["M","M","?","M","$","R","E","R","T","E","M","?","E","M","R","B"],"character_chosen":"WATCHER","items_purchased":[],"campfire_rested":0,"item_purchase_floors":[],"current_hp_per_floor":[61,53,53,49,49,49,34,34,34,25,24,24,24,24,24,6,6],"gold":201,"neow_bonus":"ONE_RARE_RELIC","is_daily":false,"chose_seed":false,"campfire_upgraded":3,"win_rate":0.0,"timestamp":1608055568,"path_taken":["M","M","?","M","$","R","E","R","T","E","M","?","E","M","R","BOSS"],"items_purchased_type":[],"build_version":"2020-12-13","purchased_purges":0,"victory":false,"max_hp_per_floor":[68,68,68,68,68,68,68,68,68,68,68,68,68,68,68,68,68],"relic_stats":{"Shovel":0,"Happy Flower":[7],"counters":[9,36],"Bird Faced Urn":[0],"obtain_stats":[{"Potion Belt":10,"Shovel":13,"Happy Flower":9,"Bird Faced Urn":0,"PureWater":0,"Ancient Tea Set":7},{"Potion Belt":5,"Shovel":7,"Happy Flower":4,"Bird Faced Urn":0,"PureWater":0,"Ancient Tea Set":4},{"Potion Belt":19,"Shovel":26,"Happy Flower":13,"Bird Faced Urn":0,"PureWater":0,"Ancient Tea Set":13}]},"card_choices":[{"not_picked":["EmptyBody","WheelKick"],"picked":"SandsOfTime","floor":1},{"not_picked":["PathToVictory","JustLucky"],"picked":"EmptyFist","floor":2},{"not_picked":["Prostrate","CarveReality"],"picked":"FollowUp","floor":4},{"not_picked":["Halt","EmptyBody"],"picked":"Omniscience","floor":7},{"not_picked":["Brilliance","Nirvana"],"picked":"Halt","floor":10},{"not_picked":["ClearTheMind","ThirdEye"],"picked":"InnerPeace","floor":11},{"not_picked":["DeceiveReality","Halt"],"picked":"CarveReality","floor":13},{"not_picked":["EmptyFist","WheelKick"],"picked":"FlyingSleeves","floor":14}],"player_experience":345554,"relics_obtained":[{"floor":7,"key":"Ancient Tea Set"},{"floor":9,"key":"Happy Flower"},{"floor":10,"key":"Potion Belt"},{"floor":13,"key":"Shovel"}],"event_choices":[{"damage_healed":0,"gold_gain":0,"player_choice":"Grow","damage_taken":0,"max_hp_gain":0,"max_hp_loss":0,"event_name":"Living Wall","floor":3,"gold_loss":0,"cards_upgraded":["SandsOfTime"]},{"damage_healed":0,"gold_gain":0,"player_choice":"Ignored","damage_taken":0,"max_hp_gain":0,"max_hp_loss":0,"event_name":"Liars Game","floor":12,"gold_loss":0}],"is_beta":false,"boss_relics":[],"items_purged_floors":[],"is_endless":false,"potions_floor_spawned":[2,4,10,14],"killed_by":"Hexaghost","ascension_level":17}}