{"host":"rqd50iigewdjy74u","time":1608021777,"event":{"mods":["AchievementEnabler","BaseMod","BetterRewards","Custom Start","Minty Spire (QoL Compilation)","StSLib"],"gold_per_floor":[118,138,138,138,157,189,189,217,217,217,229,246,246,61,61,157,157,169,169,169,179,25,25,54,54,81,1,25,25,25],"floor_reached":29,"playtime":1116,"items_purged":[],"score":349,"play_id":"1118aedb-f1ee-4efd-a941-66842d96b4e9","local_time":"20201215024257","is_ascension_mode":false,"campfire_choices":[{"data":"Deadly Poison","floor":7,"key":"SMITH"},{"data":"Cleave","floor":10,"key":"SMITH"},{"data":"Streamline","floor":15,"key":"SMITH"},{"data":"RitualDagger","floor":23,"key":"SMITH"},{"data":"Doppelganger","floor":25,"key":"SMITH"}],"circlet_count":0,"master_deck":["Strike_G","Strike_G","Strike_G","Strike_G","Defend_G","Defend_G","Defend_G","Defend_G","Survivor","Neutralize","Dagger Throw","Deadly Poison+1","FTL","Beam Cell","Cleave+1","Streamline+1","Anger","Well Laid Plans","Doppelganger+1","Clash","Outmaneuver","Bouncing Flask","RitualDagger+1","Poisoned Stab","After Image","Footwork"],"relics":["Ring of the Snake","PrismaticShard","Snake Skull","Pantograph","Pocketwatch","Bag of Marbles","Unceasing Top","Orichalcum","SacredBark","Lantern","Toy Ornithopter","Bronze Scales","Juzu Bracelet"],"acts_visited":["Exordium","TheCity"],"potions_floor_usage":[6,16,18,21],"damage_taken":[{"damage":11,"enemies":"Jaw Worm","floor":1,"turns":4},{"damage":4,"enemies":"Cultist","floor":2,"turns":3},{"damage":2,"enemies":"2 Louse","floor":5,"turns":3},{"damage":20,"enemies":"3 Sentries","floor":6,"turns":9},{"damage":12,"enemies":"Gremlin Nob","floor":8,"turns":4},{"damage":0,"enemies":"2 Fungi Beasts","floor":11,"turns":2},{"damage":0,"enemies":"Exordium Wildlife","floor":12,"turns":1},{"damage":36,"enemies":"The Guardian","floor":16,"turns":8},{"damage":0,"enemies":"3 Byrds","floor":18,"turns":2},{"damage":11,"enemies":"2 Thieves","floor":21,"turns":4},{"damage":36,"enemies":"Gremlin Leader","floor":24,"turns":4},{"damage":22,"enemies":"Slavers","floor":29,"turns":1}],"seed_played":"5685795581394277897","potions_obtained":[{"floor":1,"key":"SkillPotion"},{"floor":8,"key":"Block Potion"},{"floor":12,"key":"GamblersBrew"},{"floor":16,"key":"Explosive Potion"},{"floor":21,"key":"Swift Potion"},{"floor":24,"key":"GamblersBrew"}],"is_trial":false,"path_per_floor":["M","M","?","?","M","E","R","E","T","R","M","M","?","$","R","B",null,"M","?","?","M","$","R","E","R","T","$","T","E"],"character_chosen":"THE_SILENT","items_purchased":["PrismaticShard","Snake Skull","Dagger Throw","Orichalcum","Well Laid Plans","Lantern","Footwork"],"campfire_rested":0,"item_purchase_floors":[0,0,0,14,14,22,27],"current_hp_per_floor":[48,44,41,46,44,24,24,12,12,12,12,12,17,17,17,6,75,75,75,69,58,58,58,22,22,22,22,22,0,0],"gold":25,"neow_bonus":"","is_daily":false,"chose_seed":false,"campfire_upgraded":5,"win_rate":0.0,"timestamp":1608021777,"path_taken":["M","M","?","?","?","E","R","E","T","R","M","?","?","$","R","BOSS","M","?","?","M","?","R","E","R","T","$","?","E"],"items_purchased_type":["Relic","Relic","Card","Relic","Card","Relic","Card"],"build_version":"2020-12-13","purchased_purges":0,"victory":false,"max_hp_per_floor":[70,70,70,70,70,70,70,70,70,70,70,70,75,75,75,75,75,75,75,75,75,75,75,75,75,75,75,75,75,75],"card_choices":[{"not_picked":["Second Wind","EmptyBody"],"picked":"SashWhip","floor":1},{"not_picked":["Madness","Reprogram"],"picked":"Deadly Poison","floor":2},{"not_picked":["Fusion","EmptyBody"],"picked":"FTL","floor":5},{"not_picked":["Ball Lightning","JustLucky"],"picked":"Beam Cell","floor":6},{"not_picked":["Coolheaded","Iron Wave"],"picked":"Cleave","floor":8},{"not_picked":["ClearTheMind","EmptyMind"],"picked":"Streamline","floor":11},{"not_picked":["Armaments","Riddle With Holes"],"picked":"Anger","floor":12},{"not_picked":["Unload","Seek"],"picked":"Doppelganger","floor":16},{"not_picked":["Consecrate","Clothesline"],"picked":"Clash","floor":18},{"not_picked":["SashWhip","Twin Strike"],"picked":"Poisoned Stab","floor":21},{"not_picked":["Battle Trance+1","Chill"],"picked":"After Image","floor":24}],"player_experience":48215,"relics_obtained":[{"floor":6,"key":"Pocketwatch"},{"floor":8,"key":"Bag of Marbles"},{"floor":9,"key":"Unceasing Top"},{"floor":24,"key":"Toy Ornithopter"},{"floor":26,"key":"Bronze Scales"},{"floor":28,"key":"Juzu Bracelet"}],"event_choices":[{"damage_healed":0,"gold_gain":0,"player_choice":"Success","damage_taken":3,"relics_obtained":["Pantograph"],"max_hp_gain":0,"max_hp_loss":0,"event_name":"Scrap Ooze","floor":3,"gold_loss":0},{"cards_removed":["SashWhip"],"damage_healed":5,"gold_gain":0,"player_choice":"Offered Common","damage_taken":0,"max_hp_gain":0,"max_hp_loss":0,"event_name":"Bonfire Elementals","floor":4,"gold_loss":0},{"cards_removed":["SashWhip"],"damage_healed":5,"gold_gain":0,"player_choice":"Offered Special","damage_taken":0,"max_hp_gain":0,"max_hp_loss":0,"event_name":"Bonfire Elementals","floor":4,"gold_loss":0},{"damage_healed":0,"gold_gain":0,"player_choice":"Donut","damage_taken":0,"max_hp_gain":5,"max_hp_loss":0,"event_name":"Big Fish","floor":13,"gold_loss":0},{"damage_healed":0,"gold_gain":0,"cards_transformed":["Strike_G","Defend_G"],"player_choice":"Became Test Subject","damage_taken":0,"max_hp_gain":0,"max_hp_loss":0,"event_name":"Drug Dealer","floor":19,"gold_loss":0,"cards_obtained":["Outmaneuver","Bouncing Flask"]},{"damage_healed":0,"gold_gain":0,"player_choice":"Joined the Cult","damage_taken":6,"max_hp_gain":0,"max_hp_loss":0,"event_name":"Nest","floor":20,"gold_loss":0,"cards_obtained":["RitualDagger"]}],"is_beta":false,"boss_relics":[{"not_picked":["Ectoplasm","Cursed Key"],"picked":"SacredBark"}],"items_purged_floors":[],"is_endless":false,"potions_floor_spawned":[1,8,12,16,21,24],"killed_by":"Slavers","ascension_level":0}}