{"host":"zi8o4akxlgxypwgb","time":1608026104,"event":{"mods":["BaseMod","Minty Spire (QoL Compilation)","Replay The Spire","StSLib","SuperFastMode"],"gold_per_floor":[118,118,180,192,204,227,267,279,291,334,346,371,400,438,450,567,579,604,616,628,652,682,694,718,761,773,1060,1091,1103,1103],"floor_reached":29,"playtime":2358,"items_purged":[],"score":439,"play_id":"6787f96c-8e14-42b9-894a-51ccaaf0f55b","local_time":"20201215175504","is_ascension_mode":true,"campfire_choices":[{"data":"Armaments","floor":8.0,"key":"SMITH"},{"data":"Limit Break","floor":11.0,"key":"SMITH"},{"data":"Seeing Red","floor":15.0,"key":"SMITH"},{"data":"Eclipse","floor":23.0,"key":"SMITH"}],"circlet_count":0,"master_deck":["Strike_R","Strike_R","Strike_R","Strike_R","Strike_R","Defend_R","Defend_R","Defend_R","Defend_R","Bash","Limit Break+1","Armaments+1","Looming Evil","Perfected Strike","Run Through","ReplayTheSpireMod:Restless Dread","Flex","Sword Boomerang","Seeing Red+1","Shame","Clash","Eclipse+1","Clumsy","Uppercut","Sword Boomerang+1","Run Through","Overencumbered","CommonCold","Pain","ReplayTheSpireMod:Splinters","Delirium","Headbutt","Dropkick+1","Regret","Shame","Overencumbered","Hallucinations","Twin Strike"],"relics":["Burning Blood","MawBank","ReplayTheSpireMod:Ring of Exchange","Ring of Greed","Tiny Chest","Smiling Mask","Replay:Baseball","Ginger","Art of War","Garlic","Du-Vu Doll","Potion Belt","Mark of Pain","Mirror","Blue Doll","Replay:Rubber Ducky"],"acts_visited":["Exordium","TheCity"],"potions_floor_usage":[29],"damage_taken":[{"damage":0.0,"enemies":"Small Slimes","floor":1.0,"turns":3.0},{"damage":0.0,"enemies":"2 Louse","floor":6.0,"turns":2.0},{"damage":38.0,"enemies":"Gremlin Nob","floor":7.0,"turns":5.0},{"damage":15.0,"enemies":"Lagavulin","floor":10.0,"turns":7.0},{"damage":9.0,"enemies":"Jaw Worm","floor":12.0,"turns":2.0},{"damage":0.0,"enemies":"3 Louse","floor":13.0,"turns":2.0},{"damage":14.0,"enemies":"Gremlin Nob","floor":14.0,"turns":3.0},{"damage":46.0,"enemies":"The Guardian","floor":16.0,"turns":7.0},{"damage":6.0,"enemies":"Chosen","floor":18.0,"turns":3.0},{"damage":6.0,"enemies":"Shell Parasite","floor":21.0,"turns":2.0},{"damage":16.0,"enemies":"Snecko","floor":22.0,"turns":3.0},{"damage":6,"enemies":"Cultist and Chosen","floor":24,"turns":3},{"damage":42,"enemies":"Book of Stabbing","floor":25,"turns":5},{"damage":31,"enemies":"Sentry and Sphere","floor":28,"turns":4},{"damage":10,"enemies":"Slavers","floor":29,"turns":1}],"seed_played":"2890802343562451668","potions_obtained":[{"floor":1.0,"key":"Block Potion"},{"floor":6.0,"key":"Adrenaline Potion"},{"floor":12.0,"key":"FairyPotion"},{"floor":16.0,"key":"Block Potion"},{"floor":21.0,"key":"SpeedPotion"},{"floor":24,"key":"Reflective Coating"}],"is_trial":false,"path_per_floor":["M","?","?","T","?","M","E","R","T","E","R","M","M","E","R","B",null,"M","?","T","M","M","R","M","E","T","?","M","E"],"character_chosen":"IRONCLAD","items_purchased":[],"campfire_rested":0,"item_purchase_floors":[],"current_hp_per_floor":[62,59,59,59,59,65,33,33,33,24,24,21,27,19,19,9,80,80,80,80,80,70,70,70,34,34,34,9,0,0],"gold":1103,"neow_bonus":"THREE_RARE_CARDS","is_daily":false,"chose_seed":false,"campfire_upgraded":4,"win_rate":0.0,"timestamp":1608026104,"path_taken":["M","?","?","?","?","M","E","R","T","E","R","M","M","E","R","BOSS","M","?","?","M","M","R","M","E","T","?","?","E"],"items_purchased_type":[],"build_version":"2020-12-13","purchased_purges":0,"victory":false,"max_hp_per_floor":[80,80,80,80,80,80,80,80,80,80,80,80,80,80,80,80,80,80,80,80,80,80,80,80,80,80,80,80,80,80],"card_choices":[{"not_picked":["Juggernaut","Demonic Infusion"],"picked":"Limit Break","floor":0.0},{"not_picked":["Thunderclap","Reckless Charge"],"picked":"Armaments","floor":1.0},{"not_picked":["Rage","Rampage"],"picked":"Perfected Strike","floor":6.0},{"not_picked":["Thunderclap","Flex"],"picked":"Run Through","floor":7.0},{"not_picked":["Headbutt","Power Through"],"picked":"Flex","floor":10.0},{"not_picked":["Flex","ReplayReversal"],"picked":"Sword Boomerang","floor":12.0},{"not_picked":["Havoc","Cleave"],"picked":"Seeing Red","floor":13.0},{"not_picked":["Iron Wave","Replay:Undeath\u0027s Touch"],"picked":"Clash","floor":14.0},{"not_picked":["Demonic Infusion","Exhume"],"picked":"Eclipse","floor":16.0},{"not_picked":["Cleave","Seeing Red"],"picked":"Uppercut","floor":18.0},{"not_picked":["Reckless Charge+1","Armaments"],"picked":"Sword Boomerang+1","floor":21.0},{"not_picked":["Perfected Strike","ReplayTheSpireMod:Muscle Training+1"],"picked":"Run Through","floor":22.0},{"not_picked":["Searing Blow","ReplayTheSpireMod:Strike From Hell+1"],"picked":"Headbutt","floor":24},{"not_picked":["Uppercut","Dark Embrace"],"picked":"Dropkick+1","floor":25},{"not_picked":["Sentinel","ReplayTheSpireMod:Strike From Hell"],"picked":"Twin Strike","floor":28}],"player_experience":309761,"relics_obtained":[{"floor":3.0,"key":"ReplayTheSpireMod:Ring of Exchange"},{"floor":3.0,"key":"Ring of Greed"},{"floor":3.0,"key":"Tiny Chest"},{"floor":3.0,"key":"Smiling Mask"},{"floor":4.0,"key":"Replay:Baseball"},{"floor":7.0,"key":"Art of War"},{"floor":9.0,"key":"Garlic"},{"floor":10.0,"key":"Du-Vu Doll"},{"floor":14.0,"key":"Potion Belt"},{"floor":20.0,"key":"Mirror"},{"floor":25,"key":"Blue Doll"},{"floor":26,"key":"Replay:Rubber Ducky"}],"event_choices":[{"damage_healed":0.0,"max_hp_gain":0.0,"max_hp_loss":0.0,"gold_gain":0.0,"event_name":"Scrap Ooze","player_choice":"Success","floor":2.0,"gold_loss":0.0,"damage_taken":3.0,"relics_obtained":["MawBank"]},{"damage_healed":0.0,"max_hp_gain":0.0,"max_hp_loss":0.0,"gold_gain":0.0,"event_name":"WeMeetAgain","player_choice":"Gave Potion","floor":5.0,"gold_loss":0.0,"damage_taken":0.0,"relics_obtained":["Ginger"]},{"damage_healed":0.0,"max_hp_gain":0.0,"max_hp_loss":0.0,"gold_gain":0.0,"event_name":"Vampires","player_choice":"Ignored","floor":19.0,"gold_loss":0.0,"damage_taken":0.0},{"damage_healed":0,"gold_gain":275,"player_choice":"Desecrate","damage_taken":0,"max_hp_gain":0,"max_hp_loss":0,"event_name":"Golden Shrine","floor":27,"gold_loss":0,"cards_obtained":["Regret"]}],"is_beta":false,"boss_relics":[{"not_picked":["ClockworkSouvenir","OrangePellets"],"picked":"Mark of Pain"}],"items_purged_floors":[],"is_endless":false,"potions_floor_spawned":[1,6,12,16,21,24],"killed_by":"Slavers","ascension_level":2}}