{"host":"j6locglyv7e0c0tm","time":1608014697,"event":{"mods":["BaseMod","Better Altar","Better Match","Better Note","Better Sensory Stone","Better Skull","Better Third Choice","Better Vampires","BetterRewards","Card Forge","Colored Powertips","Custom Start","DeckTracker","Downfall","Googly Eyes","Hermit","Highlight Path","Jorbs\u0027s Wanderer Trilogy","Marked Mod","Minty Spire (QoL Compilation)","Relic Stats","Replay The Spire","Shade Mod","Shop Mod","StSLib","Swap Starting Deck Mod","The Runesmith","TheFirefly"],"gold_per_floor":[110,60,160,79,98,132,132,51,51,51,2,21,21,31,31,130,130,50,10,10,331,331,331,331,62,62,40,56,56,75,90,90,90,90],"floor_reached":33,"playtime":1695,"items_purged":[],"score":442,"play_id":"9da68609-2208-4580-9df6-6ba36d4824b7","local_time":"20201215174457","is_ascension_mode":false,"campfire_choices":[{"floor":7,"key":"RECALL"},{"floor":15,"key":"REST"},{"data":"hermit:HighNoon","floor":23,"key":"SMITH"},{"floor":32,"key":"REST"}],"circlet_count":0,"master_deck":["hermit:Strike_Hermit","hermit:Strike_Hermit","hermit:Strike_Hermit","hermit:Defend_Hermit","hermit:Defend_Hermit","hermit:Defend_Hermit","hermit:Defend_Hermit","hermit:Snapshot","hermit:Covet","hermit:Showdown","hermit:Brawl","hermit:Gestalt","hermit:BodyArmor","Apotheosis+1","hermit:HighCaliber","hermit:GhostlyPresence","hermit:HighNoon+1","stsjorbsmod:Procrastination","Looming Evil","Pain","hermit:Dive+1","ReplayTheSpireMod:IOU","hermit:EyeOfTheStorm","hermit:Deadeye"],"relics":["hermit:Momento","Hammer of Thor","Seething Fire","Anvil of the Gods","Replay:Wax Seal","Centennial Puzzle","hermit:PetGhost","Kunai","Question Card","Singing Bowl","Replay:Ancient Bell","Happy Flower","Frozen Egg 2","Durian","Shuriken","Ornamental Fan","Prayer Wheel","Replay:Bottled Flurry"],"acts_visited":["Exordium","TheCity"],"potions_floor_usage":[16,28,28,28,28,28,28],"damage_taken":[{"damage":0,"enemies":"Small Slimes","floor":1,"turns":3},{"damage":10,"enemies":"Jaw Worm","floor":4,"turns":4},{"damage":10,"enemies":"Cultist","floor":5,"turns":4},{"damage":2,"enemies":"Gremlin Nob","floor":6,"turns":4},{"damage":8,"enemies":"3 Louse","floor":8,"turns":5},{"damage":7,"enemies":"2 Fungi Beasts","floor":12,"turns":3},{"damage":19,"enemies":"Exordium Thugs","floor":14,"turns":6},{"damage":22,"enemies":"The Guardian","floor":16,"turns":10},{"damage":8,"enemies":"Spheric Guardian","floor":18,"turns":6},{"damage":79,"enemies":"Book of Stabbing","floor":25,"turns":9},{"damage":5,"enemies":"2 Thieves","floor":27,"turns":5},{"damage":1,"enemies":"Cultist and Chosen","floor":28,"turns":9},{"damage":0,"enemies":"Snecko","floor":30,"turns":7},{"damage":1,"enemies":"Centurion and Healer","floor":31,"turns":8},{"damage":100046,"enemies":"Automaton","floor":33,"turns":7}],"seed_played":"-4063031554726241889","potions_obtained":[{"floor":1,"key":"Strength Potion"},{"floor":5,"key":"Weak Potion"},{"floor":16,"key":"EntropicBrew"},{"floor":27,"key":"SneckoOil"},{"floor":28,"key":"BlessingOfTheForge"}],"is_trial":false,"path_per_floor":["M","?","?","M","M","E","R","M","T","?","$","M","?","M","R","B",null,"M","$","?","?","?","R","?","E","T","M","M","T","M","M","R","B"],"character_chosen":"HERMIT","items_purchased":["hermit:Showdown","hermit:Brawl","Replay:Wax Seal","Centennial Puzzle","hermit:PetGhost","hermit:HighCaliber","Energy Potion","Singing Bowl","Shuriken"],"campfire_rested":2,"item_purchase_floors":[0,0,0,0,0,11,11,11,19],"current_hp_per_floor":[66,66,66,56,46,44,44,36,36,36,36,29,34,17,41,19,91,83,83,83,55,55,55,85,8,8,5,8,8,12,13,44,0,0],"gold":90,"neow_bonus":"","is_daily":false,"chose_seed":false,"campfire_upgraded":1,"win_rate":0.0,"timestamp":1608014697,"path_taken":["M","?","?","M","M","E","R","?","T","?","$","M","?","M","R","BOSS","M","$","?","?","?","R","?","E","T","M","M","?","M","?","R","BOSS"],"items_purchased_type":["Card","Card","Relic","Relic","Relic","Card","Potion","Relic","Relic"],"build_version":"2020-12-13","purchased_purges":0,"victory":false,"max_hp_per_floor":[75,75,75,75,75,75,75,75,75,75,75,75,80,82,82,82,91,91,91,91,91,91,91,91,93,93,95,99,99,103,105,105,105,105],"relic_stats":{"Centennial Puzzle":[39],"Singing Bowl":20,"Happy Flower":[17],"counters":[35,192],"Shuriken":[9],"Ornamental Fan":[36],"Prayer Wheel":4,"Kunai":[15],"Question Card":17,"obtain_stats":[{"Singing Bowl":11,"Hammer of Thor":0,"Centennial Puzzle":0,"Prayer Wheel":25,"Replay:Bottled Flurry":29,"Kunai":6,"Replay:Bottled Eggs":22,"Replay:Wax Seal":0,"NeowsBlessing":0,"Happy Flower":17,"Replay:WaspNest":6,"Omamori":26,"Replay:Ancient Bell":17,"Seething Fire":0,"Frozen Egg 2":17,"Question Card":9,"White Beast Statue":25,"Anchor":11,"hermit:PetGhost":0,"Anvil of the Gods":0,"Shuriken":19,"Ornamental Fan":20,"ChewingGum":17,"Art of War":14,"Durian":17,"Grinning Jar":23,"hermit:Momento":0},{"Singing Bowl":25,"Hammer of Thor":0,"Centennial Puzzle":20,"Prayer Wheel":30,"Replay:Bottled Flurry":32,"Kunai":24,"Replay:Bottled Eggs":14,"Replay:Wax Seal":20,"NeowsBlessing":0,"Happy Flower":28,"Replay:WaspNest":5,"Omamori":16,"Replay:Ancient Bell":28,"Seething Fire":0,"Frozen Egg 2":28,"Question Card":25,"White Beast Statue":16,"Anchor":8,"hermit:PetGhost":20,"Anvil of the Gods":0,"Shuriken":29,"Ornamental Fan":29,"ChewingGum":12,"Art of War":11,"Durian":28,"Grinning Jar":15,"hermit:Momento":0},{"Singing Bowl":122,"Hammer of Thor":0,"Centennial Puzzle":102,"Prayer Wheel":156,"Replay:Bottled Flurry":170,"Kunai":117,"Replay:Bottled Eggs":64,"Replay:Wax Seal":102,"NeowsBlessing":0,"Happy Flower":141,"Replay:WaspNest":22,"Omamori":80,"Replay:Ancient Bell":141,"Seething Fire":0,"Frozen Egg 2":141,"Question Card":122,"White Beast Statue":80,"Anchor":33,"hermit:PetGhost":102,"Anvil of the Gods":0,"Shuriken":147,"Ornamental Fan":147,"ChewingGum":56,"Art of War":44,"Durian":141,"Grinning Jar":70,"hermit:Momento":0}]},"card_choices":[{"not_picked":["hermit:CalledShot","hermit:Glare","hermit:Quickdraw"],"picked":"SKIP","floor":1},{"not_picked":["hermit:CalledShot","hermit:Vantage","hermit:Glare"],"picked":"SKIP","floor":4},{"not_picked":["hermit:Coalescence","hermit:Adapt"],"picked":"hermit:Gestalt","floor":5},{"not_picked":["hermit:DeadOrAlive","hermit:LowProfile","hermit:Misfire"],"picked":"SKIP","floor":6},{"not_picked":["hermit:TakeCover","hermit:Coalescence"],"picked":"hermit:BodyArmor","floor":8},{"not_picked":["hermit:Grudge","hermit:Glare","hermit:BigShot"],"picked":"hermit:GhostlyPresence","floor":12},{"not_picked":["hermit:ItchyTrigger","hermit:Ricochet","hermit:CalledShot","hermit:Purgatory"],"picked":"Singing Bowl","floor":14},{"not_picked":["hermit:Gambit","hermit:OverwhelmingPower","hermit:Adapt"],"picked":"hermit:HighNoon","floor":16},{"not_picked":["AbeCurse","Spreading Infection","Parasite"],"picked":"stsjorbsmod:Procrastination","floor":17},{"not_picked":["CurseOfTheBell","Languid","Looming Evil","ReplayTheSpireMod:Faulty Equipment"],"picked":"Singing Bowl","floor":17},{"not_picked":["Pain","ReplayTheSpireMod:Doomed","Sickly","Injury"],"picked":"Singing Bowl","floor":17},{"not_picked":["hermit:Horror","hermit:CursedWeapon","hermit:Quickdraw"],"picked":"hermit:Dive+1","floor":18},{"not_picked":["hermit:WideOpen+1","hermit:NoHoldsBarred","hermit:RoundhouseKick","hermit:Spite+1"],"picked":"Singing Bowl","floor":25},{"not_picked":["hermit:TakeAim+1","hermit:CursedWeapon","hermit:BodyArmor"],"picked":"hermit:EyeOfTheStorm","floor":27},{"not_picked":["hermit:Vantage+1","hermit:CalledShot+1","hermit:WideOpen+1","hermit:Horror"],"picked":"Singing Bowl","floor":27},{"not_picked":["hermit:Brawl+1","hermit:Headshot","hermit:Snipe","hermit:DeadMansHand+1"],"picked":"Singing Bowl","floor":28},{"not_picked":["hermit:SprayPray+1","hermit:Snipe","hermit:TakeAim+1","hermit:Scavenge"],"picked":"Singing Bowl","floor":28},{"not_picked":["hermit:ItchyTrigger+1","hermit:Misfire","hermit:Snipe","hermit:Desperado"],"picked":"Singing Bowl","floor":30},{"not_picked":["hermit:CursedWeapon","hermit:Adapt+1","hermit:Headshot","hermit:TakeCover"],"picked":"Singing Bowl","floor":30},{"not_picked":["hermit:Combo+1","hermit:BodyArmor+1","hermit:Cheat"],"picked":"hermit:Deadeye","floor":31},{"not_picked":["hermit:Grudge+1","hermit:LowProfile+1","hermit:Brawl+1","hermit:Vantage"],"picked":"Singing Bowl","floor":31}],"player_experience":787757,"relics_obtained":[{"floor":6,"key":"Kunai"},{"floor":9,"key":"Question Card"},{"floor":25,"key":"Prayer Wheel"},{"floor":29,"key":"Replay:Bottled Flurry"}],"event_choices":[{"cards_removed":["hermit:Strike_Hermit"],"damage_healed":0,"gold_gain":0,"player_choice":"Card Removal","damage_taken":0,"max_hp_gain":0,"max_hp_loss":0,"event_name":"The Cleric","floor":2,"gold_loss":50},{"damage_healed":0,"gold_gain":100,"player_choice":"Gold","damage_taken":0,"max_hp_gain":0,"max_hp_loss":0,"event_name":"Wheel of Change","floor":3,"gold_loss":0},{"damage_healed":36,"gold_gain":0,"player_choice":"Embrace","damage_taken":0,"max_hp_gain":0,"max_hp_loss":75,"event_name":"betterThird:BetterShining","floor":10,"gold_loss":0},{"damage_healed":0,"gold_gain":0,"player_choice":"Donut","damage_taken":0,"max_hp_gain":5,"max_hp_loss":0,"event_name":"Big Fish","floor":13,"gold_loss":0},{"damage_healed":0,"gold_gain":0,"player_choice":"Gave Potion","damage_taken":0,"relics_obtained":["Ornamental Fan"],"max_hp_gain":0,"max_hp_loss":0,"event_name":"WeMeetAgain","floor":20,"gold_loss":0},{"damage_healed":0,"gold_gain":321,"player_choice":"GO GO GO ","damage_taken":31,"relics_obtained":[],"max_hp_gain":0,"max_hp_loss":0,"event_name":"betterSkull:BetterSkull","floor":21,"gold_loss":0,"cards_upgraded":[]},{"cards_removed":["Apotheosis"],"damage_healed":0,"gold_gain":0,"player_choice":"Give","damage_taken":0,"max_hp_gain":0,"max_hp_loss":0,"event_name":"betterNote:BetterNote","floor":22,"gold_loss":0,"cards_obtained":["None"]},{"damage_healed":30,"gold_gain":0,"player_choice":"Heal","damage_taken":0,"max_hp_gain":0,"max_hp_loss":0,"event_name":"The Library","floor":24,"gold_loss":0}],"is_beta":false,"boss_relics":[{"not_picked":["Replay:Drink Me","Calling Bell"],"picked":"Replay:Ancient Bell"},{"not_picked":["Potion Belt","Replay:Bandana"],"picked":"Happy Flower"},{"not_picked":["Replay:Bottled Snecko","Onion Ring"],"picked":"Frozen Egg 2"},{"not_picked":["hermit:RedScarf","Dead Branch"],"picked":"Durian"}],"items_purged_floors":[],"is_endless":false,"potions_floor_spawned":[1,5,16,27,28],"killed_by":"Automaton","ascension_level":0}}