{"host":"tbhNathan","time":1608035292,"event":{"mods":["AchievementEnabler","BaseMod","Better Third Choice","Highlight Path","Minty Spire (QoL Compilation)","StSLib"],"gold_per_floor":[112,112,112,112,125,152,152,179,233,183,183,195,195,212,212,314,314,325,325,325,335,349,349,349,379,379,379,579,589,589,589],"floor_reached":30,"playtime":3972,"items_purged":[],"score":256,"play_id":"9b0ee9e1-f0d6-4ff1-a217-e3ee69987fda","local_time":"20201215122812","is_ascension_mode":false,"campfire_choices":[{"floor":7,"key":"REST"},{"floor":11,"key":"REST"},{"data":"Chaos","floor":13,"key":"SMITH"},{"floor":15,"key":"REST"},{"floor":24,"key":"REST"},{"floor":27,"key":"REST"}],"circlet_count":0,"master_deck":["Strike_G+1","Strike_G+1","Strike_G+1","Strike_G+1","Strike_G+1","Defend_G+1","Defend_G+1","Defend_G+1","Defend_G+1","Survivor","Neutralize","Dagger Spray","Chaos+1","Terror","Skewer","Poisoned Stab","Dash","Dagger Spray","Acrobatics","Dagger Throw","Quick Slash","A Thousand Cuts","Flying Knee","Necronomicurse","Deadly Poison+1","PiercingWail","Dagger Throw","Outmaneuver","Bane+1","Sucker Punch+1"],"relics":["Ring of the Snake","Dream Catcher","MealTicket","Shuriken","Ancient Tea Set","Juzu Bracelet","SlaversCollar","Necronomicon","MutagenicStrength","White Beast Statue","Paper Crane"],"acts_visited":["Exordium","TheCity"],"potions_floor_usage":[6,12,30,30],"damage_taken":[{"damage":0,"enemies":"Small Slimes","floor":1,"turns":4},{"damage":0,"enemies":"2 Louse","floor":5,"turns":2},{"damage":39,"enemies":"3 Sentries","floor":6,"turns":6},{"damage":23,"enemies":"Lagavulin","floor":8,"turns":5},{"damage":0,"enemies":"Jaw Worm","floor":12,"turns":3},{"damage":0,"enemies":"Exordium Wildlife","floor":14,"turns":2},{"damage":28,"enemies":"Hexaghost","floor":16,"turns":6},{"damage":10,"enemies":"Chosen","floor":18,"turns":4},{"damage":12,"enemies":"Shell Parasite","floor":21,"turns":3},{"damage":22,"enemies":"Snecko","floor":22,"turns":5},{"damage":11,"enemies":"Slavers","floor":25,"turns":4},{"damage":3,"enemies":"Snake Plant","floor":29,"turns":4},{"damage":44,"enemies":"Gremlin Leader","floor":30,"turns":6}],"seed_played":"4648526326913530428","potions_obtained":[{"floor":1,"key":"Fire Potion"},{"floor":6,"key":"GamblersBrew"},{"floor":8,"key":"Regen Potion"},{"floor":18,"key":"Dexterity Potion"},{"floor":29,"key":"Fire Potion"}],"is_trial":false,"path_per_floor":["M","?","?","?","M","E","R","E","T","?","R","M","R","M","R","B",null,"M","?","?","M","M","?","R","E","T","R","?","M","E"],"character_chosen":"THE_SILENT","items_purchased":[],"campfire_rested":5,"item_purchase_floors":[],"current_hp_per_floor":[70,63,63,58,58,19,40,17,17,17,38,47,47,47,68,40,70,60,60,44,32,10,10,31,20,20,41,41,38,0,0],"gold":589,"neow_bonus":"RANDOM_COMMON_RELIC","is_daily":false,"chose_seed":false,"campfire_upgraded":1,"win_rate":0.0,"timestamp":1608035292,"path_taken":["M","?","?","?","M","E","R","E","T","?","R","M","R","M","R","BOSS","M","?","?","M","M","?","R","E","T","R","?","M","E"],"items_purchased_type":[],"build_version":"2020-12-07","purchased_purges":0,"victory":false,"max_hp_per_floor":[70,70,70,70,70,70,70,70,70,70,70,70,70,70,70,70,70,70,70,70,70,70,70,70,70,70,70,70,70,70,70],"card_choices":[{"not_picked":["Finisher","Bouncing Flask"],"picked":"Dagger Spray","floor":1},{"not_picked":["Cloak And Dagger","Acrobatics"],"picked":"Terror","floor":5},{"not_picked":["Caltrops","Flechettes"],"picked":"Skewer","floor":6},{"not_picked":["Deflect","Prepared"],"picked":"Poisoned Stab","floor":7},{"not_picked":["Burst","Slice"],"picked":"Dash","floor":8},{"not_picked":["Slice","Prepared"],"picked":"Dagger Spray","floor":11},{"not_picked":["Slice","Deadly Poison"],"picked":"Acrobatics","floor":12},{"not_picked":["Blur","Outmaneuver"],"picked":"Dagger Throw","floor":14},{"not_picked":["Dash","Escape Plan"],"picked":"Quick Slash","floor":15},{"not_picked":["Venomology","Bullet Time"],"picked":"A Thousand Cuts","floor":16},{"not_picked":["Deflect","PiercingWail"],"picked":"Flying Knee","floor":18},{"not_picked":["Blur","Cloak And Dagger"],"picked":"Deadly Poison+1","floor":21},{"not_picked":["All Out Attack","Masterful Stab"],"picked":"PiercingWail","floor":22},{"not_picked":["Underhanded Strike","Blur+1"],"picked":"Dagger Throw","floor":24},{"not_picked":["Dodge and Roll","Backflip"],"picked":"Outmaneuver","floor":25},{"not_picked":["Terror","Blade Dance"],"picked":"Bane+1","floor":27},{"not_picked":["Underhanded Strike+1","Blur"],"picked":"Sucker Punch+1","floor":29}],"player_experience":137546,"relics_obtained":[{"floor":6,"key":"Shuriken"},{"floor":8,"key":"Ancient Tea Set"},{"floor":9,"key":"Juzu Bracelet"},{"floor":20,"key":"Necronomicon"},{"floor":25,"key":"White Beast Statue"},{"floor":26,"key":"Paper Crane"}],"event_choices":[{"cards_removed":["Defend_G"],"damage_healed":0,"gold_gain":0,"player_choice":"Card Removal","damage_taken":7,"max_hp_gain":0,"max_hp_loss":0,"event_name":"Golden Wing","floor":2,"gold_loss":0},{"damage_healed":63,"gold_gain":0,"player_choice":"Embrace Burn","damage_taken":0,"max_hp_gain":0,"max_hp_loss":70,"event_name":"betterThird:BetterShining","floor":3,"gold_loss":1},{"cards_removed":["Burn"],"damage_healed":0,"gold_gain":0,"player_choice":"Card Removal","damage_taken":0,"max_hp_gain":0,"max_hp_loss":0,"event_name":"The Cleric","floor":10,"gold_loss":50},{"damage_healed":0,"gold_gain":0,"player_choice":"Simplicity","damage_taken":0,"max_hp_gain":0,"max_hp_loss":9,"event_name":"betterThird:BetterWriting","floor":19,"gold_loss":0},{"damage_healed":0,"gold_gain":0,"player_choice":"Obtained Book","damage_taken":16,"max_hp_gain":0,"max_hp_loss":0,"event_name":"Cursed Tome","floor":20,"gold_loss":0},{"damage_healed":0,"gold_gain":0,"player_choice":"Inject Mutagens","damage_taken":0,"relics_obtained":["MutagenicStrength"],"max_hp_gain":0,"max_hp_loss":0,"event_name":"Drug Dealer","floor":23,"gold_loss":0},{"damage_healed":0,"gold_gain":250,"player_choice":"Bet on Owner","damage_taken":0,"max_hp_gain":0,"max_hp_loss":0,"event_name":"The Joust","floor":28,"gold_loss":50}],"is_beta":true,"boss_relics":[{"not_picked":["Philosopher\u0027s Stone","Black Star"],"picked":"SlaversCollar"}],"items_purged_floors":[],"is_endless":false,"potions_floor_spawned":[1,6,8,18,29],"killed_by":"Gremlin Leader","ascension_level":0}}