{"host":"b5mzvg96njlg7ry9","time":1608054413,"event":{"mods":["AlwaysNeverKeys","Aspiration","BaseMod","Better Note","Better Third Choice","BetterRewards","Colored Map","Colored Powertips","Downfall","Highlight Path","Hubris","Infinite Spire","Minty Spire (QoL Compilation)","Quick Restart","Relic Sorter","Replay The Spire","Shop Mod","StSLib","SuperFastMode"],"gold_per_floor":[775,786,821,821,839,871,894,905,933,933,427,445,445,455,474,578,578,578,578,578],"floor_reached":19,"playtime":1069,"items_purged":["champ:Defend"],"score":240,"play_id":"a9bf5d66-f783-4633-b425-6952c8d5be75","local_time":"20201215184653","is_ascension_mode":true,"campfire_choices":[{"floor":1.0,"key":"DIG"},{"data":"champ:PerfectForm","floor":18,"key":"SMITH"}],"circlet_count":0,"master_deck":["champ:Strike","champ:Strike","champ:Defend","champ:Defend","champ:Execute","champ:Taunt","champ:IronFortress","champ:VampiricStrike","champ:VampiricStrike","champ:IronFortress","champ:PerfectForm+1"],"relics":["champ:ChampionCrown","downfall:HeartBlessingRed","downfall:HeartBlessingGreen","downfall:HeartBlessingBlue","infinitespire:FocusingShard","Oddly Smooth Stone","aspiration:BabyByrd","InkBottle","Toy Ornithopter","Quantum Egg","champ:BerserkersGuideToSlaughter","Meat on the Bone"],"acts_visited":["Exordium","TheCity"],"potions_floor_usage":[6,12,16,16],"damage_taken":[{"damage":5.0,"enemies":"Cultist","floor":2.0,"turns":4.0},{"damage":23.0,"enemies":"Lagavulin","floor":3.0,"turns":7.0},{"damage":5.0,"enemies":"2 Louse","floor":5.0,"turns":3.0},{"damage":39,"enemies":"Gremlin Nob","floor":6,"turns":5},{"damage":14,"enemies":"Jaw Worm","floor":8,"turns":2},{"damage":55,"enemies":"3 Sentries","floor":9,"turns":10},{"damage":29,"enemies":"downfall:FleeingMerchant","floor":11,"turns":4},{"damage":15,"enemies":"Lots of Slimes","floor":12,"turns":5},{"damage":11,"enemies":"Gremlin Gang","floor":14,"turns":4},{"damage":16,"enemies":"3 Louse","floor":15,"turns":3},{"damage":65,"enemies":"downfall:Silent","floor":16,"turns":10},{"damage":141,"enemies":"Book of Stabbing","floor":19,"turns":8}],"seed_played":"4667957516871758606","potions_obtained":[{"floor":2.0,"key":"Fire Potion"},{"floor":5.0,"key":"Cursed Concoction"},{"floor":9,"key":"Energy Potion"},{"floor":12,"key":"Swift Potion"},{"floor":15,"key":"Fire Potion"},{"floor":16,"key":"SpeedPotion"}],"is_trial":false,"path_per_floor":["R_BF","M","E","?","M","E","T","M","E","?","$","M","?","M","M","B",null,"R","E"],"character_chosen":"THE_CHAMP","items_purchased":["champ:BerserkersGuideToSlaughter","Meat on the Bone"],"campfire_rested":0,"item_purchase_floors":[11,11],"current_hp_per_floor":[100,100,92,92,92,58,58,63,38,48,72,81,81,94,100,99,100,100,0,0],"gold":578,"neow_bonus":"REMOVE_TWO","is_daily":false,"chose_seed":false,"campfire_upgraded":1,"win_rate":0.0,"timestamp":1608054413,"path_taken":["R_BF","M","E","?","M","E","T","M","E","?","$","M","?","?","M","BOSS","R","E"],"items_purchased_type":["Relic","Relic"],"build_version":"2020-12-13","purchased_purges":1,"victory":false,"max_hp_per_floor":[100,100,100,100,100,100,100,100,100,100,100,100,100,100,100,100,100,100,100,100],"card_choices":[{"not_picked":["champ:AdrenalArmor","champ:Riposte","champ:ShieldSigil"],"picked":"SKIP","floor":2.0},{"not_picked":["champ:BerserkerStyle","champ:TornadoPunch"],"picked":"champ:IronFortress","floor":3.0},{"not_picked":["champ:PreciseThrust","champ:EndlessRage"],"picked":"champ:VampiricStrike","floor":5.0},{"not_picked":["champ:Lariat","champ:ShieldSigil","champ:GladiatorsShout"],"picked":"SKIP","floor":6},{"not_picked":["champ:FaceSlap","champ:RageSigil","champ:BringItOn"],"picked":"SKIP","floor":8},{"not_picked":["champ:DefensiveShout","champ:GladiatorStyle"],"picked":"champ:VampiricStrike","floor":9},{"not_picked":["champ:BladeFlurry","champ:EndlessRage"],"picked":"champ:IronFortress","floor":11},{"not_picked":["champ:Haymaker","champ:ViciousMockery","champ:ShieldWall"],"picked":"SKIP","floor":12},{"not_picked":["champ:Shatter","champ:FanOfKnives","champ:BerserkerStyle"],"picked":"SKIP","floor":14},{"not_picked":["champ:BringItOn","champ:Lariat","champ:ShieldSigil"],"picked":"SKIP","floor":15},{"not_picked":["champ:VampiricStrike","champ:ShieldThrow"],"picked":"champ:PerfectForm","floor":16}],"player_experience":787381,"relics_obtained":[{"floor":1.0,"key":"infinitespire:FocusingShard"},{"floor":3.0,"key":"Oddly Smooth Stone"},{"floor":6,"key":"InkBottle"},{"floor":7,"key":"Toy Ornithopter"},{"floor":9,"key":"Quantum Egg"}],"event_choices":[{"cards_removed":["champ:Strike"],"damage_healed":0,"gold_gain":0,"player_choice":"Card Removal","damage_taken":0,"max_hp_gain":0,"max_hp_loss":0,"event_name":"Wheel of Change","floor":13,"gold_loss":0}],"is_beta":false,"boss_relics":[{"not_picked":["Ectoplasm","aspiration:FutureDiary","Abe\u0027s Treasure"]}],"items_purged_floors":[11],"is_endless":false,"potions_floor_spawned":[2,5,9,12,15,16],"killed_by":"Book of Stabbing","ascension_level":3}}