{"host":"mn5ze3eyhx81nlo2","time":1608023446,"event":{"mods":["BaseMod","Block Reminder","Challenge The Spire","Downfall","Hermit","Hubris","Infinite Spire","Minty Spire (QoL Compilation)","Quick Restart","Replay The Spire","Shade Mod","StSLib","The Cursed","The Druid","The Hierophant","The Runesmith","Unceasing Turn Reminder"],"gold_per_floor":[99,124,124,40,54,54,134,134,160,160,180,192,210,230,249,249,249],"floor_reached":16,"playtime":755,"items_purged":[],"score":112,"play_id":"7bb75834-a0de-4f4e-85ca-57e2a2c5a52c","local_time":"20201215091046","is_ascension_mode":false,"campfire_choices":[{"data":"champ:Taunt","floor":1.0,"key":"SMITH"},{"data":"champ:Execute","floor":3,"key":"SMITH"},{"data":"champ:FocusedGladiator","floor":8,"key":"SMITH"},{"data":"champ:PreciseThrust","floor":10,"key":"SMITH"}],"circlet_count":0,"master_deck":["champ:Strike","champ:Strike","champ:Strike","champ:Strike","champ:Defend","champ:Defend","champ:Defend","champ:Defend","champ:Execute+1","champ:Taunt+1","champ:Haymaker","champ:FocusedGladiator+1","champ:ViciousMockery","Trip","champ:PreciseThrust+1","champ:Balance","champ:BladeFlurry"],"relics":["champ:ChampionCrown","Bag of Preparation","infinitespire:Bottled Soul","Ornamental Fan","hubris:SlimyHat"],"acts_visited":["Exordium"],"potions_floor_usage":[15,15,16],"damage_taken":[{"damage":36.0,"enemies":"Replay:BlueRogue","floor":2.0,"turns":6.0},{"damage":10,"enemies":"downfall:FleeingMerchant","floor":4,"turns":4},{"damage":5,"enemies":"Cultist","floor":5,"turns":3},{"damage":17,"enemies":"Lagavulin","floor":9,"turns":5},{"damage":0,"enemies":"Jaw Worm","floor":11,"turns":3},{"damage":6,"enemies":"Small Slimes","floor":12,"turns":2},{"damage":2,"enemies":"Blue Slaver","floor":13,"turns":5},{"damage":5,"enemies":"3 Louse","floor":14,"turns":4},{"damage":20,"enemies":"Exordium Wildlife","floor":15,"turns":6},{"damage":29,"enemies":"downfall:Ironclad","floor":16,"turns":3}],"seed_played":"-7161430836786945481","potions_obtained":[{"floor":5,"key":"sneckomod:MuddlingPotion"},{"floor":9,"key":"AttackPotion"},{"floor":15,"key":"Strength Potion"}],"is_trial":false,"path_per_floor":["R","E","R","$","M","?","T","R","E","R","M","M","M","M","M","B"],"character_chosen":"THE_CHAMP","items_purchased":["champ:FocusedGladiator"],"campfire_rested":0,"item_purchase_floors":[4],"current_hp_per_floor":[90,69,69,69,69,69,69,69,57,57,57,56,54,49,29,0,0],"gold":249,"neow_bonus":"RANDOM_COMMON_RELIC","is_daily":false,"chose_seed":false,"campfire_upgraded":4,"win_rate":0.0,"timestamp":1608023446,"path_taken":["R","E","R","$","?","?","T","R","E","R","M","?","M","M","M","BOSS"],"items_purchased_type":["Card"],"build_version":"2020-12-13","purchased_purges":0,"victory":false,"max_hp_per_floor":[90,90,90,90,90,90,90,90,90,90,90,90,90,90,90,90,90],"card_choices":[{"not_picked":["champ:BringItOn","champ:BerserkersShout","champ:CrookedStrike"],"picked":"SKIP","floor":2},{"not_picked":["champ:DefensiveShout","champ:Backstep"],"picked":"champ:Haymaker","floor":4},{"not_picked":["champ:FlashCut","champ:GladiatorsShout"],"picked":"champ:ViciousMockery","floor":5},{"not_picked":["champ:FocusedDefense","champ:ShieldSlam","champ:DefensiveStyle"],"picked":"SKIP","floor":9},{"not_picked":["champ:EndlessRage","champ:TornadoPunch","champ:FocusedDefense"],"picked":"SKIP","floor":11},{"not_picked":["champ:FlashCut","champ:AdrenalArmor","champ:Encircle"],"picked":"SKIP","floor":12},{"not_picked":["champ:AdrenalArmor","champ:Duel"],"picked":"champ:Balance","floor":13},{"not_picked":["champ:FightOn","champ:BringItOn"],"picked":"champ:BladeFlurry","floor":14},{"not_picked":["champ:DefensiveShout","champ:TornadoPunch","champ:Balance"],"picked":"SKIP","floor":15}],"player_experience":876330,"relics_obtained":[{"floor":2,"key":"infinitespire:Bottled Soul"},{"floor":7,"key":"Ornamental Fan"},{"floor":9,"key":"hubris:SlimyHat"}],"event_choices":[],"is_beta":false,"boss_relics":[],"items_purged_floors":[],"is_endless":false,"potions_floor_spawned":[5,9,15],"killed_by":"downfall:Ironclad","ascension_level":0}}