{"host":"dl5mjdlimopbuch5","time":1608073248,"event":{"mods":["AchievementEnabler","BaseMod","Colored Powertips","Googly Eyes","Minty Spire (QoL Compilation)","Quick Restart"],"gold_per_floor":[114,114,134,209,209,240,240,266,266,283,313,313,260,270,270,374,374,391,402,402,414,428,428,457,301,350,206,215,140,151,99,99,212,221,247,247,297,44,64,64,0,33,33,45,45,45,45,64,64,64,64],"floor_reached":50,"playtime":1354,"items_purged":[],"score":659,"play_id":"91c4c053-a54f-4b08-8a84-78a27317a4bc","local_time":"20201215230048","is_ascension_mode":true,"campfire_choices":[{"floor":7.0,"key":"REST"},{"floor":12.0,"key":"REST"},{"floor":15.0,"key":"REST"},{"floor":23.0,"key":"REST"},{"floor":28.0,"key":"REST"},{"floor":32.0,"key":"REST"},{"data":"Catalyst","floor":40.0,"key":"SMITH"},{"floor":49.0,"key":"REST"}],"circlet_count":0,"master_deck":["Strike_G","Strike_G","Strike_G","Strike_G","Defend_G+1","Defend_G+1","Defend_G","Defend_G","Defend_G","Survivor+1","Neutralize","Deadly Poison+1","Flying Knee+1","Noxious Fumes","Poisoned Stab+1","Poisoned Stab+1","Deadly Poison","Noxious Fumes","Catalyst+1","Noxious Fumes+1","Corpse Explosion","CurseOfTheBell","Noxious Fumes","Deadly Poison+1"],"relics":["Ring of the Snake","NeowsBlessing","Matryoshka","Molten Egg 2","War Paint","Akabeko","Anchor","Kunai","Runic Pyramid","Dream Catcher","Orrery","Meat on the Bone","CeramicFish","Snake Skull","Calling Bell","Bag of Marbles","Blue Candle","Bird Faced Urn","Calipers","Toy Ornithopter","Red Mask","PreservedInsect"],"acts_visited":["Exordium","TheCity","TheBeyond"],"potions_floor_usage":[50,50,50],"damage_taken":[{"damage":0.0,"enemies":"2 Louse","floor":1.0,"turns":1.0},{"damage":0.0,"enemies":"Small Slimes","floor":3.0,"turns":1.0},{"damage":0.0,"enemies":"Lagavulin","floor":6.0,"turns":1.0},{"damage":30.0,"enemies":"Gremlin Nob","floor":8.0,"turns":5.0},{"damage":0.0,"enemies":"Cultist","floor":10.0,"turns":2.0},{"damage":19.0,"enemies":"3 Sentries","floor":11.0,"turns":10.0},{"damage":0.0,"enemies":"Lots of Slimes","floor":14.0,"turns":4.0},{"damage":19.0,"enemies":"Slime Boss","floor":16.0,"turns":10.0},{"damage":18.0,"enemies":"Shell Parasite","floor":18.0,"turns":5.0},{"damage":0.0,"enemies":"Chosen","floor":19.0,"turns":4.0},{"damage":15.0,"enemies":"Snake Plant","floor":21.0,"turns":4.0},{"damage":25.0,"enemies":"Shelled Parasite and Fungi","floor":22.0,"turns":4.0},{"damage":18.0,"enemies":"Slavers","floor":24.0,"turns":6.0},{"damage":2.0,"enemies":"Snecko","floor":30.0,"turns":3.0},{"damage":44.0,"enemies":"Champ","floor":33.0,"turns":8.0},{"damage":6.0,"enemies":"Orb Walker","floor":35.0,"turns":3.0},{"damage":25.0,"enemies":"Mind Bloom Boss Battle","floor":37.0,"turns":6.0},{"damage":4.0,"enemies":"3 Shapes","floor":39.0,"turns":4.0},{"damage":32.0,"enemies":"Writhing Mass","floor":42.0,"turns":5.0},{"damage":1.0,"enemies":"Jaw Worm Horde","floor":44.0,"turns":2.0},{"damage":9.0,"enemies":"Sphere and 2 Shapes","floor":48.0,"turns":3.0},{"damage":158,"enemies":"Awakened One","floor":50,"turns":8}],"seed_played":"8667340070246698758","potions_obtained":[{"floor":1.0,"key":"CunningPotion"},{"floor":11.0,"key":"AttackPotion"},{"floor":16.0,"key":"AttackPotion"},{"floor":19.0,"key":"EssenceOfSteel"},{"floor":20.0,"key":"SkillPotion"},{"floor":22.0,"key":"Ancient Potion"},{"floor":33.0,"key":"SteroidPotion"},{"floor":35.0,"key":"Fire Potion"},{"floor":37.0,"key":"Regen Potion"},{"floor":42.0,"key":"Regen Potion"}],"is_trial":false,"path_per_floor":["M","?","M","?","?","E","R","E","T","M","E","R","?","M","R","B",null,"M","M","?","M","M","R","E","$","T","$","R","?","M","$","R","B",null,"M","?","?","$","M","R","?","M","T","M","?","?","?","M","R","B"],"character_chosen":"THE_SILENT","items_purchased":["Orrery","Snake Skull","Block Potion","Fruit Juice","Toy Ornithopter"],"campfire_rested":7,"item_purchase_floors":[25,27,31,38,38],"current_hp_per_floor":[70,70,70,59,45,45,66,36,36,36,17,38,38,38,59,40,70,52,52,52,37,12,33,15,15,15,15,36,36,46,46,67,35,70,65,65,48,53,57,57,57,41,41,44,44,44,44,41,62,0,0],"gold":64,"neow_bonus":"THREE_ENEMY_KILL","is_daily":false,"chose_seed":false,"campfire_upgraded":1,"win_rate":0.0,"timestamp":1608073248,"path_taken":["M","?","M","?","?","E","R","E","T","M","E","R","?","M","R","BOSS","M","M","?","?","M","R","E","$","T","$","R","?","M","?","R","BOSS","M","?","?","$","M","R","?","M","T","M","?","?","?","M","R","BOSS"],"items_purchased_type":["Relic","Relic","Potion","Potion","Relic"],"build_version":"2020-12-13","purchased_purges":0,"victory":false,"max_hp_per_floor":[70,70,70,70,70,70,70,70,70,70,70,70,70,70,70,70,70,70,70,70,70,70,70,70,70,70,70,70,70,70,70,70,70,70,70,70,70,75,75,75,75,75,75,75,75,75,72,72,72,72,72],"card_choices":[{"not_picked":["Eviscerate","Bane","Dagger Spray"],"picked":"SKIP","floor":1.0},{"not_picked":["Prepared","Eviscerate"],"picked":"Poisoned Stab","floor":3.0},{"not_picked":["Poisoned Stab","Slice"],"picked":"Deadly Poison","floor":6.0},{"not_picked":["Escape Plan","Dagger Spray+1"],"picked":"Flying Knee+1","floor":8.0},{"not_picked":["A Thousand Cuts","Riddle With Holes+1","Deflect"],"picked":"SKIP","floor":10.0},{"not_picked":["Eviscerate+1","All Out Attack+1","Escape Plan"],"picked":"SKIP","floor":11.0},{"not_picked":["Acrobatics","Tactician"],"picked":"Noxious Fumes","floor":14.0},{"not_picked":["PiercingWail+1","Well Laid Plans","Choke+1"],"picked":"SKIP","floor":18.0},{"not_picked":["Dagger Spray+1","Cloak And Dagger+1"],"picked":"Poisoned Stab+1","floor":19.0},{"not_picked":["Quick Slash+1","Predator+1"],"picked":"Poisoned Stab+1","floor":21.0},{"not_picked":["PiercingWail","Quick Slash+1"],"picked":"Deadly Poison","floor":22.0},{"not_picked":["Infinite Blades+1","Eviscerate+1","Reflex"],"picked":"SKIP","floor":24.0},{"not_picked":["Well Laid Plans","Deflect"],"picked":"Noxious Fumes","floor":25.0},{"not_picked":["Poisoned Stab+1","Crippling Poison"],"picked":"Catalyst","floor":25.0},{"not_picked":["Deadly Poison","Deflect"],"picked":"Noxious Fumes+1","floor":28.0},{"not_picked":["Acrobatics+1","Dagger Spray+1","Endless Agony+1"],"picked":"SKIP","floor":30.0},{"not_picked":["Phantasmal Killer","Unload+1"],"picked":"Corpse Explosion","floor":33.0},{"not_picked":["Finisher+1","Leg Sweep"],"picked":"Noxious Fumes","floor":35.0},{"not_picked":["PiercingWail","Well Laid Plans","Flying Knee+1"],"picked":"SKIP","floor":39.0},{"not_picked":["Dash+1","Caltrops+1"],"picked":"Deadly Poison+1","floor":42.0},{"not_picked":["Blade Dance","Backflip+1","Predator+1"],"picked":"SKIP","floor":44.0},{"not_picked":["Bane+1","Backflip","Reflex+1"],"picked":"SKIP","floor":48.0}],"player_experience":228652,"relics_obtained":[{"floor":6.0,"key":"Matryoshka"},{"floor":8.0,"key":"Molten Egg 2"},{"floor":9.0,"key":"War Paint"},{"floor":9.0,"key":"Akabeko"},{"floor":11.0,"key":"Anchor"},{"floor":24.0,"key":"Dream Catcher"},{"floor":26.0,"key":"Meat on the Bone"},{"floor":26.0,"key":"CeramicFish"},{"floor":34.0,"key":"Bag of Marbles"},{"floor":34.0,"key":"Blue Candle"},{"floor":34.0,"key":"Bird Faced Urn"},{"floor":37.0,"key":"Calipers"},{"floor":43.0,"key":"PreservedInsect"}],"event_choices":[{"damage_healed":0.0,"max_hp_gain":0.0,"max_hp_loss":0.0,"gold_gain":0.0,"event_name":"Golden Wing","player_choice":"Ignored","floor":2.0,"gold_loss":0.0,"damage_taken":0.0},{"damage_healed":0.0,"max_hp_gain":0.0,"max_hp_loss":0.0,"gold_gain":75.0,"event_name":"World of Goop","player_choice":"Gather Gold","floor":4.0,"gold_loss":0.0,"damage_taken":11.0},{"damage_healed":0.0,"max_hp_gain":0.0,"max_hp_loss":0.0,"gold_gain":0.0,"event_name":"Shining Light","player_choice":"Entered Light","floor":5.0,"gold_loss":0.0,"damage_taken":14.0,"cards_upgraded":["Defend_G","Survivor"]},{"damage_healed":0.0,"max_hp_gain":0.0,"max_hp_loss":0.0,"gold_gain":0.0,"event_name":"WeMeetAgain","player_choice":"Paid Gold","floor":13.0,"gold_loss":53.0,"damage_taken":0.0,"relics_obtained":["Kunai"]},{"damage_healed":0.0,"max_hp_gain":0.0,"max_hp_loss":0.0,"gold_gain":0.0,"event_name":"Lab","player_choice":"Got Potions","floor":20.0,"gold_loss":0.0,"damage_taken":0.0},{"cards_removed":["Poisoned Stab"],"damage_healed":0.0,"max_hp_gain":0.0,"max_hp_loss":0.0,"gold_gain":0.0,"event_name":"Beggar","player_choice":"Gave Gold","floor":29.0,"gold_loss":75.0,"damage_taken":0.0},{"damage_healed":0.0,"max_hp_gain":0.0,"max_hp_loss":0.0,"gold_gain":0.0,"event_name":"SensoryStone","player_choice":"Memory 1","floor":36.0,"gold_loss":0.0,"damage_taken":0.0},{"damage_healed":0.0,"max_hp_gain":0.0,"max_hp_loss":0.0,"gold_gain":0.0,"event_name":"MindBloom","player_choice":"Fight","floor":37.0,"gold_loss":0.0,"damage_taken":0.0},{"damage_healed":0.0,"max_hp_gain":0.0,"max_hp_loss":0.0,"gold_gain":0.0,"event_name":"Tomb of Lord Red Mask","player_choice":"Paid","floor":41.0,"gold_loss":64.0,"damage_taken":0.0,"relics_obtained":["Red Mask"]},{"cards_removed":["Strike_G"],"damage_healed":0.0,"max_hp_gain":0.0,"max_hp_loss":0.0,"gold_gain":0.0,"event_name":"Falling","player_choice":"Removed Attack","floor":45.0,"gold_loss":0.0,"damage_taken":0.0},{"damage_healed":0.0,"max_hp_gain":0.0,"max_hp_loss":0.0,"gold_gain":0.0,"event_name":"Mysterious Sphere","player_choice":"Ignored","floor":46.0,"gold_loss":0.0,"damage_taken":0.0},{"cards_removed":["Parasite"],"damage_healed":0.0,"max_hp_gain":0.0,"max_hp_loss":0.0,"gold_gain":0.0,"event_name":"Fountain of Cleansing","player_choice":"Removed Curses","floor":47.0,"gold_loss":0.0,"damage_taken":0.0}],"is_beta":false,"boss_relics":[{"not_picked":["Cursed Key","Velvet Choker"],"picked":"Runic Pyramid"},{"not_picked":["Tiny House","Astrolabe"],"picked":"Calling Bell"}],"items_purged_floors":[],"is_endless":false,"potions_floor_spawned":[1,11,16,19,21,22,33,35,37,42,48],"killed_by":"Awakened One","ascension_level":4}}