{"host":"ormi09wwzv7sq47a","time":1608049052,"event":{"mods":["2.2 Compatiblity","AchievementEnabler","Act Like it!","BaseMod","Better Note","Better Skull","Better Vampires","Colored Map","Colored Powertips","DeckTracker","Downfall","Highlight Path","Minty Spire (QoL Compilation)","Permanent Neow","Quick Restart","Rare Cards Sparkle","Relic Stats","StSLib","The Jungle"],"gold_per_floor":[113,132,150,150,160,190,190,190,190,190,210,243,243,20,20,120,120,137,154,154,166,185,185,214,214,214,214,234,246,264,14,14,109,109,126,138,149,149,167,202,218,218,293,293,293],"floor_reached":44,"playtime":2818,"items_purged":["hexamod:Strike","Normality"],"score":576,"play_id":"247152d7-f49b-4e5e-b321-27e396a52216","local_time":"20201215141732","is_ascension_mode":true,"campfire_choices":[{"data":"hexamod:RadiantFlame","floor":7.0,"key":"SMITH"},{"data":"hexamod:Float","floor":10.0,"key":"SMITH"},{"data":"hexamod:VolcanoVisage","floor":13.0,"key":"SMITH"},{"data":"hexamod:Firestarter","floor":15.0,"key":"SMITH"},{"data":"hexamod:TimeWarp","floor":23.0,"key":"SMITH"},{"data":"hexamod:ThermalTransfer","floor":25.0,"key":"SMITH"},{"data":"hexamod:FlamesFromBeyond","floor":27.0,"key":"SMITH"},{"data":"hexamod:SoulSteal","floor":32.0,"key":"SMITH"},{"data":"hexamod:WildfireWeapon","floor":42.0,"key":"SMITH"}],"circlet_count":0,"master_deck":["hexamod:Strike+1","hexamod:Defend","hexamod:Defend","hexamod:Defend","hexamod:Defend","hexamod:Sear","hexamod:Float+1","hexamod:RadiantFlame+1","hexamod:PhantomFireball+1","hexamod:Hexaguard","hexamod:Firestarter+1","hexamod:SearingWound","hexamod:GhostOfSpirePast","hexamod:VolcanoVisage+1","hexamod:TimeWarp+1","hexamod:ThermalTransfer+1","hexamod:SoulSteal+1","hexamod:FlamesFromBeyond+1","hexamod:ApocalypticArmor","hexamod:AdvancingGuard","hexamod:HeatCrush+1","hexamod:WildfireWeapon+1","hexamod:GhostOfSpirePast+1","hexamod:GhostflameBarrier+1","hexamod:GhostOfSpireFuture+1","Guardian:Aged"],"relics":["hexamod:SpiritBrand","Juzu Bracelet","Mercury Hourglass","TungstenRod","ClockworkSouvenir","Cursed Key","Lantern","Lizard Tail","Whetstone","Snecko Eye","Unceasing Top"],"acts_visited":["Exordium","TheCity","TheBeyond"],"potions_floor_usage":[],"damage_taken":[{"damage":1.0,"enemies":"Jaw Worm","floor":1.0,"turns":3.0},{"damage":0.0,"enemies":"2 Louse","floor":2.0,"turns":3.0},{"damage":0.0,"enemies":"Small Slimes","floor":3.0,"turns":4.0},{"damage":0.0,"enemies":"Exordium Wildlife","floor":5.0,"turns":6.0},{"damage":0.0,"enemies":"Gremlin Nob","floor":6.0,"turns":3.0},{"damage":1.0,"enemies":"Lots of Slimes","floor":11.0,"turns":3.0},{"damage":3.0,"enemies":"3 Sentries","floor":12.0,"turns":7.0},{"damage":25.0,"enemies":"Hexaghost","floor":16.0,"turns":7.0},{"damage":4.0,"enemies":"Spheric Guardian","floor":18.0,"turns":3.0},{"damage":4.0,"enemies":"2 Thieves","floor":19.0,"turns":4.0},{"damage":1.0,"enemies":"Snecko","floor":21.0,"turns":4.0},{"damage":5.0,"enemies":"Centurion and Healer","floor":22.0,"turns":3.0},{"damage":8.0,"enemies":"Book of Stabbing","floor":24.0,"turns":4.0},{"damage":13.0,"enemies":"Snake Plant","floor":28.0,"turns":3.0},{"damage":6.0,"enemies":"3 Cultists","floor":29.0,"turns":4.0},{"damage":0.0,"enemies":"Centurion and Healer","floor":30.0,"turns":3.0},{"damage":21.0,"enemies":"Collector","floor":33.0,"turns":6.0},{"damage":0.0,"enemies":"Orb Walker","floor":35.0,"turns":2.0},{"damage":14.0,"enemies":"3 Shapes","floor":36.0,"turns":5.0},{"damage":27.0,"enemies":"Jaw Worm Horde","floor":37.0,"turns":5.0},{"damage":0.0,"enemies":"Transient","floor":39.0,"turns":5.0},{"damage":22.0,"enemies":"Giant Head","floor":40.0,"turns":6.0},{"damage":19.0,"enemies":"Writhing Mass","floor":41.0,"turns":4.0},{"damage":41,"enemies":"2 Orb Walkers","floor":44,"turns":3}],"seed_played":"-7394524763363456612","potions_obtained":[{"floor":0.0,"key":"BlessingOfTheForge"},{"floor":0.0,"key":"sneckomod:MuddlingPotion"},{"floor":0.0,"key":"hexamod:InfernoChargePotion"},{"floor":3.0,"key":"EntropicBrew"},{"floor":5.0,"key":"Weak Potion"},{"floor":21.0,"key":"Fire Potion"},{"floor":24.0,"key":"ColorlessPotion"},{"floor":33.0,"key":"BlessingOfTheForge"},{"floor":37.0,"key":"hexamod:InfernoChargePotion"},{"floor":41.0,"key":"SteroidPotion"}],"is_trial":false,"path_per_floor":["M","M","M","?","M","E","R","?","T","R","M","E","R","$","R","B",null,"M","M","?","M","M","R","E","R","T","R","M","M","M","$","R","B",null,"M","M","M","?","M","E","M","R","T","?"],"character_chosen":"THE_SPIRIT","items_purchased":["ClockworkSouvenir","Whetstone"],"campfire_rested":0,"item_purchase_floors":[14,31],"current_hp_per_floor":[69,69,69,62,62,62,62,67,67,67,66,63,63,63,63,38,75,71,67,67,66,61,61,53,53,53,53,40,34,34,34,34,13,75,75,61,34,34,34,12,37,37,37,0,0],"gold":293,"neow_bonus":"THREE_SMALL_POTIONS","is_daily":false,"chose_seed":false,"campfire_upgraded":9,"win_rate":0.0,"timestamp":1608049052,"path_taken":["M","M","M","?","M","E","R","?","T","R","M","E","R","$","R","BOSS","M","M","?","M","M","R","E","R","T","R","M","M","M","$","R","BOSS","M","M","M","?","M","E","M","R","T","?"],"items_purchased_type":["Relic","Relic"],"build_version":"2020-12-13","purchased_purges":2,"victory":false,"max_hp_per_floor":[70,70,70,70,70,70,70,75,75,75,75,75,75,75,75,75,75,75,75,75,75,75,75,75,75,75,75,75,75,75,75,75,75,75,75,75,75,75,75,75,75,75,75,75,75],"relic_stats":{"Lizard Tail":37,"counters":[24,99],"Snecko Eye":[62,47,53,58],"Juzu Bracelet":0,"Whetstone":["hexamod:PhantomFireball","hexamod:Strike"],"Cursed Key":2,"obtain_stats":[{"Lantern":24,"Lizard Tail":26,"Snecko Eye":34,"Juzu Bracelet":6,"Whetstone":31,"Cursed Key":17,"hexamod:SpiritBrand":0,"TungstenRod":12,"Unceasing Top":40,"Mercury Hourglass":9,"ClockworkSouvenir":14},{"Lantern":13,"Lizard Tail":13,"Snecko Eye":17,"Juzu Bracelet":5,"Whetstone":16,"Cursed Key":8,"hexamod:SpiritBrand":0,"TungstenRod":7,"Unceasing Top":22,"Mercury Hourglass":5,"ClockworkSouvenir":7},{"Lantern":53,"Lizard Tail":53,"Snecko Eye":69,"Juzu Bracelet":19,"Whetstone":63,"Cursed Key":35,"hexamod:SpiritBrand":0,"TungstenRod":28,"Unceasing Top":92,"Mercury Hourglass":19,"ClockworkSouvenir":28}],"TungstenRod":36,"Unceasing Top":[0],"Mercury Hourglass":[330]},"card_choices":[{"not_picked":["hexamod:InspiringFlames","hexamod:FastForward"],"picked":"hexamod:RadiantFlame","floor":1.0},{"not_picked":["hexamod:FastForward","hexamod:HauntingEcho"],"picked":"hexamod:PhantomFireball","floor":2.0},{"not_picked":["hexamod:PhantomCloak","hexamod:Rewind"],"picked":"hexamod:Hexaguard","floor":3.0},{"not_picked":["hexamod:ShieldOfDarkness","hexamod:FastForward"],"picked":"hexamod:Firestarter","floor":5.0},{"not_picked":["hexamod:SkipABeat","hexamod:InspiringFlames"],"picked":"hexamod:SearingWound","floor":6.0},{"not_picked":["hexamod:Haunt","hexamod:ShieldOfDarkness"],"picked":"hexamod:GhostOfSpirePast","floor":11.0},{"not_picked":["hexamod:HauntingEcho","hexamod:SpectersWail"],"picked":"hexamod:VolcanoVisage","floor":12.0},{"not_picked":["hexamod:SixthSeal","hexamod:CrushingStance"],"picked":"hexamod:TimeWarp","floor":16.0},{"not_picked":["hexamod:StepThrough","hexamod:ShieldOfDarkness"],"picked":"hexamod:ThermalTransfer","floor":18.0},{"not_picked":["hexamod:FirstSeal","hexamod:InspiringFlames"],"picked":"hexamod:SoulSteal","floor":19.0},{"not_picked":["hexamod:SpectralAdrenaline","hexamod:RainOfEmbers"],"picked":"hexamod:FlamesFromBeyond","floor":21.0},{"not_picked":["hexamod:PhantomFireball+1","hexamod:RainOfEmbers","hexamod:RadiantFlame"],"picked":"SKIP","floor":22.0},{"not_picked":["hexamod:SpectralAdrenaline+1","hexamod:GhostShield"],"picked":"hexamod:ApocalypticArmor","floor":24.0},{"not_picked":["hexamod:RecurringNightmare+1","hexamod:Firestarter"],"picked":"hexamod:AdvancingGuard","floor":28.0},{"not_picked":["hexamod:AdvancingGuard","hexamod:FifthSeal"],"picked":"hexamod:HeatCrush+1","floor":29.0},{"not_picked":["hexamod:InspiringFlames","hexamod:GhostLash","hexamod:ChargedBarrage"],"picked":"SKIP","floor":30.0},{"not_picked":["hexamod:SixthSeal","hexamod:UnleashSpirits"],"picked":"hexamod:WildfireWeapon","floor":33.0},{"not_picked":["hexamod:PhantomCloak+1","hexamod:NightmareGuise","hexamod:HauntingEcho+1"],"picked":"SKIP","floor":35.0},{"not_picked":["hexamod:RainOfEmbers","hexamod:SpectersWail"],"picked":"hexamod:GhostOfSpirePast+1","floor":36.0},{"not_picked":["hexamod:AdvancingGuard+1","hexamod:SpectersWail"],"picked":"hexamod:GhostflameBarrier+1","floor":37.0},{"not_picked":["hexamod:NightmareStrike+1","hexamod:GhostflameInferno","hexamod:InspiringFlames+1"],"picked":"SKIP","floor":39.0},{"not_picked":["hexamod:SwordOfDarkness","hexamod:GhostflameBarrier"],"picked":"hexamod:GhostOfSpireFuture+1","floor":40.0},{"not_picked":["hexamod:Incineration","hexamod:BacktrackSmack","hexamod:RecurringNightmare"],"picked":"SKIP","floor":41.0}],"player_experience":680127,"relics_obtained":[{"floor":6.0,"key":"Juzu Bracelet"},{"floor":9.0,"key":"Mercury Hourglass"},{"floor":12.0,"key":"TungstenRod"},{"floor":24.0,"key":"Lantern"},{"floor":26.0,"key":"Lizard Tail"},{"floor":40.0,"key":"Unceasing Top"}],"event_choices":[{"cards_removed":["hexamod:Strike"],"damage_healed":0.0,"max_hp_gain":0.0,"max_hp_loss":0.0,"gold_gain":0.0,"event_name":"Golden Wing","player_choice":"Card Removal","floor":4.0,"gold_loss":0.0,"damage_taken":7.0},{"damage_healed":0.0,"max_hp_gain":5.0,"max_hp_loss":0.0,"gold_gain":0.0,"event_name":"Big Fish","player_choice":"Donut","floor":8.0,"gold_loss":0.0,"damage_taken":0.0},{"cards_removed":["hexamod:Strike"],"damage_healed":0.0,"max_hp_gain":0.0,"max_hp_loss":0.0,"gold_gain":0.0,"event_name":"Back to Basics","player_choice":"Elegance","floor":20.0,"gold_loss":0.0,"damage_taken":0.0},{"damage_healed":0,"gold_gain":0,"player_choice":"Fight","damage_taken":0,"max_hp_gain":0,"max_hp_loss":0,"event_name":"Mysterious Sphere","floor":44,"gold_loss":0}],"is_beta":false,"boss_relics":[{"not_picked":["Runic Pyramid","Busted Crown"],"picked":"Cursed Key"},{"not_picked":["Fusion Hammer","Astrolabe"],"picked":"Snecko Eye"}],"items_purged_floors":[14,31],"is_endless":false,"potions_floor_spawned":[3,5,21,24,33,37,41],"killed_by":"2 Orb Walkers","ascension_level":2}}