{"host":"ffqn1azj9urswy62","time":1608038011,"event":{"mods":["BaseMod","Better Third Choice","Minty Spire (QoL Compilation)","StSLib"],"gold_per_floor":[115,115,0,0,0,0,0,0,26,51,85,85,124,124,124,252,252,268,268,21,44,57,57,57,83,160,160,195,218,251,151,151,274,274,299,127,127,460,460,460,470,470,495,506,518,543,145,164,164,164,164],"floor_reached":50,"playtime":1928,"items_purged":["Strike_P","Defend_P","Defend_P","Defend_P"],"score":715,"play_id":"b043500d-bf2e-43ed-b312-fc2d9f69f7fc","local_time":"20201215081331","is_ascension_mode":true,"campfire_choices":[{"data":"MentalFortress","floor":6,"key":"SMITH"},{"data":"Enlightenment","floor":8,"key":"SMITH"},{"data":"Eruption","floor":12,"key":"SMITH"},{"data":"Vigilance","floor":15,"key":"SMITH"},{"data":"SandsOfTime","floor":23,"key":"SMITH"},{"data":"WheelKick","floor":27,"key":"SMITH"},{"floor":32,"key":"RECALL"},{"floor":40,"key":"REST"},{"floor":42,"key":"REST"},{"floor":49,"key":"REST"}],"circlet_count":0,"master_deck":["Strike_P+1","Defend_P+1","Eruption+1","Vigilance+1","FlurryOfBlows","MentalFortress+1","Enlightenment+1","EmptyMind+1","SandsOfTime+1","WheelKick+1","LessonLearned+1","CutThroughFate+1","EmptyBody","MentalFortress+1","Swift Strike"],"relics":["PureWater","NeowsBlessing","PreservedInsect","Odd Mushroom","Shuriken","Anchor","Strawberry","Busted Crown","Kunai","Whetstone","Eternal Feather","Oddly Smooth Stone","Nunchaku","Fusion Hammer","Boot","Frozen Egg 2","TheAbacus"],"acts_visited":["Exordium","TheCity","TheBeyond"],"potions_floor_usage":[16,28,33,50,50],"damage_taken":[{"damage":0,"enemies":"Small Slimes","floor":1,"turns":1},{"damage":0,"enemies":"The Mushroom Lair","floor":10,"turns":2},{"damage":0,"enemies":"3 Sentries","floor":11,"turns":2},{"damage":0,"enemies":"Gremlin Nob","floor":13,"turns":2},{"damage":10,"enemies":"The Guardian","floor":16,"turns":10},{"damage":10,"enemies":"2 Thieves","floor":18,"turns":3},{"damage":14,"enemies":"Shell Parasite","floor":22,"turns":2},{"damage":1,"enemies":"Slavers","floor":28,"turns":3},{"damage":10,"enemies":"Snake Plant","floor":29,"turns":5},{"damage":0,"enemies":"Gremlin Leader","floor":30,"turns":3},{"damage":0,"enemies":"Champ","floor":33,"turns":4},{"damage":0,"enemies":"3 Darklings","floor":35,"turns":3},{"damage":2,"enemies":"3 Shapes","floor":41,"turns":3},{"damage":0,"enemies":"3 Darklings","floor":44,"turns":3},{"damage":46,"enemies":"4 Shapes","floor":45,"turns":4},{"damage":3,"enemies":"Reptomancer","floor":46,"turns":3},{"damage":0,"enemies":"Writhing Mass","floor":48,"turns":3},{"damage":83,"enemies":"Time Eater","floor":50,"turns":10}],"seed_played":"1839733403827204600","potions_obtained":[{"floor":11,"key":"SkillPotion"},{"floor":18,"key":"SneckoOil"},{"floor":28,"key":"Strength Potion"},{"floor":29,"key":"FearPotion"},{"floor":45,"key":"Dexterity Potion"}],"is_trial":false,"path_per_floor":["M","?","$","?","$","R","?","R","T","?","E","R","E","?","R","B",null,"M","?","$","T","M","R","?","T","T","R","E","M","E","$","R","B",null,"M","$","?","?","?","R","M","R","T","M","M","E","$","M","R","B"],"character_chosen":"WATCHER","items_purchased":["MentalFortress","Kunai","EmptyBody","TheAbacus","Swift Strike"],"campfire_rested":3,"item_purchase_floors":[3,20,36,47,47],"current_hp_per_floor":[72,54,54,54,54,54,60,60,60,60,60,60,60,60,60,50,85,75,75,75,75,61,61,61,61,61,70,69,59,59,59,65,65,85,85,85,81,81,81,81,79,81,81,81,35,32,32,32,65,0,0],"gold":164,"neow_bonus":"THREE_ENEMY_KILL","is_daily":false,"chose_seed":false,"campfire_upgraded":6,"win_rate":0.0,"timestamp":1608038011,"path_taken":["M","?","$","?","?","R","?","R","T","?","E","R","E","?","R","BOSS","M","?","?","?","?","R","?","?","T","R","E","M","E","$","R","BOSS","M","$","?","?","?","R","M","R","T","M","M","E","$","M","R","BOSS"],"items_purchased_type":["Card","Relic","Card","Relic","Card"],"build_version":"2020-12-13","purchased_purges":4,"victory":false,"max_hp_per_floor":[72,72,72,72,72,72,78,78,78,78,78,78,78,85,85,85,85,85,85,85,85,85,85,85,85,85,85,85,85,85,85,85,85,85,85,85,81,81,81,81,81,81,81,81,81,81,81,81,81,81,81],"card_choices":[{"not_picked":["Halt","DeceiveReality"],"picked":"FlurryOfBlows","floor":1},{"not_picked":["ThirdEye","ClearTheMind"],"picked":"EmptyMind","floor":10},{"not_picked":["FearNoEvil","Indignation"],"picked":"SandsOfTime","floor":11},{"not_picked":["Protect","Wallop"],"picked":"WheelKick","floor":13},{"not_picked":["ConjureBlade","MasterReality"],"picked":"LessonLearned","floor":16},{"not_picked":["ClearTheMind"],"picked":"SKIP","floor":18},{"not_picked":[],"picked":"CutThroughFate","floor":22},{"not_picked":["FlyingSleeves"],"picked":"SKIP","floor":28},{"not_picked":["Study"],"picked":"SKIP","floor":29},{"not_picked":["Crescendo"],"picked":"SKIP","floor":30},{"not_picked":["FollowUp"],"picked":"SKIP","floor":35},{"not_picked":["Evaluate+1"],"picked":"SKIP","floor":41},{"not_picked":["Meditate+1"],"picked":"SKIP","floor":44},{"not_picked":["Prostrate"],"picked":"SKIP","floor":45},{"not_picked":["TalkToTheHand+1"],"picked":"SKIP","floor":46},{"not_picked":["Worship"],"picked":"SKIP","floor":48}],"player_experience":592866,"relics_obtained":[{"floor":9,"key":"PreservedInsect"},{"floor":10,"key":"Odd Mushroom"},{"floor":11,"key":"Shuriken"},{"floor":13,"key":"Anchor"},{"floor":25,"key":"Whetstone"},{"floor":26,"key":"Eternal Feather"},{"floor":28,"key":"Oddly Smooth Stone"},{"floor":30,"key":"Nunchaku"},{"floor":43,"key":"Boot"},{"floor":46,"key":"Frozen Egg 2"}],"event_choices":[{"damage_healed":0,"gold_gain":0,"player_choice":"Take Damage","damage_taken":18,"relics_obtained":["Golden Idol"],"max_hp_gain":0,"max_hp_loss":0,"event_name":"Golden Idol","floor":2,"gold_loss":0},{"cards_removed":["Strike_P"],"damage_healed":0,"gold_gain":0,"player_choice":"Forget","damage_taken":0,"max_hp_gain":0,"max_hp_loss":0,"event_name":"Living Wall","floor":4,"gold_loss":0},{"damage_healed":0,"gold_gain":0,"player_choice":"RENOUNCE","damage_taken":0,"max_hp_gain":0,"max_hp_loss":0,"event_name":"betterThird:BetterSerpent","floor":7,"gold_loss":0,"cards_obtained":["Enlightenment"]},{"damage_healed":0,"gold_gain":0,"player_choice":"Fought Mushrooms","damage_taken":0,"max_hp_gain":0,"max_hp_loss":0,"event_name":"Mushrooms","floor":10,"gold_loss":0},{"damage_healed":0,"gold_gain":0,"player_choice":"Relic ","damage_taken":7,"max_hp_gain":0,"max_hp_loss":0,"event_name":"betterThird:BetterScrap","floor":14,"gold_loss":0,"cards_obtained":["Immolate"]},{"damage_healed":0,"gold_gain":0,"player_choice":"Ignored","damage_taken":0,"max_hp_gain":0,"max_hp_loss":0,"event_name":"Vampires","floor":19,"gold_loss":0},{"cards_removed":["Strike_P"],"damage_healed":0,"gold_gain":0,"player_choice":"Elegance","damage_taken":0,"max_hp_gain":0,"max_hp_loss":0,"event_name":"betterThird:BetterWriting","floor":24,"gold_loss":0},{"damage_healed":0,"gold_gain":0,"player_choice":"Max HP","damage_taken":0,"max_hp_gain":0,"max_hp_loss":4,"event_name":"Winding Halls","floor":37,"gold_loss":0},{"damage_healed":0,"gold_gain":333,"player_choice":"Gave Idol","damage_taken":0,"max_hp_gain":0,"max_hp_loss":0,"event_name":"The Moai Head","floor":38,"relics_lost":["Golden Idol"],"gold_loss":0},{"damage_healed":0,"gold_gain":0,"player_choice":"Copied","damage_taken":0,"max_hp_gain":0,"max_hp_loss":0,"event_name":"Duplicator","floor":39,"gold_loss":0,"cards_obtained":["MentalFortress"]}],"is_beta":false,"boss_relics":[{"not_picked":["SacredBark","Velvet Choker"],"picked":"Busted Crown"},{"not_picked":["Philosopher\u0027s Stone","Black Star"],"picked":"Fusion Hammer"}],"items_purged_floors":[3,31,36,47],"is_endless":false,"potions_floor_spawned":[11,18,28,29,45],"killed_by":"Time Eater","ascension_level":1}}