{"host":"yecadp3kwkksam5a","time":1608054895,"event":{"mods":["BaseMod","Minty Spire (QoL Compilation)","Replay The Spire","StSLib"],"gold_per_floor":[110,125,140,155,167,167,195,195,195,252,264,275,302,131,131,235,235,254,274,293,309,42,42,67,67,92,92,103,103,113,144,144,244,244,256,274,274,286,305,305,338,338,338,364,374,374,389,399,399,399,399],"floor_reached":50,"playtime":4183,"items_purged":["Strike_B","Strike_B"],"score":867,"play_id":"10def1fd-b2cf-4e4c-b9e3-d2836d063b38","local_time":"20201216025455","is_ascension_mode":true,"campfire_choices":[{"data":"Dualcast","floor":6.0,"key":"SMITH"},{"floor":8.0,"key":"REST"},{"data":"Defragment","floor":23.0,"key":"SMITH"},{"floor":27.0,"key":"REST"},{"data":"Ghostly","floor":29.0,"key":"SMITH"},{"data":"Self Repair","floor":32.0,"key":"SMITH"},{"data":"Ghostly","floor":40.0,"key":"SMITH"},{"data":"Ghostly","floor":42.0,"key":"SMITH"},{"floor":49,"key":"RECALL"}],"circlet_count":0,"master_deck":["Strike_B+1","Defend_B","Defend_B","Defend_B","Defend_B","Zap","Dualcast+1","Glacier","FTL+1","Conserve Battery","Rip and Tear","Leap","Go for the Eyes","Blizzard","Self Repair+1","Cold Snap","Ball Lightning","FTL","Capacitor+1","Cold Snap","ReplayTheSpireMod:Calculation Training+1","Defragment+1","Coolheaded","Thinking Ahead","Capacitor","Ghostly+1","Ghostly+1","Ghostly+1","Ghostly","Ghostly","Self Repair+1","Glacier","Sweeping Beam+1","Multi-Cast","Glacier+1","Chill","Chill+1","Capacitor+1","Madness","Madness","Ball Lightning","Coolheaded+1","Sweeping Beam","Blizzard","Parasite","Hologram+1","Coolheaded+1"],"relics":["Cracked Core","Gremlin Food","Singing Bowl","Prayer Wheel","Mirror","Ring of Chaos","Prayer Wheel","White Beast Statue","PreservedInsect","The Courier","Runic Pyramid","Kunai","Eternal Feather"],"acts_visited":["Exordium","TheCity","TheBeyond"],"potions_floor_usage":[],"damage_taken":[{"damage":9.0,"enemies":"Jaw Worm","floor":1.0,"turns":3.0},{"damage":0.0,"enemies":"Small Slimes","floor":2.0,"turns":3.0},{"damage":0.0,"enemies":"Cultist","floor":3.0,"turns":4.0},{"damage":9.0,"enemies":"Exordium Thugs","floor":4.0,"turns":5.0},{"damage":4.0,"enemies":"Looter","floor":5.0,"turns":2.0},{"damage":21.0,"enemies":"Gremlin Nob","floor":7.0,"turns":4.0},{"damage":6.0,"enemies":"3 Sentries","floor":10.0,"turns":8.0},{"damage":0.0,"enemies":"Red Slaver","floor":11.0,"turns":3.0},{"damage":4.0,"enemies":"Blue Slaver","floor":12.0,"turns":3.0},{"damage":9.0,"enemies":"Lagavulin","floor":13.0,"turns":7.0},{"damage":21.0,"enemies":"Hexaghost","floor":16.0,"turns":13.0},{"damage":37.0,"enemies":"2 Thieves","floor":18.0,"turns":4.0},{"damage":21.0,"enemies":"3 Byrds","floor":19.0,"turns":7.0},{"damage":6.0,"enemies":"Snecko","floor":20.0,"turns":9.0},{"damage":14.0,"enemies":"Shelled Parasite and Fungi","floor":21.0,"turns":7.0},{"damage":33.0,"enemies":"Gremlin Leader","floor":24.0,"turns":9.0},{"damage":13.0,"enemies":"Chosen and Byrds","floor":28.0,"turns":9.0},{"damage":23.0,"enemies":"Cultist and Chosen","floor":30.0,"turns":10.0},{"damage":18.0,"enemies":"Slavers","floor":31.0,"turns":7.0},{"damage":18.0,"enemies":"Pondfish","floor":33.0,"turns":20.0},{"damage":8.0,"enemies":"3 Shapes","floor":35.0,"turns":8.0},{"damage":27.0,"enemies":"3 Darklings","floor":36.0,"turns":8.0},{"damage":29.0,"enemies":"Maw","floor":38.0,"turns":13.0},{"damage":0.0,"enemies":"Sphere and 2 Shapes","floor":39.0,"turns":9.0},{"damage":9.0,"enemies":"Reptomancer","floor":41.0,"turns":11.0},{"damage":21.0,"enemies":"Giant Head","floor":44.0,"turns":15.0},{"damage":3.0,"enemies":"4 Shapes","floor":45.0,"turns":7.0},{"damage":10,"enemies":"Writhing Mass","floor":47,"turns":13},{"damage":24,"enemies":"Maw","floor":48,"turns":13},{"damage":88,"enemies":"Donu and Deca","floor":50,"turns":10}],"seed_played":"1787728202262285833","potions_obtained":[{"floor":1.0,"key":"SteroidPotion"},{"floor":2.0,"key":"Energy Potion"},{"floor":10.0,"key":"SteroidPotion"},{"floor":11.0,"key":"Elixir"},{"floor":12.0,"key":"EntropicBrew"},{"floor":18.0,"key":"FocusPotion"},{"floor":28.0,"key":"Regen Potion"},{"floor":30.0,"key":"AttackPotion"},{"floor":31.0,"key":"Milkshake"},{"floor":33.0,"key":"PotionOfCapacity"}],"is_trial":false,"path_per_floor":["M","M","M","M","M","R","E","R","T","?","M","M","E","$","R","B",null,"M","M","M","M","$","R","E","?","T","R","M","R","M","E","R","B",null,"M","M","?","M","M","R","E","R","T","E","M","?","M","M","R","B"],"character_chosen":"DEFECT","items_purchased":["Cold Snap","Ball Lightning","Thinking Ahead"],"campfire_rested":2,"item_purchase_floors":[14,14,22],"current_hp_per_floor":[73,73,73,64,60,60,39,63,63,59,63,61,52,52,52,38,90,62,52,55,52,52,52,26,26,26,41,39,39,50,51,51,53,59,61,56,48,43,65,65,71,71,71,72,77,77,81,81,85,0,0],"gold":399,"neow_bonus":"TEN_PERCENT_HP_BONUS","is_daily":false,"chose_seed":false,"campfire_upgraded":6,"win_rate":0.0,"timestamp":1608054895,"path_taken":["M","M","M","M","M","R","E","R","T","?","M","M","E","$","R","BOSS","M","M","M","M","$","R","E","?","T","R","M","R","M","E","R","BOSS","M","M","?","M","M","R","E","R","T","E","M","?","M","M","R","BOSS"],"items_purchased_type":["Card","Card","Card"],"build_version":"2020-12-13","purchased_purges":2,"victory":false,"max_hp_per_floor":[82,82,82,82,82,82,82,82,82,84,88,90,90,90,90,90,90,92,96,98,102,102,102,102,51,51,51,55,55,57,59,59,59,59,61,63,63,67,69,69,71,71,71,73,77,77,81,85,85,85,85],"card_choices":[{"not_picked":["ReplaySolidLightProjector","Chaos"],"picked":"Glacier","floor":1.0},{"not_picked":["Hologram","Compile Driver"],"picked":"FTL","floor":2.0},{"not_picked":["Scrape","Rebound"],"picked":"Conserve Battery","floor":3.0},{"not_picked":["Tempest","Rebound"],"picked":"Rip and Tear","floor":4.0},{"not_picked":["FTL","Darkness"],"picked":"Leap","floor":5.0},{"not_picked":["Leap","Stack"],"picked":"Go for the Eyes","floor":7.0},{"not_picked":["Leap","Panic Button","Streamline"],"picked":"Singing Bowl","floor":10.0},{"not_picked":["Steam","Gash","BasicCrystalCard"],"picked":"Singing Bowl","floor":11.0},{"not_picked":["Hologram","Static Discharge","Panic Button"],"picked":"Singing Bowl","floor":11.0},{"not_picked":["Machine Learning","ReplaySolidLightProjector","Rebound"],"picked":"Singing Bowl","floor":12.0},{"not_picked":["Barrage","Go for the Eyes"],"picked":"Blizzard","floor":12.0},{"not_picked":["ReplayGash","Recycle"],"picked":"Self Repair","floor":13.0},{"not_picked":["Machine Learning","Biased Cognition"],"picked":"ReplayTheSpireMod:Fabricate Wheel","floor":16.0},{"not_picked":["Recycle","Fusion","Hologram"],"picked":"Singing Bowl","floor":18.0},{"not_picked":["Conserve Battery","Panic Button"],"picked":"Capacitor+1","floor":18.0},{"not_picked":["ReplayTheSpireMod:Reroute Power+1","Cold Snap","FTL"],"picked":"Singing Bowl","floor":19.0},{"not_picked":["Gash","Redo","Core Surge"],"picked":"Singing Bowl","floor":19.0},{"not_picked":["Go for the Eyes","ReplaySolidLightProjector+1"],"picked":"Cold Snap","floor":19.0},{"not_picked":["Streamline+1","Rip and Tear"],"picked":"ReplayTheSpireMod:Calculation Training+1","floor":20.0},{"not_picked":["Sweeping Beam","BootSequence"],"picked":"Defragment","floor":20.0},{"not_picked":["Conserve Battery","Time Bomb","Barrage"],"picked":"Singing Bowl","floor":20.0},{"not_picked":["Steam Power+1","Rebound+1","Gash"],"picked":"Singing Bowl","floor":21.0},{"not_picked":["Panic Button+1","White Noise+1"],"picked":"Coolheaded","floor":21.0},{"not_picked":["Go for the Eyes","Hologram","Panic Button+1"],"picked":"Singing Bowl","floor":21.0},{"not_picked":["Rebound","ReplayTheSpireMod:Reroute Power+1"],"picked":"Capacitor","floor":24.0},{"not_picked":["Machine Learning","Beam Cell+1","Compile Driver"],"picked":"Singing Bowl","floor":28.0},{"not_picked":["Compile Driver+1","Panic Button+1"],"picked":"Self Repair+1","floor":28.0},{"not_picked":["Compile Driver+1","White Noise","Sweeping Beam"],"picked":"Singing Bowl","floor":28.0},{"not_picked":["BasicCrystalCard","Recycle","Fusion"],"picked":"Singing Bowl","floor":30.0},{"not_picked":["Conserve Battery","Sweeping Beam"],"picked":"Glacier","floor":30.0},{"not_picked":["Beam Cell","BootSequence"],"picked":"Sweeping Beam+1","floor":30.0},{"not_picked":["Doom and Gloom+1","Melter","Beam Cell"],"picked":"Singing Bowl","floor":31.0},{"not_picked":["Buffer","Amplify"],"picked":"Multi-Cast","floor":33.0},{"not_picked":["BasicCrystalCard+1","ReplaySort"],"picked":"Glacier+1","floor":35.0},{"not_picked":["Double Energy","Hologram+1","ReplaySolidLightProjector"],"picked":"Singing Bowl","floor":35.0},{"not_picked":["Conserve Battery+1","Gash+1"],"picked":"Chill","floor":35.0},{"not_picked":["BasicCrystalCard+1","Turbo+1"],"picked":"Chill+1","floor":36.0},{"not_picked":["Leap","BasicCrystalCard"],"picked":"Capacitor+1","floor":36.0},{"not_picked":["Rebound+1","Go for the Eyes+1","Thunder Strike"],"picked":"Singing Bowl","floor":36.0},{"not_picked":["Cold Snap+1","Redo","Leap"],"picked":"Singing Bowl","floor":38.0},{"not_picked":["Redo+1","Doom and Gloom+1"],"picked":"Ball Lightning","floor":38.0},{"not_picked":["Barrage","Streamline+1","Meteor Strike"],"picked":"Singing Bowl","floor":38.0},{"not_picked":["Time Bomb+1","Streamline+1","Hologram+1"],"picked":"Singing Bowl","floor":39.0},{"not_picked":["Leap","ReplayTheSpireMod:Repulse"],"picked":"Coolheaded+1","floor":39.0},{"not_picked":["Stack","Darkness"],"picked":"Sweeping Beam","floor":39.0},{"not_picked":["Skim+1","Steam+1","Time Bomb"],"picked":"Singing Bowl","floor":41.0},{"not_picked":["Storm","BootSequence+1","ReplaySolidLightProjector+1"],"picked":"Singing Bowl","floor":44.0},{"not_picked":["Leap","ReplayTheSpireMod:Reroute Power"],"picked":"Blizzard","floor":45.0},{"not_picked":["Panic Button+1","Turbo","Hologram+1"],"picked":"Singing Bowl","floor":45.0},{"not_picked":["Chill","Darkness","Panic Button+1"],"picked":"Singing Bowl","floor":45.0},{"not_picked":["Gash+1","ReplayTheSpireMod:Repulse+1","Compile Driver+1"],"picked":"Singing Bowl","floor":47},{"not_picked":["Conserve Battery+1","Barrage"],"picked":"Hologram+1","floor":47},{"not_picked":["Buffer","Lockon","Recycle"],"picked":"Singing Bowl","floor":47},{"not_picked":["Reinforced Body","White Noise+1","Skim"],"picked":"Singing Bowl","floor":48},{"not_picked":["Hologram","Beam Cell+1","Panic Button+1"],"picked":"Singing Bowl","floor":48},{"not_picked":["Self Repair+1","Barrage+1"],"picked":"Coolheaded+1","floor":48}],"player_experience":185841,"relics_obtained":[{"floor":7.0,"key":"Gremlin Food"},{"floor":9.0,"key":"Singing Bowl"},{"floor":10.0,"key":"Prayer Wheel"},{"floor":13.0,"key":"Mirror"},{"floor":24.0,"key":"White Beast Statue"},{"floor":26.0,"key":"PreservedInsect"},{"floor":31.0,"key":"The Courier"},{"floor":41.0,"key":"Kunai"},{"floor":44.0,"key":"Eternal Feather"}],"event_choices":[{"damage_healed":0.0,"max_hp_gain":0.0,"max_hp_loss":0.0,"gold_gain":0.0,"event_name":"Dead Adventurer","player_choice":"Searched \u00271\u0027 times","floor":10.0,"gold_loss":0.0,"damage_taken":0.0},{"damage_healed":0.0,"max_hp_gain":0.0,"max_hp_loss":51.0,"gold_gain":0.0,"event_name":"Ghosts","player_choice":"Became a Ghost","floor":25.0,"gold_loss":0.0,"damage_taken":0.0,"cards_obtained":["Ghostly","Ghostly","Ghostly","Ghostly","Ghostly"]},{"damage_healed":0.0,"max_hp_gain":0.0,"max_hp_loss":0.0,"gold_gain":0.0,"event_name":"Winding Halls","player_choice":"Embrace Madness","floor":37.0,"gold_loss":0.0,"damage_taken":8.0,"cards_obtained":["Madness","Madness"]},{"damage_healed":0.0,"max_hp_gain":0.0,"max_hp_loss":0.0,"gold_gain":0.0,"event_name":"Lab","player_choice":"Got Potions","floor":46.0,"gold_loss":0.0,"damage_taken":0.0}],"is_beta":false,"boss_relics":[{"not_picked":["SlaversCollar","Painkiller Herb"],"picked":"Ring of Chaos"},{"not_picked":["Calling Bell","Black Star"],"picked":"Runic Pyramid"}],"items_purged_floors":[14,22],"is_endless":false,"potions_floor_spawned":[1,2,10,11,12,16,18,19,28,30,31,33,35,36,38,39,41,44,45,47,48],"killed_by":"Donu and Deca","ascension_level":3}}