{"host":"6azrrw3tf7wb0f4b","time":1608050950,"event":{"mods":["BaseMod","DeckTracker","Minty Spire (QoL Compilation)","SuperFastMode"],"gold_per_floor":[113,130,146,146,146,146,171,185,185,33,33,43,57,70,70,70,70],"floor_reached":16,"playtime":410,"items_purged":["Strike_R"],"score":187,"play_id":"c4626fbc-d002-49c9-b6df-c774fd0d9db1","local_time":"20201216014910","is_ascension_mode":true,"campfire_choices":[{"data":"Hemokinesis","floor":6,"key":"SMITH"},{"data":"Flame Barrier","floor":11,"key":"SMITH"},{"data":"Pummel","floor":15,"key":"SMITH"}],"circlet_count":0,"master_deck":["AscendersBane","Strike_R","Strike_R","Strike_R","Defend_R","Defend_R","Defend_R","Defend_R","Bash","Hemokinesis+1","Rupture+1","Metallicize+1","Fiend Fire","Pummel+1","Flame Barrier+1","Battle Trance","True Grit","Inflame"],"relics":["Burning Blood","StoneCalendar","Molten Egg 2"],"acts_visited":["Exordium"],"potions_floor_usage":[8,14,16],"damage_taken":[{"damage":13,"enemies":"Jaw Worm","floor":1,"turns":6},{"damage":11,"enemies":"Small Slimes","floor":2,"turns":4},{"damage":8,"enemies":"Cultist","floor":3,"turns":4},{"damage":30,"enemies":"3 Sentries","floor":7,"turns":9},{"damage":21,"enemies":"Lots of Slimes","floor":8,"turns":5},{"damage":7,"enemies":"Red Slaver","floor":12,"turns":4},{"damage":7,"enemies":"Exordium Wildlife","floor":13,"turns":3},{"damage":2,"enemies":"Large Slime","floor":14,"turns":4},{"damage":32,"enemies":"The Guardian","floor":16,"turns":10}],"seed_played":"7445583642829706949","potions_obtained":[{"floor":2,"key":"BloodPotion"},{"floor":3,"key":"LiquidMemories"},{"floor":12,"key":"ColorlessPotion"},{"floor":14,"key":"DuplicationPotion"}],"is_trial":false,"path_per_floor":["M","M","M","?","?","R","E","M","T","$","R","M","M","M","R","B"],"character_chosen":"IRONCLAD","items_purchased":["Flame Barrier"],"campfire_rested":0,"item_purchase_floors":[10],"current_hp_per_floor":[61,56,54,54,54,54,30,30,30,30,30,29,28,32,32,0,0],"gold":70,"neow_bonus":"REMOVE_CARD","is_daily":false,"chose_seed":false,"campfire_upgraded":3,"win_rate":0.0,"timestamp":1608050950,"path_taken":["M","M","M","?","?","R","E","?","T","?","R","?","M","M","R","BOSS"],"items_purchased_type":["Card"],"build_version":"2020-12-13","purchased_purges":1,"victory":false,"max_hp_per_floor":[75,75,75,75,75,75,75,75,75,75,75,75,75,75,75,75,75],"card_choices":[{"not_picked":["Flex","Combust"],"picked":"Hemokinesis","floor":1},{"not_picked":["Heavy Blade","Havoc"],"picked":"Rupture","floor":2},{"not_picked":["Feel No Pain","Shrug It Off"],"picked":"Metallicize","floor":3},{"not_picked":["Thunderclap","Spot Weakness"],"picked":"Fiend Fire","floor":7},{"not_picked":["Clash","Dropkick"],"picked":"Pummel","floor":8},{"not_picked":["Anger+1","Flex"],"picked":"Battle Trance","floor":12},{"not_picked":["Iron Wave+1","Infernal Blade"],"picked":"True Grit","floor":13},{"not_picked":["Burning Pact","Demon Form"],"picked":"Inflame","floor":14}],"player_experience":595194,"relics_obtained":[{"floor":7,"key":"StoneCalendar"},{"floor":9,"key":"Molten Egg 2"}],"event_choices":[{"damage_healed":0,"gold_gain":0,"player_choice":"Grow","damage_taken":0,"max_hp_gain":0,"max_hp_loss":0,"event_name":"Living Wall","floor":4,"gold_loss":0,"cards_upgraded":["Rupture"]},{"damage_healed":0,"gold_gain":0,"player_choice":"Forge","damage_taken":0,"max_hp_gain":0,"max_hp_loss":0,"event_name":"Accursed Blacksmith","floor":5,"gold_loss":0,"cards_upgraded":["Metallicize"]}],"is_beta":false,"boss_relics":[],"items_purged_floors":[10],"is_endless":false,"potions_floor_spawned":[2,3,12,13,14],"killed_by":"The Guardian","ascension_level":16}}