{"host":"684z1xpuwaoqmmh1","time":1608038508,"event":{"mods":["Bard","BaseMod","Downfall","Hermit","Jorbs\u0027s Wanderer Trilogy","Marisa????????","Minty Spire (QoL Compilation)","StSLib","The Hierophant","The Mystic","The Runesmith"],"gold_per_floor":[116,131,150,150,160,160,190,190,190,70,102,102,131,165,165,242,242,242,242],"floor_reached":18,"playtime":882,"items_purged":["stsjorbsmod:Defend_Wanderer"],"score":324,"play_id":"b44ee809-5d9b-4f78-a5d0-1fc56783b0c8","local_time":"20201215152148","is_ascension_mode":true,"campfire_choices":[{"data":"stsjorbsmod:ThirstingSword","floor":6.0,"key":"SMITH"},{"data":"stsjorbsmod:Firebolt","floor":8.0,"key":"SMITH"},{"data":"stsjorbsmod:ChatteringStrike","floor":12.0,"key":"SMITH"},{"data":"stsjorbsmod:Inferno","floor":15.0,"key":"SMITH"}],"circlet_count":0,"master_deck":["AscendersBane","stsjorbsmod:ForbiddenGrimoire+1","stsjorbsmod:Strike_Wanderer","stsjorbsmod:Strike_Wanderer","stsjorbsmod:Strike_Wanderer","stsjorbsmod:Defend_Wanderer","stsjorbsmod:Defend_Wanderer","stsjorbsmod:Defend_Wanderer","stsjorbsmod:FreshAdventure","stsjorbsmod:EyeOfTheStorm","stsjorbsmod:WanderingMind","stsjorbsmod:Inferno+1","stsjorbsmod:ColorSpray","stsjorbsmod:ThirstingSword+1","stsjorbsmod:Firebolt+1","stsjorbsmod:SmithingStrike","stsjorbsmod:ChatteringStrike+1","stsjorbsmod:SchoolsOfMagic","stsjorbsmod:IvoryTower"],"relics":["stsjorbsmod:GrimoireRelic","Frozen Egg 2","Torii","TungstenRod","Centennial Puzzle","SlaversCollar"],"acts_visited":["Exordium","TheCity"],"potions_floor_usage":[],"damage_taken":[{"damage":7.0,"enemies":"Small Slimes","floor":1.0,"turns":4.0},{"damage":1.0,"enemies":"Cultist","floor":2.0,"turns":5.0},{"damage":1.0,"enemies":"2 Louse","floor":3.0,"turns":4.0},{"damage":13.0,"enemies":"Large Slime","floor":5.0,"turns":8.0},{"damage":15.0,"enemies":"3 Sentries","floor":7.0,"turns":6.0},{"damage":1.0,"enemies":"Gremlin Nob","floor":11.0,"turns":3.0},{"damage":14.0,"enemies":"Lagavulin","floor":13.0,"turns":4.0},{"damage":0.0,"enemies":"3 Louse","floor":14.0,"turns":2.0},{"damage":22.0,"enemies":"The Guardian","floor":16.0,"turns":9.0},{"damage":0,"enemies":"Spheric Guardian","floor":18,"turns":1}],"seed_played":"-8740921519404168901","potions_obtained":[{"floor":2.0,"key":"Dexterity Potion"},{"floor":5.0,"key":"SpeedPotion"}],"is_trial":false,"path_per_floor":["M","M","M","?","M","R","E","R","T","$","E","R","E","M","R","B",null,"M"],"character_chosen":"WANDERER","items_purchased":["stsjorbsmod:SmithingStrike"],"campfire_rested":0,"item_purchase_floors":[10],"current_hp_per_floor":[59,61,64,64,51,51,43,43,43,43,49,49,42,43,43,21,55,55,55],"gold":242,"neow_bonus":"TEN_PERCENT_HP_BONUS","is_daily":false,"chose_seed":false,"campfire_upgraded":4,"win_rate":0.0,"timestamp":1608038508,"path_taken":["M","M","M","?","M","R","E","R","T","$","E","R","E","M","R","BOSS","M"],"items_purchased_type":["Card"],"build_version":"2020-12-13","purchased_purges":1,"victory":false,"max_hp_per_floor":[70,70,72,72,72,72,70,70,70,70,68,68,66,66,66,66,66,66,66],"card_choices":[{"not_picked":["stsjorbsmod:ColorSpray","stsjorbsmod:DoubleCheck"],"picked":"stsjorbsmod:WanderingMind","floor":1.0},{"not_picked":["stsjorbsmod:DoubleCheck","stsjorbsmod:DisguiseSelf"],"picked":"stsjorbsmod:Inferno","floor":2.0},{"not_picked":["stsjorbsmod:TrueStrike","stsjorbsmod:Rest"],"picked":"stsjorbsmod:ColorSpray","floor":3.0},{"not_picked":["stsjorbsmod:TrueStrike","stsjorbsmod:RayOfFrost"],"picked":"stsjorbsmod:ThirstingSword","floor":5.0},{"not_picked":["stsjorbsmod:Materialize","stsjorbsmod:Patron"],"picked":"stsjorbsmod:Firebolt","floor":7.0},{"not_picked":["stsjorbsmod:ChainLightning","stsjorbsmod:Thorns"],"picked":"stsjorbsmod:ChatteringStrike","floor":11.0},{"not_picked":["stsjorbsmod:RayOfFrost","stsjorbsmod:Aid","stsjorbsmod:OldPocket"],"picked":"SKIP","floor":13.0},{"not_picked":["stsjorbsmod:Will","stsjorbsmod:Stalwart"],"picked":"stsjorbsmod:SchoolsOfMagic","floor":14.0},{"not_picked":["stsjorbsmod:Withdraw","stsjorbsmod:Feast"],"picked":"stsjorbsmod:IvoryTower","floor":16.0}],"player_experience":2309668,"relics_obtained":[{"floor":7.0,"key":"Frozen Egg 2"},{"floor":9.0,"key":"Torii"},{"floor":11.0,"key":"TungstenRod"},{"floor":13.0,"key":"Centennial Puzzle"}],"event_choices":[{"cards_removed":["stsjorbsmod:Strike_Wanderer"],"damage_healed":0.0,"max_hp_gain":0.0,"max_hp_loss":0.0,"gold_gain":0.0,"event_name":"Bonfire Elementals","player_choice":"Offered Basic","floor":4.0,"gold_loss":0.0,"damage_taken":0.0}],"is_beta":false,"boss_relics":[{"not_picked":["Calling Bell","Coffee Dripper"],"picked":"SlaversCollar"}],"items_purged_floors":[10],"is_endless":false,"potions_floor_spawned":[2,5,7,14,16],"killed_by":"Spheric Guardian","ascension_level":16}}