{"host":"0jile2yd1dg679g0","time":1608002658,"event":{"mods":["AchievementEnabler","BaseMod","Better Third Choice","Colored Map","Colored Powertips","Minty Spire (QoL Compilation)","Prisma Mod","Random Character Button","Spicy Shops","StSLib","Transform Curses","Waifu the Spire"],"gold_per_floor":[119,119,135,135,135,135,1,17,62,62,76,107,117,40,40,135,135,147,164,1,1,21,21,56,56,56,72,82,94,94,112,112,209,209,223,223,240,240,260,260,260,285,335,346,12,28,28,44,44,44],"floor_reached":51,"playtime":4646,"items_purged":["Regret","Regret","Strike_P","Strike_P","Defend_P"],"score":781,"play_id":"4bfbe8f5-8839-445c-9e64-e683fb79845c","local_time":"20201214222418","is_ascension_mode":true,"campfire_choices":[{"data":"Brilliance","floor":6,"key":"SMITH"},{"data":"BattleHymn","floor":10,"key":"SMITH"},{"data":"MasterReality","floor":15,"key":"SMITH"},{"data":"Perseverance","floor":23,"key":"SMITH"},{"floor":25,"key":"REST"},{"floor":32,"key":"REST"},{"data":"Prostrate","floor":40,"key":"SMITH"},{"data":"Prostrate","floor":47,"key":"SMITH"},{"floor":49,"key":"REST"}],"circlet_count":0,"master_deck":["Strike_P","Strike_P","Defend_P","Defend_P","Defend_P","Eruption","Vigilance","Brilliance+1","CarveReality","Prostrate+1","BattleHymn+1","DeceiveReality","Worship","MasterReality+1","Prostrate","Brilliance","Perseverance+1","Prostrate+1","Prostrate+1","Consecrate","FollowUp+1","SashWhip+1","Wallop+1","ThirdEye+1","JustLucky+1"],"relics":["HolyWater","WarpedTongs","Oddly Smooth Stone","Membership Card","Pen Nib","Regal Pillow","Mango","Runic Pyramid","HornCleat","Pear","Blue Candle","Nunchaku","Lantern","Melange","Blood Vial","InkBottle"],"acts_visited":["Exordium","TheCity","TheBeyond"],"potions_floor_usage":[11,16,24,33],"damage_taken":[{"damage":0,"enemies":"2 Louse","floor":1,"turns":2},{"damage":4,"enemies":"Cultist","floor":3,"turns":3},{"damage":6,"enemies":"Jaw Worm","floor":8,"turns":2},{"damage":1,"enemies":"Looter","floor":11,"turns":3},{"damage":6,"enemies":"Lagavulin","floor":12,"turns":6},{"damage":10,"enemies":"Blue Slaver","floor":13,"turns":3},{"damage":0,"enemies":"Slime Boss","floor":16,"turns":5},{"damage":0,"enemies":"Spheric Guardian","floor":18,"turns":3},{"damage":18,"enemies":"2 Thieves","floor":19,"turns":3},{"damage":2,"enemies":"3 Cultists","floor":22,"turns":6},{"damage":38,"enemies":"Slavers","floor":24,"turns":7},{"damage":15,"enemies":"Cultist and Chosen","floor":27,"turns":5},{"damage":3,"enemies":"Centurion and Healer","floor":28,"turns":4},{"damage":12,"enemies":"Shelled Parasite and Fungi","floor":29,"turns":4},{"damage":10,"enemies":"Chosen and Byrds","floor":31,"turns":4},{"damage":51,"enemies":"Automaton","floor":33,"turns":7},{"damage":4,"enemies":"3 Shapes","floor":35,"turns":5},{"damage":0,"enemies":"Orb Walker","floor":37,"turns":2},{"damage":3,"enemies":"Sphere and 2 Shapes","floor":39,"turns":3},{"damage":17,"enemies":"Spire Growth","floor":44,"turns":4},{"damage":1,"enemies":"Jaw Worm Horde","floor":46,"turns":3},{"damage":2,"enemies":"3 Darklings","floor":48,"turns":5},{"damage":27,"enemies":"Awakened One","floor":50,"turns":7}],"seed_played":"2676950123447398771","potions_obtained":[{"floor":1,"key":"DuplicationPotion"},{"floor":8,"key":"Strength Potion"},{"floor":12,"key":"AttackPotion"},{"floor":24,"key":"Strength Potion"},{"floor":27,"key":"Block Potion"},{"floor":28,"key":"DuplicationPotion"},{"floor":35,"key":"Ambrosia"}],"is_trial":false,"path_per_floor":["M","?","M","?","?","R","$","M","T","R","M","E","M","$","R","B",null,"M","M","$","?","M","R","E","R","T","M","M","M","T","M","R","B",null,"M","?","M","?","M","R","?","T","T","M","$","M","R","M","R","B",null],"character_chosen":"WATCHER","items_purchased":["Membership Card","Pray","Mango","Prostrate","FearPotion","Melange","Blood Vial","InkBottle"],"campfire_rested":3,"item_purchase_floors":[7,7,14,14,20,45,45,45],"current_hp_per_floor":[72,72,68,61,61,61,61,55,55,55,54,48,38,52,52,52,86,86,68,68,68,66,66,28,68,78,63,60,48,48,38,81,30,96,92,92,92,91,88,88,88,88,88,71,71,72,72,72,91,64],"gold":44,"neow_bonus":"ONE_RANDOM_RARE_CARD","is_daily":false,"chose_seed":false,"campfire_upgraded":6,"win_rate":0.0,"timestamp":1608002658,"path_taken":["M","?","?","?","?","R","$","M","T","R","M","E","M","$","R","BOSS","M","M","$","?","?","R","E","R","T","M","M","M","?","M","R","BOSS","M","?","M","?","M","R","?","?","T","M","$","?","R","M","R","BOSS"],"items_purchased_type":["Relic","Card","Relic","Card","Potion","Relic","Relic","Relic"],"build_version":"2020-12-13","purchased_purges":5,"victory":true,"max_hp_per_floor":[72,72,72,72,72,72,72,72,72,72,72,72,72,86,86,86,86,86,86,86,86,86,86,86,86,96,96,96,96,96,96,96,96,96,96,96,96,91,91,91,91,91,91,91,91,91,91,91,91,91],"card_choices":[{"not_picked":["WreathOfFlame","DeceiveReality"],"picked":"CarveReality","floor":1},{"not_picked":["FlyingSleeves","CrushJoints"],"picked":"Prostrate","floor":3},{"not_picked":["PathToVictory","BowlingBash"],"picked":"BattleHymn","floor":8},{"not_picked":["ClearTheMind","FollowUp"],"picked":"DeceiveReality","floor":11},{"not_picked":["InnerPeace","PathToVictory"],"picked":"Worship","floor":12},{"not_picked":["SashWhip","Wallop"],"picked":"MasterReality","floor":13},{"not_picked":["MasterReality","Ragnarok"],"picked":"Brilliance","floor":16},{"not_picked":["Nirvana+1","Consecrate","JustLucky"],"picked":"SKIP","floor":18},{"not_picked":["Swivel","LikeWater+1"],"picked":"Perseverance","floor":19},{"not_picked":["ThirdEye","WindmillStrike"],"picked":"Prostrate","floor":22},{"not_picked":["CrushJoints","EmptyMind+1","SashWhip"],"picked":"SKIP","floor":24},{"not_picked":["MasterReality","ForeignInfluence"],"picked":"Prostrate+1","floor":27},{"not_picked":["EmptyBody+1","CrushJoints"],"picked":"Consecrate","floor":28},{"not_picked":["Swivel","DeceiveReality","EmptyBody"],"picked":"SKIP","floor":29},{"not_picked":["LikeWater","CutThroughFate","Evaluate"],"picked":"SKIP","floor":31},{"not_picked":["Indignation+1","Halt","ClearTheMind"],"picked":"SKIP","floor":35},{"not_picked":["Halt","Crescendo"],"picked":"FollowUp+1","floor":37},{"not_picked":["DeceiveReality","BowlingBash+1"],"picked":"SashWhip+1","floor":39},{"not_picked":["ForeignInfluence+1","Worship"],"picked":"Wallop+1","floor":44},{"not_picked":["FlurryOfBlows+1","SashWhip"],"picked":"ThirdEye+1","floor":46},{"not_picked":["LikeWater","FlurryOfBlows"],"picked":"JustLucky+1","floor":48}],"player_experience":173017,"relics_obtained":[{"floor":9,"key":"Pen Nib"},{"floor":12,"key":"Regal Pillow"},{"floor":24,"key":"HornCleat"},{"floor":26,"key":"Pear"},{"floor":30,"key":"Blue Candle"},{"floor":42,"key":"Nunchaku"},{"floor":43,"key":"Lantern"}],"event_choices":[{"damage_healed":0,"gold_gain":0,"player_choice":"Rummage","damage_taken":0,"relics_obtained":["WarpedTongs"],"max_hp_gain":0,"max_hp_loss":0,"event_name":"Accursed Blacksmith","floor":2,"gold_loss":0,"cards_obtained":["Pain"]},{"cards_removed":["Pain"],"damage_healed":0,"gold_gain":0,"player_choice":"Card Removal","damage_taken":7,"max_hp_gain":0,"max_hp_loss":0,"event_name":"Golden Wing","floor":4,"gold_loss":0},{"damage_healed":0,"gold_gain":0,"player_choice":"Box","damage_taken":0,"relics_obtained":["Oddly Smooth Stone"],"max_hp_gain":0,"max_hp_loss":0,"event_name":"Big Fish","floor":5,"gold_loss":0,"cards_obtained":["Regret"]},{"damage_healed":0,"gold_gain":0,"player_choice":"Ignored","damage_taken":0,"max_hp_gain":0,"max_hp_loss":0,"event_name":"N\u0027loth","floor":21,"gold_loss":0},{"cards_removed":["Pray"],"damage_healed":0,"gold_gain":0,"player_choice":"Removed Skill","damage_taken":0,"max_hp_gain":0,"max_hp_loss":0,"event_name":"Falling","floor":36,"gold_loss":0},{"damage_healed":0,"gold_gain":0,"player_choice":"Max HP","damage_taken":0,"max_hp_gain":0,"max_hp_loss":5,"event_name":"Winding Halls","floor":38,"gold_loss":0},{"damage_healed":0,"gold_gain":0,"player_choice":"Ignored","damage_taken":0,"max_hp_gain":0,"max_hp_loss":0,"event_name":"Mysterious Sphere","floor":41,"gold_loss":0}],"is_beta":false,"boss_relics":[{"not_picked":["Empty Cage","Black Star"],"picked":"Runic Pyramid"},{"not_picked":["VioletLotus","Runic Dome"],"picked":"HolyWater"}],"items_purged_floors":[7,14,20,20,45],"is_endless":false,"potions_floor_spawned":[1,8,12,24,27,28,35,37,48],"ascension_level":1}}