{"host":"1hv1kueuvc4r3rdp","time":1608051078,"event":{"mods":["AchievementEnabler","BaseMod","DeckTracker","Highlight Path","Minty Spire (QoL Compilation)","Permanent Neow","StSLib"],"gold_per_floor":[110,123,5,24,39,67,86,86,86,112,112,123,123,97,97,194,194],"floor_reached":16,"playtime":1122,"items_purged":[],"score":203,"play_id":"650c8116-f778-4d15-9298-6a9137caacfa","local_time":"20201215105118","is_ascension_mode":true,"campfire_choices":[{"floor":8,"key":"REST"},{"data":"Multi-Cast","floor":11,"key":"SMITH"},{"data":"Static Discharge","floor":13,"key":"SMITH"},{"floor":15,"key":"REST"}],"circlet_count":0,"master_deck":["Strike_B","Strike_B","Strike_B","Strike_B","Defend_B","Defend_B","Defend_B","Defend_B","Zap","Dualcast","Tempest","FTL","Undo","Multi-Cast+1","Static Discharge+1"],"relics":["Cracked Core","Tiny Chest","Darkstone Periapt","InkBottle"],"acts_visited":["Exordium"],"potions_floor_usage":[10],"damage_taken":[{"damage":0,"enemies":"Cultist","floor":1,"turns":3},{"damage":9,"enemies":"2 Louse","floor":2,"turns":2},{"damage":4,"enemies":"Jaw Worm","floor":4,"turns":3},{"damage":11,"enemies":"Looter","floor":5,"turns":3},{"damage":22,"enemies":"Lagavulin","floor":6,"turns":5},{"damage":11,"enemies":"3 Louse","floor":7,"turns":3},{"damage":16,"enemies":"Gremlin Nob","floor":10,"turns":3},{"damage":7,"enemies":"Exordium Thugs","floor":12,"turns":4},{"damage":33,"enemies":"Hexaghost","floor":16,"turns":8}],"seed_played":"-2273030558175443829","potions_obtained":[{"floor":1,"key":"CultistPotion"},{"floor":7,"key":"Strength Potion"},{"floor":10,"key":"Ancient Potion"}],"is_trial":false,"path_per_floor":["M","M","$","M","M","E","M","R","T","E","R","M","R","?","R","B"],"character_chosen":"DEFECT","items_purchased":["FTL","Fire Potion"],"campfire_rested":2,"item_purchase_floors":[3,3],"current_hp_per_floor":[82,73,73,69,58,36,25,49,49,33,33,26,26,26,50,17,17],"gold":194,"neow_bonus":"TEN_PERCENT_HP_BONUS","is_daily":false,"chose_seed":false,"campfire_upgraded":2,"win_rate":0.0,"timestamp":1608051078,"path_taken":["M","M","?","M","M","E","M","R","T","E","R","M","R","?","R","BOSS"],"items_purchased_type":["Card","Potion"],"build_version":"2020-12-13","purchased_purges":0,"victory":false,"max_hp_per_floor":[82,82,82,82,82,82,82,82,82,82,82,82,82,82,82,82,82],"card_choices":[{"not_picked":["Heatsinks","Hologram","Force Field"],"picked":"SKIP","floor":1},{"not_picked":["Darkness","Genetic Algorithm"],"picked":"Tempest","floor":2},{"not_picked":["Cold Snap","Rebound"],"picked":"Undo","floor":4},{"not_picked":["Turbo","Conserve Battery","Heatsinks"],"picked":"SKIP","floor":5},{"not_picked":["Stack","Go for the Eyes"],"picked":"Multi-Cast","floor":6},{"not_picked":["Redo","Rip and Tear","Hologram"],"picked":"SKIP","floor":7},{"not_picked":["Hello World","Aggregate","Streamline"],"picked":"SKIP","floor":10},{"not_picked":["Auto Shields","Tempest"],"picked":"Static Discharge","floor":12}],"player_experience":1013393,"relics_obtained":[{"floor":6,"key":"Tiny Chest"},{"floor":9,"key":"Darkstone Periapt"},{"floor":10,"key":"InkBottle"}],"event_choices":[{"damage_healed":0,"gold_gain":0,"player_choice":"Left Gold","damage_taken":0,"max_hp_gain":0,"max_hp_loss":0,"event_name":"World of Goop","floor":14,"gold_loss":26}],"is_beta":false,"boss_relics":[],"items_purged_floors":[],"is_endless":false,"potions_floor_spawned":[1,7,10,16],"killed_by":"Hexaghost","ascension_level":5}}