{"host":"dcj2yvrgcvh5dl2s","time":1608056849,"event":{"mods":["BaseMod","Better Note","Block Reminder","Colored Powertips","DeckTracker","Minty Spire (QoL Compilation)","Quick Restart","Rare Cards Sparkle","Relic Stats","StSLib"],"gold_per_floor":[360,377,17,17,33,66,90,90,90,90,108,141,15,35,35,156,156,175,140,140,140,161,161,110,149,149,170,209,233,4,29,29,29,29],"floor_reached":33,"playtime":814,"items_purged":["Normality","Injury"],"score":483,"play_id":"bd7718be-4ad1-4d23-8d4b-f2f3b4a85069","local_time":"20201216042729","is_ascension_mode":true,"campfire_choices":[{"floor":8,"key":"REST"},{"data":"True Grit","floor":15,"key":"SMITH"},{"data":"Flex","floor":23,"key":"SMITH"},{"data":"Flex","floor":32,"key":"SMITH"}],"circlet_count":0,"master_deck":["AscendersBane","Strike_R","Strike_R","Strike_R","Strike_R","Strike_R","Defend_R","Defend_R","Defend_R","Defend_R","Bash","Inflame","Feel No Pain","Flex+1","Cleave","Whirlwind+1","Pummel","Disarm","Panacea","True Grit+1","Pummel","Feed","Heavy Blade","Battle Trance","Shrug It Off","Flex+1","Body Slam+1","Sword Boomerang+1","Pummel","Body Slam+1","Disarm","Sword Boomerang+1"],"relics":["Burning Blood","Matryoshka","Golden Idol","Akabeko","Orichalcum","HornCleat","MawBank","Cursed Key","Kunai","Pantograph","MealTicket","The Courier","Smiling Mask","Sling"],"acts_visited":["Exordium","TheCity"],"potions_floor_usage":[6,18,28,29],"damage_taken":[{"damage":6,"enemies":"Cultist","floor":1,"turns":3},{"damage":0,"enemies":"Small Slimes","floor":2,"turns":3},{"damage":7,"enemies":"Jaw Worm","floor":5,"turns":3},{"damage":40,"enemies":"Gremlin Nob","floor":6,"turns":5},{"damage":16,"enemies":"Blue Slaver","floor":7,"turns":3},{"damage":0,"enemies":"Exordium Wildlife","floor":11,"turns":1},{"damage":14,"enemies":"Lagavulin","floor":12,"turns":4},{"damage":0,"enemies":"Looter","floor":14,"turns":1},{"damage":52,"enemies":"Slime Boss","floor":16,"turns":9},{"damage":11,"enemies":"2 Thieves","floor":18,"turns":4},{"damage":0,"enemies":"Spheric Guardian","floor":22,"turns":1},{"damage":3,"enemies":"Gremlin Leader","floor":25,"turns":6},{"damage":19,"enemies":"Snake Plant","floor":27,"turns":5},{"damage":0,"enemies":"Slavers","floor":28,"turns":1},{"damage":9,"enemies":"Shelled Parasite and Fungi","floor":29,"turns":4},{"damage":6,"enemies":"Cultist and Chosen","floor":31,"turns":4},{"damage":84,"enemies":"Automaton","floor":33,"turns":8}],"seed_played":"5848108001883880935","potions_obtained":[{"floor":2,"key":"AttackPotion"},{"floor":12,"key":"SteroidPotion"},{"floor":14,"key":"SmokeBomb"},{"floor":16,"key":"SpeedPotion"},{"floor":18,"key":"Fire Potion"},{"floor":25,"key":"Weak Potion"},{"floor":27,"key":"BloodPotion"}],"is_trial":false,"path_per_floor":["M","M","$","?","M","E","M","R","T","?","M","E","$","M","R","B",null,"M","$","?","?","M","R","$","E","T","M","E","M","$","M","R","B"],"character_chosen":"IRONCLAD","items_purchased":["Matryoshka","Feel No Pain","Panacea","True Grit","Battle Trance","Flex","Sling","Disarm"],"campfire_rested":1,"item_purchase_floors":[3,3,13,13,19,24,30,30],"current_hp_per_floor":[72,78,78,74,73,39,29,51,51,51,57,49,49,55,55,9,58,56,56,56,56,62,62,62,65,65,52,73,73,80,83,83,0,0],"gold":29,"neow_bonus":"TWO_FIFTY_GOLD","is_daily":false,"chose_seed":false,"campfire_upgraded":3,"win_rate":0.0,"timestamp":1608056849,"path_taken":["M","?","$","?","M","E","M","R","T","?","M","E","$","M","R","BOSS","M","$","?","?","M","R","?","E","T","M","E","?","$","M","R","BOSS"],"items_purchased_type":["Relic","Card","Card","Card","Card","Card","Relic","Card"],"build_version":"2020-12-13","purchased_purges":2,"victory":false,"max_hp_per_floor":[80,80,80,74,74,74,74,74,74,74,74,74,74,74,74,74,74,77,77,77,77,77,77,77,77,77,77,77,80,80,83,83,83,83],"relic_stats":{"counters":[17,65],"Golden Idol":92,"Pantograph":0,"MealTicket":7,"Kunai":[5],"Orichalcum":[72],"MawBank":12,"Cursed Key":1,"Smiling Mask":30,"obtain_stats":[{"Golden Idol":4,"The Courier":26,"Orichalcum":9,"MawBank":12,"Cursed Key":17,"Smiling Mask":28,"Sling":30,"Burning Blood":0,"Akabeko":6,"Matryoshka":3,"HornCleat":9,"Pantograph":25,"MealTicket":26,"Kunai":21},{"Golden Idol":2,"The Courier":12,"Orichalcum":5,"MawBank":7,"Cursed Key":9,"Smiling Mask":14,"Sling":15,"Burning Blood":0,"Akabeko":4,"Matryoshka":2,"HornCleat":5,"Pantograph":12,"MealTicket":12,"Kunai":10},{"Golden Idol":6,"The Courier":43,"Orichalcum":17,"MawBank":22,"Cursed Key":32,"Smiling Mask":49,"Sling":53,"Burning Blood":0,"Akabeko":14,"Matryoshka":6,"HornCleat":17,"Pantograph":43,"MealTicket":43,"Kunai":36}],"Burning Blood":96},"card_choices":[{"not_picked":["Rampage","Pommel Strike"],"picked":"Inflame","floor":1},{"not_picked":["Armaments","Clothesline","Havoc"],"picked":"SKIP","floor":2},{"not_picked":["Anger","Bloodletting"],"picked":"Flex","floor":5},{"not_picked":["Body Slam","Clothesline"],"picked":"Cleave","floor":6},{"not_picked":["Battle Trance","Dropkick"],"picked":"Whirlwind","floor":7},{"not_picked":["True Grit","Corruption"],"picked":"Pummel","floor":11},{"not_picked":["Sword Boomerang","Reckless Charge"],"picked":"Disarm","floor":12},{"not_picked":["Clash","Armaments"],"picked":"Pummel","floor":14},{"not_picked":["Corruption","Exhume"],"picked":"Feed","floor":16},{"not_picked":["Wild Strike","Warcry"],"picked":"Heavy Blade","floor":18},{"not_picked":["Evolve","Cleave"],"picked":"Shrug It Off","floor":22},{"not_picked":["Warcry","Body Slam+1","Rage"],"picked":"SKIP","floor":25},{"not_picked":["Warcry","Rage"],"picked":"Body Slam+1","floor":25},{"not_picked":["Shrug It Off","Clash"],"picked":"Sword Boomerang+1","floor":27},{"not_picked":["Impervious","Rage"],"picked":"Pummel","floor":28},{"not_picked":["Havoc","Warcry"],"picked":"Body Slam+1","floor":29},{"not_picked":["Heavy Blade","Perfected Strike"],"picked":"Sword Boomerang+1","floor":31}],"player_experience":1967265,"relics_obtained":[{"floor":6,"key":"Akabeko"},{"floor":9,"key":"Orichalcum"},{"floor":9,"key":"HornCleat"},{"floor":12,"key":"MawBank"},{"floor":25,"key":"Pantograph"},{"floor":26,"key":"MealTicket"},{"floor":26,"key":"The Courier"},{"floor":28,"key":"Smiling Mask"}],"event_choices":[{"damage_healed":0,"gold_gain":0,"player_choice":"Lose Max HP","damage_taken":0,"relics_obtained":["Golden Idol"],"max_hp_gain":0,"max_hp_loss":6,"event_name":"Golden Idol","floor":4,"gold_loss":0},{"damage_healed":0,"gold_gain":0,"player_choice":"Forge","damage_taken":0,"max_hp_gain":0,"max_hp_loss":0,"event_name":"Accursed Blacksmith","floor":10,"gold_loss":0,"cards_upgraded":["Whirlwind"]},{"damage_healed":0,"gold_gain":0,"player_choice":"Ignored","damage_taken":0,"max_hp_gain":0,"max_hp_loss":0,"event_name":"Vampires","floor":20,"gold_loss":0},{"damage_healed":0,"gold_gain":0,"player_choice":"Opened","damage_taken":0,"relics_obtained":["Kunai"],"max_hp_gain":0,"max_hp_loss":0,"event_name":"The Mausoleum","floor":21,"gold_loss":0}],"is_beta":false,"boss_relics":[{"not_picked":["Snecko Eye","Pandora\u0027s Box"],"picked":"Cursed Key"}],"items_purged_floors":[3,30],"is_endless":false,"potions_floor_spawned":[2,12,14,16,18,25,27],"killed_by":"Automaton","ascension_level":10}}