{"host":"w7o06k3e8uel8euj","time":1608000218,"event":{"mods":["AchievementEnabler","BaseMod","Colored Powertips","Custom Start","DeckTracker","Keyboard Shortcuts","Minty Spire (QoL Compilation)","Quick Restart","Relic Stats","StSLib","SuperFastMode","everything is the same but u backflip on backflip"],"gold_per_floor":[109,109,129,129,145,175,175,250,250,250,285,285,312,312,312,409,409,425,425,40,92,17,17,17],"floor_reached":23,"playtime":295,"items_purged":["ForeignInfluence"],"score":325,"play_id":"2b7a12e8-0c2d-4537-ad68-95c23f3cffbb","local_time":"20201215114338","is_ascension_mode":true,"campfire_choices":[{"data":"SandsOfTime","floor":7.0,"key":"SMITH"},{"floor":10.0,"key":"REST"},{"data":"ReachHeaven","floor":12.0,"key":"SMITH"},{"floor":15.0,"key":"REST"}],"circlet_count":0,"master_deck":["AscendersBane","Strike_P","Strike_P+1","Defend_P+1","Defend_P","Eruption+1","Vigilance","EmptyFist","ReachHeaven+1","SandsOfTime+1","Indignation","LessonLearned","ReachHeaven+1","DeceiveReality+1","MentalFortress","TalkToTheHand"],"relics":["PureWater","NeowsBlessing","White Beast Statue","Mummified Hand","The Courier","Ginger","HornCleat","Astrolabe","Meat on the Bone","PreservedInsect"],"acts_visited":["Exordium","TheCity"],"potions_floor_usage":[],"damage_taken":[{"damage":0.0,"enemies":"Jaw Worm","floor":1.0,"turns":1.0},{"damage":0.0,"enemies":"Cultist","floor":3.0,"turns":1.0},{"damage":0.0,"enemies":"2 Louse","floor":5.0,"turns":1.0},{"damage":16.0,"enemies":"Gremlin Nob","floor":6.0,"turns":3.0},{"damage":12.0,"enemies":"3 Sentries","floor":11.0,"turns":6.0},{"damage":15.0,"enemies":"Gremlin Nob","floor":13.0,"turns":3.0},{"damage":29.0,"enemies":"The Guardian","floor":16.0,"turns":4.0},{"damage":16,"enemies":"Spheric Guardian","floor":18,"turns":4},{"damage":50,"enemies":"Slavers","floor":23,"turns":3}],"seed_played":"34493748854002487","potions_obtained":[{"floor":3.0,"key":"SpeedPotion"},{"floor":6.0,"key":"DuplicationPotion"},{"floor":11.0,"key":"DuplicationPotion"},{"floor":13.0,"key":"EssenceOfSteel"},{"floor":16.0,"key":"CultistPotion"}],"is_trial":false,"path_per_floor":["M","?","M","?","M","E","R","?","T","R","E","R","E","?","R","B",null,"M","?","$","T","?","E"],"character_chosen":"WATCHER","items_purchased":["MentalFortress","Meat on the Bone","PreservedInsect","TalkToTheHand"],"campfire_rested":2,"item_purchase_floors":[20,20,20,20],"current_hp_per_floor":[65,65,65,51,51,35,35,24,24,45,33,33,18,15,36,7,56,40,40,40,40,40,0,0],"gold":17,"neow_bonus":"THREE_ENEMY_KILL","is_daily":false,"chose_seed":false,"campfire_upgraded":2,"win_rate":0.0,"timestamp":1608000218,"path_taken":["M","?","?","?","M","E","R","?","T","R","E","R","E","?","R","BOSS","M","?","$","?","?","E"],"items_purchased_type":["Card","Relic","Relic","Card"],"build_version":"2020-12-13","purchased_purges":1,"victory":false,"max_hp_per_floor":[72,72,72,72,72,72,72,72,72,72,72,72,72,72,72,72,72,72,72,72,72,72,72,72],"relic_stats":{"counters":[9,26],"Mummified Hand":[2],"Astrolabe":["ReachHeaven","DeceiveReality","Nirvana"],"PreservedInsect":41,"Ginger":[1],"obtain_stats":[{"HornCleat":14,"NeowsBlessing":0,"Mummified Hand":9,"Astrolabe":17,"The Courier":11,"PreservedInsect":20,"Ginger":13,"PureWater":0,"White Beast Statue":6,"Meat on the Bone":20},{"HornCleat":6,"NeowsBlessing":0,"Mummified Hand":4,"Astrolabe":7,"The Courier":5,"PreservedInsect":8,"Ginger":6,"PureWater":0,"White Beast Statue":4,"Meat on the Bone":8},{"HornCleat":15,"NeowsBlessing":0,"Mummified Hand":6,"Astrolabe":19,"The Courier":12,"PreservedInsect":23,"Ginger":15,"PureWater":0,"White Beast Statue":6,"Meat on the Bone":23}],"Meat on the Bone":0},"card_choices":[{"not_picked":["Prostrate","CarveReality"],"picked":"EmptyFist","floor":1.0},{"not_picked":["Prostrate","BowlingBash","Sanctity"],"picked":"SKIP","floor":3.0},{"not_picked":["CutThroughFate","EmptyBody"],"picked":"ReachHeaven","floor":5.0},{"not_picked":["EmptyBody","EmptyFist"],"picked":"SandsOfTime","floor":6.0},{"not_picked":["FollowUp","MasterReality"],"picked":"Indignation","floor":11.0},{"not_picked":["Protect","ForeignInfluence","ThirdEye"],"picked":"SKIP","floor":13.0},{"not_picked":["Devotion","SpiritShield"],"picked":"LessonLearned","floor":16.0},{"not_picked":["FlyingSleeves","ThirdEye","SignatureMove+1"],"picked":"SKIP","floor":18}],"player_experience":551638,"relics_obtained":[{"floor":6.0,"key":"White Beast Statue"},{"floor":9.0,"key":"Mummified Hand"},{"floor":11.0,"key":"The Courier"},{"floor":13.0,"key":"Ginger"}],"event_choices":[{"damage_healed":0.0,"max_hp_gain":0.0,"max_hp_loss":0.0,"gold_gain":0.0,"event_name":"Accursed Blacksmith","player_choice":"Forge","floor":2.0,"gold_loss":0.0,"damage_taken":0.0,"cards_upgraded":["Eruption"]},{"damage_healed":0.0,"max_hp_gain":0.0,"max_hp_loss":0.0,"gold_gain":0.0,"event_name":"Shining Light","player_choice":"Entered Light","floor":4.0,"gold_loss":0.0,"damage_taken":14.0,"cards_upgraded":["Strike_P","Defend_P"]},{"damage_healed":0.0,"max_hp_gain":0.0,"max_hp_loss":0.0,"gold_gain":75.0,"event_name":"World of Goop","player_choice":"Gather Gold","floor":8.0,"gold_loss":0.0,"damage_taken":11.0},{"damage_healed":0.0,"max_hp_gain":0.0,"max_hp_loss":0.0,"gold_gain":0.0,"event_name":"Scrap Ooze","player_choice":"Success","floor":14.0,"gold_loss":0.0,"damage_taken":3.0,"relics_obtained":["HornCleat"]},{"damage_healed":0,"gold_gain":0,"cards_transformed":["Nirvana"],"player_choice":"Transformed","damage_taken":0,"max_hp_gain":0,"max_hp_loss":0,"event_name":"Transmorgrifier","floor":19,"gold_loss":0,"cards_obtained":["ForeignInfluence"]},{"cards_removed":["Defend_P"],"damage_healed":0,"gold_gain":0,"player_choice":"Gave Gold","damage_taken":0,"max_hp_gain":0,"max_hp_loss":0,"event_name":"Beggar","floor":22,"gold_loss":75}],"is_beta":false,"boss_relics":[{"not_picked":["Velvet Choker","Snecko Eye"],"picked":"Astrolabe"}],"items_purged_floors":[20],"is_endless":false,"potions_floor_spawned":[3,6,11,13,16,18],"killed_by":"Slavers","ascension_level":12}}