{"host":"jmj81tjjbuqnwhnf","time":1608038249,"event":{"mods":["BaseMod","Colored Map","Colored Powertips","Highlight Path","Minty Spire (QoL Compilation)","Relic Stats"],"gold_per_floor":[109,124,0,75,0,0,0,0,0,0,30,55,30,30,30,130,130,145,22,42,62,77,77,95,107,131,147,157,12,12,12],"floor_reached":30,"playtime":1546,"items_purged":["Strike_B","Strike_B"],"score":296,"play_id":"c279a9f0-7fa6-435d-9417-0e0ce301f79a","local_time":"20201215141729","is_ascension_mode":true,"campfire_choices":[{"data":"Blizzard","floor":6.0,"key":"SMITH"},{"floor":8.0,"key":"REST"},{"data":"Zap","floor":10.0,"key":"SMITH"},{"data":"Glacier","floor":15,"key":"SMITH"},{"floor":23,"key":"REST"}],"circlet_count":0,"master_deck":["Strike_B","Strike_B+1","Defend_B","Defend_B","Defend_B","Defend_B","Zap+1","Dualcast+1","Blizzard+1","Conserve Battery","Genetic Algorithm","Redo","Glacier+1","FTL","Multi-Cast","CurseOfTheBell","Coolheaded","Coolheaded","Self Repair","Conserve Battery+1","Leap","Self Repair","Self Repair","Stack","Stack","Coolheaded"],"relics":["Cracked Core","NeowsBlessing","Pocketwatch","MawBank","Calling Bell","Bag of Marbles","HornCleat","Turnip","Dream Catcher"],"acts_visited":["Exordium","TheCity"],"potions_floor_usage":[16,22,22,27,27,30],"damage_taken":[{"damage":0.0,"enemies":"Cultist","floor":1.0,"turns":1.0},{"damage":0.0,"enemies":"Jaw Worm","floor":2.0,"turns":1.0},{"damage":0,"enemies":"3 Sentries","floor":11,"turns":2},{"damage":0,"enemies":"2 Louse","floor":12,"turns":2},{"damage":16,"enemies":"The Guardian","floor":16,"turns":12},{"damage":18,"enemies":"Chosen","floor":18,"turns":7},{"damage":5,"enemies":"Shell Parasite","floor":20,"turns":9},{"damage":4,"enemies":"Shelled Parasite and Fungi","floor":21,"turns":10},{"damage":53,"enemies":"3 Cultists","floor":22,"turns":6},{"damage":13,"enemies":"Snake Plant","floor":24,"turns":7},{"damage":12,"enemies":"Snecko","floor":25,"turns":11},{"damage":25,"enemies":"3 Cultists","floor":27,"turns":7},{"damage":26,"enemies":"Centurion and Healer","floor":28,"turns":16},{"damage":69,"enemies":"Book of Stabbing","floor":30,"turns":11}],"seed_played":"-3754069215136821756","potions_obtained":[{"floor":2.0,"key":"Regen Potion"},{"floor":12,"key":"Ancient Potion"},{"floor":16,"key":"FairyPotion"},{"floor":18,"key":"DuplicationPotion"},{"floor":22,"key":"Explosive Potion"},{"floor":25,"key":"Energy Potion"},{"floor":28,"key":"Regen Potion"}],"is_trial":false,"path_per_floor":["M","M","$","?","$","R","?","R","T","R","E","M","$","$","R","B",null,"M","$","M","M","M","R","M","M","T","M","M","$","E"],"character_chosen":"DEFECT","items_purchased":["Conserve Battery","Genetic Algorithm","FTL","Coolheaded","Self Repair","Coolheaded"],"campfire_rested":2,"item_purchase_floors":[3,3,13,19,19,29],"current_hp_per_floor":[75,75,75,64,64,64,49,71,71,71,71,71,71,71,71,55,75,57,57,59,62,21,43,37,39,39,35,30,30,0,0],"gold":12,"neow_bonus":"THREE_ENEMY_KILL","is_daily":false,"chose_seed":false,"campfire_upgraded":3,"win_rate":0.0,"timestamp":1608038249,"path_taken":["M","M","$","?","$","R","?","R","T","R","E","M","?","$","R","BOSS","M","$","M","M","M","R","M","M","T","M","M","$","E"],"items_purchased_type":["Card","Card","Card","Card","Card","Card"],"build_version":"2020-12-13","purchased_purges":2,"victory":false,"max_hp_per_floor":[75,75,75,75,75,75,75,75,75,75,75,75,75,75,75,75,75,75,75,75,75,75,75,75,75,75,75,75,75,75,75],"relic_stats":{"Dream Catcher":0,"counters":[14,102],"Turnip":[14],"MawBank":24,"obtain_stats":[{"Calling Bell":17,"Dream Catcher":26,"HornCleat":17,"NeowsBlessing":0,"Turnip":17,"Bag of Marbles":17,"Cracked Core":0,"MawBank":11,"Pocketwatch":9},{"Calling Bell":5,"Dream Catcher":11,"HornCleat":5,"NeowsBlessing":0,"Turnip":5,"Bag of Marbles":5,"Cracked Core":0,"MawBank":3,"Pocketwatch":2},{"Calling Bell":18,"Dream Catcher":68,"HornCleat":18,"NeowsBlessing":0,"Turnip":18,"Bag of Marbles":18,"Cracked Core":0,"MawBank":4,"Pocketwatch":2}],"Pocketwatch":[105]},"card_choices":[{"not_picked":["Barrage","Steam","Streamline"],"picked":"SKIP","floor":1.0},{"not_picked":["Turbo","Steam"],"picked":"Blizzard","floor":2.0},{"not_picked":["Auto Shields","Scrape"],"picked":"Redo","floor":11},{"not_picked":["Buffer","Scrape"],"picked":"Glacier","floor":12},{"not_picked":["Biased Cognition","All For One"],"picked":"Multi-Cast","floor":16},{"not_picked":["Barrage","Darkness"],"picked":"Coolheaded","floor":18},{"not_picked":["White Noise+1","Hello World"],"picked":"Conserve Battery+1","floor":20},{"not_picked":["Steam Power","Gash","Reprogram"],"picked":"SKIP","floor":21},{"not_picked":["Multi-Cast","Double Energy+1"],"picked":"Leap","floor":22},{"not_picked":["Barrage","Compile Driver"],"picked":"Self Repair","floor":24},{"not_picked":["Melter","Hologram"],"picked":"Self Repair","floor":25},{"not_picked":["Go for the Eyes","Gash"],"picked":"Stack","floor":27},{"not_picked":["Static Discharge","BootSequence"],"picked":"Stack","floor":28}],"player_experience":55941,"relics_obtained":[{"floor":9.0,"key":"Pocketwatch"},{"floor":11,"key":"MawBank"},{"floor":17,"key":"Bag of Marbles"},{"floor":17,"key":"HornCleat"},{"floor":17,"key":"Turnip"},{"floor":26,"key":"Dream Catcher"}],"event_choices":[{"damage_healed":0.0,"max_hp_gain":0.0,"max_hp_loss":0.0,"gold_gain":75.0,"event_name":"World of Goop","player_choice":"Gather Gold","floor":4.0,"gold_loss":0.0,"damage_taken":11.0},{"damage_healed":0.0,"max_hp_gain":0.0,"max_hp_loss":0.0,"gold_gain":0.0,"event_name":"Shining Light","player_choice":"Entered Light","floor":7.0,"gold_loss":0.0,"damage_taken":15.0,"cards_upgraded":["Strike_B","Dualcast"]}],"is_beta":false,"boss_relics":[{"not_picked":["Ectoplasm","Runic Dome"],"picked":"Calling Bell"}],"items_purged_floors":[5,29],"is_endless":false,"potions_floor_spawned":[2,12,16,18,22,25,28],"killed_by":"Book of Stabbing","ascension_level":3}}