{"host":"v0n6ky7dmveherv3","time":1608057009,"event":{"mods":["BaseMod","Better Third Choice","Downfall","Minty Spire (QoL Compilation)","StSLib"],"gold_per_floor":[99,6,6,18,18,18,41,69,98,98,111,122,122,142,152,256,256,256,287,287,317,317,348,348,348,364,399,418,437,456,67,87,192,192,192,219,233,233,83,83,83,8,37,37,56,41,60,160,170,170],"floor_reached":51,"playtime":4011,"items_purged":[],"score":808,"play_id":"22ed8346-20c7-427d-b334-d4dd1dd9ba62","local_time":"20201215113009","is_ascension_mode":false,"campfire_choices":[{"data":"champ:Taunt","floor":1,"key":"SMITH"},{"data":"champ:IgnorePain","floor":3,"key":"SMITH"},{"data":"champ:Execute","floor":6,"key":"SMITH"},{"data":"champ:Lariat","floor":10,"key":"SMITH"},{"data":"champ:ArenaPreparation","floor":18,"key":"SMITH"},{"data":"champ:DefensiveShout","floor":25,"key":"SMITH"},{"data":"champ:HeavySlash","floor":35,"key":"SMITH"},{"data":"champ:CheapShot","floor":38,"key":"SMITH"},{"floor":40,"key":"RECALL"},{"data":"champ:Lariat","floor":42,"key":"SMITH"},{"data":"champ:ShieldWall","floor":44,"key":"SMITH"}],"circlet_count":0,"master_deck":["champ:Strike+1","champ:Strike+1","champ:Strike+1","champ:Strike+1","champ:Defend+1","champ:Defend+1","champ:Defend+1","champ:Defend+1","champ:Execute+1","champ:Taunt+1","champ:Haymaker+1","champ:IgnorePain+1","champ:HeartStrike","champ:Lariat+1","champ:CrownThrow+1","champ:ArenaPreparation+1","champ:FocusedGladiator+1","champ:MurderStrike","champ:Riposte","champ:DefensiveShout+1","champ:ArenaPreparation","champ:Circumvent","champ:StanceDance","champ:BladeFlurry+1","champ:Devastate","champ:Lariat+1","champ:Lariat+1","champ:IgnorePain","champ:CheapShot+1","champ:HeavySlash+1","champ:ShieldWall+1"],"relics":["champ:ChampionCrown","Incense Burner","Happy Flower","champ:DefensiveTrainingManual","Odd Mushroom","Coffee Dripper","Nunchaku","Regal Pillow","Dream Catcher","Pear","Anchor","DollysMirror","Busted Crown","Lantern","downfall:HeartBlessingGreen","Torii"],"acts_visited":["Exordium","TheCity","TheBeyond"],"potions_floor_usage":[16,16,16,21,31,39,50,50],"damage_taken":[{"damage":10,"enemies":"downfall:FleeingMerchant","floor":2,"turns":4},{"damage":5,"enemies":"Jaw Worm","floor":4,"turns":4},{"damage":30,"enemies":"3 Sentries","floor":8,"turns":9},{"damage":27,"enemies":"The Mushroom Lair","floor":9,"turns":7},{"damage":11,"enemies":"Small Slimes","floor":11,"turns":4},{"damage":5,"enemies":"Cultist","floor":12,"turns":2},{"damage":1,"enemies":"2 Fungi Beasts","floor":14,"turns":4},{"damage":3,"enemies":"Gremlin Gang","floor":15,"turns":4},{"damage":15,"enemies":"downfall:Silent","floor":16,"turns":5},{"damage":41,"enemies":"Book of Stabbing","floor":19,"turns":4},{"damage":11,"enemies":"Gremlin Leader","floor":21,"turns":7},{"damage":22,"enemies":"Slavers","floor":23,"turns":5},{"damage":16,"enemies":"Chosen","floor":26,"turns":3},{"damage":23,"enemies":"Book of Stabbing","floor":27,"turns":3},{"damage":15,"enemies":"Snecko","floor":28,"turns":4},{"damage":26,"enemies":"Centurion and Healer","floor":29,"turns":10},{"damage":25,"enemies":"Snake Plant","floor":30,"turns":2},{"damage":19,"enemies":"downfall:FleeingMerchant","floor":31,"turns":4},{"damage":15,"enemies":"Shelled Parasite and Fungi","floor":32,"turns":5},{"damage":17,"enemies":"downfall:Ironclad","floor":33,"turns":10},{"damage":31,"enemies":"Nemesis","floor":36,"turns":4},{"damage":8,"enemies":"Orb Walker","floor":37,"turns":6},{"damage":81,"enemies":"Giant Head","floor":43,"turns":7},{"damage":33,"enemies":"3 Darklings","floor":45,"turns":7},{"damage":11,"enemies":"downfall:FleeingMerchant","floor":46,"turns":4},{"damage":10,"enemies":"Transient","floor":47,"turns":5},{"damage":9,"enemies":"Jaw Worm Horde","floor":49,"turns":7},{"damage":54,"enemies":"downfall:Watcher","floor":50,"turns":10}],"seed_played":"-4560696057087645456","potions_obtained":[{"floor":8,"key":"Regen Potion"},{"floor":9,"key":"Energy Potion"},{"floor":12,"key":"AttackPotion"},{"floor":15,"key":"PowerPotion"},{"floor":19,"key":"BlessingOfTheForge"},{"floor":21,"key":"Fruit Juice"},{"floor":27,"key":"Dexterity Potion"},{"floor":29,"key":"AttackPotion"},{"floor":33,"key":"DuplicationPotion"},{"floor":45,"key":"Block Potion"}],"is_trial":false,"path_per_floor":["R","$","R","M","?","R","T","E","?","R","M","M","?","M","M","B",null,"R","E","?","E","?","E","T","R","M","E","M","M","M","$","M","B",null,"R","E","M","R","?","R","T","R","E","R","M","$","M","?","M","B",null],"character_chosen":"THE_CHAMP","items_purchased":["champ:IgnorePain","DollysMirror","champ:Lariat","champ:IgnorePain"],"campfire_rested":0,"item_purchase_floors":[2,31,31,31],"current_hp_per_floor":[63,63,63,63,63,63,63,45,46,46,44,44,44,43,45,64,90,90,72,72,66,66,54,64,64,68,55,60,80,80,92,100,93,100,100,100,100,100,115,115,115,115,92,92,84,94,94,94,101,115],"gold":170,"neow_bonus":"ONE_RARE_RELIC","is_daily":false,"chose_seed":false,"campfire_upgraded":10,"win_rate":0.0,"timestamp":1608057009,"path_taken":["R","$","R","M","?","R","T","E","?","R","M","M","?","M","M","BOSS","R","E","?","E","?","E","T","R","M","E","M","M","?","$","M","BOSS","R","E","M","R","?","R","T","R","E","R","M","$","?","?","M","BOSS"],"items_purchased_type":["Card","Relic","Card","Card"],"build_version":"2020-12-13","purchased_purges":0,"victory":true,"max_hp_per_floor":[90,90,90,90,90,90,90,90,90,90,90,90,90,90,90,90,90,90,90,90,90,90,90,100,100,100,100,100,100,100,100,100,100,100,100,100,100,100,115,115,115,115,115,115,115,115,115,115,115,115],"card_choices":[{"not_picked":["champ:BerserkersShout","champ:FanOfKnives"],"picked":"champ:Haymaker","floor":2},{"not_picked":["champ:GladiatorsShout","champ:Haymaker"],"picked":"champ:HeartStrike","floor":4},{"not_picked":["champ:Shatter","champ:HeartStrike"],"picked":"champ:Lariat","floor":8},{"not_picked":["champ:PerfectedStrike","champ:FlashCut"],"picked":"champ:CrownThrow","floor":9},{"not_picked":["champ:FalseCounter","champ:AdrenalArmor","champ:BladeFlurry"],"picked":"SKIP","floor":11},{"not_picked":["champ:FlashCut","champ:BringItOn","champ:BerserkersShout"],"picked":"SKIP","floor":12},{"not_picked":["champ:FocusedDefense","champ:BladeFlurry"],"picked":"champ:ArenaPreparation","floor":14},{"not_picked":["champ:Haymaker","champ:RecklessLeap"],"picked":"champ:FocusedGladiator","floor":15},{"not_picked":["champ:HeavySlash","champ:SteelEdge"],"picked":"champ:MurderStrike","floor":16},{"not_picked":["champ:CrookedStrike","champ:Haymaker","champ:BringItOn"],"picked":"SKIP","floor":19},{"not_picked":["champ:Circumvent","champ:StrikeOfGenius"],"picked":"champ:Riposte","floor":21},{"not_picked":["champ:PerfectedStrike","champ:GladiatorsShout"],"picked":"champ:DefensiveShout","floor":23},{"not_picked":["champ:EnragedBash","champ:FaceSlap+1"],"picked":"champ:ArenaPreparation","floor":26},{"not_picked":["champ:AdrenalArmor","champ:BringItOn"],"picked":"champ:Circumvent","floor":27},{"not_picked":["champ:HeartStrike","champ:CrookedStrike"],"picked":"champ:StanceDance","floor":28},{"not_picked":["champ:FaceSlap","champ:Encircle"],"picked":"champ:BladeFlurry+1","floor":29},{"not_picked":["champ:TornadoPunch","champ:Haymaker"],"picked":"champ:Devastate","floor":30},{"not_picked":["champ:StanceDance","champ:CrookedStrike","champ:FocusedGladiator"],"picked":"SKIP","floor":31},{"not_picked":["champ:BladeFlurry","champ:DefensiveShout+1"],"picked":"champ:CheapShot","floor":32},{"not_picked":["champ:MurderStrike","champ:CrownThrow"],"picked":"champ:HeavySlash","floor":33},{"not_picked":["champ:SkillfulDodge+1"],"picked":"SKIP","floor":36},{"not_picked":["champ:Circumvent+1"],"picked":"SKIP","floor":37},{"not_picked":[],"picked":"champ:ShieldWall","floor":43},{"not_picked":["champ:FaceSlap"],"picked":"SKIP","floor":45},{"not_picked":["champ:FanOfKnives"],"picked":"SKIP","floor":46},{"not_picked":["champ:Backstep"],"picked":"SKIP","floor":47},{"not_picked":["champ:Riposte"],"picked":"SKIP","floor":49}],"player_experience":88143,"relics_obtained":[{"floor":7,"key":"Happy Flower"},{"floor":8,"key":"champ:DefensiveTrainingManual"},{"floor":9,"key":"Odd Mushroom"},{"floor":19,"key":"Nunchaku"},{"floor":21,"key":"Regal Pillow"},{"floor":23,"key":"Dream Catcher"},{"floor":24,"key":"Pear"},{"floor":27,"key":"Anchor"},{"floor":36,"key":"Lantern"},{"floor":43,"key":"Torii"}],"event_choices":[{"damage_healed":0,"gold_gain":0,"player_choice":"Grow","damage_taken":0,"max_hp_gain":0,"max_hp_loss":0,"event_name":"Living Wall","floor":5,"gold_loss":0,"cards_upgraded":["champ:Haymaker"]},{"damage_healed":0,"gold_gain":0,"player_choice":"Fought Mushrooms","damage_taken":0,"max_hp_gain":0,"max_hp_loss":0,"event_name":"Mushrooms","floor":9,"gold_loss":0},{"damage_healed":0,"gold_gain":0,"player_choice":"Upgraded","damage_taken":0,"max_hp_gain":0,"max_hp_loss":0,"event_name":"Upgrade Shrine","floor":13,"gold_loss":0,"cards_upgraded":["champ:CrownThrow"]},{"damage_healed":0,"gold_gain":0,"player_choice":"Simplicity","damage_taken":0,"max_hp_gain":0,"max_hp_loss":8,"event_name":"betterThird:BetterWriting","floor":20,"gold_loss":0},{"damage_healed":0,"gold_gain":0,"player_choice":"Forge","damage_taken":0,"max_hp_gain":0,"max_hp_loss":0,"event_name":"Accursed Blacksmith","floor":22,"gold_loss":0,"cards_upgraded":["champ:FocusedGladiator"]}],"is_beta":false,"boss_relics":[{"not_picked":["sneckomod:SneckoTalon","champ:ChampionCrownUpgraded"],"picked":"Coffee Dripper"},{"not_picked":["Fusion Hammer","Astrolabe"],"picked":"Busted Crown"}],"items_purged_floors":[],"is_endless":false,"potions_floor_spawned":[8,9,12,14,15,19,21,27,29,33,37,45,47],"ascension_level":0}}