{"host":"k8gerrcpv9xe1nxe","time":1608054418,"event":{"mods":["2.2 Compatiblity","AchievementEnabler","BaseMod","Bestiary","Minty Spire (QoL Compilation)","Relic Stats","StSLib"],"gold_per_floor":[111,111,111,129,129,164,164,176,200,200,243,264,291,291,291],"floor_reached":14,"playtime":352,"items_purged":[],"score":125,"play_id":"46c344ac-9d7a-4733-903d-3a02a24f315f","local_time":"20201215124658","is_ascension_mode":true,"campfire_choices":[{"data":"Eruption","floor":7,"key":"SMITH"},{"data":"Vigilance","floor":10,"key":"SMITH"}],"circlet_count":0,"master_deck":["Strike_P","Strike_P+1","Strike_P","Strike_P+1","Defend_P+1","Defend_P+1","Defend_P","Defend_P+1","Eruption+1","Vigilance+1","CutThroughFate","FlyingSleeves","ThirdEye","LessonLearned","SashWhip","Protect"],"relics":["Black Star","Akabeko","Tiny Chest","CeramicFish","Eternal Feather","War Paint"],"acts_visited":["Exordium"],"potions_floor_usage":[14,14],"damage_taken":[{"damage":13,"enemies":"2 Louse","floor":1,"turns":3},{"damage":8,"enemies":"Jaw Worm","floor":4,"turns":4},{"damage":10,"enemies":"Gremlin Nob","floor":6,"turns":3},{"damage":9,"enemies":"Small Slimes","floor":8,"turns":3},{"damage":35,"enemies":"3 Sentries","floor":11,"turns":5},{"damage":22,"enemies":"Looter","floor":12,"turns":4},{"damage":0,"enemies":"Large Slime","floor":13,"turns":3},{"damage":30,"enemies":"Lagavulin","floor":14,"turns":4}],"seed_played":"2470356738863213226","potions_obtained":[{"floor":4,"key":"PowerPotion"},{"floor":8,"key":"FairyPotion"},{"floor":13,"key":"Weak Potion"}],"is_trial":false,"path_per_floor":["M","?","?","M","?","E","R","M","T","R","E","M","M","E"],"character_chosen":"WATCHER","items_purchased":[],"campfire_rested":0,"item_purchase_floors":[],"current_hp_per_floor":[59,45,69,61,61,51,51,42,42,42,7,21,21,0,0],"gold":291,"neow_bonus":"BOSS_RELIC","is_daily":false,"chose_seed":false,"campfire_upgraded":2,"win_rate":0.0,"timestamp":1608054418,"path_taken":["M","?","?","M","?","E","R","M","T","R","E","M","M","E"],"items_purchased_type":[],"build_version":"2020-12-13","purchased_purges":0,"victory":false,"max_hp_per_floor":[72,72,72,72,72,72,72,72,72,72,72,72,72,72,72],"relic_stats":{"counters":[8,29],"CeramicFish":27,"Tiny Chest":0,"Eternal Feather":0,"Black Star":2,"War Paint":["Defend_P","Defend_P"],"obtain_stats":[{"CeramicFish":9,"Tiny Chest":6,"Eternal Feather":11,"Black Star":0,"PureWater":0,"War Paint":11,"Akabeko":6},{"CeramicFish":4,"Tiny Chest":3,"Eternal Feather":5,"Black Star":0,"PureWater":0,"War Paint":5,"Akabeko":3},{"CeramicFish":13,"Tiny Chest":10,"Eternal Feather":18,"Black Star":0,"PureWater":0,"War Paint":18,"Akabeko":10}]},"card_choices":[{"not_picked":["ThirdEye","Halt","EmptyMind"],"picked":"SKIP","floor":1},{"not_picked":["JustLucky","Prostrate"],"picked":"CutThroughFate","floor":4},{"not_picked":["JustLucky","Protect"],"picked":"FlyingSleeves","floor":6},{"not_picked":["Halt","SignatureMove"],"picked":"ThirdEye","floor":8},{"not_picked":["Fasting2","Perseverance"],"picked":"LessonLearned","floor":11},{"not_picked":["CutThroughFate","FollowUp"],"picked":"SashWhip","floor":12},{"not_picked":["SashWhip","BattleHymn"],"picked":"Protect","floor":13}],"player_experience":63034,"relics_obtained":[{"floor":6,"key":"Akabeko"},{"floor":6,"key":"Tiny Chest"},{"floor":9,"key":"CeramicFish"},{"floor":11,"key":"Eternal Feather"},{"floor":11,"key":"War Paint"}],"event_choices":[{"damage_healed":0,"gold_gain":0,"player_choice":"Entered Light","damage_taken":14,"max_hp_gain":0,"max_hp_loss":0,"event_name":"Shining Light","floor":2,"gold_loss":0,"cards_upgraded":["Defend_P","Strike_P"]},{"damage_healed":24,"gold_gain":0,"player_choice":"Banana","damage_taken":0,"max_hp_gain":0,"max_hp_loss":0,"event_name":"Big Fish","floor":3,"gold_loss":0},{"damage_healed":0,"gold_gain":0,"player_choice":"Ignored","damage_taken":0,"max_hp_gain":0,"max_hp_loss":0,"event_name":"Liars Game","floor":5,"gold_loss":0}],"is_beta":false,"boss_relics":[],"items_purged_floors":[],"is_endless":false,"potions_floor_spawned":[4,8,13],"killed_by":"Lagavulin","ascension_level":5}}