{"host":"igj4vwc42ivwqexo","time":1608036131,"event":{"mods":["BaseMod","Better Third Choice","Infinite Spire","Koishi","Marisa????????","Minty Spire (QoL Compilation)","Shop Mod","StSLib","The Blue Laboratory","The Disciple","The Hierophant","The Servant 0.9.4"],"gold_per_floor":[111,131,131,131,145,145,163,163,188,206,206,221,253,264,264,360,360,377,397,397,410,427,427,460,460,483,46,46,65,83,83,83,188,188,205,305,319,319,319,319,319,347,347,347,359,359,379,390,390,492,492,491,441,233,233,241,241,252,252,252,259,302,322,325,324,324,385,385,383,383,69,17,27,34,34,22,22,28,28,23,20,20,20,98,98,91,87,87,87,77,81,81,86,86,86,106,111,104,82,82,149,149,154,156,202,202,200,215,215,217,217,217,529,537,537,539,539,614,614,615,575,577,232,237,237,237,248,248,248,240,240,238,248,248,321,371,379,379,416,444,434,445,446,467,467,474,474,471,455,455,455,274,274,274,224,237,283],"floor_reached":158,"playtime":27498,"items_purged":["Defend_B","Defend_B","Defend_B","Pain","Turbo+1","Redo+1"],"score":5207,"play_id":"db5c4b3d-956e-4522-a474-96de211e227b","local_time":"20201215134211","is_ascension_mode":true,"campfire_choices":[{"data":"White Noise","floor":6.0,"key":"SMITH"},{"data":"Zap","floor":8.0,"key":"SMITH"},{"data":"Dualcast","floor":11.0,"key":"SMITH"},{"data":"Self Repair","floor":15.0,"key":"SMITH"},{"data":"Loop","floor":23.0,"key":"SMITH"},{"data":"Rainbow","floor":25.0,"key":"SMITH"},{"data":"Storm","floor":28.0,"key":"SMITH"},{"data":"Coolheaded","floor":32.0,"key":"SMITH"},{"data":"infinitespire:Oblivion","floor":40.0,"key":"SMITH"},{"data":"Electrodynamics","floor":44.0,"key":"SMITH"},{"data":"Force Field","floor":46.0,"key":"SMITH"},{"data":"Force Field","floor":49.0,"key":"SMITH"},{"data":"Heatsinks","floor":57.0,"key":"SMITH"},{"data":"Storm","floor":59.0,"key":"SMITH"},{"data":"Streamline","floor":66.0,"key":"SMITH"},{"data":"Buffer","floor":75.0,"key":"SMITH"},{"data":"Thunder Strike","floor":79.0,"key":"SMITH"},{"data":"BootSequence","floor":83.0,"key":"SMITH"},{"floor":92,"key":"REST"},{"floor":95,"key":"REST"},{"floor":100,"key":"REST"},{"floor":109,"key":"REST"},{"floor":112,"key":"REST"},{"data":"BootSequence+1","floor":115,"key":"PURGE"},{"data":"Redo+1","floor":117,"key":"PURGE"},{"data":"Dualcast+1","floor":125,"key":"PURGE"},{"data":"Streamline+1","floor":129,"key":"PURGE"},{"data":"Self Repair+1","floor":134,"key":"PURGE"},{"floor":151,"key":"REST"},{"floor":154,"key":"REST"}],"circlet_count":0,"master_deck":["Zap+1","Cold Snap","Darkness+1","White Noise+1","Coolheaded+1","Echo Form","Force Field+1","Rainbow+1","Force Field+1","Loop+1","White Noise+1","Storm+1","Chill+1","Electrodynamics+1","infinitespire:Oblivion+1","Double Energy+1","infinitespire:FutureSight+1","Glacier+1","Hologram+1","Fission+1","Genetic Algorithm+1","Seek+1","Glacier+1","Coolheaded+1","Heatsinks+1","Storm+1","Fission+1","Glacier+1","Buffer+1","Coolheaded+1","Thunder Strike+1","Tempest+1","Double Energy+1","Thunder Strike","Defragment+1","Chaos+1","Steam Power+1","Lockon+1","Skim+1","Coolheaded+1","Rainbow+1","Blizzard+1","Biased Cognition","Coolheaded+1","Heatsinks+1","Consume+1","Electrodynamics","Biased Cognition+1"],"relics":["Cracked Core","infinitespire:Satchel","Lantern","Black Star","Incense Burner","InkBottle","infinitespire:Beetle Shell","Toxic Egg 2","Ginger","infinitespire:Cupcake","infinitespire:Joker Card","Vajra","Anchor","Strawberry","SlaversCollar","Centennial Puzzle","Torii","Boot","Matryoshka","Toy Ornithopter","infinitespire:SolderingIron","Sundial","White Beast Statue","Tiny Chest","Nuclear Battery","Calipers","Pen Nib","infinitespire:WardingShard","infinitespire:Freezer","Nunchaku","infinitespire:Eraser","Fusion Hammer","Unceasing Top","Akabeko","WarpedTongs","Blood Vial","Ornamental Fan","MealTicket","Pear","HornCleat","Eternal Feather","Regal Pillow","Astrolabe","Smiling Mask","Membership Card","Kunai","Bag of Preparation","infinitespire:CheckeredPen","Peace Pipe","Old Coin","FossilizedHelix","Bronze Scales","Runic Pyramid","infinitespire:PuzzleCube","Mango","Lee\u0027s Waffle","infinitespire:Magic Flask","infinitespire:ShieldingShard","infinitespire:Bottled Soul","Dream Catcher","Bottled Tornado","Tiny House","Frozen Egg 2","Bird Faced Urn","WingedGreaves","infinitespire:Lucky Rock","PreservedInsect","Bottled Lightning","infinitespire:Midas Blood","CatCart","Molten Egg 2","Mummified Hand","Lizard Tail","War Paint","Sozu","Mercury Hourglass","Pantograph"],"acts_visited":["Exordium","TheCity","TheBeyond","Exordium","TheCity","TheBeyond","Exordium","TheCity","TheBeyond","TheEnding"],"potions_floor_usage":[98,99],"damage_taken":[{"damage":0.0,"enemies":"Small Slimes","floor":1.0,"turns":2.0},{"damage":7.0,"enemies":"Jaw Worm","floor":2.0,"turns":3.0},{"damage":0.0,"enemies":"Cultist","floor":5.0,"turns":4.0},{"damage":2.0,"enemies":"2 Fungi Beasts","floor":7.0,"turns":3.0},{"damage":9.0,"enemies":"Lots of Slimes","floor":10.0,"turns":2.0},{"damage":0.0,"enemies":"Exordium Thugs","floor":12.0,"turns":4.0},{"damage":33.0,"enemies":"Gremlin Nob","floor":13.0,"turns":4.0},{"damage":2.0,"enemies":"Blue Slaver","floor":14.0,"turns":3.0},{"damage":3.0,"enemies":"Slime Boss","floor":16.0,"turns":9.0},{"damage":7.0,"enemies":"3 Byrds","floor":18.0,"turns":4.0},{"damage":0.0,"enemies":"Chosen","floor":19.0,"turns":4.0},{"damage":15.0,"enemies":"Shelled Parasite and Fungi","floor":21.0,"turns":10.0},{"damage":29.0,"enemies":"3 Cultists","floor":22.0,"turns":7.0},{"damage":43.0,"enemies":"Book of Stabbing","floor":24.0,"turns":8.0},{"damage":5.0,"enemies":"Snake Plant","floor":29.0,"turns":4.0},{"damage":2.0,"enemies":"Centurion and Healer","floor":30.0,"turns":5.0},{"damage":2.0,"enemies":"Collector","floor":33.0,"turns":9.0},{"damage":9.0,"enemies":"Orb Walker","floor":35.0,"turns":3.0},{"damage":7.0,"enemies":"infinitespire:Three Voidlings","floor":36.0,"turns":4.0},{"damage":50.0,"enemies":"Nightmare_Alpha","floor":36.0,"turns":14.0},{"damage":0.0,"enemies":"3 Darklings","floor":37.0,"turns":2.0},{"damage":20.0,"enemies":"Reptomancer","floor":42.0,"turns":5.0},{"damage":0.0,"enemies":"Maw","floor":45.0,"turns":5.0},{"damage":2.0,"enemies":"Transient","floor":47.0,"turns":5.0},{"damage":0.0,"enemies":"Jaw Worm Horde","floor":48.0,"turns":2.0},{"damage":57.0,"enemies":"Awakened One","floor":50.0,"turns":14.0},{"damage":0.0,"enemies":"Small Slimes","floor":52.0,"turns":2.0},{"damage":0.0,"enemies":"Jaw Worm","floor":56.0,"turns":1.0},{"damage":5.0,"enemies":"Gremlin Nob","floor":58.0,"turns":3.0},{"damage":0.0,"enemies":"Lagavulin","floor":61.0,"turns":4.0},{"damage":0.0,"enemies":"Lagavulin Event","floor":62.0,"turns":3.0},{"damage":0.0,"enemies":"Gremlin Nob","floor":63.0,"turns":2.0},{"damage":0.0,"enemies":"Cultist","floor":64.0,"turns":2.0},{"damage":0.0,"enemies":"3 Louse","floor":65.0,"turns":2.0},{"damage":31.0,"enemies":"Hexaghost","floor":67.0,"turns":3.0},{"damage":1.0,"enemies":"Shell Parasite","floor":69.0,"turns":3.0},{"damage":11.0,"enemies":"2 Thieves","floor":73.0,"turns":2.0},{"damage":10.0,"enemies":"Gremlin Leader","floor":74.0,"turns":2.0},{"damage":0.0,"enemies":"Snecko","floor":76.0,"turns":3.0},{"damage":6.0,"enemies":"Book of Stabbing","floor":78.0,"turns":3.0},{"damage":0.0,"enemies":"Sentry and Sphere","floor":80.0,"turns":3.0},{"damage":0.0,"enemies":"Centurion and Healer","floor":81.0,"turns":4.0},{"damage":0.0,"enemies":"Shelled Parasite and Fungi","floor":82.0,"turns":3.0},{"damage":26.0,"enemies":"Champ","floor":84.0,"turns":4.0},{"damage":0,"enemies":"3 Darklings","floor":86,"turns":2},{"damage":0,"enemies":"3 Shapes","floor":87,"turns":3},{"damage":1,"enemies":"3 Darklings","floor":90,"turns":1},{"damage":32,"enemies":"Nemesis","floor":91,"turns":3},{"damage":6,"enemies":"Reptomancer","floor":93,"turns":3},{"damage":3,"enemies":"Nemesis","floor":96,"turns":3},{"damage":44,"enemies":"Writhing Mass","floor":97,"turns":2},{"damage":59,"enemies":"4 Shapes","floor":98,"turns":3},{"damage":2,"enemies":"Transient","floor":99,"turns":5},{"damage":0,"enemies":"Awakened One","floor":101,"turns":3},{"damage":0,"enemies":"2 Louse","floor":103,"turns":2},{"damage":7,"enemies":"Small Slimes","floor":104,"turns":1},{"damage":0,"enemies":"Jaw Worm","floor":107,"turns":1},{"damage":0,"enemies":"Lagavulin","floor":108,"turns":3},{"damage":0,"enemies":"Exordium Thugs","floor":110,"turns":1},{"damage":0,"enemies":"Gremlin Nob","floor":113,"turns":3},{"damage":0,"enemies":"Looter","floor":114,"turns":2},{"damage":0,"enemies":"Nightmare","floor":116,"turns":3},{"damage":0,"enemies":"The Guardian","floor":118,"turns":3},{"damage":0,"enemies":"3 Byrds","floor":120,"turns":2},{"damage":0,"enemies":"Chosen","floor":122,"turns":3},{"damage":0,"enemies":"Snake Plant","floor":124,"turns":2},{"damage":0,"enemies":"Centurion and Healer","floor":126,"turns":2},{"damage":0,"enemies":"Gremlin Leader","floor":127,"turns":2},{"damage":0,"enemies":"Snecko","floor":130,"turns":2},{"damage":0,"enemies":"Chosen and Byrds","floor":132,"turns":1},{"damage":0,"enemies":"Book of Stabbing","floor":133,"turns":2},{"damage":0,"enemies":"Collector","floor":135,"turns":2},{"damage":0,"enemies":"3 Shapes","floor":137,"turns":1},{"damage":0,"enemies":"2 Orb Walkers","floor":139,"turns":2},{"damage":0,"enemies":"Mind Bloom Boss Battle","floor":140,"turns":2},{"damage":0,"enemies":"3 Darklings","floor":141,"turns":2},{"damage":0,"enemies":"Reptomancer","floor":142,"turns":2},{"damage":0,"enemies":"Nemesis","floor":143,"turns":3},{"damage":0,"enemies":"Orin","floor":144,"turns":4},{"damage":0,"enemies":"Reptomancer","floor":146,"turns":2},{"damage":0,"enemies":"Jaw Worm Horde","floor":148,"turns":2},{"damage":0,"enemies":"Transient","floor":149,"turns":5},{"damage":0,"enemies":"infinitespire:LordOfFortification","floor":152,"turns":34},{"damage":0,"enemies":"Shield and Spear","floor":156,"turns":2},{"damage":3,"enemies":"The Heart","floor":157,"turns":7}],"seed_played":"4635311219101015684","potions_obtained":[{"floor":2.0,"key":"blueLaboratory:FrostheartPotion"},{"floor":7.0,"key":"blueLaboratory:HorrorPotion"},{"floor":12.0,"key":"PotionOfCapacity"},{"floor":13.0,"key":"DuplicationPotion"},{"floor":14.0,"key":"DistilledChaos"},{"floor":30.0,"key":"blueLaboratory:CoolantVial"},{"floor":37.0,"key":"SteroidPotion"},{"floor":47.0,"key":"DistilledChaos"},{"floor":48.0,"key":"LiquidBronze"},{"floor":50.0,"key":"blueLaboratory:EnragingPotion"},{"floor":63.0,"key":"blueLaboratory:LouseDecoction"},{"floor":65.0,"key":"blueLaboratory:SystemWipe"},{"floor":67.0,"key":"blueLaboratory:BottleOfRum"},{"floor":69.0,"key":"AttackPotion"},{"floor":70.0,"key":"EssenceOfDarkness"},{"floor":70.0,"key":"blueLaboratory:ExaltedPotion"},{"floor":80.0,"key":"Block Potion"},{"floor":97,"key":"blueLaboratory:EmptyBottle"},{"floor":98,"key":"blueLaboratory:BubblePotion"},{"floor":101,"key":"blueLaboratory:BubblePotion"},{"floor":103,"key":"Explosive Potion"},{"floor":108,"key":"blueLaboratory:CoolantVial"}],"is_trial":false,"path_per_floor":["M","M","?","?","M","R","M","R","T","M","R","M","E","M","R","B",null,"M","M","?","M","M","R","E","R","T","$","R","M","M","AVR","R","B",null,"M","?","M","?","?","R","?","E","T","R","M","R","M","M","R","B",null,"M","?","$","?","M","R","E","R","T","E","?","E","M","M","R","B",null,"M","?","$","$","M","E","R","M","T","E","R","M","M","M","R","B",null,"M","M","T","?","M","E","R","E","T","R","E","M","M","M","R","B",null,"M","M","T","AVR","M","E","R","M","T","R","E","M","R","NM","R","B",null,"M","?","M","$","M","R","M","E","T","R","M","?","M","E","R","B",null,"M","T","?","?","M","E","E","?","T","E","T","M","M","?","R","B",null,"R","$","E","B",null],"character_chosen":"DEFECT","items_purchased":["Toxic Egg 2","White Noise+1","Storm","Coolheaded+1","Heatsinks","Calipers","Coolheaded+1","infinitespire:PuzzleCube","Mango","Lee\u0027s Waffle"],"campfire_rested":7,"item_purchase_floors":[27,27,27,54,54,71,72,123,123,123],"current_hp_per_floor":[82,75,68,68,68,68,66,66,66,57,57,57,24,43,43,60,82,75,82,82,77,58,58,15,15,15,15,15,20,28,28,28,26,82,73,41,41,22,22,22,22,12,19,19,49,49,67,77,77,30,89,89,89,89,89,89,89,89,89,89,89,89,89,89,89,89,68,89,89,89,89,89,78,78,78,78,78,82,82,89,89,89,89,73,89,89,89,89,89,88,56,82,98,98,99,96,64,22,37,99,99,99,99,99,99,99,99,99,99,99,99,99,99,99,99,99,99,99,99,99,99,99,120,120,120,120,120,120,120,120,120,120,120,120,120,125,125,125,125,125,125,125,125,125,125,125,125,125,125,125,125,125,125,125,125,125,125],"gold":283,"neow_bonus":"TEN_PERCENT_HP_BONUS","is_daily":false,"chose_seed":false,"campfire_upgraded":18,"win_rate":0.0,"timestamp":1608036131,"path_taken":["M","M","?","?","?","R","M","R","T","M","R","M","E","M","R","BOSS","M","M","?","M","?","R","E","R","T","$","R","M","M","AVR","R","BOSS","M","?","M","?","?","R","?","E","T","R","M","R","?","?","R","BOSS","M","?","$","?","?","R","E","R","T","E","?","E","M","M","R","BOSS","M","?","?","$","M","E","R","M","T","E","R","M","M","?","R","BOSS","M","M","?","?","M","E","R","E","T","R","E","M","?","?","R","BOSS","M","M","?","AVR","M","E","R","M","T","R","E","M","R","NM","R","BOSS","M","?","M","$","?","R","M","E","T","R","M","?","M","E","R","BOSS","M","?","?","?","M","E","E","?","T","E","?","M","M","?","R","BOSS","R","$","E","BOSS"],"items_purchased_type":["Relic","Card","Card","Card","Card","Relic","Card","Relic","Relic","Relic"],"build_version":"2020-12-13","purchased_purges":6,"victory":true,"max_hp_per_floor":[82,82,82,82,82,82,82,82,82,82,82,82,82,82,82,82,82,82,82,82,82,82,82,82,82,82,82,82,82,82,82,82,82,82,82,82,82,82,82,82,82,82,89,89,89,89,89,89,89,89,89,89,89,89,89,89,89,89,89,89,89,89,89,89,89,89,89,89,89,89,89,89,89,89,89,89,89,89,89,89,89,89,89,89,89,89,89,89,89,89,89,89,99,99,99,99,99,99,99,99,99,99,99,99,99,99,99,99,99,99,99,99,99,99,99,99,99,99,99,99,99,99,120,120,120,120,120,120,120,120,120,120,120,120,120,125,125,125,125,125,125,125,125,125,125,125,125,125,125,125,125,125,125,125,125,125,125],"card_choices":[{"not_picked":["Ball Lightning","Hologram"],"picked":"Cold Snap","floor":1.0},{"not_picked":["Stack","Compile Driver"],"picked":"Darkness","floor":2.0},{"not_picked":["Conserve Battery","Compile Driver"],"picked":"White Noise","floor":5.0},{"not_picked":["Compile Driver","Reprogram"],"picked":"Coolheaded","floor":7.0},{"not_picked":["Stack","Double Energy"],"picked":"BootSequence","floor":10.0},{"not_picked":["Coolheaded","Stack"],"picked":"Echo Form","floor":12.0},{"not_picked":["Rebound","Beam Cell"],"picked":"Self Repair","floor":13.0},{"not_picked":["Stack","Cold Snap"],"picked":"Force Field","floor":14.0},{"not_picked":["Buffer","Meteor Strike"],"picked":"Rainbow","floor":16.0},{"not_picked":["Stack+1","Compile Driver+1"],"picked":"Force Field","floor":18.0},{"not_picked":["Darkness","Steam+1"],"picked":"Redo+1","floor":19.0},{"not_picked":["Darkness","Rip and Tear"],"picked":"Auto Shields","floor":21.0},{"not_picked":["BootSequence","Redo"],"picked":"Loop","floor":22.0},{"not_picked":["Hyperbeam","Meteor Strike"],"picked":"Streamline","floor":24.0},{"not_picked":["Rebound","Streamline","Barrage"],"picked":"SKIP","floor":29.0},{"not_picked":["Storm","Loop+1"],"picked":"Chill+1","floor":30.0},{"not_picked":["Core Surge","Buffer"],"picked":"Electrodynamics","floor":33.0},{"not_picked":["Streamline","Scrape+1"],"picked":"Turbo+1","floor":35.0},{"not_picked":["infinitespire:TheBestDefense","infinitespire:NeuralNetwork"],"picked":"infinitespire:Oblivion","floor":36.0},{"not_picked":["Reprogram+1","Beam Cell"],"picked":"Double Energy+1","floor":36.0},{"not_picked":["Stack+1","Reinforced Body+1"],"picked":"Capacitor+1","floor":37.0},{"not_picked":["infinitespire:FinalStrike","infinitespire:DeathsTouch"],"picked":"infinitespire:FutureSight","floor":38.0},{"not_picked":["Sweeping Beam+1","Darkness+1"],"picked":"Glacier+1","floor":42.0},{"not_picked":["Beam Cell","Steam+1"],"picked":"Hologram+1","floor":45.0},{"not_picked":["Recycle+1","Stack+1"],"picked":"Fission+1","floor":47.0},{"not_picked":["Gash+1","Ball Lightning"],"picked":"Genetic Algorithm+1","floor":48.0},{"not_picked":["Rainbow+1","Hyperbeam"],"picked":"Seek+1","floor":50.0},{"not_picked":["Rip and Tear","Steam+1"],"picked":"Glacier+1","floor":52.0},{"not_picked":["Beam Cell","Streamline","Sweeping Beam"],"picked":"SKIP","floor":56.0},{"not_picked":["Rip and Tear","Cold Snap"],"picked":"Storm","floor":58.0},{"not_picked":["Loop","Turbo+1"],"picked":"Fission+1","floor":61.0},{"not_picked":["Go for the Eyes","Ball Lightning"],"picked":"Glacier+1","floor":62.0},{"not_picked":["Blizzard","Machine Learning","Barrage"],"picked":"SKIP","floor":63.0},{"not_picked":["Storm","Beam Cell","Go for the Eyes"],"picked":"SKIP","floor":64.0},{"not_picked":["Barrage","Sweeping Beam","Turbo+1"],"picked":"SKIP","floor":65.0},{"not_picked":["Core Surge","Meteor Strike"],"picked":"Buffer","floor":67.0},{"not_picked":["Static Discharge","Capacitor+1","Darkness+1"],"picked":"SKIP","floor":69.0},{"not_picked":["Leap+1","Redo+1","Conserve Battery+1"],"picked":"SKIP","floor":73.0},{"not_picked":["Leap+1","Fusion+1"],"picked":"Thunder Strike","floor":74.0},{"not_picked":["Static Discharge+1","Blizzard","Cold Snap"],"picked":"SKIP","floor":76.0},{"not_picked":["Chill+1","Sweeping Beam+1"],"picked":"Tempest+1","floor":78.0},{"not_picked":["Steam+1","Fusion+1"],"picked":"Double Energy+1","floor":80.0},{"not_picked":["Rip and Tear","Hyperbeam","Ball Lightning"],"picked":"SKIP","floor":81.0},{"not_picked":["Sweeping Beam","Steam+1","Reprogram+1"],"picked":"SKIP","floor":82.0},{"not_picked":["All For One","Electrodynamics"],"picked":"Thunder Strike","floor":84.0},{"not_picked":["Hologram+1","Tempest+1"],"picked":"Defragment","floor":86},{"not_picked":["Hologram+1","Go for the Eyes"],"picked":"Chaos+1","floor":87},{"not_picked":["Sunder+1","Redo+1","Go for the Eyes"],"picked":"SKIP","floor":90},{"not_picked":["BootSequence+1","Go for the Eyes+1","Reinforced Body+1"],"picked":"SKIP","floor":91},{"not_picked":["All For One","Rebound","Sweeping Beam+1"],"picked":"SKIP","floor":93},{"not_picked":["Sunder","Hyperbeam"],"picked":"Steam Power+1","floor":96},{"not_picked":["Aggregate+1","Blizzard"],"picked":"Lockon+1","floor":97},{"not_picked":["Recycle+1","Reprogram+1"],"picked":"Skim+1","floor":98},{"not_picked":["Defragment","Conserve Battery+1"],"picked":"Coolheaded+1","floor":99},{"not_picked":["Steam+1","Barrage","Undo+1"],"picked":"SKIP","floor":103},{"not_picked":["Barrage","Leap+1","Force Field+1"],"picked":"SKIP","floor":104},{"not_picked":["Static Discharge","Defragment","Beam Cell"],"picked":"SKIP","floor":107},{"not_picked":["Ball Lightning","Gash","Sweeping Beam"],"picked":"SKIP","floor":108},{"not_picked":["Static Discharge","Conserve Battery+1","Compile Driver"],"picked":"SKIP","floor":110},{"not_picked":["Ball Lightning","Hologram+1","Streamline"],"picked":"SKIP","floor":113},{"not_picked":["Beam Cell","Turbo+1","Amplify+1"],"picked":"SKIP","floor":114},{"not_picked":["Gash","Scrape","Turbo+1"],"picked":"SKIP","floor":116},{"not_picked":["Reboot+1","Seek+1"],"picked":"Biased Cognition","floor":118},{"not_picked":["Turbo+1","Skim+1"],"picked":"Coolheaded+1","floor":120},{"not_picked":["Aggregate+1","Barrage","Gash+1"],"picked":"SKIP","floor":122},{"not_picked":["Ball Lightning","Redo+1"],"picked":"Heatsinks","floor":124},{"not_picked":["Reprogram+1","Steam+1","Genetic Algorithm+1"],"picked":"SKIP","floor":126},{"not_picked":["White Noise+1","Go for the Eyes","Defragment"],"picked":"SKIP","floor":127},{"not_picked":["Turbo+1","Capacitor","Gash+1"],"picked":"SKIP","floor":130},{"not_picked":["Reinforced Body+1","Sweeping Beam","Leap+1"],"picked":"SKIP","floor":132},{"not_picked":["Gash","Hologram+1","Meteor Strike"],"picked":"SKIP","floor":133},{"not_picked":["Meteor Strike","Reboot+1"],"picked":"Electrodynamics","floor":135},{"not_picked":["Leap+1","Steam+1","Stack+1"],"picked":"SKIP","floor":137},{"not_picked":["Fusion+1","Compile Driver","Cold Snap"],"picked":"SKIP","floor":141},{"not_picked":["Streamline","Force Field+1","Stack+1"],"picked":"SKIP","floor":142},{"not_picked":["Rebound","Steam+1","Glacier+1"],"picked":"SKIP","floor":143},{"not_picked":["Hologram+1","Stack+1","Leap+1"],"picked":"SKIP","floor":146},{"not_picked":["Sweeping Beam+1","Beam Cell+1","Genetic Algorithm+1"],"picked":"SKIP","floor":148},{"not_picked":["Cold Snap+1","Ball Lightning+1","Self Repair+1"],"picked":"SKIP","floor":149},{"not_picked":["Storm+1","Rebound+1","Echo Form+1"],"picked":"SKIP","floor":156},{"not_picked":["Core Surge+1","Buffer+1"],"picked":"Biased Cognition+1","floor":157}],"player_experience":232500,"relics_obtained":[{"floor":9.0,"key":"infinitespire:Satchel"},{"floor":13.0,"key":"Lantern"},{"floor":24.0,"key":"Incense Burner"},{"floor":24.0,"key":"InkBottle"},{"floor":26.0,"key":"infinitespire:Beetle Shell"},{"floor":36.0,"key":"infinitespire:Joker Card"},{"floor":42.0,"key":"Vajra"},{"floor":42.0,"key":"Anchor"},{"floor":43.0,"key":"Strawberry"},{"floor":55.0,"key":"Centennial Puzzle"},{"floor":58.0,"key":"Torii"},{"floor":58.0,"key":"Boot"},{"floor":60.0,"key":"Matryoshka"},{"floor":61.0,"key":"Toy Ornithopter"},{"floor":61.0,"key":"infinitespire:SolderingIron"},{"floor":62.0,"key":"Sundial"},{"floor":63.0,"key":"White Beast Statue"},{"floor":63.0,"key":"Tiny Chest"},{"floor":74.0,"key":"Pen Nib"},{"floor":74.0,"key":"infinitespire:WardingShard"},{"floor":77.0,"key":"infinitespire:Freezer"},{"floor":78.0,"key":"Nunchaku"},{"floor":78.0,"key":"infinitespire:Eraser"},{"floor":88,"key":"Unceasing Top"},{"floor":88,"key":"Akabeko"},{"floor":91,"key":"Blood Vial"},{"floor":91,"key":"Ornamental Fan"},{"floor":93,"key":"MealTicket"},{"floor":93,"key":"Pear"},{"floor":94,"key":"HornCleat"},{"floor":96,"key":"Eternal Feather"},{"floor":96,"key":"Regal Pillow"},{"floor":105,"key":"Smiling Mask"},{"floor":108,"key":"Kunai"},{"floor":108,"key":"Bag of Preparation"},{"floor":111,"key":"infinitespire:CheckeredPen"},{"floor":113,"key":"Peace Pipe"},{"floor":113,"key":"Old Coin"},{"floor":116,"key":"FossilizedHelix"},{"floor":116,"key":"Bronze Scales"},{"floor":127,"key":"infinitespire:Magic Flask"},{"floor":127,"key":"infinitespire:ShieldingShard"},{"floor":128,"key":"infinitespire:Bottled Soul"},{"floor":133,"key":"Dream Catcher"},{"floor":133,"key":"Bottled Tornado"},{"floor":138,"key":"Frozen Egg 2"},{"floor":139,"key":"Bird Faced Urn"},{"floor":140,"key":"WingedGreaves"},{"floor":142,"key":"infinitespire:Lucky Rock"},{"floor":142,"key":"PreservedInsect"},{"floor":143,"key":"Bottled Lightning"},{"floor":143,"key":"infinitespire:Midas Blood"},{"floor":144,"key":"CatCart"},{"floor":145,"key":"Molten Egg 2"},{"floor":146,"key":"Mummified Hand"},{"floor":146,"key":"Lizard Tail"},{"floor":147,"key":"War Paint"},{"floor":156,"key":"Mercury Hourglass"},{"floor":156,"key":"Pantograph"}],"event_choices":[{"cards_removed":["Strike_B"],"damage_healed":0.0,"max_hp_gain":0.0,"max_hp_loss":0.0,"gold_gain":0.0,"event_name":"Golden Wing","player_choice":"Card Removal","floor":3.0,"gold_loss":0.0,"damage_taken":7.0},{"cards_removed":["Strike_B"],"damage_healed":0.0,"max_hp_gain":0.0,"max_hp_loss":0.0,"gold_gain":0.0,"event_name":"Purifier","player_choice":"Purged","floor":4.0,"gold_loss":0.0,"damage_taken":0.0},{"damage_healed":0.0,"max_hp_gain":0.0,"max_hp_loss":0.0,"gold_gain":0.0,"event_name":"Duplicator","player_choice":"Copied","floor":20.0,"gold_loss":0.0,"damage_taken":0.0,"cards_obtained":["White Noise"]},{"damage_healed":0.0,"max_hp_gain":0.0,"max_hp_loss":0.0,"gold_gain":0.0,"event_name":"Tomb of Lord Red Mask","player_choice":"Ignored","floor":39.0,"gold_loss":0.0,"damage_taken":0.0},{"cards_removed":["Defend_B"],"damage_healed":0.0,"max_hp_gain":0.0,"max_hp_loss":0.0,"gold_gain":0.0,"event_name":"Purifier","player_choice":"Purged","floor":41.0,"gold_loss":0.0,"damage_taken":0.0},{"cards_removed":["Auto Shields"],"damage_healed":0.0,"max_hp_gain":0.0,"max_hp_loss":0.0,"gold_gain":0.0,"event_name":"The Cleric","player_choice":"Card Removal","floor":53.0,"gold_loss":50.0,"damage_taken":0.0},{"damage_healed":0.0,"max_hp_gain":0.0,"max_hp_loss":0.0,"gold_gain":0.0,"event_name":"Wheel of Change","player_choice":"Relic","floor":55.0,"gold_loss":0.0,"damage_taken":0.0},{"damage_healed":0.0,"max_hp_gain":0.0,"max_hp_loss":0.0,"gold_gain":0.0,"event_name":"Dead Adventurer","player_choice":"Searched \u00271\u0027 times","floor":62.0,"gold_loss":0.0,"damage_taken":0.0},{"damage_healed":0.0,"max_hp_gain":0.0,"max_hp_loss":0.0,"gold_gain":0.0,"event_name":"Lab","player_choice":"Got Potions","floor":70.0,"gold_loss":0.0,"damage_taken":0.0},{"damage_healed":0,"gold_gain":0,"player_choice":"Rummage","damage_taken":0,"relics_obtained":["WarpedTongs"],"max_hp_gain":0,"max_hp_loss":0,"event_name":"Accursed Blacksmith","floor":89,"gold_loss":0,"cards_obtained":["Pain"]},{"damage_healed":0,"gold_gain":0,"player_choice":"Upgrade","damage_taken":0,"max_hp_gain":0,"max_hp_loss":0,"event_name":"Designer","floor":121,"gold_loss":40,"cards_upgraded":["Defragment"]},{"damage_healed":0,"gold_gain":0,"player_choice":"Read","damage_taken":0,"max_hp_gain":0,"max_hp_loss":0,"event_name":"The Library","floor":131,"gold_loss":0,"cards_obtained":["Consume"]},{"damage_healed":0,"gold_gain":0,"player_choice":"Fight","damage_taken":0,"max_hp_gain":0,"max_hp_loss":0,"event_name":"Mysterious Sphere","floor":139,"gold_loss":0},{"damage_healed":0,"gold_gain":0,"player_choice":"Fight","damage_taken":0,"max_hp_gain":0,"max_hp_loss":0,"event_name":"MindBloom","floor":140,"gold_loss":0},{"damage_healed":0,"gold_gain":0,"player_choice":"Fight","damage_taken":0,"max_hp_gain":0,"max_hp_loss":0,"event_name":"OrinTheCat","floor":144,"gold_loss":0},{"cards_removed":["White Noise"],"damage_healed":0,"gold_gain":0,"player_choice":"Removed Skill","damage_taken":0,"max_hp_gain":0,"max_hp_loss":0,"event_name":"Falling","floor":150,"gold_loss":0}],"is_beta":false,"boss_relics":[{"not_picked":["Empty Cage","Runic Pyramid"],"picked":"Black Star"},{"not_picked":["Cursed Key","FrozenCore"],"picked":"infinitespire:Cupcake"},{"not_picked":["Sozu","Runic Dome"],"picked":"SlaversCollar"},{"not_picked":["SacredBark","Busted Crown"],"picked":"Nuclear Battery"},{"not_picked":["Runic Dome","FrozenCore"],"picked":"Fusion Hammer"},{"not_picked":["Sozu","Snecko Eye"],"picked":"Astrolabe"},{"not_picked":["Velvet Choker","Coffee Dripper"],"picked":"Runic Pyramid"},{"not_picked":["Runic Dome","FrozenCore"],"picked":"Tiny House"},{"not_picked":["Empty Cage","SacredBark"],"picked":"Sozu"}],"items_purged_floors":[27,31,54,106,123,155],"is_endless":true,"potions_floor_spawned":[2,7,12,13,14,19,21,30,37,47,48,50,63,64,65,67,69,73,74,76,78,80,81,82,84,86,87,90,91,93,96,97,98,99,101,103,104,107,108,110,113,114,118,120,122,124,126,127,130,132,133,135,137,139,140,141,142,143,144,146,148,149,152,156,157],"ascension_level":3}}