{"host":"rwzz6mk6bpmb57ql","time":1608008341,"event":{"mods":["BaseMod","BetterRewards","Colored Map","Highlight Path","Hubris","Minty Spire (QoL Compilation)","Replay The Spire","StSLib"],"gold_per_floor":[5110,5110,5110,5110,4239,4265,4265,4233,4233,4265,4280,4280,4290,4290,4290,4389,4389,4403,4419,4431,4431,4443,4443,4459,3715,3715,3292,3320,3320,2598,2612,2612,2713,2713,2732,2742,2056,2068,1558,1558,902,934,934,934,948,948,948,997,997,997,997,997,267,292,292],"floor_reached":56,"playtime":3129,"items_purged":["Defend_R","Strike_R","Strike_R","Defend_R"],"score":1471,"play_id":"72ec5d58-d2a3-4ab6-9f0f-f9ad141672ac","local_time":"20201214225901","is_ascension_mode":true,"campfire_choices":[{"floor":7,"key":"RECALL"},{"data":"Demon Form","floor":12,"key":"SMITH"},{"data":"Blood for Blood","floor":15,"key":"SMITH"},{"data":"J.A.X.","floor":23,"key":"SMITH"},{"data":"Limit Break","floor":32,"key":"SMITH"},{"floor":40,"key":"REST"},{"data":"Double Tap","floor":47,"key":"SMITH"},{"floor":49,"key":"DIG"},{"data":"ReplayTheSpireMod:Brewmster","floor":52,"key":"SMITH"}],"circlet_count":0,"master_deck":["Strike_R+2","Defend_R+1","Bash+1","Reaper","ReplayTheSpireMod:Corrosion Curse","Seeing Red","Madness","Sword Boomerang","Demon Form+1","Blood for Blood+1","Bludgeon+1","Double Tap+1","Replay:Undeath\u0027s Touch+1","J.A.X.+1","Spot Weakness+1","hubris:NaturalOne","Inflame","ReplayTheSpireMod:Brewmster+1","hubris:StunningStrike+1","Inflame","Limit Break+1","hubris:StunningStrike+1","hubris:ReadiedAction+1","ReplayTheSpireMod:Muscle Training","Carnage","Flex","Secret Weapon","ReplayTheSpireMod:LeadingStrike","ReplayTheSpireMod:Limb From Limb"],"relics":["Burning Blood","hubris:Icosahedron","Brimstone","Matryoshka","Bag of Marbles","hubris:PeanutButter","Question Card","Paper Frog","Simple Rune","hubris:Towel","Empty Cage","Iron Hammer","TheAbacus","Replay:Baseball","Orichalcum","Pen Nib","HornCleat","Blood Vial","Whetstone","Black Star","ReplayTheSpireMod:Ninjato","Happy Flower","HandDrill","Gremlin Food","Medical Kit","Replay:Bottled Eggs","ReplayTheSpireMod:Lightbulb","Chameleon Ring","Replay:Ringing Soul","Onion Ring","Ice Cream","Nunchaku","ReplayTheSpireMod:Shallot","Cauldron","hubris:TenFootPole","Bronze Scales","Replay:WaspNest"],"acts_visited":["Exordium","TheCity","TheBeyond","TheEnding"],"potions_floor_usage":[11,16,28,33,33,33,33,33,35,38,38,38,45,48,48,48,48,50,50,50,54,55,55],"damage_taken":[{"damage":15,"enemies":"Small Slimes","floor":1,"turns":3},{"damage":49,"enemies":"3 Sentries","floor":6,"turns":6},{"damage":0,"enemies":"2 Louse","floor":8,"turns":2},{"damage":12,"enemies":"Lagavulin","floor":10,"turns":3},{"damage":4,"enemies":"Jaw Worm","floor":11,"turns":2},{"damage":15,"enemies":"Blue Slaver","floor":13,"turns":3},{"damage":112,"enemies":"Hexaghost","floor":16,"turns":5},{"damage":5,"enemies":"Spheric Guardian","floor":18,"turns":3},{"damage":6,"enemies":"Chosen","floor":19,"turns":3},{"damage":0,"enemies":"Snake Plant","floor":20,"turns":2},{"damage":9,"enemies":"Cultist and Chosen","floor":22,"turns":4},{"damage":7,"enemies":"Snecko","floor":24,"turns":3},{"damage":16,"enemies":"Slavers","floor":28,"turns":4},{"damage":0,"enemies":"Shelled Parasite and Fungi","floor":31,"turns":2},{"damage":7,"enemies":"Champ","floor":33,"turns":5},{"damage":0,"enemies":"Orb Walker","floor":35,"turns":1},{"damage":28,"enemies":"3 Shapes","floor":36,"turns":6},{"damage":24,"enemies":"Transient","floor":38,"turns":5},{"damage":0,"enemies":"R_Hoarder","floor":42,"turns":4},{"damage":0,"enemies":"3 Darklings","floor":45,"turns":1},{"damage":11,"enemies":"2 Orb Walkers","floor":48,"turns":4},{"damage":34,"enemies":"Time Eater","floor":50,"turns":5},{"damage":66,"enemies":"Shield and Spear","floor":54,"turns":5},{"damage":91,"enemies":"The Heart","floor":55,"turns":6}],"seed_played":"-3011486455460266954","potions_obtained":[{"floor":6,"key":"PowerPotion"},{"floor":10,"key":"Elixir"},{"floor":16,"key":"Dexterity Potion"},{"floor":20,"key":"Strength Potion"},{"floor":24,"key":"Reflective Coating"},{"floor":28,"key":"EssenceOfSteel"},{"floor":31,"key":"Fire Potion"},{"floor":36,"key":"FearPotion"},{"floor":38,"key":"HeartOfIron"},{"floor":44,"key":"Ancient Potion"},{"floor":45,"key":"Adrenaline Potion"},{"floor":53,"key":"PowerPotion"},{"floor":53,"key":"Flashbang"}],"is_trial":false,"path_per_floor":["M","?","?","?","$","E","R","M","T","E","M","R","M","?","R","B",null,"M","M","M","?","M","R","M","$","T","$","E","?","$","M","R","B",null,"M","M","$","M","$","R","$","E","T","R","M","?","R","?","R_BF","B",null,"R","$","E","B",null],"character_chosen":"IRONCLAD","items_purchased":["Brimstone","Matryoshka","Bag of Marbles","ReplayTheSpireMod:Corrosion Curse","Seeing Red","Madness","Inflame","ReplayTheSpireMod:Brewmster","Iron Hammer","TheAbacus","Orichalcum","Pen Nib","hubris:StunningStrike","Inflame","Blood Vial","Whetstone","DistilledChaos","ReplayTheSpireMod:Muscle Training","Carnage","ReplayTheSpireMod:Ninjato","Happy Flower","HandDrill","Gremlin Food","Pommel Strike","Flex","Secret Weapon","ReplayTheSpireMod:LeadingStrike","Medical Kit","Replay:Bottled Eggs","ReplayTheSpireMod:Lightbulb","Strength Potion","ReplayTheSpireMod:Shallot","ReplayTheSpireMod:Limb From Limb","Cauldron","hubris:TenFootPole","FairyPotion"],"campfire_rested":1,"item_purchase_floors":[5,5,5,5,5,5,25,25,25,25,27,27,30,30,30,30,30,37,37,37,37,37,39,39,39,39,39,41,41,41,41,53,53,53,53,53],"current_hp_per_floor":[157,157,157,157,157,135,135,150,150,154,160,160,157,157,157,91,160,160,160,160,160,160,160,159,159,159,159,157,122,122,130,130,154,165,165,159,159,149,149,165,165,165,165,165,165,165,165,165,165,165,165,165,168,108,25],"gold":292,"neow_bonus":"ONE_RANDOM_RARE_CARD","is_daily":false,"chose_seed":false,"campfire_upgraded":6,"win_rate":0.0,"timestamp":1608008341,"path_taken":["M","?","?","?","$","E","R","M","T","E","?","R","M","?","R","BOSS","M","M","M","?","M","R","M","$","T","$","E","?","$","M","R","BOSS","M","M","$","M","$","R","$","E","T","R","M","?","R","?","R_BF","BOSS","R","$","E","BOSS"],"items_purchased_type":["Relic","Relic","Relic","Card","Card","Card","Card","Card","Relic","Relic","Relic","Relic","Card","Card","Relic","Relic","Potion","Card","Card","Relic","Relic","Relic","Relic","Card","Card","Card","Card","Relic","Relic","Relic","Potion","Relic","Card","Relic","Relic","Potion"],"build_version":"2020-12-13","purchased_purges":4,"victory":true,"max_hp_per_floor":[160,160,160,160,160,160,160,160,160,160,160,160,160,160,160,160,160,160,160,160,160,160,160,160,160,160,160,160,165,165,165,165,165,165,165,165,165,165,165,165,165,165,165,165,165,165,165,165,165,165,165,165,168,168,168],"card_choices":[{"not_picked":["Run Through","Clothesline","Armaments"],"picked":"SKIP","floor":1},{"not_picked":["Anger","Fiend Fire"],"picked":"Sword Boomerang","floor":6},{"not_picked":["Run Through","Shrug It Off","Whirlwind"],"picked":"SKIP","floor":8},{"not_picked":["ReplayTheSpireMod:Strike From Hell","hubris:ReadiedAction","ReplayTheSpireMod:Stacked","Intimidate"],"picked":"SKIP","floor":10},{"not_picked":["Twin Strike","ReplayTheSpireMod:Strike From Hell","Reckless Charge"],"picked":"Demon Form","floor":11},{"not_picked":["Flex","Body Slam","Clash"],"picked":"Blood for Blood","floor":13},{"not_picked":["Juggernaut","Reaper","Eclipse"],"picked":"Bludgeon","floor":16},{"not_picked":["Feel No Pain","Headbutt","Iron Wave"],"picked":"Double Tap","floor":18},{"not_picked":["Metallicize+1","Searing Blow","Clothesline+1","Iron Wave"],"picked":"SKIP","floor":19},{"not_picked":["Power Through","Perfected Strike+1","Clash"],"picked":"Replay:Undeath\u0027s Touch+1","floor":20},{"not_picked":["Replay:Undeath\u0027s Touch","Iron Wave","Shrug It Off"],"picked":"Spot Weakness+1","floor":22},{"not_picked":["Iron Wave+1","Heavy Blade","True Grit+1","Twin Strike"],"picked":"SKIP","floor":24},{"not_picked":["Iron Wave+1","Heavy Blade","True Grit+1","Twin Strike"],"picked":"SKIP","floor":24},{"not_picked":["Headbutt+1","Cleave","Warcry","Fire Breathing+1"],"picked":"SKIP","floor":28},{"not_picked":["Seeing Red","Headbutt","Uppercut+1"],"picked":"Limit Break","floor":31},{"not_picked":["Fiend Fire","Hemogenesis","Demon Form"],"picked":"hubris:StunningStrike","floor":33},{"not_picked":["Sword Boomerang","Run Through+1","Reckless Charge","Clash+1"],"picked":"SKIP","floor":35},{"not_picked":["Sword Boomerang","Blood for Blood","Eclipse"],"picked":"hubris:ReadiedAction","floor":36},{"not_picked":["hubris:ReadiedAction+1","Iron Wave","Ghostly Armor","Thunderclap"],"picked":"SKIP","floor":38},{"not_picked":["Shrug It Off","Anger","Rage+1","Bludgeon"],"picked":"SKIP","floor":42},{"not_picked":["Power Through","Impervious","Sword Boomerang+1","Anger"],"picked":"SKIP","floor":45},{"not_picked":["hubris:SharpeningStone","Twin Strike","Clothesline","ReplayTheSpireMod:LeadingStrike+1"],"picked":"SKIP","floor":54}],"player_experience":12933,"relics_obtained":[{"floor":6,"key":"hubris:PeanutButter"},{"floor":9,"key":"Question Card"},{"floor":9,"key":"Paper Frog"},{"floor":10,"key":"Simple Rune"},{"floor":26,"key":"Replay:Baseball"},{"floor":28,"key":"HornCleat"},{"floor":42,"key":"Chameleon Ring"},{"floor":42,"key":"Replay:Ringing Soul"},{"floor":43,"key":"Onion Ring"},{"floor":48,"key":"Ice Cream"},{"floor":49,"key":"Nunchaku"},{"floor":54,"key":"Bronze Scales"},{"floor":54,"key":"Replay:WaspNest"}],"event_choices":[{"cards_removed":["Strike_R"],"damage_healed":0,"gold_gain":0,"player_choice":"Forget","damage_taken":0,"max_hp_gain":0,"max_hp_loss":0,"event_name":"Living Wall","floor":2,"gold_loss":0},{"damage_healed":0,"gold_gain":0,"player_choice":"Obtain J.A.X.","damage_taken":0,"max_hp_gain":0,"max_hp_loss":0,"event_name":"Drug Dealer","floor":21,"gold_loss":0,"cards_obtained":["J.A.X."]},{"damage_healed":0,"gold_gain":0,"player_choice":"Shed Blood","damage_taken":40,"max_hp_gain":5,"max_hp_loss":0,"event_name":"Forgotten Altar","floor":29,"gold_loss":0},{"cards_removed":["Pommel Strike"],"damage_healed":0,"gold_gain":0,"player_choice":"Removed Attack","damage_taken":0,"max_hp_gain":0,"max_hp_loss":0,"event_name":"Falling","floor":46,"gold_loss":0},{"damage_healed":0,"gold_gain":0,"player_choice":"Fight","damage_taken":0,"max_hp_gain":0,"max_hp_loss":0,"event_name":"Mysterious Sphere","floor":48,"gold_loss":0}],"is_beta":false,"boss_relics":[{"not_picked":["hubris:GrandSneckoEye","hubris:CrackedHourglass"],"picked":"Empty Cage"},{"not_picked":["Philosopher\u0027s Stone","Electric Blood"],"picked":"Black Star"}],"items_purged_floors":[5,25,27,30],"is_endless":false,"potions_floor_spawned":[6,10,16,20,24,28,31,36,38,45],"ascension_level":2}}