{"host":"27hat5v0dffgaxzm","time":1608040152,"event":{"mods":["BaseMod","Colored Map","Colored Powertips","Highlight Path","Minty Spire (QoL Compilation)","Permanent Neow","Quick Restart"],"gold_per_floor":[118,118,131,131,146,146,162,162,186,186,204,268,287,321,321,425,425,440,539,539,557,573,608,608,608],"floor_reached":24,"playtime":823,"items_purged":[],"score":305,"play_id":"4f7c954b-54c8-4c25-838e-022640e90150","local_time":"20201215224912","is_ascension_mode":true,"campfire_choices":[{"data":"Dualcast","floor":6.0,"key":"SMITH"},{"data":"White Noise","floor":8.0,"key":"SMITH"},{"data":"Zap","floor":10.0,"key":"SMITH"},{"data":"Coolheaded","floor":15.0,"key":"SMITH"}],"circlet_count":0,"master_deck":["Strike_B+1","Strike_B","Strike_B","Defend_B","Defend_B","Defend_B","Defend_B","Zap+1","Dualcast+1","Beam Cell+1","White Noise+1","Undo","Defragment","All For One","Coolheaded+1","Consume","Core Surge","Compile Driver","Conserve Battery+1","Hologram","Hologram"],"relics":["Cracked Core","Pocketwatch","Cables","Whetstone","Meat on the Bone","Bag of Marbles","SlaversCollar","Boot"],"acts_visited":["Exordium","TheCity"],"potions_floor_usage":[23,23,23],"damage_taken":[{"damage":1.0,"enemies":"Cultist","floor":1.0,"turns":3.0},{"damage":7.0,"enemies":"Jaw Worm","floor":3.0,"turns":2.0},{"damage":7.0,"enemies":"Small Slimes","floor":5.0,"turns":2.0},{"damage":10.0,"enemies":"2 Fungi Beasts","floor":7.0,"turns":3.0},{"damage":0.0,"enemies":"Looter","floor":11.0,"turns":2.0},{"damage":16.0,"enemies":"Gremlin Nob","floor":12.0,"turns":3.0},{"damage":1.0,"enemies":"Red Slaver","floor":13.0,"turns":2.0},{"damage":15.0,"enemies":"Lagavulin","floor":14.0,"turns":4.0},{"damage":13.0,"enemies":"Hexaghost","floor":16.0,"turns":6.0},{"damage":0.0,"enemies":"Chosen","floor":18.0,"turns":4.0},{"damage":21.0,"enemies":"2 Thieves","floor":21.0,"turns":4.0},{"damage":29.0,"enemies":"Centurion and Healer","floor":22.0,"turns":8.0},{"damage":8,"enemies":"Book of Stabbing","floor":23,"turns":4},{"damage":38,"enemies":"Shelled Parasite and Fungi","floor":24,"turns":2}],"seed_played":"4487441926042754154","potions_obtained":[{"floor":7.0,"key":"FearPotion"},{"floor":11.0,"key":"CultistPotion"},{"floor":13.0,"key":"EntropicBrew"},{"floor":14.0,"key":"FearPotion"},{"floor":18.0,"key":"Block Potion"}],"is_trial":false,"path_per_floor":["M","T","M","?","M","R","M","R","T","R","M","?","M","E","R","B",null,"M","?","?","M","M","E","M"],"character_chosen":"DEFECT","items_purchased":[],"campfire_rested":0,"item_purchase_floors":[],"current_hp_per_floor":[67,67,60,60,53,53,43,43,43,43,43,27,38,35,35,34,60,60,60,60,39,22,26,0,0],"gold":608,"neow_bonus":"ONE_RARE_RELIC","is_daily":false,"chose_seed":false,"campfire_upgraded":4,"win_rate":0.0,"timestamp":1608040152,"path_taken":["M","?","M","?","M","R","M","R","T","R","?","?","M","E","R","BOSS","M","?","?","M","?","E","M"],"items_purchased_type":[],"build_version":"2020-12-13","purchased_purges":0,"victory":false,"max_hp_per_floor":[68,68,68,68,68,68,68,68,68,68,68,68,68,68,68,68,68,68,68,68,68,68,68,68,68],"card_choices":[{"not_picked":["Stack","Rip and Tear"],"picked":"Beam Cell","floor":1.0},{"not_picked":["Steam","Stack","Beam Cell"],"picked":"SKIP","floor":3.0},{"not_picked":["Steam","Streamline"],"picked":"White Noise","floor":5.0},{"not_picked":["Conserve Battery","White Noise"],"picked":"Undo","floor":7.0},{"not_picked":["Ball Lightning","Genetic Algorithm"],"picked":"Defragment","floor":11.0},{"not_picked":["Go for the Eyes","Conserve Battery"],"picked":"All For One","floor":12.0},{"not_picked":["Leap","Streamline"],"picked":"Coolheaded","floor":13.0},{"not_picked":["Darkness","Steam Power"],"picked":"Consume","floor":14.0},{"not_picked":["Rainbow","Meteor Strike"],"picked":"Core Surge","floor":16.0},{"not_picked":["Conserve Battery","Rebound"],"picked":"Compile Driver","floor":18.0},{"not_picked":["Compile Driver","Streamline"],"picked":"Conserve Battery+1","floor":21.0},{"not_picked":["Leap","Compile Driver"],"picked":"Hologram","floor":22.0},{"not_picked":["Beam Cell+1","Redo+1"],"picked":"Hologram","floor":23}],"player_experience":321462,"relics_obtained":[{"floor":2.0,"key":"Cables"},{"floor":9.0,"key":"Whetstone"},{"floor":12.0,"key":"Meat on the Bone"},{"floor":14.0,"key":"Bag of Marbles"},{"floor":23,"key":"Boot"}],"event_choices":[{"damage_healed":0.0,"max_hp_gain":0.0,"max_hp_loss":0.0,"gold_gain":0.0,"event_name":"Liars Game","player_choice":"Ignored","floor":4.0,"gold_loss":0.0,"damage_taken":0.0},{"damage_healed":0.0,"max_hp_gain":0.0,"max_hp_loss":0.0,"gold_gain":0.0,"event_name":"Dead Adventurer","player_choice":"Searched \u00271\u0027 times","floor":12.0,"gold_loss":0.0,"damage_taken":0.0},{"damage_healed":0.0,"max_hp_gain":0.0,"max_hp_loss":0.0,"gold_gain":99.0,"event_name":"Nest","player_choice":"Stole From Cult","floor":19.0,"gold_loss":0.0,"damage_taken":0.0},{"cards_removed":["Strike_B"],"damage_healed":0.0,"max_hp_gain":0.0,"max_hp_loss":0.0,"gold_gain":0.0,"event_name":"Purifier","player_choice":"Purged","floor":20.0,"gold_loss":0.0,"damage_taken":0.0}],"is_beta":false,"boss_relics":[{"not_picked":["Ectoplasm","FrozenCore"],"picked":"SlaversCollar"}],"items_purged_floors":[],"is_endless":false,"potions_floor_spawned":[7,11,13,14,18,21,22],"killed_by":"Shelled Parasite and Fungi","ascension_level":8}}