{"host":"u0pt4wuoyrjgzhh2","time":1608013643,"event":{"mods":["AchievementEnabler","Act Like it!","Aspiration","BaseMod","Better Note","Better Vampires","Better-Laid Plans","BetterRewards","Block Reminder","Challenge The Spire","Colored Map","Colored Powertips","Conspire","Dota2Spire","Downfall","Highlight Path","Hubris","Minty Spire (QoL Compilation)","MostiFishMod","Quarter Circle Forward PUNCH!","Quick Restart","Relic Stats","Replay The Spire","RumiaBox-露米娅的神秘盒子","Shop Mod","Spicy Shops","StSLib","SuperFastMode","TestMod","The Jungle","vexMod","【功能Mod】混沌之环修复补丁","【遗物卡牌】REMEMod"],"gold_per_floor":[99,99,99,128,145,145,145],"floor_reached":6,"playtime":298,"items_purged":[],"score":94,"play_id":"193e8552-0937-47e0-b182-c98dc4396462","local_time":"20201215142723","is_ascension_mode":true,"campfire_choices":[{"floor":1.0,"key":"DIG"}],"circlet_count":0,"master_deck":["conspire:GhostlyStrike","conspire:GhostlyStrike","conspire:GhostlyStrike","conspire:GhostlyStrike","conspire:GhostlyDefend","conspire:GhostlyDefend","conspire:GhostlyDefend","conspire:GhostlyDefend","champ:Execute","champ:Taunt","Pain","Entrench","champ:DefensiveShout","champ:DeathBlow"],"relics":["champ:ChampionCrown","testmod-TestBox","REME_ComplimentaryCards","DaveBox","Replay:Towering Pillar of Hats","testmod-CrystalShield","ThornShield","Civilization","WarpedTongs","Gremlin Horn"],"acts_visited":["Exordium"],"potions_floor_usage":[],"damage_taken":[{"damage":38,"enemies":"Replay:BlueRogue","floor":4,"turns":7},{"damage":14,"enemies":"conspire:RoseBush","floor":5,"turns":2},{"damage":34,"enemies":"3 Sentries","floor":6,"turns":7}],"seed_played":"-256857047689069179","potions_obtained":[],"is_trial":false,"path_per_floor":["R_BF","?","?","E","M","E"],"character_chosen":"THE_CHAMP","items_purchased":[],"campfire_rested":0,"item_purchase_floors":[],"current_hp_per_floor":[63,63,63,41,34,0,0],"gold":145,"neow_bonus":"ONE_RARE_RELIC","is_daily":false,"chose_seed":false,"campfire_upgraded":0,"win_rate":0.0,"timestamp":1608013643,"path_taken":["R_BF","?","?","E","?","E"],"items_purchased_type":[],"build_version":"2020-12-13","purchased_purges":0,"victory":false,"max_hp_per_floor":[90,90,90,91,93,93,93],"relic_stats":{"Gremlin Horn":[2,2],"counters":[3,16],"obtain_stats":[{"Civilization":1,"testmod-CrystalShield":0,"testmod-TestBox":0,"DaveBox":0,"Replay:Towering Pillar of Hats":0,"Gremlin Horn":4,"champ:ChampionCrown":0,"ThornShield":1,"REME_ComplimentaryCards":0,"WarpedTongs":3},{"Civilization":0,"testmod-CrystalShield":0,"testmod-TestBox":0,"DaveBox":0,"Replay:Towering Pillar of Hats":0,"Gremlin Horn":1,"champ:ChampionCrown":0,"ThornShield":0,"REME_ComplimentaryCards":0,"WarpedTongs":0},{"Civilization":0,"testmod-CrystalShield":0,"testmod-TestBox":0,"DaveBox":0,"Replay:Towering Pillar of Hats":0,"Gremlin Horn":7,"champ:ChampionCrown":0,"ThornShield":0,"REME_ComplimentaryCards":0,"WarpedTongs":0}],"WarpedTongs":[15]},"card_choices":[{"not_picked":["champ:FaceSlap","champ:TornadoPunch"],"picked":"champ:DefensiveShout","floor":4},{"not_picked":["champ:StanceDance","champ:RecklessLeap"],"picked":"champ:DeathBlow","floor":5}],"player_experience":129315,"relics_obtained":[{"floor":1.0,"key":"Civilization"},{"floor":4,"key":"Gremlin Horn"}],"event_choices":[{"damage_healed":0.0,"max_hp_gain":0.0,"max_hp_loss":0.0,"gold_gain":0.0,"event_name":"conspire:LoneGhost","player_choice":"Agree","floor":2.0,"gold_loss":0.0,"damage_taken":0.0},{"damage_healed":0.0,"max_hp_gain":0.0,"max_hp_loss":0.0,"gold_gain":0.0,"event_name":"Accursed Blacksmith","player_choice":"Rummage","floor":3.0,"gold_loss":0.0,"damage_taken":0.0,"relics_obtained":["WarpedTongs"],"cards_obtained":["Pain"]}],"is_beta":false,"boss_relics":[],"items_purged_floors":[],"is_endless":false,"potions_floor_spawned":[],"killed_by":"3 Sentries","ascension_level":1}}