{"host":"nox","time":1608049334,"event":{"mods":["BaseMod","Colored Powertips","Minty Spire (QoL Compilation)","Quick Restart","Replay The Spire","StSLib"],"gold_per_floor":[368,222,234,309,484,517,190,247,247,300,300,300,336,371,371,543,643,662,699,713,514,530,530,470,470,497,497,540,540,566,586,586,714,714,729,747,747,747,747,747,763,763,815,815,415,449,449,484,484,509,509,509,432,459,473,473],"floor_reached":55,"playtime":1860,"items_purged":["Strike_R"],"score":1316,"play_id":"c76357a5-0f79-4a94-a5b1-83e1df507e1e","local_time":"20201215232214","is_ascension_mode":true,"campfire_choices":[{"floor":15.0,"key":"REST"},{"floor":23.0,"key":"REST"},{"floor":27.0,"key":"RECALL"},{"data":"Dual Wield","floor":29.0,"key":"SMITH"},{"floor":32.0,"key":"REST"},{"data":"Heavy Blade","floor":40.0,"key":"SMITH"},{"floor":42.0,"key":"REST"},{"floor":49.0,"key":"REST"},{"floor":52.0,"key":"REST"}],"circlet_count":0,"master_deck":["Strike_R+1","Strike_R+1","Defend_R+1","Defend_R+1","Defend_R+1","Defend_R+1","Bash+1","Inflame","Heavy Blade+1","ReplayTheSpireMod:LeadingStrike+1","HandOfGreed+1","Writhe","Bloodletting","Demon Form+1","CurseOfTheBell","Dual Wield+1","Replay:Many Hands+1","Dual Wield+1","Armaments+1","Demon Form+1","Rage","Impatience","Headbutt+1"],"relics":["Burning Blood","Brimstone","Golden Egg","Blue Candle","Ancient Tea Set","Blue Doll","Replay:Ringing Soul","Letter Opener","Replay:Grab Bag","Philosopher\u0027s Stone","Replay:Wanted Poster","Empty Cage","Calling Bell","Juzu Bracelet","Eternal Feather","Du-Vu Doll","Potion Belt","Garlic","Electric Blood","Ring of Chaos","ReplayTheSpireMod:Ring of Challenge","Magic Flower","Bag of Marbles","Chemical X","Replay:Bottled Snecko","Replay:Bandana"],"acts_visited":["Exordium","TheCity","TheBeyond","TheEnding"],"potions_floor_usage":[55,55,55],"damage_taken":[{"damage":2.0,"enemies":"Jaw Worm","floor":1.0,"turns":3.0},{"damage":0.0,"enemies":"2 Louse","floor":3.0,"turns":2.0},{"damage":30.0,"enemies":"3 Sentries","floor":6.0,"turns":6.0},{"damage":10.0,"enemies":"Gremlin Nob","floor":8.0,"turns":3.0},{"damage":8.0,"enemies":"3 Sentries","floor":10.0,"turns":3.0},{"damage":5.0,"enemies":"Small Slimes","floor":13.0,"turns":2.0},{"damage":16.0,"enemies":"Gremlin Nob","floor":14.0,"turns":3.0},{"damage":31.0,"enemies":"Slime Boss","floor":16.0,"turns":12.0},{"damage":21.0,"enemies":"Shell Parasite","floor":18.0,"turns":3.0},{"damage":36.0,"enemies":"Spheric Guardian","floor":19.0,"turns":4.0},{"damage":18.0,"enemies":"Snecko","floor":20.0,"turns":3.0},{"damage":35.0,"enemies":"Snake Plant","floor":22.0,"turns":3.0},{"damage":19.0,"enemies":"Shelled Parasite and Fungi","floor":28.0,"turns":4.0},{"damage":52.0,"enemies":"Slavers","floor":30.0,"turns":5.0},{"damage":1.0,"enemies":"Sentry and Sphere","floor":31.0,"turns":2.0},{"damage":62.0,"enemies":"Pondfish","floor":33.0,"turns":5.0},{"damage":5.0,"enemies":"Orb Walker","floor":35.0,"turns":1.0},{"damage":15.0,"enemies":"3 Darklings","floor":36.0,"turns":3.0},{"damage":33.0,"enemies":"Maw","floor":41.0,"turns":5.0},{"damage":29.0,"enemies":"Giant Head","floor":46.0,"turns":4.0},{"damage":21.0,"enemies":"Sphere and 2 Shapes","floor":48.0,"turns":3.0},{"damage":91.0,"enemies":"Time Eater","floor":50.0,"turns":6.0},{"damage":19,"enemies":"Shield and Spear","floor":54,"turns":2},{"damage":143,"enemies":"The Heart","floor":55,"turns":3}],"seed_played":"8910977635025695955","potions_obtained":[{"floor":6.0,"key":"Ancient Potion"},{"floor":8.0,"key":"SkillPotion"},{"floor":13.0,"key":"Explosive Potion"},{"floor":20.0,"key":"BloodPotion"},{"floor":31.0,"key":"GamblersBrew"},{"floor":33.0,"key":"Regen Potion"},{"floor":48.0,"key":"FearPotion"},{"floor":54,"key":"FearPotion"}],"is_trial":false,"path_per_floor":["M","$","M","?","?","E","$","E","T","E","?","?","M","E","R","B",null,"M","M","M","$","M","R","?","?","T","R","M","R","E","M","R","B",null,"M","M","?","?","T","R","M","R","T","?","$","E","$","M","R","B",null,"R","$","E","B"],"character_chosen":"IRONCLAD","items_purchased":["Brimstone","ReplayTheSpireMod:LeadingStrike","HandOfGreed","Potion Belt","BloodPotion","Chemical X","Replay:Bottled Snecko","Venom Potion"],"campfire_rested":6,"item_purchase_floors":[2,7,7,21,21,45,45,53],"current_hp_per_floor":[55,55,61,50,50,26,26,22,22,20,20,13,17,10,35,10,70,58,28,19,57,28,65,65,65,65,74,64,73,27,35,74,21,83,87,78,81,81,81,93,69,110,110,110,110,90,90,78,110,28,90,110,110,103,0,0],"gold":473,"neow_bonus":"TWO_FIFTY_GOLD","is_daily":false,"chose_seed":false,"campfire_upgraded":2,"win_rate":0.0,"timestamp":1608049334,"path_taken":["M","$","M","?","?","E","?","E","T","E","?","?","?","E","R","BOSS","M","M","M","$","M","R","?","?","T","R","M","R","E","M","R","BOSS","M","M","?","?","?","R","M","R","T","?","$","E","?","M","R","BOSS","R","$","E","BOSS"],"items_purchased_type":["Relic","Card","Card","Relic","Potion","Relic","Relic","Potion"],"build_version":"2020-11-17","purchased_purges":1,"victory":false,"max_hp_per_floor":[80,80,80,80,80,80,80,80,80,80,80,80,83,86,86,86,89,92,92,95,95,95,95,95,95,95,95,98,98,98,101,101,104,104,107,107,110,110,110,110,110,110,110,110,110,110,110,110,110,110,110,110,110,113,113,113],"card_choices":[{"not_picked":["Pommel Strike","Power Through"],"picked":"Inflame","floor":1.0},{"not_picked":["Iron Wave","Clothesline","Seeing Red"],"picked":"SKIP","floor":3.0},{"not_picked":["Power Through","Pummel"],"picked":"Heavy Blade","floor":6.0},{"not_picked":["Searing Blow","Replay:Undeath\u0027s Touch","Havoc"],"picked":"SKIP","floor":8.0},{"not_picked":["True Grit","Cleave","Shrug It Off"],"picked":"SKIP","floor":10.0},{"not_picked":["True Grit","Armaments"],"picked":"Bloodletting","floor":13.0},{"not_picked":["Armaments","Dark Embrace"],"picked":"Demon Form","floor":14.0},{"not_picked":["Rupture","Run Through"],"picked":"Dual Wield+1","floor":18.0},{"not_picked":["Headbutt","Blood for Blood+1","Rupture+1"],"picked":"SKIP","floor":19.0},{"not_picked":["Replay:Undeath\u0027s Touch+1","Perfected Strike"],"picked":"Replay:Many Hands","floor":20.0},{"not_picked":["Body Slam","Sentinel","Shrug It Off"],"picked":"SKIP","floor":22.0},{"not_picked":["Evolve","Sword Boomerang"],"picked":"Dual Wield","floor":28.0},{"not_picked":["Reckless Charge","Searing Blow","Pommel Strike"],"picked":"SKIP","floor":30.0},{"not_picked":["Replay:Undeath\u0027s Touch","Wild Strike"],"picked":"Armaments+1","floor":31.0},{"not_picked":["Replay:Many Hands","Feed"],"picked":"Demon Form","floor":33.0},{"not_picked":["Run Through","True Grit"],"picked":"Rage","floor":35.0},{"not_picked":["Armaments","Thunderclap","Perfected Strike+1"],"picked":"SKIP","floor":36.0},{"not_picked":["ReplayTheSpireMod:Private Reserves","Flash of Steel"],"picked":"Impatience","floor":37.0},{"not_picked":["Evolve+1","Flex","Clothesline+1"],"picked":"SKIP","floor":41.0},{"not_picked":["Seeing Red+1","Body Slam+1","Dropkick+1"],"picked":"SKIP","floor":46.0},{"not_picked":["Shrug It Off","Sword Boomerang","Flame Barrier"],"picked":"SKIP","floor":48.0},{"not_picked":["Spot Weakness+1","Headbutt+1","Metallicize"],"picked":"SKIP","floor":54},{"not_picked":["Spot Weakness+1","Metallicize"],"picked":"Headbutt+1","floor":54}],"player_experience":117821,"relics_obtained":[{"floor":6.0,"key":"Golden Egg"},{"floor":8.0,"key":"Blue Candle"},{"floor":9.0,"key":"Ancient Tea Set"},{"floor":10.0,"key":"Blue Doll"},{"floor":14.0,"key":"Letter Opener"},{"floor":17.0,"key":"Juzu Bracelet"},{"floor":17.0,"key":"Eternal Feather"},{"floor":17.0,"key":"Du-Vu Doll"},{"floor":30.0,"key":"Garlic"},{"floor":38.0,"key":"Ring of Chaos"},{"floor":38.0,"key":"ReplayTheSpireMod:Ring of Challenge"},{"floor":39.0,"key":"Magic Flower"},{"floor":43.0,"key":"Bag of Marbles"},{"floor":54,"key":"Replay:Bandana"}],"event_choices":[{"damage_healed":0.0,"max_hp_gain":0.0,"max_hp_loss":0.0,"gold_gain":75.0,"event_name":"World of Goop","player_choice":"Gather Gold","floor":4.0,"gold_loss":0.0,"damage_taken":11.0},{"damage_healed":0.0,"max_hp_gain":0.0,"max_hp_loss":0.0,"gold_gain":175.0,"event_name":"Liars Game","player_choice":"AGREE","floor":5.0,"gold_loss":0.0,"damage_taken":0.0,"cards_obtained":["Doubt"]},{"damage_healed":0.0,"max_hp_gain":0.0,"max_hp_loss":0.0,"gold_gain":0.0,"event_name":"Scrap Ooze","player_choice":"Success","floor":12.0,"gold_loss":0.0,"damage_taken":7.0,"relics_obtained":["Replay:Ringing Soul"]},{"damage_healed":0.0,"max_hp_gain":0.0,"max_hp_loss":0.0,"gold_gain":0.0,"event_name":"Back to Basics","player_choice":"Simplicity","floor":25.0,"gold_loss":0.0,"damage_taken":0.0,"cards_upgraded":["Strike_R","Strike_R","Defend_R","Defend_R","Defend_R","Defend_R"]},{"damage_healed":0.0,"max_hp_gain":0.0,"max_hp_loss":0.0,"gold_gain":0.0,"event_name":"SensoryStone","player_choice":"Memory 1","floor":37.0,"gold_loss":0.0,"damage_taken":0.0},{"damage_healed":0.0,"max_hp_gain":0.0,"max_hp_loss":0.0,"gold_gain":0.0,"event_name":"Upgrade Shrine","player_choice":"Upgraded","floor":44.0,"gold_loss":0.0,"damage_taken":0.0,"cards_upgraded":["Bash"]}],"is_beta":true,"boss_relics":[{"not_picked":["Coffee Dripper","Runic Cube"],"picked":"Replay:Grab Bag"},{"not_picked":["Mark of Pain","Cursed Key"],"picked":"Philosopher\u0027s Stone"},{"not_picked":["Sozu","Painkiller Herb"],"picked":"Replay:Wanted Poster"},{"not_picked":["Astrolabe","Pandora\u0027s Box"],"picked":"Empty Cage"},{"not_picked":["SacredBark","Replay:Drink Me"],"picked":"Calling Bell"},{"not_picked":["Tiny House","Runic Dome"],"picked":"Electric Blood"}],"items_purged_floors":[7],"is_endless":false,"potions_floor_spawned":[6,8,13,20,31,33,48,54],"killed_by":"The Heart","ascension_level":6}}