{"host":"dcj2yvrgcvh5dl2s","time":1608060816,"event":{"mods":["BaseMod","Better Note","Block Reminder","Colored Powertips","DeckTracker","Minty Spire (QoL Compilation)","Quick Restart","Rare Cards Sparkle","Relic Stats","StSLib"],"gold_per_floor":[361,376,9,9,22,55,72,91,144,158,158,9,24,39,39,143,143,155,155,166,16,29,56,56,70,70,87,113,20,33,63,63,63,63],"floor_reached":33,"playtime":903,"items_purged":["Pain","Defend_R"],"score":470,"play_id":"a5a65a1e-8ba6-4cba-937b-e644fef8f6ed","local_time":"20201216053336","is_ascension_mode":true,"campfire_choices":[{"floor":11.0,"key":"REST"},{"floor":15.0,"key":"REST"},{"data":"Perfected Strike","floor":24.0,"key":"SMITH"},{"floor":32,"key":"REST"}],"circlet_count":0,"master_deck":["AscendersBane","Strike_R","Strike_R","Strike_R","Strike_R","Strike_R","Defend_R","Defend_R","Defend_R","Thunderclap","True Grit","Pommel Strike","Perfected Strike+1","Pummel","Carnage","Flex","Metallicize","Heavy Blade","Immolate","Perfected Strike+1","Twin Strike","Perfected Strike+1","Pommel Strike","Pommel Strike+1","Panacea","Dark Embrace"],"relics":["Burning Blood","StrikeDummy","Sundial","Regal Pillow","Sozu","Anchor","White Beast Statue","Ice Cream","Bag of Marbles","Mummified Hand"],"acts_visited":["Exordium","TheCity"],"potions_floor_usage":[],"damage_taken":[{"damage":21.0,"enemies":"2 Louse","floor":1.0,"turns":3.0},{"damage":13.0,"enemies":"Cultist","floor":2.0,"turns":4.0},{"damage":5.0,"enemies":"Small Slimes","floor":5.0,"turns":3.0},{"damage":33.0,"enemies":"3 Sentries","floor":6.0,"turns":8.0},{"damage":5.0,"enemies":"Exordium Thugs","floor":7.0,"turns":4.0},{"damage":23.0,"enemies":"Gremlin Gang","floor":8.0,"turns":5.0},{"damage":0.0,"enemies":"2 Fungi Beasts","floor":10.0,"turns":2.0},{"damage":9.0,"enemies":"Red Slaver","floor":13.0,"turns":4.0},{"damage":7.0,"enemies":"Looter","floor":14.0,"turns":3.0},{"damage":34.0,"enemies":"Slime Boss","floor":16.0,"turns":5.0},{"damage":20.0,"enemies":"2 Thieves","floor":18.0,"turns":3.0},{"damage":5.0,"enemies":"Chosen","floor":20.0,"turns":3.0},{"damage":5.0,"enemies":"3 Cultists","floor":22.0,"turns":3.0},{"damage":20.0,"enemies":"Book of Stabbing","floor":23.0,"turns":3.0},{"damage":14.0,"enemies":"Snake Plant","floor":25.0,"turns":2.0},{"damage":0.0,"enemies":"Centurion and Healer","floor":27.0,"turns":2.0},{"damage":14.0,"enemies":"Slavers","floor":28.0,"turns":4.0},{"damage":8.0,"enemies":"Snecko","floor":30.0,"turns":3.0},{"damage":25,"enemies":"Book of Stabbing","floor":31,"turns":3},{"damage":86,"enemies":"Automaton","floor":33,"turns":6}],"seed_played":"5205855279749185670","potions_obtained":[{"floor":1.0,"key":"SpeedPotion"},{"floor":10.0,"key":"PowerPotion"},{"floor":14.0,"key":"SkillPotion"},{"floor":16.0,"key":"Strength Potion"}],"is_trial":false,"path_per_floor":["M","M","$","?","M","E","M","M","T","M","R","$","M","M","R","B",null,"M","?","M","$","M","E","R","M","T","M","E","$","M","E","R","B"],"character_chosen":"IRONCLAD","items_purchased":["StrikeDummy","True Grit","Flex","Anchor","Panacea"],"campfire_rested":3,"item_purchase_floors":[3,3,12,21,29],"current_hp_per_floor":[57,50,50,50,51,24,25,8,8,14,53,53,50,49,80,52,73,59,59,60,60,61,47,47,39,39,45,37,37,35,16,55,0,0],"gold":63,"neow_bonus":"TWO_FIFTY_GOLD","is_daily":false,"chose_seed":false,"campfire_upgraded":1,"win_rate":0.0,"timestamp":1608060816,"path_taken":["M","M","$","?","M","E","M","?","T","M","R","$","M","M","R","BOSS","M","?","M","?","M","E","R","M","T","?","E","$","M","E","R","BOSS"],"items_purchased_type":["Relic","Card","Card","Relic","Card"],"build_version":"2020-12-13","purchased_purges":2,"victory":false,"max_hp_per_floor":[80,80,80,80,80,80,80,80,80,80,80,80,80,80,80,80,80,80,80,80,80,80,80,80,80,80,80,80,80,80,80,80,80,80],"relic_stats":{"Sozu":6,"Regal Pillow":37,"counters":[20,73],"Sundial":[4],"Mummified Hand":[3],"obtain_stats":[{"Sozu":17,"Ice Cream":26,"Regal Pillow":9,"Anchor":21,"Sundial":6,"Mummified Hand":31,"Bag of Marbles":28,"StrikeDummy":3,"Burning Blood":0,"White Beast Statue":23},{"Sozu":10,"Ice Cream":15,"Regal Pillow":6,"Anchor":12,"Sundial":4,"Mummified Hand":19,"Bag of Marbles":17,"StrikeDummy":2,"Burning Blood":0,"White Beast Statue":14},{"Sozu":41,"Ice Cream":55,"Regal Pillow":27,"Anchor":47,"Sundial":18,"Mummified Hand":67,"Bag of Marbles":61,"StrikeDummy":7,"Burning Blood":0,"White Beast Statue":53}],"Burning Blood":114},"card_choices":[{"not_picked":["Rage","Power Through","Wild Strike"],"picked":"SKIP","floor":1.0},{"not_picked":["Intimidate","Combust"],"picked":"Thunderclap","floor":2.0},{"not_picked":["Blood for Blood","Cleave"],"picked":"Pommel Strike","floor":5.0},{"not_picked":["Combust","Dark Embrace"],"picked":"Perfected Strike","floor":6.0},{"not_picked":["Reckless Charge","Flame Barrier"],"picked":"Pummel","floor":7.0},{"not_picked":["Rage","Rampage","Combust"],"picked":"SKIP","floor":8.0},{"not_picked":["Iron Wave","Evolve"],"picked":"Carnage","floor":10.0},{"not_picked":["Flame Barrier","Rage"],"picked":"Metallicize","floor":13.0},{"not_picked":["Bludgeon","Rampage"],"picked":"Heavy Blade","floor":14.0},{"not_picked":["Reaper","Offering"],"picked":"Immolate","floor":16.0},{"not_picked":["Cleave","Battle Trance+1"],"picked":"Perfected Strike","floor":18.0},{"not_picked":["Clothesline+1","Headbutt"],"picked":"Twin Strike","floor":20.0},{"not_picked":["Body Slam","Seeing Red"],"picked":"Perfected Strike+1","floor":22.0},{"not_picked":["Dual Wield","Bludgeon"],"picked":"Pommel Strike","floor":23.0},{"not_picked":["Iron Wave","Cleave","Hemokinesis"],"picked":"SKIP","floor":25.0},{"not_picked":["Clothesline","Thunderclap","Ghostly Armor"],"picked":"SKIP","floor":27.0},{"not_picked":["Perfected Strike","Sword Boomerang"],"picked":"Pommel Strike+1","floor":28.0},{"not_picked":["Rupture+1","Warcry","True Grit"],"picked":"SKIP","floor":30.0},{"not_picked":["Warcry","Entrench"],"picked":"Dark Embrace","floor":31}],"player_experience":1972142,"relics_obtained":[{"floor":6.0,"key":"Sundial"},{"floor":9.0,"key":"Regal Pillow"},{"floor":23.0,"key":"White Beast Statue"},{"floor":26.0,"key":"Ice Cream"},{"floor":28.0,"key":"Bag of Marbles"},{"floor":31,"key":"Mummified Hand"}],"event_choices":[{"cards_removed":["Bash"],"damage_healed":0.0,"max_hp_gain":0.0,"max_hp_loss":0.0,"gold_gain":0.0,"event_name":"Purifier","player_choice":"Purged","floor":4.0,"gold_loss":0.0,"damage_taken":0.0},{"damage_healed":0.0,"max_hp_gain":0.0,"max_hp_loss":0.0,"gold_gain":0.0,"event_name":"Upgrade Shrine","player_choice":"Upgraded","floor":19.0,"gold_loss":0.0,"damage_taken":0.0,"cards_upgraded":["Perfected Strike"]}],"is_beta":false,"boss_relics":[{"not_picked":["Calling Bell","Runic Dome"],"picked":"Sozu"}],"items_purged_floors":[3,12],"is_endless":false,"potions_floor_spawned":[1,10,14,16,23,25,27,28,30,31],"killed_by":"Automaton","ascension_level":10}}