{"host":"cxvb37eaaiijvrl4","time":1608064578,"event":{"mods":["BaseMod","Better Third Choice","Minty Spire (QoL Compilation)","MostiFishMod","Quick Restart","Rare Cards Sparkle","Shop Mod","Spicy Shops","StSLib","TestMod","Uncapped"],"gold_per_floor":[113,113,129,54,64,98,98,110,158,158,168,193,212,225,225,304,304,315,328,348,365,80,80,113,113,113,130,130,30,45,63,63,136,136,146,159,207,607,231,263,274,8,8,8,35,54,182,209,209,209,209,209,209,49,83,83],"floor_reached":57,"playtime":2403,"items_purged":["Strike_R","Defend_R","Defend_R","Defend_R","Defend_R","Strike_R"],"score":3527,"play_id":"31284858-d91b-49b1-9b76-e851e42bb1ac","local_time":"20201215123618","is_ascension_mode":true,"campfire_choices":[{"data":"MostiFishMod:NeverNightCountry","floor":7,"key":"SMITH"},{"data":"Feel No Pain","floor":10,"key":"SMITH"},{"data":"Spot Weakness","floor":15,"key":"SMITH"},{"data":"Berserk","floor":23,"key":"SMITH"},{"data":"Evolve","floor":25,"key":"SMITH"},{"data":"Feel No Pain","floor":32,"key":"SMITH"},{"floor":44,"key":"RECALL"},{"data":"Purity","floor":49,"key":"SMITH"},{"data":"Strike_R","floor":53,"key":"SMITH"}],"circlet_count":0,"master_deck":["AscendersBane","Strike_R+1","Strike_R+1","Bash+1","Bloodletting+1","Feel No Pain+1","Spot Weakness+1","Berserk+1","Feed+1","Evolve+1","Disarm+1","Feel No Pain+1","Sword Boomerang+1","Dark Embrace+1","Purity+1"],"relics":["Burning Blood","DaveBox","FeatherPendant","testmod-Nyarlathotep","Question Card","White Beast Statue","PreservedInsect","Red Skull","ImportantClient","BirthdayGift-Tetrahedron","Technique","Question Card","Champion Belt","GuanYuAspect","Thread and Needle","Nunchaku","Whetstone","Bag of Preparation","testmod-OneHitWonder","Mercury Hourglass","Centennial Puzzle","Boot"],"acts_visited":["Exordium","TheCity","TheBeyond","TheEnding"],"potions_floor_usage":[28,28,37,56,56],"damage_taken":[{"damage":2,"enemies":"Small Slimes","floor":1,"turns":3},{"damage":0,"enemies":"Cultist","floor":3,"turns":2},{"damage":2,"enemies":"Jaw Worm","floor":5,"turns":2},{"damage":20,"enemies":"Lagavulin","floor":6,"turns":4},{"damage":11,"enemies":"Looter","floor":8,"turns":3},{"damage":12,"enemies":"Exordium Wildlife","floor":11,"turns":4},{"damage":10,"enemies":"3 Sentries","floor":12,"turns":9},{"damage":13,"enemies":"Blue Slaver","floor":13,"turns":4},{"damage":2,"enemies":"Lots of Slimes","floor":14,"turns":5},{"damage":0,"enemies":"Slime Boss","floor":16,"turns":7},{"damage":8,"enemies":"3 Byrds","floor":18,"turns":2},{"damage":6,"enemies":"Shell Parasite","floor":19,"turns":1},{"damage":4,"enemies":"Cultist and Chosen","floor":20,"turns":3},{"damage":2,"enemies":"Snake Plant","floor":21,"turns":2},{"damage":12,"enemies":"Book of Stabbing","floor":24,"turns":1},{"damage":6,"enemies":"Centurion and Healer","floor":27,"turns":1},{"damage":6,"enemies":"Chosen and Byrds","floor":30,"turns":1},{"damage":8,"enemies":"3 Cultists","floor":31,"turns":2},{"damage":6,"enemies":"Champ","floor":33,"turns":1},{"damage":6,"enemies":"3 Shapes","floor":35,"turns":1},{"damage":6,"enemies":"Orb Walker","floor":36,"turns":1},{"damage":6,"enemies":"2 Orb Walkers","floor":37,"turns":1},{"damage":12,"enemies":"Nemesis","floor":40,"turns":1},{"damage":18,"enemies":"Writhing Mass","floor":41,"turns":1},{"damage":6,"enemies":"Giant Head","floor":45,"turns":1},{"damage":6,"enemies":"Jaw Worm Horde","floor":46,"turns":1},{"damage":6,"enemies":"Nemesis","floor":48,"turns":1},{"damage":16,"enemies":"Awakened One","floor":50,"turns":3},{"damage":6,"enemies":"Donu and Deca","floor":51,"turns":1},{"damage":6,"enemies":"Shield and Spear","floor":55,"turns":1},{"damage":24,"enemies":"The Heart","floor":56,"turns":4}],"seed_played":"6406610076667447941","potions_obtained":[{"floor":3,"key":"Strength Potion"},{"floor":8,"key":"Strength Potion"},{"floor":27,"key":"BloodPotion"},{"floor":28,"key":"testmod-SpacePotion"},{"floor":28,"key":"DistilledChaos"},{"floor":30,"key":"testmod-TestPotion"},{"floor":35,"key":"LiquidMemories"},{"floor":37,"key":"Fruit Juice"},{"floor":40,"key":"SkillPotion"},{"floor":41,"key":"Block Potion"}],"is_trial":false,"path_per_floor":["M","?","M","$","M","E","R","M","T","R","M","E","M","M","R","B",null,"M","M","M","M","$","R","E","R","T","M","?","$","M","M","R","B",null,"M","M","?","?","$","E","M","$","T","R","E","M","?","E","R","B","B",null,"R","$","E","B",null],"character_chosen":"IRONCLAD","items_purchased":["Evolve","Technique","Nunchaku","Whetstone","Bag of Preparation"],"campfire_rested":0,"item_purchase_floors":[22,22,39,39,42],"current_hp_per_floor":[72,72,75,75,75,61,61,56,56,56,50,46,39,43,43,49,69,67,67,69,73,73,73,71,71,71,75,83,83,87,89,89,192,97,101,105,112,112,112,118,122,122,122,122,126,126,126,126,126,130,134,134,134,134,134,138],"gold":83,"neow_bonus":"TRANSFORM_CARD","is_daily":false,"chose_seed":false,"campfire_upgraded":8,"win_rate":0.0,"timestamp":1608064578,"path_taken":["M","?","?","$","M","E","R","M","T","R","M","E","M","M","R","BOSS","M","M","M","M","$","R","E","R","T","M","?","?","?","M","R","BOSS","M","M","?","?","$","E","?","$","T","R","E","M","?","E","R","BOSS","BOSS","R","$","E","BOSS"],"items_purchased_type":["Card","Relic","Relic","Relic","Relic"],"build_version":"2020-12-13","purchased_purges":6,"victory":true,"max_hp_per_floor":[75,75,75,75,75,75,75,75,75,75,75,75,75,75,75,75,75,75,75,75,75,75,75,79,79,79,83,83,83,87,91,91,194,97,101,105,114,114,114,118,122,122,122,122,126,126,126,126,126,130,134,134,134,134,134,138],"card_choices":[{"not_picked":["Iron Wave","Warcry","Pommel Strike"],"picked":"SKIP","floor":1},{"not_picked":["Iron Wave","Warcry","Pommel Strike"],"picked":"SKIP","floor":1},{"not_picked":["Anger","Whirlwind","Cleave"],"picked":"Bloodletting","floor":3},{"not_picked":["Searing Blow","Armaments","Clothesline","Iron Wave"],"picked":"SKIP","floor":5},{"not_picked":["Shrug It Off","Spot Weakness","Perfected Strike"],"picked":"Feel No Pain","floor":6},{"not_picked":["Hemokinesis","True Grit","Heavy Blade","Reckless Charge"],"picked":"SKIP","floor":8},{"not_picked":["MostiFishMod:FireWorks","Clash","Havoc","Cleave"],"picked":"SKIP","floor":11},{"not_picked":["Iron Wave","Thunderclap","Perfected Strike","Flame Barrier"],"picked":"SKIP","floor":12},{"not_picked":["Disarm","Anger","Rupture","True Grit"],"picked":"SKIP","floor":13},{"not_picked":["Sword Boomerang","Searing Blow","Whirlwind"],"picked":"Spot Weakness","floor":14},{"not_picked":["MostiFishMod:TemporaryOutbreak","MostiFishMod:FlyOverUtopia","MostiFishMod:ChineseTea"],"picked":"Berserk","floor":16},{"not_picked":["Infernal Blade","Carnage","Armaments","Cleave"],"picked":"SKIP","floor":18},{"not_picked":["Blood for Blood","Wild Strike","Twin Strike","Armaments"],"picked":"SKIP","floor":19},{"not_picked":["Dark Embrace","Armaments","Pommel Strike","Clash"],"picked":"SKIP","floor":20},{"not_picked":["Dual Wield","Hemokinesis","Sword Boomerang"],"picked":"Feed","floor":21},{"not_picked":["Inflame+1","Clothesline","Anger+1"],"picked":"Disarm+1","floor":24},{"not_picked":["Thunderclap","Sword Boomerang","Intimidate","Ghostly Armor"],"picked":"Feel No Pain","floor":27},{"not_picked":["Shrug It Off","Clash","Combust","Wild Strike+1"],"picked":"Sword Boomerang+1","floor":30},{"not_picked":["Rupture","MostiFishMod:CullingBlade","Perfected Strike","Warcry+1","Thunderclap"],"picked":"SKIP","floor":31},{"not_picked":["Anger+1","Twin Strike","Bloodletting","True Grit+1","Perfected Strike"],"picked":"SKIP","floor":35},{"not_picked":["Flex+1","Ghostly Armor","MostiFishMod:ChineseTea","Rampage","Havoc"],"picked":"SKIP","floor":36},{"not_picked":["Reckless Charge","Wild Strike","Heavy Blade+1","Cleave"],"picked":"Dark Embrace+1","floor":37},{"not_picked":["Hemokinesis","Havoc","Second Wind","Offering","Sword Boomerang+1"],"picked":"SKIP","floor":40},{"not_picked":["Sword Boomerang","Iron Wave","Reckless Charge+1","Clash","Armaments"],"picked":"SKIP","floor":41},{"not_picked":["Sword Boomerang","Iron Wave","Reckless Charge+1","Clash","Armaments"],"picked":"SKIP","floor":41},{"not_picked":["Dark Embrace","Power Through","Heavy Blade","Flex","Perfected Strike"],"picked":"SKIP","floor":45},{"not_picked":["Perfected Strike","Cleave+1","Sword Boomerang","Armaments","Iron Wave"],"picked":"SKIP","floor":46},{"not_picked":["testmod-SubstituteBySubterfuge","Bandage Up","Panacea","Trip"],"picked":"Purity","floor":47},{"not_picked":["Cleave","Carnage","Pommel Strike","Ghostly Armor","Shockwave+1"],"picked":"SKIP","floor":48},{"not_picked":["Thunderclap","MostiFishMod:#F4004","Fire Breathing+1","Rampage+1","Armaments"],"picked":"SKIP","floor":55}],"player_experience":625883,"relics_obtained":[{"floor":1,"key":"Question Card"},{"floor":6,"key":"White Beast Statue"},{"floor":9,"key":"PreservedInsect"},{"floor":12,"key":"Red Skull"},{"floor":16,"key":"ImportantClient"},{"floor":24,"key":"Question Card"},{"floor":26,"key":"Champion Belt"},{"floor":37,"key":"Thread and Needle"},{"floor":45,"key":"testmod-OneHitWonder"},{"floor":47,"key":"Mercury Hourglass"},{"floor":48,"key":"Centennial Puzzle"},{"floor":55,"key":"Boot"}],"event_choices":[{"damage_healed":0,"gold_gain":0,"player_choice":"Ignored","damage_taken":0,"max_hp_gain":0,"max_hp_loss":0,"event_name":"WeMeetAgain","floor":2,"gold_loss":0},{"damage_healed":0,"gold_gain":0,"player_choice":"Got Potions","damage_taken":0,"max_hp_gain":0,"max_hp_loss":0,"event_name":"Lab","floor":28,"gold_loss":0},{"damage_healed":0,"gold_gain":0,"player_choice":"Fight","damage_taken":0,"max_hp_gain":0,"max_hp_loss":0,"event_name":"Mysterious Sphere","floor":37,"gold_loss":0},{"damage_healed":0,"gold_gain":400,"player_choice":"Sell","damage_taken":0,"max_hp_gain":0,"max_hp_loss":0,"event_name":"Plate Of N\u0027loth","floor":38,"relics_lost":["testmod-TestBox"],"gold_loss":0},{"damage_healed":0,"gold_gain":0,"player_choice":"Random: Red","damage_taken":0,"max_hp_gain":0,"max_hp_loss":0,"event_name":"betterThird:BetterPortal","floor":47,"gold_loss":0}],"is_beta":false,"boss_relics":[{"not_picked":["NightmareShop","testmod-DreamHouse"],"picked":"BirthdayGift-Tetrahedron"},{"not_picked":["ExusiaiGun","Fusion Hammer"],"picked":"GuanYuAspect"}],"items_purged_floors":[4,22,29,39,42,54],"is_endless":false,"potions_floor_spawned":[3,8,11,12,13,14,16,18,19,20,21,24,27,30,31,33,35,36,37,40,41,45,46,48,55],"ascension_level":20}}