{"host":"uj8tnth4ulftv61g","time":1608056734,"event":{"mods":["BaseMod","Better Third Choice","Downfall","Minty Spire (QoL Compilation)","StSLib"],"gold_per_floor":[99,125,125,125,125,225,225,150,170,205,3,15,35,49,62,164,164,164,178,178,198,198,212,237,70,85,113,143,143,143,143,158,262,262,112,112,161,161,211,211,238,90,123,123,123,123,123,137,157,157,157,182,36,36,36],"floor_reached":56,"playtime":6412,"items_purged":[],"score":1399,"play_id":"bf9c9f65-4f0d-4412-ac13-ed5c0583928a","local_time":"20201215132534","is_ascension_mode":false,"campfire_choices":[{"data":"champ:Taunt","floor":1,"key":"SMITH"},{"floor":5,"key":"RECALL"},{"data":"champ:FanOfKnives","floor":8,"key":"SMITH"},{"data":"champ:SteelEdge","floor":18,"key":"SMITH"},{"data":"champ:GladiatorStyle","floor":22,"key":"SMITH"},{"data":"champ:CalledShot","floor":35,"key":"SMITH"},{"data":"champ:ShieldThrow","floor":44,"key":"SMITH"},{"data":"champ:SteelEdge","floor":54,"key":"SMITH"}],"circlet_count":0,"master_deck":["champ:Strike","champ:Defend+1","champ:Defend","champ:Defend+1","champ:Execute","champ:Taunt+1","champ:FanOfKnives+1","champ:FaceSlap","champ:Circumvent","champ:DefensiveShout","champ:GladiatorStyle","champ:SwordThrow","champ:Shatter","champ:RapidStrikes","champ:ViciousMockery","champ:StanceDance","champ:SteelEdge+1","champ:GladiatorStyle+1","champ:SteelEdge+1","champ:Haymaker","champ:FlashCut+1","champ:Lariat+1","champ:CalledShot+1","champ:ShieldSlam","champ:ShieldThrow+1","champ:HoldFirm+1","champ:BringItOn+1","champ:FocusedGladiator+1","champ:FanOfKnives+1","champ:ArenaPreparation+1","champ:GladiatorStyle+1","champ:RapidStrikes","champ:SteelEdge+1"],"relics":["champ:ChampionCrown","downfall:HeartsMalice","Pen Nib","Champion Belt","Oddly Smooth Stone","downfall:HeartBlessingRed","Matryoshka","Orichalcum","Sozu","Toy Ornithopter","Omamori","Juzu Bracelet","Chemical X","Nunchaku","Lantern","Prayer Wheel","Astrolabe","downfall:HeartBlessingGreen","downfall:HeartBlessingBlue","WingedGreaves","CaptainsWheel","Centennial Puzzle","War Paint","Toolbox","MealTicket","PreservedInsect"],"acts_visited":["Exordium","TheCity","TheBeyond","TheEnding"],"potions_floor_usage":[13,15,16,23],"damage_taken":[{"damage":0,"enemies":"3 Sentries","floor":2,"turns":1},{"damage":0,"enemies":"2 Louse","floor":3,"turns":1},{"damage":0,"enemies":"2 Louse","floor":6,"turns":1},{"damage":0,"enemies":"Small Slimes","floor":9,"turns":2},{"damage":5,"enemies":"Lagavulin","floor":10,"turns":5},{"damage":3,"enemies":"downfall:FleeingMerchant","floor":11,"turns":4},{"damage":0,"enemies":"Jaw Worm","floor":12,"turns":2},{"damage":2,"enemies":"Lots of Slimes","floor":13,"turns":2},{"damage":0,"enemies":"3 Louse","floor":14,"turns":1},{"damage":5,"enemies":"Lots of Slimes","floor":15,"turns":2},{"damage":39,"enemies":"downfall:Ironclad","floor":16,"turns":8},{"damage":13,"enemies":"Shell Parasite","floor":19,"turns":4},{"damage":3,"enemies":"Chosen","floor":21,"turns":3},{"damage":16,"enemies":"Centurion and Healer","floor":23,"turns":4},{"damage":0,"enemies":"downfall:FleeingMerchant","floor":25,"turns":4},{"damage":15,"enemies":"Snake Plant","floor":26,"turns":2},{"damage":5,"enemies":"Gremlin Leader","floor":27,"turns":5},{"damage":0,"enemies":"downfall:FleeingMerchant","floor":28,"turns":4},{"damage":5,"enemies":"Snecko","floor":32,"turns":4},{"damage":21,"enemies":"downfall:Defect","floor":33,"turns":4},{"damage":6,"enemies":"2 Orb Walkers","floor":37,"turns":5},{"damage":0,"enemies":"Mind Bloom Boss Battle","floor":39,"turns":4},{"damage":8,"enemies":"Nemesis","floor":43,"turns":3},{"damage":0,"enemies":"3 Shapes","floor":48,"turns":2},{"damage":14,"enemies":"3 Darklings","floor":49,"turns":3},{"damage":35,"enemies":"downfall:Silent","floor":50,"turns":3},{"damage":10,"enemies":"downfall:CharBossMerchant","floor":52,"turns":3},{"damage":37,"enemies":"downfall:NeowBoss","floor":55,"turns":14}],"seed_played":"-3198633484695671962","potions_obtained":[{"floor":10,"key":"Weak Potion"},{"floor":12,"key":"BlessingOfTheForge"},{"floor":13,"key":"Energy Potion"},{"floor":14,"key":"Weak Potion"}],"is_trial":false,"path_per_floor":["R","E","M","?","R","?","T","R","M","E","$","M","M","M","M","B",null,"R","M","?","M","R","M","T","$","M","E","$","?","?","?","M","B",null,"R","?","?","?","?","?","T","$","E","R","$","?","?","M","M","B",null,"E","$","R","B",null],"character_chosen":"THE_CHAMP","items_purchased":["champ:Shatter","Orichalcum","Omamori","Chemical X","Nunchaku","Toolbox","champ:SteelEdge"],"campfire_rested":0,"item_purchase_floors":[11,11,25,28,28,42,53],"current_hp_per_floor":[90,90,90,95,95,95,95,95,95,95,95,95,93,93,93,65,95,95,91,91,91,91,81,81,81,66,66,66,66,66,66,61,51,95,105,105,105,105,105,105,105,105,105,105,105,105,105,105,105,75,105,105,105,105,96],"gold":36,"neow_bonus":"THREE_ENEMY_KILL","is_daily":false,"chose_seed":false,"campfire_upgraded":7,"win_rate":0.0,"timestamp":1608056734,"path_taken":["R","E","M","?","R","?","T","R","M","E","$","M","M","M","M","BOSS","R","M","?","M","R","?","T","$","M","E","$","?","?","?","M","BOSS","R","?","?","?","?","?","T","$","E","R","?","?","?","M","M","BOSS","E","$","R","BOSS"],"items_purchased_type":["Card","Relic","Relic","Relic","Relic","Relic","Card"],"build_version":"2020-12-13","purchased_purges":0,"victory":true,"max_hp_per_floor":[90,90,90,95,95,95,95,95,95,95,95,95,95,95,95,95,95,95,95,95,95,95,95,95,95,95,95,95,95,95,95,95,95,95,105,105,105,105,105,105,105,105,105,105,105,105,105,105,105,105,105,105,105,105,105],"card_choices":[{"not_picked":["champ:BladeFlurry","champ:Backstep"],"picked":"champ:FanOfKnives","floor":2},{"not_picked":["champ:StanceDance","champ:FalseCounter"],"picked":"champ:FaceSlap","floor":3},{"not_picked":["champ:BringItOn","champ:TornadoPunch"],"picked":"champ:Circumvent","floor":6},{"not_picked":["champ:BerserkersShout","champ:PreciseThrust"],"picked":"champ:DefensiveShout","floor":9},{"not_picked":["champ:Encircle","champ:Duel"],"picked":"champ:GladiatorStyle","floor":10},{"not_picked":["champ:FaceSlap","champ:FightOn"],"picked":"champ:SwordThrow","floor":11},{"not_picked":["champ:Haymaker","champ:BerserkersShout","champ:Backstep"],"picked":"SKIP","floor":12},{"not_picked":["champ:FightOn","champ:TornadoPunch"],"picked":"champ:RapidStrikes","floor":13},{"not_picked":["champ:BringItOn","champ:Haymaker"],"picked":"champ:ViciousMockery","floor":14},{"not_picked":["champ:PerfectedStrike","champ:Riposte"],"picked":"champ:StanceDance","floor":15},{"not_picked":["champ:CrownThrow","champ:ShieldSlam"],"picked":"champ:SteelEdge","floor":16},{"not_picked":["champ:GladiatorsShout","champ:FocusedBerserking"],"picked":"champ:GladiatorStyle","floor":19},{"not_picked":["champ:StanceDance","champ:DefensiveShout"],"picked":"champ:Haymaker","floor":21},{"not_picked":["champ:StanceDance+1","champ:BerserkersShout+1"],"picked":"champ:FlashCut+1","floor":23},{"not_picked":["champ:Circumvent","champ:HoldFirm","champ:Haymaker"],"picked":"SKIP","floor":25},{"not_picked":["champ:StanceDance","champ:Duel","champ:Circumvent"],"picked":"SKIP","floor":26},{"not_picked":["champ:GladiatorsShout","champ:RecklessLeap+1"],"picked":"champ:Lariat","floor":27},{"not_picked":["champ:BladeFlurry","champ:TornadoPunch"],"picked":"champ:CalledShot","floor":28},{"not_picked":["champ:Backstep","champ:GutPunch"],"picked":"champ:ShieldSlam","floor":32},{"not_picked":["champ:BladeFlurry","champ:FlashCut+1","champ:FalseCounter"],"picked":"SKIP","floor":32},{"not_picked":["champ:Devastate","champ:IgnorePain"],"picked":"champ:ShieldThrow","floor":33},{"not_picked":["champ:Encircle+1","champ:StanceDance"],"picked":"champ:FanOfKnives+1","floor":43},{"not_picked":["champ:Encircle","champ:Circumvent"],"picked":"champ:ArenaPreparation+1","floor":48},{"not_picked":["champ:TornadoPunch+1","champ:BerserkersShout","champ:AdrenalArmor+1"],"picked":"SKIP","floor":48},{"not_picked":["champ:HeartStrike+1","champ:BringItOn+1"],"picked":"champ:GladiatorStyle+1","floor":49},{"not_picked":["champ:EndlessRage","champ:Circumvent"],"picked":"champ:RapidStrikes","floor":49},{"not_picked":["champ:IronFortress","champ:ViciousMockery+1","champ:HeartStrike+1"],"picked":"SKIP","floor":52}],"player_experience":551635,"relics_obtained":[{"floor":2,"key":"Pen Nib"},{"floor":6,"key":"Champion Belt"},{"floor":7,"key":"Oddly Smooth Stone"},{"floor":10,"key":"Matryoshka"},{"floor":24,"key":"Toy Ornithopter"},{"floor":27,"key":"Juzu Bracelet"},{"floor":37,"key":"WingedGreaves"},{"floor":39,"key":"CaptainsWheel"},{"floor":41,"key":"Centennial Puzzle"},{"floor":41,"key":"War Paint"},{"floor":43,"key":"MealTicket"},{"floor":52,"key":"PreservedInsect"}],"event_choices":[{"damage_healed":0,"gold_gain":0,"player_choice":"Donut","damage_taken":0,"max_hp_gain":5,"max_hp_loss":0,"event_name":"Big Fish","floor":4,"gold_loss":0},{"damage_healed":0,"gold_gain":0,"player_choice":"Copied","damage_taken":0,"max_hp_gain":0,"max_hp_loss":0,"event_name":"Duplicator","floor":20,"gold_loss":0,"cards_obtained":["champ:SteelEdge"]},{"damage_healed":0,"gold_gain":0,"player_choice":"Ignored","damage_taken":0,"max_hp_gain":0,"max_hp_loss":0,"event_name":"Ghosts","floor":30,"gold_loss":0},{"damage_healed":0,"gold_gain":0,"player_choice":"Got Potions","damage_taken":0,"max_hp_gain":0,"max_hp_loss":0,"event_name":"Lab","floor":36,"gold_loss":0},{"damage_healed":0,"gold_gain":0,"player_choice":"Fight","damage_taken":0,"max_hp_gain":0,"max_hp_loss":0,"event_name":"Mysterious Sphere","floor":37,"gold_loss":0},{"cards_removed":["champ:Defend"],"damage_healed":0,"gold_gain":0,"player_choice":"Removed Skill","damage_taken":0,"max_hp_gain":0,"max_hp_loss":0,"event_name":"Falling","floor":38,"gold_loss":0},{"damage_healed":0,"gold_gain":0,"player_choice":"Upgraded","damage_taken":0,"max_hp_gain":0,"max_hp_loss":0,"event_name":"Upgrade Shrine","floor":47,"gold_loss":0,"cards_upgraded":["champ:Lariat"]}],"is_beta":false,"boss_relics":[{"not_picked":["Coffee Dripper","Pandora\u0027s Box"],"picked":"Sozu"},{"not_picked":["Velvet Choker","SacredBark"],"picked":"Astrolabe"}],"items_purged_floors":[],"is_endless":false,"potions_floor_spawned":[10,12,13,14,19,21,26,48,49],"ascension_level":0}}