{"host":"8a3g9edf69u3epoz","time":1608026733,"event":{"mods":["BaseMod","Minty Spire (QoL Compilation)","MostiFishMod","Relic Stats","Remilia（蕾米莉亚）","StSLib","TestMod","UnlockEverythingMod","WarShipGirlsR/战舰少女R mod"],"gold_per_floor":[116,128,146,71,88,114,114],"floor_reached":6,"playtime":227,"items_purged":["Strike_G"],"score":96,"play_id":"422e86cb-68b7-48a8-b44b-89d0d7756158","local_time":"20201215180533","is_ascension_mode":true,"campfire_choices":[],"circlet_count":0,"master_deck":["AscendersBane","Strike_G","Strike_G","Strike_G","Strike_G","Defend_G","Defend_G","Defend_G","Defend_G","Defend_G","Survivor","Neutralize","HalloweenModTrick","HalloweenModGhostCostume","HalloweenModCandy","HalloweenModTrick"],"relics":["Ring of the Snake","DaveBox","testmod-TestBox","HalloweenModHalloween","Blue Candle","BrkXgEgg","NeowsBlessing","Question Card","testmod-Acrobat"],"acts_visited":["Exordium"],"potions_floor_usage":[],"damage_taken":[{"damage":0,"enemies":"2 Louse","floor":1,"turns":1},{"damage":0,"enemies":"Cultist","floor":2,"turns":1},{"damage":0,"enemies":"Small Slimes","floor":3,"turns":1},{"damage":1,"enemies":"2 Fungi Beasts","floor":5,"turns":3},{"damage":24,"enemies":"Lagavulin","floor":6,"turns":5}],"seed_played":"-5691164836355033692","potions_obtained":[{"floor":1,"key":"AttackPotion"},{"floor":3,"key":"FearPotion"}],"is_trial":false,"path_per_floor":["M","M","M","$","M","E"],"character_chosen":"THE_SILENT","items_purchased":[],"campfire_rested":0,"item_purchase_floors":[],"current_hp_per_floor":[59,59,59,59,62,42,42],"gold":114,"neow_bonus":"THREE_ENEMY_KILL","is_daily":false,"chose_seed":false,"campfire_upgraded":0,"win_rate":0.0,"timestamp":1608026733,"path_taken":["M","M","M","$","M","E"],"items_purchased_type":[],"build_version":"2020-12-13","purchased_purges":1,"victory":false,"max_hp_per_floor":[66,66,66,66,66,66,66],"relic_stats":{"counters":[5,11],"Blue Candle":[1],"Question Card":9735,"obtain_stats":[{"testmod-TestBox":0,"DaveBox":0,"NeowsBlessing":0,"Blue Candle":0,"testmod-Acrobat":6,"HalloweenModHalloween":0,"BrkXgEgg":0,"Question Card":1,"Ring of the Snake":0},{"testmod-TestBox":0,"DaveBox":0,"NeowsBlessing":0,"Blue Candle":0,"testmod-Acrobat":5,"HalloweenModHalloween":0,"BrkXgEgg":0,"Question Card":1,"Ring of the Snake":0},{"testmod-TestBox":0,"DaveBox":0,"NeowsBlessing":0,"Blue Candle":0,"testmod-Acrobat":11,"HalloweenModHalloween":0,"BrkXgEgg":0,"Question Card":1,"Ring of the Snake":0}],"Ring of the Snake":[10]},"card_choices":[{"not_picked":["HalloweenModCandy","HalloweenModGhostCostume"],"picked":"HalloweenModTrick","floor":1},{"not_picked":["HalloweenModTrick","HalloweenModGhostCostume","HalloweenModCandy"],"picked":"HalloweenModGhostCostume","floor":2},{"not_picked":["HalloweenModCandy","HalloweenModTrick","HalloweenModGhostCostume"],"picked":"HalloweenModCandy","floor":3},{"not_picked":["HalloweenModGhostCostume","HalloweenModCandy","HalloweenModGhostCostume"],"picked":"HalloweenModTrick","floor":5}],"player_experience":74609,"relics_obtained":[{"floor":1,"key":"Question Card"},{"floor":6,"key":"testmod-Acrobat"}],"event_choices":[],"is_beta":false,"boss_relics":[],"items_purged_floors":[4],"is_endless":false,"potions_floor_spawned":[1,3],"killed_by":"Lagavulin","ascension_level":20}}