{"host":"rxlazyja0fsq2vfk","time":1608009457,"event":{"mods":["2.2 Compatiblity","AchievementEnabler","Act Like it!","BaseMod","Bestiary","Better Match","Better Sensory Stone","Better Skull","Better Third Choice","BetterRewards","Colored Map","Colored Powertips","Defuse TimeMaze Blight","Disable Question Mark Monsters","Downfall","GifTheSpireLib","Jedi Mod","Minty Spire (QoL Compilation)","Permanent Neow","Quick Restart","Random Character Button","Random Character Mod","Relic Sorter","Shop Mod","StSLib","Transform Curses","Unknown Chances","egg","everything is the same but u backflip on backflip"],"gold_per_floor":[99,116,132,42,55,80,80,80,108,33,33,33,483,483,503,598,598,598,618,629,135,164,364,364,382,382,416,431,451,345,365,383,478,478,478,495,526,451,451,54,54,54,87,12,31,31,31,41,61,61,61,88,49,49,49,49],"floor_reached":55,"playtime":3834,"items_purged":["Slimebound:Icky","hexamod:Strike","hexamod:Strike"],"score":916,"play_id":"d3d3863f-60eb-47c0-8383-4e6e94a625a5","local_time":"20201215001737","is_ascension_mode":true,"campfire_choices":[{"data":"expansioncontent:QuickStudy","floor":1,"key":"SMITH"},{"data":"hexamod:RainOfEmbers","floor":8,"key":"SMITH"},{"data":"hexamod:Float","floor":10,"key":"SMITH"},{"data":"hexamod:HeatShield","floor":18,"key":"SMITH"},{"data":"hexamod:EmpoweredFlame","floor":26,"key":"SMITH"},{"floor":35,"key":"RECALL"},{"data":"hexamod:VolcanoVisage","floor":38,"key":"SMITH"},{"data":"hexamod:Haunt","floor":42,"key":"SMITH"},{"data":"hexamod:Sear","floor":44,"key":"SMITH"},{"data":"hexamod:HeatMetal","floor":54,"key":"SMITH"}],"circlet_count":0,"master_deck":["hexamod:Strike","hexamod:Defend","hexamod:Defend","hexamod:Defend","hexamod:Sear+1","hexamod:Float+1","expansioncontent:QuickStudy+1","hexamod:SwordOfDarkness","hexamod:Haunt+1","hexamod:RainOfEmbers+1","hexamod:HeatShield+1","hexamod:ShieldOfDarkness+1","hexamod:GhostflameInferno+1","hexamod:BurningTouch+1","hexamod:FlamesFromBeyond+1","hexamod:EmpoweredFlame+1","hexamod:PowerFromBeyond+1","Jack Of All Trades+1","hexamod:VolcanoVisage+1","hexamod:GhostflameBarrier+1","hexamod:HeatMetal+1"],"relics":["hexamod:SpiritBrand","Calipers","Matryoshka","Omamori","downfall:HeartBlessingGreen","jedi:crownofsimplicity","Toxic Egg 2","Empty Cage","Anchor","Nunchaku","Torii","Potion Belt","Shuriken","Bag of Marbles","jedi:fakemustache","Busted Crown","Ornamental Fan","downfall:HeartBlessingRed","hexamod:InflammatoryLetter","Toolbox","Happy Flower","downfall:HeartBlessingBlue","Bronze Scales"],"acts_visited":["Exordium","TheCity","TheBeyond","TheEnding"],"potions_floor_usage":[30,37,37,55,55,55,55,55,55],"damage_taken":[{"damage":1,"enemies":"Jaw Worm","floor":2,"turns":3},{"damage":0,"enemies":"Small Slimes","floor":3,"turns":2},{"damage":0,"enemies":"downfall:FleeingMerchant","floor":4,"turns":4},{"damage":0,"enemies":"2 Louse","floor":5,"turns":2},{"damage":6,"enemies":"3 Sentries","floor":6,"turns":6},{"damage":0,"enemies":"Lagavulin","floor":9,"turns":5},{"damage":0,"enemies":"Large Slime","floor":15,"turns":3},{"damage":26,"enemies":"downfall:Defect","floor":16,"turns":7},{"damage":7,"enemies":"Shell Parasite","floor":19,"turns":4},{"damage":0,"enemies":"Chosen","floor":20,"turns":4},{"damage":0,"enemies":"downfall:FleeingMerchant","floor":21,"turns":4},{"damage":16,"enemies":"Slavers","floor":22,"turns":6},{"damage":9,"enemies":"Centurion and Healer","floor":25,"turns":6},{"damage":28,"enemies":"Gremlin Leader","floor":27,"turns":5},{"damage":0,"enemies":"Shelled Parasite and Fungi","floor":28,"turns":4},{"damage":0,"enemies":"Snecko","floor":29,"turns":3},{"damage":1,"enemies":"downfall:FleeingMerchant","floor":30,"turns":4},{"damage":12,"enemies":"3 Cultists","floor":31,"turns":3},{"damage":1,"enemies":"Centurion and Healer","floor":32,"turns":4},{"damage":1,"enemies":"downfall:Ironclad","floor":33,"turns":10},{"damage":7,"enemies":"3 Darklings","floor":36,"turns":3},{"damage":14,"enemies":"Reptomancer","floor":37,"turns":6},{"damage":15,"enemies":"Nemesis","floor":43,"turns":5},{"damage":0,"enemies":"3 Shapes","floor":45,"turns":1},{"damage":14,"enemies":"Maw","floor":48,"turns":5},{"damage":1,"enemies":"Spire Growth","floor":49,"turns":3},{"damage":22,"enemies":"downfall:Silent","floor":50,"turns":12},{"damage":4,"enemies":"downfall:CharBossMerchant","floor":52,"turns":7},{"damage":87,"enemies":"downfall:NeowBoss","floor":55,"turns":24}],"seed_played":"-7434825870801209742","potions_obtained":[{"floor":2,"key":"DistilledChaos"},{"floor":5,"key":"Strength Potion"},{"floor":9,"key":"jedi:StrikingPotion"},{"floor":16,"key":"Slimebound:ThreeZeroPotion"},{"floor":27,"key":"sneckomod:MuddlingPotion"},{"floor":31,"key":"Energy Potion"},{"floor":36,"key":"jedi:wingpotion"},{"floor":37,"key":"LiquidMemories"},{"floor":45,"key":"BlessingOfTheForge"},{"floor":52,"key":"Swift Potion"}],"is_trial":false,"path_per_floor":["R","M","M","$","M","E","T","R","E","R","?","?","?","T","M","B",null,"R","M","M","$","E","?","T","M","R","E","M","M","$","M","M","B",null,"R","M","E","R","?","$","T","R","E","R","M","?","?","M","M","B",null,"E","$","R","B"],"character_chosen":"THE_SPIRIT","items_purchased":["Anchor","hexamod:EmpoweredFlame","Nunchaku","jedi:fakemustache","EssenceOfSteel","Jack Of All Trades+1","hexamod:InflammatoryLetter","Toolbox","hexamod:HeatMetal"],"campfire_rested":0,"item_purchase_floors":[21,21,21,30,30,30,40,40,53],"current_hp_per_floor":[70,69,69,69,69,63,63,63,63,63,63,68,68,68,68,49,75,75,68,68,68,52,52,52,50,50,22,22,29,53,48,54,60,75,75,68,61,61,53,63,63,63,71,81,81,81,81,67,66,44,85,81,85,85,0,0],"gold":49,"neow_bonus":"RANDOM_COLORLESS_2","is_daily":false,"chose_seed":false,"campfire_upgraded":9,"win_rate":0.0,"timestamp":1608009457,"path_taken":["R","M","M","$","M","E","T","R","E","R","?","?","?","?","M","BOSS","R","M","M","$","E","?","T","M","R","E","M","M","$","?","M","BOSS","R","M","E","R","?","$","T","R","E","R","?","?","?","M","M","BOSS","E","$","R","BOSS"],"items_purchased_type":["Relic","Card","Relic","Relic","Potion","Card","Relic","Relic","Card"],"build_version":"2020-12-13","purchased_purges":3,"victory":false,"max_hp_per_floor":[70,70,70,70,70,70,70,70,70,70,70,75,75,75,75,75,75,75,75,75,75,75,75,75,75,75,75,75,75,75,75,75,75,75,75,75,75,75,75,75,75,75,75,85,85,85,85,85,85,85,85,85,85,85,85,85],"card_choices":[{"not_picked":["expansioncontent:StudyTheSpire","Violence"],"picked":"expansioncontent:QuickStudy","floor":0},{"not_picked":["hexamod:GhostLash","hexamod:Firestarter"],"picked":"hexamod:SwordOfDarkness","floor":2},{"not_picked":["hexamod:ThermalTransfer","hexamod:GhostShield"],"picked":"hexamod:Haunt","floor":3},{"not_picked":["hexamod:NightmareStrike","hexamod:CatchUp"],"picked":"hexamod:RainOfEmbers","floor":4},{"not_picked":["hexamod:NecessarySacrifice","hexamod:Rewind"],"picked":"hexamod:HeatShield","floor":5},{"not_picked":["hexamod:SoulSteal","hexamod:RainOfEmbers"],"picked":"hexamod:ShieldOfDarkness","floor":6},{"not_picked":["hexamod:GhostflameBarrier","hexamod:ApocalypticArmor"],"picked":"hexamod:FirstSeal","floor":9},{"not_picked":["hexamod:SwordOfDarkness","hexamod:NightmareStrike","hexamod:Firestarter"],"picked":"SKIP","floor":15},{"not_picked":["hexamod:Toasty","hexamod:ApocalypseNow+1"],"picked":"hexamod:GhostflameInferno+1","floor":16},{"not_picked":["hexamod:PhantomFireball","hexamod:Firestarter"],"picked":"hexamod:BurningTouch+1","floor":19},{"not_picked":["hexamod:Firestarter","hexamod:HauntingEcho","hexamod:NightmareGuise+1"],"picked":"SKIP","floor":20},{"not_picked":["hexamod:Firestarter","hexamod:HauntingEcho","hexamod:NightmareGuise+1"],"picked":"SKIP","floor":20},{"not_picked":["hexamod:DynamicBlow","hexamod:GhostLash+1"],"picked":"hexamod:FlamesFromBeyond+1","floor":21},{"not_picked":["hexamod:NecessarySacrifice+1","hexamod:ApocalypticArmor","hexamod:SpectersWail"],"picked":"SKIP","floor":22},{"not_picked":["hexamod:SpectersWail","hexamod:BacktrackSmack","hexamod:SoulSteal+1"],"picked":"SKIP","floor":25},{"not_picked":["hexamod:PhantomCloak","hexamod:ExtraCrispy"],"picked":"hexamod:PowerFromBeyond+1","floor":27},{"not_picked":["hexamod:SwordOfDarkness","hexamod:EtherealExpedition+1","hexamod:RecurringNightmare+1"],"picked":"SKIP","floor":28},{"not_picked":["hexamod:SoulSteal+1","hexamod:HeatShield+1","hexamod:ThermalTransfer"],"picked":"SKIP","floor":29},{"not_picked":["hexamod:BurningTouch+1","hexamod:NightmareGuise+1","hexamod:GhostShield+1"],"picked":"SKIP","floor":30},{"not_picked":["hexamod:NightmareStrike","hexamod:CatchUp+1","hexamod:SpectersWail"],"picked":"SKIP","floor":31},{"not_picked":["hexamod:GhostShield+1","hexamod:PowerFromBeyond+1","hexamod:NightmareGuise+1"],"picked":"SKIP","floor":32},{"not_picked":["hexamod:GiftsFromTheDead","hexamod:SixthSeal"],"picked":"hexamod:VolcanoVisage","floor":33},{"not_picked":["hexamod:RainOfEmbers"],"picked":"SKIP","floor":36},{"not_picked":["hexamod:SpectersWail+1"],"picked":"SKIP","floor":37},{"not_picked":["hexamod:ThirdSeal"],"picked":"SKIP","floor":43},{"not_picked":["hexamod:GhostflameBarrier+1"],"picked":"SKIP","floor":45},{"not_picked":[],"picked":"hexamod:GhostflameBarrier+1","floor":45},{"not_picked":["hexamod:AdvancingGuard+1"],"picked":"SKIP","floor":48},{"not_picked":["hexamod:GhostLash"],"picked":"SKIP","floor":49},{"not_picked":["hexamod:Rewind+1"],"picked":"SKIP","floor":52}],"player_experience":567464,"relics_obtained":[{"floor":6,"key":"Calipers"},{"floor":7,"key":"Matryoshka"},{"floor":9,"key":"Omamori"},{"floor":14,"key":"jedi:crownofsimplicity"},{"floor":14,"key":"Toxic Egg 2"},{"floor":22,"key":"Torii"},{"floor":24,"key":"Potion Belt"},{"floor":24,"key":"Shuriken"},{"floor":27,"key":"Bag of Marbles"},{"floor":37,"key":"Ornamental Fan"},{"floor":43,"key":"Happy Flower"},{"floor":52,"key":"Bronze Scales"}],"event_choices":[{"damage_healed":0,"gold_gain":0,"player_choice":"Donut","damage_taken":0,"max_hp_gain":5,"max_hp_loss":0,"event_name":"Big Fish","floor":12,"gold_loss":0},{"cards_removed":["hexamod:FirstSeal"],"damage_healed":0,"gold_gain":0,"player_choice":"Purged","damage_taken":0,"max_hp_gain":0,"max_hp_loss":0,"event_name":"Purifier","floor":47,"gold_loss":0}],"is_beta":false,"boss_relics":[{"not_picked":["jedi:battlestandard","Tiny House"],"picked":"Empty Cage"},{"not_picked":["Runic Pyramid","Runic Dome"],"picked":"Busted Crown"}],"items_purged_floors":[4,21,30],"is_endless":false,"potions_floor_spawned":[2,5,9,15,16,20,22,27,31,36,37,45,52],"killed_by":"downfall:NeowBoss","ascension_level":1}}