{"host":"4amcrcg6ktw8dbzk","time":1608024549,"event":{"mods":["BaseMod","Dota2Spire","Minty Spire (QoL Compilation)","MostiFishMod","Robot Space Explorer","Spicy Shops","StSLib","Waifu the Spire"],"gold_per_floor":[112,112,128,188,188,214,214,243,270,1,18,18,44,69,69,165,165,185,3,3,23,34,65,65,65,142,174,174,174,186,205,205,303,303,321,67,67,78,92,125,125,153,153,178,191,241,274,121,121,121,121,121,61,89,89],"floor_reached":56,"playtime":2914,"items_purged":["Strike_B","Strike_B","Strike_B","Writhe"],"score":2195,"play_id":"1a6e3b0d-9ef9-4f8d-b8a1-9a9044f3b626","local_time":"20201215172909","is_ascension_mode":true,"campfire_choices":[{"floor":12.0,"key":"RECALL"},{"data":"MostiFishMod:SephirahHod","floor":15.0,"key":"SMITH"},{"floor":24.0,"key":"REST"},{"floor":32.0,"key":"REST"},{"floor":41.0,"key":"REST"},{"floor":49.0,"key":"REST"},{"floor":52.0,"key":"REST"}],"circlet_count":0,"master_deck":["AscendersBane","Defend_B","Defend_B","Defend_B","Defend_B","Zap","Dualcast","MostiFishMod:SephirahHod+1","MostiFishMod:GatherIntelligence+1","Gash","Melter","Tempest","Sweeping Beam","Recycle","Skim","MostiFishMod:STOP","Beam Cell","MostiFishMod:Prepare","Fusion","Hologram+1","Reboot","Skim","Gash","Scrape","Fusion","Redo","Coolheaded","MostiFishMod:Prepare","Skim","Defragment","Conserve Battery"],"relics":["Cracked Core","DaveBox","MostiFishMod:Hod","Question Card","Dota2Spire:PowerTreads","Dota2Spire:MaskOfMadness","MealTicket","Membership Card","Bird Faced Urn","Odd Mushroom","Nunchaku","ImportantClient","Fusion Hammer","Question Card","Meat on the Bone","MutagenicStrength","Dota2Spire:MonkeyKingBar","DataDisk","Dota2Spire:UrnOfShadows","GuanYuAspect","Chemical X","Dota2Spire:Dagon","War Paint","Dota2Spire:Satanic","FossilizedHelix","SynthV:C4","OrangePellets","Potion Belt","Boot","Pen Nib"],"acts_visited":["Exordium","TheCity","TheBeyond","TheEnding"],"potions_floor_usage":[],"damage_taken":[{"damage":0.0,"enemies":"Small Slimes","floor":1.0,"turns":2.0},{"damage":0.0,"enemies":"2 Louse","floor":3.0,"turns":1.0},{"damage":8.0,"enemies":"3 Sentries","floor":6.0,"turns":8.0},{"damage":12.0,"enemies":"Gremlin Nob","floor":8.0,"turns":3.0},{"damage":0.0,"enemies":"Cultist","floor":11.0,"turns":2.0},{"damage":0.0,"enemies":"The Mushroom Lair","floor":13.0,"turns":3.0},{"damage":5.0,"enemies":"3 Sentries","floor":14.0,"turns":4.0},{"damage":22.0,"enemies":"Hexaghost","floor":16.0,"turns":5.0},{"damage":0.0,"enemies":"Spheric Guardian","floor":18.0,"turns":1.0},{"damage":0.0,"enemies":"3 Byrds","floor":21.0,"turns":2.0},{"damage":0.0,"enemies":"Cultist and Chosen","floor":22.0,"turns":2.0},{"damage":10.0,"enemies":"Slavers","floor":23.0,"turns":3.0},{"damage":0.0,"enemies":"Gremlin Leader","floor":27.0,"turns":2.0},{"damage":0.0,"enemies":"Centurion and Healer","floor":30.0,"turns":2.0},{"damage":8.0,"enemies":"Snake Plant","floor":31.0,"turns":2.0},{"damage":18.0,"enemies":"Champ","floor":33.0,"turns":4.0},{"damage":0.0,"enemies":"Orb Walker","floor":35.0,"turns":1.0},{"damage":11.0,"enemies":"3 Shapes","floor":38.0,"turns":2.0},{"damage":0.0,"enemies":"3 Darklings","floor":39.0,"turns":2.0},{"damage":28.0,"enemies":"Reptomancer","floor":40.0,"turns":3.0},{"damage":0.0,"enemies":"Giant Head","floor":42.0,"turns":3.0},{"damage":5.0,"enemies":"Nemesis","floor":44.0,"turns":3.0},{"damage":0.0,"enemies":"Spire Growth","floor":45.0,"turns":2.0},{"damage":0.0,"enemies":"2 Orb Walkers","floor":46.0,"turns":2.0},{"damage":0.0,"enemies":"Reptomancer","floor":47.0,"turns":2.0},{"damage":0.0,"enemies":"Awakened One","floor":50.0,"turns":3.0},{"damage":0.0,"enemies":"Shield and Spear","floor":54.0,"turns":1.0},{"damage":33,"enemies":"The Heart","floor":55,"turns":5}],"seed_played":"4243165284077252364","potions_obtained":[{"floor":6.0,"key":"Energy Potion"},{"floor":8.0,"key":"SpeedPotion"},{"floor":14.0,"key":"Dota2Spire:HealingSalve"}],"is_trial":false,"path_per_floor":["M","?","M","?","?","E","?","E","T","$","M","R","?","E","R","B",null,"M","$","?","M","M","E","R","?","T","E","?","?","M","M","R","B",null,"M","$","?","M","M","E","R","E","T","E","M","?","E","$","R","B",null,"R","$","E","B",null],"character_chosen":"DEFECT","items_purchased":["Membership Card","Bird Faced Urn","Question Card","Chemical X","Gash","OrangePellets","Potion Belt","Skim","Boot","Defragment"],"campfire_rested":5,"item_purchase_floors":[10,10,19,36,36,48,48,48,53,53],"current_hp_per_floor":[68,68,68,68,68,60,60,48,48,63,63,63,63,58,58,36,65,65,75,75,75,75,65,75,75,75,75,75,75,75,67,75,57,38,38,38,38,36,38,21,27,38,38,38,38,38,38,38,38,38,38,38,38,38,38],"gold":89,"neow_bonus":"ONE_RANDOM_RARE_CARD","is_daily":false,"chose_seed":false,"campfire_upgraded":1,"win_rate":0.0,"timestamp":1608024549,"path_taken":["M","?","M","?","?","E","?","E","T","$","?","R","?","E","R","BOSS","M","$","?","M","M","E","R","?","T","E","?","?","M","M","R","BOSS","M","$","?","?","M","E","R","E","T","E","M","?","E","$","R","BOSS","R","$","E","BOSS"],"items_purchased_type":["Relic","Relic","Relic","Relic","Card","Relic","Relic","Card","Relic","Card"],"build_version":"2020-12-13","purchased_purges":4,"victory":true,"max_hp_per_floor":[75,75,75,75,75,75,75,75,75,75,75,75,75,75,75,75,75,75,75,75,75,75,75,75,75,75,75,75,75,75,75,75,75,38,38,38,38,38,38,38,38,38,38,38,38,38,38,38,38,38,38,38,38,38,38],"card_choices":[{"not_picked":["Rebound","Hello World"],"picked":"Gash","floor":1.0},{"not_picked":["Streamline","Conserve Battery","Lockon"],"picked":"Melter","floor":3.0},{"not_picked":["Steam","Hologram","Barrage"],"picked":"Tempest","floor":6.0},{"not_picked":["Barrage","MostiFishMod:Hijack","MostiFishMod:LinkProtocol"],"picked":"Sweeping Beam","floor":8.0},{"not_picked":["Redo","Sweeping Beam","Turbo"],"picked":"Recycle","floor":11.0},{"not_picked":["Chaos","Gash","Redo"],"picked":"Skim","floor":13.0},{"not_picked":["Conserve Battery","Sweeping Beam","BootSequence","Cold Snap"],"picked":"SKIP","floor":14.0},{"not_picked":["MostiFishMod:IceShield","MostiFishMod:IntelligentEquipment","Thunder Strike"],"picked":"MostiFishMod:STOP","floor":16.0},{"not_picked":["Undo","Steam","Stack"],"picked":"Beam Cell","floor":18.0},{"not_picked":["Barrage","Turbo","Sweeping Beam","Ball Lightning","Rip and Tear"],"picked":"SKIP","floor":21.0},{"not_picked":["Streamline","Beam Cell","Hologram","Turbo"],"picked":"MostiFishMod:Prepare","floor":22.0},{"not_picked":["Melter+1","Force Field","Reprogram","MostiFishMod:Nova","Heatsinks"],"picked":"SKIP","floor":23.0},{"not_picked":["Lockon","Go for the Eyes","Rebound","Rip and Tear","Cold Snap"],"picked":"SKIP","floor":27.0},{"not_picked":["Darkness","Redo","Rebound","Streamline"],"picked":"Fusion","floor":30.0},{"not_picked":["Leap","Go for the Eyes","Streamline","Reprogram"],"picked":"Hologram","floor":31.0},{"not_picked":["Echo Form","MostiFishMod:LinkProtocol","Rainbow","Hyperbeam"],"picked":"Reboot","floor":33.0},{"not_picked":["Static Discharge","White Noise+1","Go for the Eyes","Rebound"],"picked":"Skim","floor":35.0},{"not_picked":["Go for the Eyes","Turbo+1","Redo","Double Energy+1"],"picked":"Fusion","floor":38.0},{"not_picked":["Rebound","Beam Cell+1","Defragment","Cold Snap+1"],"picked":"Redo","floor":39.0},{"not_picked":["Turbo","Ball Lightning","Streamline","Loop","Rebound"],"picked":"SKIP","floor":40.0},{"not_picked":["Blizzard+1","Loop","Creative AI","BootSequence+1","Beam Cell"],"picked":"SKIP","floor":42.0},{"not_picked":["Go for the Eyes","Cold Snap","Sweeping Beam","Beam Cell+1"],"picked":"Coolheaded","floor":44.0},{"not_picked":["Gash","Conserve Battery","Go for the Eyes","Recycle","Redo"],"picked":"SKIP","floor":45.0},{"not_picked":["Turbo","Genetic Algorithm+1","Loop","Capacitor"],"picked":"MostiFishMod:Prepare","floor":47.0},{"not_picked":["Static Discharge","Compile Driver","Leap","Turbo+1"],"picked":"Conserve Battery","floor":54.0}],"player_experience":252940,"relics_obtained":[{"floor":1.0,"key":"Question Card"},{"floor":6.0,"key":"Dota2Spire:PowerTreads"},{"floor":8.0,"key":"Dota2Spire:MaskOfMadness"},{"floor":9.0,"key":"MealTicket"},{"floor":13.0,"key":"Odd Mushroom"},{"floor":14.0,"key":"Nunchaku"},{"floor":16.0,"key":"ImportantClient"},{"floor":23.0,"key":"Meat on the Bone"},{"floor":26.0,"key":"Dota2Spire:MonkeyKingBar"},{"floor":27.0,"key":"DataDisk"},{"floor":40.0,"key":"Dota2Spire:Dagon"},{"floor":42.0,"key":"War Paint"},{"floor":44.0,"key":"Dota2Spire:Satanic"},{"floor":46.0,"key":"FossilizedHelix"},{"floor":47.0,"key":"SynthV:C4"},{"floor":54.0,"key":"Pen Nib"}],"event_choices":[{"damage_healed":0.0,"max_hp_gain":0.0,"max_hp_loss":0.0,"gold_gain":0.0,"event_name":"Shining Light","player_choice":"Ignored","floor":2.0,"gold_loss":0.0,"damage_taken":0.0},{"damage_healed":0.0,"max_hp_gain":0.0,"max_hp_loss":0.0,"gold_gain":60.0,"event_name":"Golden Wing","player_choice":"Gained Gold","floor":4.0,"gold_loss":0.0,"damage_taken":0.0},{"cards_removed":["Strike_B"],"damage_healed":0.0,"max_hp_gain":0.0,"max_hp_loss":0.0,"gold_gain":0.0,"event_name":"Living Wall","player_choice":"Forget","floor":5.0,"gold_loss":0.0,"damage_taken":0.0},{"damage_healed":0.0,"max_hp_gain":0.0,"max_hp_loss":0.0,"gold_gain":0.0,"event_name":"The Woman in Blue","player_choice":"Bought 0 Potions","floor":7.0,"gold_loss":0.0,"damage_taken":0.0},{"damage_healed":0.0,"max_hp_gain":0.0,"max_hp_loss":0.0,"gold_gain":0.0,"event_name":"Mushrooms","player_choice":"Fought Mushrooms","floor":13.0,"gold_loss":0.0,"damage_taken":0.0},{"damage_healed":0.0,"max_hp_gain":0.0,"max_hp_loss":0.0,"gold_gain":0.0,"event_name":"Drug Dealer","player_choice":"Inject Mutagens","floor":25.0,"gold_loss":0.0,"damage_taken":0.0,"relics_obtained":["MutagenicStrength"]},{"damage_healed":0.0,"max_hp_gain":0.0,"max_hp_loss":0.0,"gold_gain":0.0,"event_name":"Vampires","player_choice":"Ignored","floor":28.0,"gold_loss":0.0,"damage_taken":0.0},{"damage_healed":0.0,"max_hp_gain":0.0,"max_hp_loss":0.0,"gold_gain":0.0,"event_name":"The Mausoleum","player_choice":"Opened","floor":29.0,"gold_loss":0.0,"damage_taken":0.0,"relics_obtained":["Dota2Spire:UrnOfShadows"],"cards_obtained":["Writhe"]},{"damage_healed":0.0,"max_hp_gain":0.0,"max_hp_loss":0.0,"gold_gain":0.0,"event_name":"Match and Keep!","player_choice":"1 cards matched","floor":37.0,"gold_loss":0.0,"damage_taken":0.0,"cards_obtained":["Scrape"]},{"damage_healed":0.0,"max_hp_gain":0.0,"max_hp_loss":0.0,"gold_gain":0.0,"event_name":"Mysterious Sphere","player_choice":"Fight","floor":46.0,"gold_loss":0.0,"damage_taken":0.0}],"is_beta":false,"boss_relics":[{"not_picked":["Transparent","Empty Cage"],"picked":"Fusion Hammer"},{"not_picked":["BirthdayGift-Icosahedron","HaiYi:Twilight"],"picked":"GuanYuAspect"}],"items_purged_floors":[10,19,36,36],"is_endless":false,"potions_floor_spawned":[6,8,14,16,18,27,30,31,38,39,40,45],"ascension_level":12}}