{"host":"5uvzo7moqy5vd63g","time":1608057209,"event":{"mods":["Aspiration","BaseMod","Conspire","Dio Mod","Downfall","Hermit","Hubris","Jedi Mod","Jorbs\u0027s Wanderer Trilogy","Mimic Mod","Minty Spire (QoL Compilation)","Replay The Spire","StSLib","The Animator","Wandering Minibosses"],"gold_per_floor":[117,117,141,158,173,173,188,230,267,267,298,298,298,368,368,464,464,502,552,613,623,636,686,712,562,588,588,622,622,639,707,707,707,707],"floor_reached":33,"playtime":2916,"items_purged":["animator:Strike"],"score":430,"play_id":"96b4126a-f8c3-49f8-82cb-0fbfcb8916ec","local_time":"20201215133329","is_ascension_mode":true,"campfire_choices":[{"data":"animator:ElricEdward","floor":6.0,"key":"SMITH"},{"data":"animator:RoyMustang","floor":10.0,"key":"SMITH"},{"data":"animator:ElricAlphonse","floor":12.0,"key":"SMITH"},{"data":"animator:Pride","floor":15.0,"key":"SMITH"},{"floor":27.0,"key":"REST"},{"floor":29.0,"key":"REST"},{"floor":32.0,"key":"REST"}],"circlet_count":0,"master_deck":["animator:Strike_FullmetalAlchemist","animator:Defend_FullmetalAlchemist","animator:Strike","animator:Strike","animator:Defend","animator:Defend","animator:Defend","animator:ElricEdward+1","animator:ElricAlphonse+1","animator:WinryRockbell","animator:Scar","animator:WinryRockbell","animator:ElricEdward","animator:RoyMustang+1","animator:WinryRockbell","animator:Pride+1","animator:ChaikaTrabant","animator:Gluttony+1","animator:Pride+1","animator:Viivi","animator:MaesHughes","animator:Albedo+1","animator:RoyMustang+1","animator:ElricAlphonse","animator:Pride"],"relics":["animator:LivingPicture","animator:TheMissingPiece","animator:PurgingStone","Bag of Marbles","aspiration:ChemicalBlood","hubris:SlimyHat","SsserpentHead","hubris:Backtick","Golden Egg","Ice Cream","Strawberry","Iron Hammer"],"acts_visited":["Exordium","TheCity"],"potions_floor_usage":[33,33,33],"damage_taken":[{"damage":1.0,"enemies":"2 Louse","floor":1.0,"turns":4.0},{"damage":0.0,"enemies":"Cultist","floor":3.0,"turns":4.0},{"damage":0.0,"enemies":"Small Slimes","floor":4.0,"turns":3.0},{"damage":6.0,"enemies":"Exordium Thugs","floor":5.0,"turns":5.0},{"damage":4.0,"enemies":"Gremlin Gang","floor":7.0,"turns":4.0},{"damage":0.0,"enemies":"Gremlin Nob","floor":8.0,"turns":3.0},{"damage":6.0,"enemies":"3 Louse","floor":9.0,"turns":7.0},{"damage":21.0,"enemies":"3 Sentries","floor":11.0,"turns":5.0},{"damage":6.0,"enemies":"3 Louse","floor":14.0,"turns":3.0},{"damage":9.0,"enemies":"The Guardian","floor":16.0,"turns":8.0},{"damage":20.0,"enemies":"Shell Parasite","floor":18.0,"turns":5.0},{"damage":0.0,"enemies":"Spheric Guardian","floor":20.0,"turns":4.0},{"damage":0.0,"enemies":"Snecko","floor":21.0,"turns":3.0},{"damage":7.0,"enemies":"3 Cultists","floor":22.0,"turns":3.0},{"damage":42.0,"enemies":"animator:HornedBat","floor":24.0,"turns":4.0},{"damage":25.0,"enemies":"Replay:Snechameleon","floor":28.0,"turns":5.0},{"damage":15.0,"enemies":"Cultist and Chosen","floor":30.0,"turns":5.0},{"damage":24.0,"enemies":"Snake Plant","floor":31.0,"turns":5.0},{"damage":44,"enemies":"Champ","floor":33,"turns":11}],"seed_played":"-6925356214841695882","potions_obtained":[{"floor":1.0,"key":"Elixir"},{"floor":2.0,"key":"CultistPotion"},{"floor":2.0,"key":"CultistPotion"},{"floor":2.0,"key":"Languid Potion"},{"floor":4.0,"key":"Adrenaline Potion"},{"floor":11.0,"key":"Languid Potion"},{"floor":18.0,"key":"Elixir"},{"floor":28.0,"key":"Explosive Potion"},{"floor":31.0,"key":"Ancient Potion"}],"is_trial":false,"path_per_floor":["M","?","M","M","M","R","M","E","MIM","R","E","R","?","M","R","B",null,"M","?","M","M","M","?","E","$","T","R","E","R","M","M","R","B"],"character_chosen":"THE_ANIMATOR","items_purchased":["animator:RoyMustang"],"campfire_rested":3,"item_purchase_floors":[25],"current_hp_per_floor":[71,71,71,72,66,66,62,62,56,56,35,35,35,30,30,26,66,46,46,50,50,49,49,11,11,18,44,23,49,38,14,40,0,0],"gold":707,"neow_bonus":"TEN_PERCENT_HP_BONUS","is_daily":false,"chose_seed":false,"campfire_upgraded":4,"win_rate":0.0,"timestamp":1608057209,"path_taken":["M","?","?","M","M","R","M","E","MIM","R","E","R","?","?","R","BOSS","M","?","?","M","M","?","E","$","T","R","E","R","M","?","R","BOSS"],"items_purchased_type":["Card"],"build_version":"2020-12-13","purchased_purges":1,"victory":false,"max_hp_per_floor":[72,72,72,73,73,73,73,73,73,73,73,73,73,74,74,79,79,79,79,79,79,81,81,81,81,88,88,88,88,88,88,88,88,88],"card_choices":[{"not_picked":["animator:Bozes","animator:Rider","animator:Benimaru"],"picked":"SKIP","floor":1.0},{"not_picked":["animator:Gluttony","animator:NarberalGamma"],"picked":"animator:WinryRockbell","floor":3.0},{"not_picked":["animator:Assassin","animator:Sloth"],"picked":"animator:Scar","floor":4.0},{"not_picked":["animator:Sloth","animator:MaesHughes"],"picked":"animator:WinryRockbell","floor":5.0},{"not_picked":["animator:Emonzaemon","animator:Jibril"],"picked":"animator:ElricEdward","floor":7.0},{"not_picked":["animator:Tet","animator:DolaRiku"],"picked":"animator:RoyMustang","floor":8.0},{"not_picked":["animator:ZankiKiguchi","animator:Shuna"],"picked":"animator:WinryRockbell","floor":9.0},{"not_picked":["animator:Nanami","animator:Layla","animator:UneriGinkaku"],"picked":"SKIP","floor":11.0},{"not_picked":["animator:MaesHughes","animator:ElricAlphonse"],"picked":"animator:Pride","floor":14.0},{"not_picked":["animator:Shiro","animator:HigakiRinne"],"picked":"animator:ChaikaTrabant","floor":16.0},{"not_picked":["animator:ElricEdward","animator:Viivi"],"picked":"animator:Gluttony+1","floor":18.0},{"not_picked":["animator:Evileye","animator:FielNirvalen"],"picked":"animator:Viivi","floor":20.0},{"not_picked":["animator:Rider","animator:Millim+1","animator:Konayuki"],"picked":"SKIP","floor":21.0},{"not_picked":["animator:Sloth","animator:ElricEdward"],"picked":"animator:MaesHughes","floor":22.0},{"not_picked":["animator:Cocytus","animator:FielNirvalen"],"picked":"animator:Albedo","floor":24.0},{"not_picked":["animator:Shalltear","animator:Layla"],"picked":"animator:ElricAlphonse","floor":28.0},{"not_picked":["animator:Bozes+1","animator:DolaRiku","animator:Cocytus"],"picked":"SKIP","floor":30.0},{"not_picked":["animator:ElricEdward","animator:Sloth"],"picked":"animator:Pride","floor":31.0}],"player_experience":1325039,"relics_obtained":[{"floor":8.0,"key":"Bag of Marbles"},{"floor":9.0,"key":"aspiration:ChemicalBlood"},{"floor":11.0,"key":"hubris:SlimyHat"},{"floor":24.0,"key":"Ice Cream"},{"floor":26.0,"key":"Strawberry"},{"floor":28.0,"key":"Iron Hammer"}],"event_choices":[{"damage_healed":0.0,"max_hp_gain":0.0,"max_hp_loss":0.0,"gold_gain":0.0,"event_name":"Lab","player_choice":"Got Potions","floor":2.0,"gold_loss":0.0,"damage_taken":0.0},{"damage_healed":0.0,"max_hp_gain":0.0,"max_hp_loss":0.0,"gold_gain":0.0,"event_name":"FaceTrader","player_choice":"Trade","floor":13.0,"gold_loss":0.0,"damage_taken":0.0,"relics_obtained":["SsserpentHead"]},{"damage_healed":0.0,"max_hp_gain":0.0,"max_hp_loss":0.0,"gold_gain":0.0,"event_name":"Duplicator","player_choice":"Copied","floor":19.0,"gold_loss":0.0,"damage_taken":0.0,"cards_obtained":["animator:Pride"]},{"damage_healed":0.0,"max_hp_gain":0.0,"max_hp_loss":0.0,"gold_gain":0.0,"event_name":"N\u0027loth","player_choice":"Ignored","floor":23.0,"gold_loss":0.0,"damage_taken":0.0}],"is_beta":false,"boss_relics":[{"not_picked":["Tiny House","Sozu"],"picked":"hubris:Backtick"}],"items_purged_floors":[25],"is_endless":false,"potions_floor_spawned":[1,3,4,11,14,18,24,28,31],"killed_by":"Champ","ascension_level":5}}