{"host":"sqkk9o2m8hbeeiah","time":1608014733,"event":{"mods":["AchievementEnabler","Astrologer","BaseMod","Better Note","Minty Spire (QoL Compilation)","Permanent Neow","Quick Restart","Replay The Spire","Somnambulant","StSLib","The Construct","Trackpad","Waifu the Spire"],"gold_per_floor":[114,114,114,62,77,107,107,122,147,147,177,192,192,211,211,336,336,355,355,380,418,351,351,389,102,127,256,275,294,294,313,313,438,538,557,407,407,407,445,445,464,483,533,533,552,571,571,590,590,590],"floor_reached":51,"playtime":2626,"items_purged":[],"score":875,"play_id":"e1f6dec0-5786-45ed-b2cb-09addfbfebc1","local_time":"20201215174533","daily_mods":["Cursed Run","Diverse","DeadlyEvents"],"is_ascension_mode":false,"campfire_choices":[{"floor":7.0,"key":"REST"},{"data":"ReplayTheSpireMod:Calculation Training","floor":15.0,"key":"SMITH"},{"floor":23.0,"key":"REST"},{"floor":30.0,"key":"REST"},{"floor":32.0,"key":"REST"},{"floor":40,"key":"REST"},{"floor":44,"key":"REST"},{"floor":49,"key":"REST"}],"circlet_count":0,"master_deck":["Strike_B","Strike_B","Strike_B","Strike_B","Defend_B","Defend_B","Defend_B","Defend_B","Zap+1","Dualcast","construct:SuppressiveFire","ReplayTheSpireMod:Calculation Training+1","ReplayTheSpireMod:Calculation Training","Tempest","construct:ClockworkEgg","astrologer:Still","Cold Snap","BootSequence","Injury","construct:Forcefield","CommonCold","Alpha","Dodge and Roll+1","Injury","somnambulantmod: Cower","Doom and Gloom","Melter+1","Crippling Poison","Looming Evil","CommonCold","construct:Enhance","Ball Lightning+1","Whirlwind","All Out Attack","PiercingWail+1","construct:Versatility","Replay:Hysterical Blindness","Wish","CurseOfTheBell","Thunderclap","Bouncing Flask+1","ReplayTheSpireMod:Strike From Hell+1","Metallicize+1","construct:SiegeForm","construct:BatteryAcid+1","Writhe","CommonCold","Blade Dance+1","ReplayTheSpireMod:Corrosion Curse","FollowUp+1","Spreading Infection","astrologer:CometStrike+1","Perfected Strike+1","Languid"],"relics":["Cursed Key","Darkstone Periapt","Du-Vu Doll","Omamori","Geode","Tiny Chest","Vajra","Golden Idol","Oddly Smooth Stone","Orichalcum","trackpad:DisasterInABottle","trackpad:ByrdCharm","Pen Nib","Replay:Grab Bag","Fusion Hammer","Replay:Wanted Poster","construct:ClawGrip","Calling Bell","Replay:Mystery Machine","Kunai","Torii","Orrery","Bag of Marbles","Question Card","Boot"],"acts_visited":["Exordium","TheCity","TheBeyond"],"potions_floor_usage":[50],"damage_taken":[{"damage":1.0,"enemies":"Cultist","floor":1.0,"turns":4.0},{"damage":0.0,"enemies":"Small Slimes","floor":5.0,"turns":3.0},{"damage":24.0,"enemies":"Gremlin Nob","floor":6.0,"turns":4.0},{"damage":0.0,"enemies":"2 Louse","floor":8.0,"turns":2.0},{"damage":21.0,"enemies":"Lagavulin","floor":11.0,"turns":6.0},{"damage":0.0,"enemies":"Gremlin Gang","floor":12.0,"turns":1.0},{"damage":0.0,"enemies":"2 Fungi Beasts","floor":14.0,"turns":2.0},{"damage":37.0,"enemies":"The Guardian","floor":16.0,"turns":11.0},{"damage":17.0,"enemies":"Shell Parasite","floor":18.0,"turns":7.0},{"damage":9.0,"enemies":"Replay:Snechameleon","floor":21.0,"turns":6.0},{"damage":47.0,"enemies":"Slavers","floor":24.0,"turns":6.0},{"damage":0.0,"enemies":"Spheric Guardian","floor":28.0,"turns":3.0},{"damage":0.0,"enemies":"Shelled Parasite and Fungi","floor":29.0,"turns":3.0},{"damage":0.0,"enemies":"Snecko","floor":31.0,"turns":5.0},{"damage":40.0,"enemies":"Collector","floor":33.0,"turns":8.0},{"damage":0,"enemies":"3 Darklings","floor":35,"turns":4},{"damage":4,"enemies":"R_Hoarder","floor":39,"turns":7},{"damage":0,"enemies":"Orb Walker","floor":41,"turns":2},{"damage":0,"enemies":"Jaw Worm Horde","floor":42,"turns":1},{"damage":0,"enemies":"3 Darklings","floor":45,"turns":4},{"damage":12,"enemies":"Transient","floor":46,"turns":5},{"damage":0,"enemies":"Spire Growth","floor":48,"turns":2},{"damage":45,"enemies":"Replay:Hell Engine","floor":50,"turns":11}],"seed_played":"1880613833527945180","potions_obtained":[{"floor":6.0,"key":"Strength Potion"},{"floor":8.0,"key":"Explosive Potion"},{"floor":11.0,"key":"Explosive Potion"},{"floor":12.0,"key":"Elixir"},{"floor":21.0,"key":"Energy Potion"},{"floor":24.0,"key":"Energy Potion"},{"floor":29.0,"key":"Doom Potion"},{"floor":35,"key":"BlessingOfTheForge"}],"is_trial":false,"path_per_floor":["M","$","?","$","M","E","R","M","T","T","E","M","?","M","R","B",null,"M","?","T","E","$","R","E","$","T","?","M","M","R","M","R","B",null,"M","$","?","T","E","R","M","M","T","R","M","M","?","M","R","B",null],"character_chosen":"DEFECT","items_purchased":["ReplayTheSpireMod:Calculation Training","Doom and Gloom","trackpad:ByrdCharm","Crippling Poison","Orrery"],"campfire_rested":7,"item_purchase_floors":[4,22,25,25,36],"current_hp_per_floor":[74,74,74,74,74,50,72,72,72,72,51,51,57,57,57,26,87,70,54,60,51,51,78,31,31,37,43,43,43,74,74,105,71,117,117,117,123,129,125,129,129,129,135,135,135,123,123,123,135,96],"gold":590,"neow_bonus":"","is_daily":true,"chose_seed":false,"campfire_upgraded":1,"win_rate":0.0,"timestamp":1608014733,"path_taken":["M","?","?","$","M","E","R","?","T","?","?","M","?","M","R","BOSS","M","?","?","?","$","R","E","$","T","?","M","M","R","M","R","BOSS","M","$","?","?","?","R","M","M","T","R","M","M","?","M","R","BOSS"],"items_purchased_type":["Card","Card","Relic","Card","Relic"],"build_version":"2020-12-13","purchased_purges":0,"victory":true,"max_hp_per_floor":[75,75,75,75,75,75,75,75,75,75,75,75,81,81,81,87,87,87,87,93,93,93,93,93,93,99,105,105,105,105,105,105,111,117,117,117,123,129,129,129,129,129,135,135,135,135,135,135,135,141],"card_choices":[{"not_picked":["Pommel Strike","construct:ShiftStrike"],"picked":"construct:SuppressiveFire","floor":1.0},{"not_picked":["astrologer:SpaceDust","astrologer:TheHangedMan"],"picked":"Tempest","floor":5.0},{"not_picked":["construct:Autoturret","somnambulantmod: Overshare"],"picked":"construct:ClockworkEgg","floor":6.0},{"not_picked":["Replay:Anticipation","Evaluate"],"picked":"astrologer:Still","floor":8.0},{"not_picked":["construct:PointDefense","Coolheaded"],"picked":"Cold Snap","floor":11.0},{"not_picked":["construct:Anticipate","Undo"],"picked":"BootSequence","floor":12.0},{"not_picked":["astrologer:Starfield","astrologer:Stardust"],"picked":"construct:Forcefield","floor":14.0},{"not_picked":["Fiend Fire","A Thousand Cuts"],"picked":"Alpha","floor":16.0},{"not_picked":["Replay:BluntJabs+1","Stack"],"picked":"Dodge and Roll+1","floor":18.0},{"not_picked":["Brutality","construct:Overcharge"],"picked":"somnambulantmod: Cower","floor":21.0},{"not_picked":["construct:Dampening","construct:SweepLaser"],"picked":"Melter+1","floor":24.0},{"not_picked":["construct:Analyze+1","astrologer:SolarFlare"],"picked":"construct:Enhance","floor":27.0},{"not_picked":["Underhanded Strike","astrologer:TheMoon+1"],"picked":"Ball Lightning+1","floor":27.0},{"not_picked":["Barrage","astrologer:Eclipse+1"],"picked":"Whirlwind","floor":27.0},{"not_picked":["Rupture","Hologram"],"picked":"All Out Attack","floor":28.0},{"not_picked":["FTL+1","astrologer:SolarFlare"],"picked":"PiercingWail+1","floor":29.0},{"not_picked":["construct:Reinforce","construct:FocusedBeam"],"picked":"construct:Versatility","floor":31.0},{"not_picked":["construct:ShieldGenerator","Biased Cognition"],"picked":"Wish","floor":33.0},{"not_picked":["Headbutt+1","construct:Anticipate+1"],"picked":"Thunderclap","floor":35},{"not_picked":["somnambulantmod: Repression","Bane+1"],"picked":"Bouncing Flask+1","floor":36},{"not_picked":["construct:Versatility+1","somnambulantmod: BrainFeeder+1"],"picked":"ReplayTheSpireMod:Strike From Hell+1","floor":36},{"not_picked":["Expertise","Anger"],"picked":"Metallicize+1","floor":36},{"not_picked":["FlurryOfBlows+1","Fasting2"],"picked":"construct:SiegeForm","floor":36},{"not_picked":["Cloak And Dagger+1","Havoc"],"picked":"construct:BatteryAcid+1","floor":36},{"not_picked":["somnambulantmod: Blink","somnambulantmod: RecurringDream"],"picked":"Blade Dance+1","floor":39},{"not_picked":["somnambulantmod: UnthoughtKnown+1","Blade Dance","astrologer:TheHangedMan+1"],"picked":"ReplayTheSpireMod:Corrosion Curse","floor":41},{"not_picked":["somnambulantmod: Remember+1","Deflect","Dagger Throw+1"],"picked":"FollowUp+1","floor":42},{"not_picked":["somnambulantmod: SleepParalysis","construct:Accumulate+1","construct:Analyze"],"picked":"Capacitor","floor":45},{"not_picked":["Flying Knee+1","astrologer:Conjunction+1","Sweeping Beam"],"picked":"astrologer:CometStrike+1","floor":46},{"not_picked":["Abandon+1","Uppercut","Steam"],"picked":"Perfected Strike+1","floor":48}],"player_experience":788107,"relics_obtained":[{"floor":6.0,"key":"Omamori"},{"floor":9.0,"key":"Geode"},{"floor":10.0,"key":"Tiny Chest"},{"floor":11.0,"key":"Vajra"},{"floor":20.0,"key":"Oddly Smooth Stone"},{"floor":21.0,"key":"Orichalcum"},{"floor":24.0,"key":"trackpad:DisasterInABottle"},{"floor":26.0,"key":"Pen Nib"},{"floor":34.0,"key":"Replay:Mystery Machine"},{"floor":34.0,"key":"Kunai"},{"floor":34.0,"key":"Torii"},{"floor":38,"key":"Bag of Marbles"},{"floor":39,"key":"Question Card"},{"floor":43,"key":"Boot"}],"event_choices":[{"damage_healed":0.0,"max_hp_gain":0.0,"max_hp_loss":0.0,"gold_gain":0.0,"event_name":"Living Wall","player_choice":"Grow","floor":3.0,"gold_loss":0.0,"damage_taken":0.0,"cards_upgraded":["Zap"]},{"damage_healed":0.0,"max_hp_gain":0.0,"max_hp_loss":0.0,"gold_gain":0.0,"event_name":"Golden Idol","player_choice":"Take Wound","floor":13.0,"gold_loss":0.0,"damage_taken":0.0,"relics_obtained":["Golden Idol"],"cards_obtained":["Injury"]},{"damage_healed":0.0,"max_hp_gain":0.0,"max_hp_loss":0.0,"gold_gain":0.0,"event_name":"Cursed Tome","player_choice":"Obtained Book","floor":19.0,"gold_loss":0.0,"damage_taken":16.0},{"damage_healed":29,"gold_gain":0,"player_choice":"Writhe","damage_taken":0,"max_hp_gain":0,"max_hp_loss":0,"event_name":"Winding Halls","floor":37,"gold_loss":0,"cards_obtained":["Writhe"]},{"cards_removed":["Capacitor"],"damage_healed":0,"gold_gain":0,"player_choice":"Removed Power","damage_taken":0,"max_hp_gain":0,"max_hp_loss":0,"event_name":"Falling","floor":47,"gold_loss":0}],"is_beta":false,"boss_relics":[{"not_picked":["ReplayTheSpireMod:DimensionalGlitch","Runic Pyramid","Snecko Heart"]},{"not_picked":["ChewingGum","Coffee Dripper"],"picked":"Replay:Grab Bag"},{"not_picked":["trackpad:Trackpad","Runic Dome"],"picked":"Fusion Hammer"},{"not_picked":["Painkiller Herb","ReplayTheSpireMod:Onyx Gauntlets"],"picked":"Replay:Wanted Poster"},{"not_picked":["Pandora\u0027s Box","Astrolabe"],"picked":"construct:ClawGrip"},{"not_picked":["Replay:Drink Me","trackpad:StolenKidneys"],"picked":"Calling Bell"}],"items_purged_floors":[],"is_endless":false,"potions_floor_spawned":[6,8,11,12,21,24,29,35],"ascension_level":0}}