{"host":"7zb9v22qptw5vuf6","time":1608021795,"event":{"mods":["BaseMod","Luminous","Marisa（F雨　魔理沙）","Minty Spire (QoL Compilation)","Reimu（博丽灵梦）","Replay The Spire","Say the Spire","StSLib","The Jungle","Yuyuko","【东方二次创作】八云紫mod"],"gold_per_floor":[118,131,56,71,36,36,71,71,71,88,88,88,88],"floor_reached":12,"playtime":611,"items_purged":["Strike_Lin:ReiMu"],"score":78,"play_id":"efab918a-b89e-4193-ad6f-54325f87ca3e","local_time":"20201215164315","is_ascension_mode":false,"campfire_choices":[{"data":"KamiRite:ReiMu","floor":6.0,"key":"SMITH"},{"floor":11,"key":"REST"}],"circlet_count":0,"master_deck":["Strike_Lin:ReiMu","Strike_Lin:ReiMu","Strike_Lin:ReiMu","Defend_Lin:ReiMu","Defend_Lin:ReiMu","Defend_Lin:ReiMu","Defend_Lin:ReiMu","NB:ReiMu","Stagnation:ReiMu","RainPray2:ReiMu","KamiRite:ReiMu+1","Intuition:ReiMu","Gathering:ReiMu","FantasyBorder:ReiMu"],"relics":["FlyPower:ReiMu","NeowsBlessing","Bird Faced Urn","Replay:Kaleidoscope"],"acts_visited":["Exordium"],"potions_floor_usage":[12],"damage_taken":[{"damage":0.0,"enemies":"Cultist","floor":1.0,"turns":1.0},{"damage":0.0,"enemies":"2 Louse","floor":2.0,"turns":1.0},{"damage":0.0,"enemies":"Small Slimes","floor":4.0,"turns":1.0},{"damage":17.0,"enemies":"Lagavulin","floor":7.0,"turns":13.0},{"damage":28,"enemies":"Gremlin Gang","floor":10,"turns":7},{"damage":51,"enemies":"Gremlin Nob","floor":12,"turns":7}],"seed_played":"-1360927336265473845","potions_obtained":[{"floor":4.0,"key":"Fruit Juice"},{"floor":10,"key":"Doom Potion"}],"is_trial":false,"path_per_floor":["M","M","$","M","$","R","E","$","T","M","R","E"],"character_chosen":"REIMU","items_purchased":["Gathering:ReiMu"],"campfire_rested":1,"item_purchase_floors":[5],"current_hp_per_floor":[65,65,65,65,65,65,53,53,53,27,48,0,0],"gold":88,"neow_bonus":"THREE_ENEMY_KILL","is_daily":false,"chose_seed":false,"campfire_upgraded":1,"win_rate":0.0,"timestamp":1608021795,"path_taken":["M","M","?","M","$","R","E","$","T","M","R","E"],"items_purchased_type":["Card"],"build_version":"2020-12-13","purchased_purges":1,"victory":false,"max_hp_per_floor":[65,65,65,65,65,65,70,70,70,70,70,70,70],"card_choices":[{"not_picked":["SubAcupoint:ReiMu","Intuition:ReiMu"],"picked":"RainPray2:ReiMu","floor":1.0},{"not_picked":["YinYangSign:ReiMu","SealNeedle:ReiMu"],"picked":"KamiRite:ReiMu","floor":2.0},{"not_picked":["DoubleButterfly:ReiMu","Conquer:ReiMu"],"picked":"Intuition:ReiMu","floor":4.0},{"not_picked":["PrepareRite:ReiMu","TightArray:ReiMu"],"picked":"FantasyBorder:ReiMu","floor":7.0},{"not_picked":["SubAcupoint:ReiMu","AirStrike:ReiMu","SpringWay:ReiMu"],"picked":"SKIP","floor":10}],"player_experience":236727,"relics_obtained":[{"floor":7.0,"key":"Bird Faced Urn"},{"floor":9.0,"key":"Replay:Kaleidoscope"}],"event_choices":[],"is_beta":false,"boss_relics":[],"items_purged_floors":[3],"is_endless":false,"potions_floor_spawned":[4,10],"killed_by":"Gremlin Nob","ascension_level":0}}