{"host":"reretk0dz0kj8f1n","time":1608034657,"event":{"mods":["BaseMod","Colored Map","Lobotomy","Minty Spire (QoL Compilation)","StSLib"],"gold_per_floor":[275,294,294,244,45,84,103,103,103,146,146,146,187,212,212,331,331,344,369,284,359,384,419,419,457,481,522,522,555,92,110,110,231,231,247,580,347,347,347,34,63,63,138,173,173,206,206,237,237,237],"floor_reached":51,"playtime":2655,"items_purged":["Strike_G","Strike_G","Defend_G","Defend_G"],"score":1097,"play_id":"2a2328a8-91d2-4975-978f-6768f90aa2de","local_time":"20201215211737","is_ascension_mode":true,"campfire_choices":[{"data":"Prepared","floor":8,"key":"SMITH"},{"data":"Acrobatics","floor":12,"key":"SMITH"},{"data":"Calculated Gamble","floor":15,"key":"SMITH"},{"data":"Tools of the Trade","floor":24,"key":"SMITH"},{"data":"Setup","floor":28,"key":"SMITH"},{"data":"Prepared","floor":32,"key":"SMITH"},{"data":"A Thousand Cuts","floor":45,"key":"SMITH"},{"data":"Reflex","floor":49,"key":"SMITH"}],"circlet_count":0,"master_deck":["Strike_G+1","Strike_G+1","Defend_G","Defend_G","Defend_G","Survivor","Neutralize","Backflip","Backstab","Footwork","Acrobatics+1","Backstab","OSAHOGD","Prepared+1","Alriune","A Thousand Cuts+1","Escape Plan","Backstab","CherryBlossoms","Calculated Gamble+1","Bloodbath","Tools of the Trade+1","CurseOfTheBell","Well Laid Plans","Escape Plan+1","VoidDream","PiercingWail","Phantasmal Killer","Envenom","Setup+1","BlackSwan","PiercingWail","Setup","Prepared+1","Choke+1","Tools of the Trade","Choke+1","Acrobatics+1","Reflex+1","Concentrate","Madness","Madness","Calculated Gamble+1","After Image","After Image+1","Prepared"],"relics":["Ring of the Snake","CogitoBucket","RabbitCall","Letter Opener","Shuriken","Bag of Preparation","Tingsha","BehaviorAdjustment","Calling Bell","Happy Flower","Kunai","Calipers","Blood Vial","Bronze Scales","Whetstone","Tiny Chest","Girya","Incense Burner","Prayer Wheel","LuminousBracelet","Sozu","MealTicket","Frozen Egg 2","Molten Egg 2","Strawberry","Smiling Mask","Toy Ornithopter"],"acts_visited":["Exordium","TheCity","TheBeyond"],"potions_floor_usage":[48],"damage_taken":[{"damage":0,"enemies":"Jaw Worm","floor":1,"turns":6},{"damage":0,"enemies":"2 Louse","floor":2,"turns":3},{"damage":0,"enemies":"3 Sentries","floor":6,"turns":3},{"damage":0,"enemies":"Small Slimes","floor":7,"turns":3},{"damage":12,"enemies":"Lagavulin","floor":10,"turns":7},{"damage":14,"enemies":"Gremlin Nob","floor":13,"turns":4},{"damage":8,"enemies":"Red Slaver","floor":14,"turns":3},{"damage":4,"enemies":"Slime Boss","floor":16,"turns":4},{"damage":1,"enemies":"Spheric Guardian","floor":18,"turns":1},{"damage":1,"enemies":"2 Thieves","floor":19,"turns":2},{"damage":5,"enemies":"Sentry and Sphere","floor":22,"turns":3},{"damage":12,"enemies":"Book of Stabbing","floor":23,"turns":5},{"damage":14,"enemies":"Slavers","floor":25,"turns":3},{"damage":5,"enemies":"Gremlin Leader","floor":27,"turns":5},{"damage":10,"enemies":"Book of Stabbing","floor":29,"turns":4},{"damage":13,"enemies":"Cultist and Chosen","floor":31,"turns":3},{"damage":16,"enemies":"Automaton","floor":33,"turns":9},{"damage":4,"enemies":"3 Darklings","floor":35,"turns":5},{"damage":17,"enemies":"Giant Head","floor":41,"turns":6},{"damage":18,"enemies":"Nemesis","floor":44,"turns":5},{"damage":13,"enemies":"Giant Head","floor":46,"turns":8},{"damage":43,"enemies":"Nemesis","floor":48,"turns":5},{"damage":16,"enemies":"Awakened One","floor":50,"turns":6}],"seed_played":"-2855634730169724570","potions_obtained":[{"floor":1,"key":"Ancient Potion"},{"floor":10,"key":"AttackPotion"},{"floor":14,"key":"Explosive Potion"},{"floor":16,"key":"PowerPotion"},{"floor":29,"key":"SpeedPotion"}],"is_trial":false,"path_per_floor":["M","M","?","?","$","E","M","R","T","E","?","R","E","M","R","B",null,"M","M","?","?","M","E","R","E","T","E","R","E","$","M","R","B",null,"M","?","$","?","?","$","E","T","T","E","R","E","?","E","R","B",null],"character_chosen":"THE_SILENT","items_purchased":["Footwork","Acrobatics","Setup","Prayer Wheel","Reflex","Concentrate","After Image"],"campfire_rested":0,"item_purchase_floors":[5,5,30,30,37,37,40],"current_hp_per_floor":[70,70,70,70,70,70,70,70,70,58,58,58,44,36,36,32,70,70,70,70,63,62,54,54,44,44,43,43,36,36,43,43,43,85,85,85,85,74,74,74,64,64,64,65,65,59,59,24,24,18],"gold":237,"neow_bonus":"","is_daily":false,"chose_seed":false,"campfire_upgraded":8,"win_rate":0.0,"timestamp":1608034657,"path_taken":["M","M","?","?","$","E","M","R","T","E","?","R","E","?","R","BOSS","M","M","?","?","M","E","R","E","T","E","R","E","$","M","R","BOSS","M","?","$","?","?","$","E","?","T","E","R","E","?","E","R","BOSS"],"items_purchased_type":["Card","Card","Card","Relic","Card","Card","Card"],"build_version":"2020-12-13","purchased_purges":4,"victory":true,"max_hp_per_floor":[70,70,70,70,70,70,70,70,70,70,70,70,70,70,70,70,70,70,70,70,70,70,70,70,70,70,70,70,70,70,85,85,85,85,85,85,85,85,85,85,85,85,85,92,92,92,92,92,92,92],"card_choices":[{"not_picked":["Woodsman","OSAHOGD","UniverseFragment"],"picked":"Singing Bowl","floor":1},{"not_picked":["Masterful Stab","Concentrate"],"picked":"Backflip","floor":1},{"not_picked":["CrumblingArmor","LittlePrince","OSAHOGD"],"picked":"Singing Bowl","floor":2},{"not_picked":["Infinite Blades","Slice"],"picked":"Backstab","floor":2},{"not_picked":["BigBadWolf","VoidDream","Porccubus"],"picked":"Singing Bowl","floor":6},{"not_picked":["Caltrops","Dodge and Roll"],"picked":"Backstab","floor":6},{"not_picked":["Bloodbath","Laetitia","ShyLook"],"picked":"Singing Bowl","floor":7},{"not_picked":["SpiderBud","Bloodbath"],"picked":"OSAHOGD","floor":7},{"not_picked":["Dagger Throw","Poisoned Stab"],"picked":"Prepared","floor":7},{"not_picked":["HeroicMonk","DreamingCurrent","DespairKnight"],"picked":"Singing Bowl","floor":10},{"not_picked":["Scorched","Laetitia"],"picked":"Alriune","floor":10},{"not_picked":["Riddle With Holes","Burst"],"picked":"A Thousand Cuts","floor":10},{"not_picked":["LittleHelper","Mercenary","OldLady"],"picked":"Singing Bowl","floor":13},{"not_picked":["Dagger Spray","Sucker Punch"],"picked":"Backstab","floor":13},{"not_picked":["QueenBee","CrumblingArmor","WhiteNight"],"picked":"Singing Bowl","floor":14},{"not_picked":["FairyFestival","PunishingBird"],"picked":"CherryBlossoms","floor":14},{"not_picked":["Dagger Spray","Backflip"],"picked":"Calculated Gamble","floor":14},{"not_picked":["HeroicMonk","Bloodbath","VoidDream"],"picked":"Singing Bowl","floor":16},{"not_picked":["BodiesMountain","ShyLook"],"picked":"Bloodbath","floor":16},{"not_picked":["Storm of Steel","Burst"],"picked":"Tools of the Trade","floor":16},{"not_picked":["SpiderBud","FairyFestival","FieryBird"],"picked":"Singing Bowl","floor":18},{"not_picked":["Eviscerate","Deflect"],"picked":"Well Laid Plans","floor":18},{"not_picked":["Wellcheers","Scarecrow","Murderer"],"picked":"Singing Bowl","floor":19},{"not_picked":["Dagger Spray+1","Choke"],"picked":"Escape Plan+1","floor":19},{"not_picked":["DespairKnight","PunishingBird","QueenOfHatred"],"picked":"Singing Bowl","floor":22},{"not_picked":["GalaxyChild","PunishingBird"],"picked":"VoidDream","floor":22},{"not_picked":["Bouncing Flask","Dagger Spray"],"picked":"PiercingWail","floor":22},{"not_picked":["MeatLantern","LittlePrince","Wellcheers"],"picked":"Singing Bowl","floor":23},{"not_picked":["Dagger Throw","Quick Slash"],"picked":"Phantasmal Killer","floor":23},{"not_picked":["OldLady","FairyFestival","Scarecrow"],"picked":"Singing Bowl","floor":25},{"not_picked":["Bouncing Flask","Sucker Punch+1"],"picked":"Envenom","floor":25},{"not_picked":["SpiderBud","LongBird","CrumblingArmor"],"picked":"Singing Bowl","floor":27},{"not_picked":["Dash","Outmaneuver"],"picked":"Setup","floor":27},{"not_picked":["DespairKnight","HeroicMonk","SpiderBud"],"picked":"Singing Bowl","floor":29},{"not_picked":["QueenOfHatred","SpiderBud"],"picked":"BlackSwan","floor":29},{"not_picked":["Slice","Bullet Time"],"picked":"PiercingWail","floor":29},{"not_picked":["OldLady","FairyFestival","LongBird"],"picked":"Singing Bowl","floor":31},{"not_picked":["Dagger Throw","Expertise+1"],"picked":"Prepared","floor":31},{"not_picked":["Acrobatics","Slice"],"picked":"Choke+1","floor":31},{"not_picked":["Scorched","Wellcheers","WhitesApple"],"picked":"Singing Bowl","floor":33},{"not_picked":["Wraith Form v2","Phantasmal Killer"],"picked":"Tools of the Trade","floor":33},{"not_picked":["SingingMachine","Woodsman","SilentOrchestra"],"picked":"Singing Bowl","floor":35},{"not_picked":["Dagger Spray+1","Blur"],"picked":"Choke+1","floor":35},{"not_picked":["Deadly Poison","Backflip"],"picked":"Acrobatics+1","floor":35},{"not_picked":["Laetitia","Rudolta","BigBadWolf"],"picked":"Singing Bowl","floor":41},{"not_picked":["Quick Slash","Distraction","Leg Sweep+1"],"picked":"SKIP","floor":41},{"not_picked":["GalaxyChild","WhitesApple","LongBird"],"picked":"Singing Bowl","floor":44},{"not_picked":["Quick Slash+1","Heel Hook+1"],"picked":"After Image+1","floor":44},{"not_picked":["DespairKnight","BlackArmy","DreamingCurrent"],"picked":"Singing Bowl","floor":46},{"not_picked":["Flechettes+1","Underhanded Strike+1","Leg Sweep+1"],"picked":"SKIP","floor":46},{"not_picked":["CENSORED","BigBadWolf","BigBird"],"picked":"Singing Bowl","floor":48},{"not_picked":["PiercingWail+1","Dagger Spray+1"],"picked":"Prepared","floor":48}],"player_experience":226560,"relics_obtained":[{"floor":6,"key":"Letter Opener"},{"floor":9,"key":"Shuriken"},{"floor":10,"key":"Bag of Preparation"},{"floor":13,"key":"Tingsha"},{"floor":17,"key":"Happy Flower"},{"floor":17,"key":"Kunai"},{"floor":17,"key":"Calipers"},{"floor":23,"key":"Bronze Scales"},{"floor":25,"key":"Whetstone"},{"floor":26,"key":"Tiny Chest"},{"floor":27,"key":"Girya"},{"floor":29,"key":"Incense Burner"},{"floor":41,"key":"MealTicket"},{"floor":42,"key":"Frozen Egg 2"},{"floor":43,"key":"Molten Egg 2"},{"floor":44,"key":"Strawberry"},{"floor":46,"key":"Smiling Mask"},{"floor":48,"key":"Toy Ornithopter"}],"event_choices":[{"damage_healed":0,"gold_gain":0,"player_choice":"Take Wound","damage_taken":0,"relics_obtained":["Golden Idol"],"max_hp_gain":0,"max_hp_loss":0,"event_name":"Golden Idol","floor":3,"gold_loss":0,"cards_obtained":["Injury"]},{"cards_removed":["Injury"],"damage_healed":0,"gold_gain":0,"player_choice":"Card Removal","damage_taken":0,"max_hp_gain":0,"max_hp_loss":0,"event_name":"The Cleric","floor":4,"gold_loss":50},{"damage_healed":0,"gold_gain":0,"cards_transformed":["Strike_G"],"player_choice":"Change","damage_taken":0,"max_hp_gain":0,"max_hp_loss":0,"event_name":"Living Wall","floor":11,"gold_loss":0,"cards_obtained":["Escape Plan"]},{"damage_healed":0,"gold_gain":0,"player_choice":"Obtained Relic","damage_taken":0,"relics_obtained":["Blood Vial"],"max_hp_gain":0,"max_hp_loss":0,"event_name":"Addict","floor":20,"gold_loss":85},{"damage_healed":0,"gold_gain":75,"player_choice":"Touch","damage_taken":7,"max_hp_gain":0,"max_hp_loss":0,"event_name":"FaceTrader","floor":21,"gold_loss":0},{"damage_healed":0,"gold_gain":333,"player_choice":"Gave Idol","damage_taken":0,"max_hp_gain":0,"max_hp_loss":0,"event_name":"The Moai Head","floor":36,"relics_lost":["Golden Idol"],"gold_loss":0},{"damage_healed":0,"gold_gain":0,"player_choice":"Embrace Madness","damage_taken":11,"max_hp_gain":0,"max_hp_loss":0,"event_name":"Winding Halls","floor":38,"gold_loss":0,"cards_obtained":["Madness","Madness"]},{"damage_healed":0,"gold_gain":0,"player_choice":"Copied","damage_taken":0,"max_hp_gain":0,"max_hp_loss":0,"event_name":"Duplicator","floor":39,"gold_loss":0,"cards_obtained":["Calculated Gamble"]},{"damage_healed":0,"gold_gain":0,"player_choice":"Ignored","damage_taken":0,"max_hp_gain":0,"max_hp_loss":0,"event_name":"NoteForYourself","floor":47,"gold_loss":0}],"is_beta":false,"boss_relics":[{"not_picked":["Black Star","WristBlade"],"picked":"Calling Bell"},{"not_picked":["Ring of the Serpent","Busted Crown"],"picked":"Sozu"}],"items_purged_floors":[5,30,37,40],"is_endless":false,"potions_floor_spawned":[1,10,14,16,22,27,29,35,44,48],"ascension_level":1}}