{"host":"hdafziggwnbzqpcb","time":1608000666,"event":{"mods":["BaseMod","Better Vampires","Colored Map","Colored Powertips","GifTheSpireLib","Minty Spire (QoL Compilation)","Quick Restart","Rare Cards Sparkle","StSLib","The Bug Knight","The Cursed","TheHero"],"gold_per_floor":[113,113,131,177,177,208,208,225,279,299,315,344,344,329,329,432,482,499,449,449,96,6,36,36,56,128,128,156,169,169,119,119,214,214,230,30,30,0,0,0,10,10,10,10,28,28,57,70,70,70,70,70,20,51,51],"floor_reached":56,"playtime":3112,"items_purged":["animeID:Smash","Decay","animeID:DefendMH+1","animeID:Smash+1","animeID:DefendMH+1"],"score":1785,"play_id":"b5000730-b64c-4825-9d3c-6527ba0d58f2","local_time":"20201214185106","is_ascension_mode":true,"campfire_choices":[{"data":"animeID:Deku","floor":7.0,"key":"SMITH"},{"floor":15.0,"key":"REST"},{"data":"animeID:Hawks","floor":24,"key":"SMITH"},{"data":"animeID:Eri","floor":27,"key":"SMITH"},{"data":"animeID:RecoveryGirl","floor":30,"key":"SMITH"},{"data":"animeID:Dabi","floor":32,"key":"SMITH"},{"floor":40,"key":"RECALL"},{"data":"animeID:Kirishima","floor":44,"key":"SMITH"},{"data":"animeID:Kirishima","floor":46,"key":"SMITH"},{"data":"animeID:Bakugo","floor":49,"key":"SMITH"},{"data":"animeID:AllForOne","floor":52,"key":"SMITH"}],"circlet_count":0,"master_deck":["AscendersBane","animeID:Deku+1","animeID:Bakugo+1","animeID:Smash+1","animeID:DefendMH+1","animeID:DefendMH+1","animeID:Iida+1","animeID:Tamaki","animeID:Kirishima+1","animeID:Hatsume+1","animeID:AllForOne+1","animeID:RecoveryGirl+1","animeID:Eri+1","animeID:Twice+1","animeID:Hawks+1","animeID:Dabi+1","animeID:Tamaki","animeID:PlusUltra","animeID:Kirishima+1"],"relics":["animeID:HeroCostume","NeowsBlessing","Blood Vial","Smiling Mask","Happy Flower","Eternal Feather","Tiny House","Orrery","HollowMod:LifeEnderRelic","Ornamental Fan","Dead Branch","Busted Crown","Potion Belt","Red Mask","Thread and Needle","Singing Bowl","Bag of Preparation"],"acts_visited":["Exordium","TheCity","TheBeyond","TheEnding"],"potions_floor_usage":[47,55],"damage_taken":[{"damage":0.0,"enemies":"Small Slimes","floor":1.0,"turns":1.0},{"damage":0.0,"enemies":"Jaw Worm","floor":3.0,"turns":1.0},{"damage":0.0,"enemies":"Gremlin Nob","floor":6.0,"turns":2.0},{"damage":1.0,"enemies":"2 Louse","floor":8.0,"turns":2.0},{"damage":15.0,"enemies":"Lots of Slimes","floor":10.0,"turns":3.0},{"damage":1.0,"enemies":"Blue Slaver","floor":11.0,"turns":4.0},{"damage":17.0,"enemies":"Lagavulin","floor":12.0,"turns":5.0},{"damage":1.0,"enemies":"Looter","floor":14.0,"turns":2.0},{"damage":58.0,"enemies":"The Guardian","floor":16.0,"turns":10.0},{"damage":30.0,"enemies":"Chosen","floor":18.0,"turns":6.0},{"damage":33,"enemies":"Gremlin Leader","floor":23,"turns":5},{"damage":17,"enemies":"3 Cultists","floor":25,"turns":8},{"damage":9,"enemies":"Book of Stabbing","floor":28,"turns":6},{"damage":5,"enemies":"Snecko","floor":29,"turns":6},{"damage":6,"enemies":"Champ","floor":33,"turns":6},{"damage":11,"enemies":"3 Darklings","floor":35,"turns":3},{"damage":0,"enemies":"3 Shapes","floor":41,"turns":2},{"damage":4,"enemies":"Jaw Worm Horde","floor":45,"turns":4},{"damage":13,"enemies":"Nemesis","floor":47,"turns":5},{"damage":27,"enemies":"4 Shapes","floor":48,"turns":3},{"damage":11,"enemies":"Time Eater","floor":50,"turns":6},{"damage":11,"enemies":"Shield and Spear","floor":54,"turns":4},{"damage":45,"enemies":"The Heart","floor":55,"turns":7}],"seed_played":"-2146653244369963617","potions_obtained":[{"floor":3.0,"key":"Weak Potion"},{"floor":12.0,"key":"Explosive Potion"},{"floor":16.0,"key":"FairyPotion"},{"floor":17.0,"key":"FairyPotion"},{"floor":45,"key":"Swift Potion"},{"floor":47,"key":"AttackPotion"},{"floor":54,"key":"SpeedPotion"}],"is_trial":false,"path_per_floor":["M","?","M","T","T","E","R","M","T","M","M","E","?","M","R","B",null,"M","$","?","$","?","E","R","M","T","R","E","M","R","$","R","B",null,"M","$","$","?","?","R","M","?","T","R","M","R","E","M","R","B",null,"R","$","E","B",null],"character_chosen":"THE_HERO","items_purchased":["Orrery","animeID:PlusUltra","Potion Belt"],"campfire_rested":1,"item_purchase_floors":[21,21,36],"current_hp_per_floor":[68,53,53,53,53,55,55,58,58,47,50,39,39,40,71,21,67,49,49,49,49,49,44,56,59,59,71,78,80,80,80,80,80,80,79,79,79,79,79,80,80,80,80,80,78,80,79,72,84,84,84,84,84,85,60],"gold":51,"neow_bonus":"THREE_ENEMY_KILL","is_daily":false,"chose_seed":false,"campfire_upgraded":9,"win_rate":0.0,"timestamp":1608000666,"path_taken":["M","?","M","?","?","E","R","M","T","M","M","E","?","M","R","BOSS","M","?","?","$","?","E","R","?","T","R","E","M","R","?","R","BOSS","M","?","$","?","?","R","?","?","T","R","M","R","E","M","R","BOSS","R","$","E","BOSS"],"items_purchased_type":["Relic","Card","Relic"],"build_version":"2020-12-13","purchased_purges":5,"victory":true,"max_hp_per_floor":[75,75,75,75,75,75,75,75,75,75,75,75,75,75,75,75,80,80,80,80,80,80,80,80,80,80,80,80,80,80,80,80,80,80,80,80,80,80,80,80,80,80,80,80,80,80,82,84,84,84,84,84,84,86,86],"card_choices":[{"not_picked":["animeID:Mezo","animeID:Momo"],"picked":"animeID:Iida","floor":1.0},{"not_picked":["animeID:Mezo","animeID:ToruHagakure"],"picked":"animeID:Tamaki","floor":3.0},{"not_picked":["animeID:Mezo","animeID:DetroitDelaware","animeID:Kaminari"],"picked":"SKIP","floor":6.0},{"not_picked":["animeID:Nomu","animeID:Iida","animeID:Mezo"],"picked":"SKIP","floor":8.0},{"not_picked":["animeID:ToruHagakure","animeID:SkinnyGum"],"picked":"animeID:Kirishima","floor":10.0},{"not_picked":["animeID:Mineta","animeID:DetroitDelaware"],"picked":"animeID:Hatsume","floor":11.0},{"not_picked":["animeID:EraserHead","animeID:TetsuTetsu"],"picked":"animeID:AllForOne","floor":12.0},{"not_picked":["animeID:ToruHagakure","animeID:Tamaki"],"picked":"animeID:RecoveryGirl","floor":14.0},{"not_picked":["animeID:RedRiot","animeID:Endeavor"],"picked":"animeID:Eri","floor":16.0},{"not_picked":["animeID:Aoyama","animeID:Kaminari"],"picked":"animeID:Twice","floor":17.0},{"not_picked":["animeID:Twice","animeID:TodorokiShoto","animeID:Rei"],"picked":"SKIP","floor":18.0},{"not_picked":["animeID:Crystallize","animeID:MtLady+1"],"picked":"animeID:Hawks","floor":21.0},{"not_picked":["animeID:Uraraka","animeID:Ojiro"],"picked":"animeID:Dabi","floor":21.0},{"not_picked":["animeID:Stain","animeID:MtLady"],"picked":"animeID:Tamaki","floor":21.0},{"not_picked":["animeID:DetroitDelaware","animeID:HighFive","animeID:Thirteen"],"picked":"SKIP","floor":23},{"not_picked":["animeID:Tsuyu","animeID:Momo"],"picked":"animeID:Kirishima","floor":25},{"not_picked":["animeID:DetroitDelaware+1","animeID:ShootStyle","animeID:Uraraka"],"picked":"SKIP","floor":28},{"not_picked":["animeID:ToruHagakure","animeID:Stain","animeID:Iida+1"],"picked":"SKIP","floor":29},{"not_picked":["animeID:Bakugo"],"picked":"SKIP","floor":35},{"not_picked":["animeID:Mezo"],"picked":"SKIP","floor":41},{"not_picked":["animeID:Aoyama+1"],"picked":"SKIP","floor":45},{"not_picked":["animeID:Ojiro"],"picked":"Singing Bowl","floor":47},{"not_picked":["animeID:ToruHagakure"],"picked":"Singing Bowl","floor":48},{"not_picked":["animeID:Nomu"],"picked":"Singing Bowl","floor":54}],"player_experience":600371,"relics_obtained":[{"floor":4.0,"key":"Blood Vial"},{"floor":6.0,"key":"Smiling Mask"},{"floor":9.0,"key":"Happy Flower"},{"floor":12.0,"key":"Eternal Feather"},{"floor":23,"key":"HollowMod:LifeEnderRelic"},{"floor":26,"key":"Ornamental Fan"},{"floor":28,"key":"Dead Branch"},{"floor":43,"key":"Thread and Needle"},{"floor":47,"key":"Singing Bowl"},{"floor":54,"key":"Bag of Preparation"}],"event_choices":[{"damage_healed":0.0,"max_hp_gain":0.0,"max_hp_loss":0.0,"gold_gain":0.0,"event_name":"Shining Light","player_choice":"Entered Light","floor":2.0,"gold_loss":0.0,"damage_taken":15.0,"cards_upgraded":["animeID:Smash","animeID:DefendMH"]},{"damage_healed":0.0,"max_hp_gain":0.0,"max_hp_loss":0.0,"gold_gain":0.0,"event_name":"Wheel of Change","player_choice":"Cursed","floor":13.0,"gold_loss":0.0,"damage_taken":0.0,"cards_obtained":["Decay"]},{"damage_healed":0.0,"max_hp_gain":0.0,"max_hp_loss":0.0,"gold_gain":0.0,"event_name":"Back to Basics","player_choice":"Simplicity","floor":20.0,"gold_loss":0.0,"damage_taken":0.0,"cards_upgraded":["animeID:Smash","animeID:Smash","animeID:DefendMH","animeID:DefendMH","animeID:DefendMH"]},{"cards_removed":["animeID:Smash"],"damage_healed":0.0,"max_hp_gain":0.0,"max_hp_loss":0.0,"gold_gain":0.0,"event_name":"Designer","player_choice":"Upgrade and Remove","floor":22.0,"gold_loss":90.0,"damage_taken":0.0,"cards_upgraded":["animeID:Twice"]},{"damage_healed":0,"gold_gain":0,"player_choice":"Paid","damage_taken":0,"relics_obtained":["Red Mask"],"max_hp_gain":0,"max_hp_loss":0,"event_name":"Tomb of Lord Red Mask","floor":38,"gold_loss":30},{"damage_healed":0,"gold_gain":0,"player_choice":"Forge","damage_taken":0,"max_hp_gain":0,"max_hp_loss":0,"event_name":"Accursed Blacksmith","floor":39,"gold_loss":0,"cards_upgraded":["animeID:Iida"]},{"damage_healed":0,"gold_gain":0,"player_choice":"Memory 1","damage_taken":0,"max_hp_gain":0,"max_hp_loss":0,"event_name":"SensoryStone","floor":42,"gold_loss":0}],"is_beta":false,"boss_relics":[{"not_picked":["Black Star","Snecko Eye"],"picked":"Tiny House"},{"not_picked":["Astrolabe","Pandora\u0027s Box"],"picked":"Busted Crown"}],"items_purged_floors":[19,21,31,36,53],"is_endless":false,"potions_floor_spawned":[3,12,16,28,29,33,35,45,47,54],"ascension_level":12}}