{"host":"mvw7i28zi3kj0eu9","time":1608040553,"event":{"mods":["AchievementEnabler","BaseMod","Better Third Choice","BetterRewards","Block Reminder","Conspire","Custom Start","Downfall","Energized Spire","Halation","Hermit","Hubris","Infinite Spire","Jorbs\u0027s Wanderer Trilogy","Minty Spire (QoL Compilation)","Replay The Spire","Shop Mod","Small Relic Pack","Spikes Relics","StSLib","The Blue Laboratory","The Necromancer","The Servant 0.9.4","Virulent Crown"],"gold_per_floor":[123,48,48,148,187,187,248,278,278,310,365,412,235,282,282,412,412,477,501,303,336,364,364,364,395,431,431,464,464,464,499,499,673,673,775,775,852,941,997,1120,1120,1241,1241,1271,1271],"floor_reached":44,"playtime":1385,"items_purged":["Strike_R","Defend_R","Defend_R","stsjorbsmod:Procrastination"],"score":829,"play_id":"e3e5d300-1092-4b75-b5cf-dd3023fbf34d","local_time":"20201215145553","is_ascension_mode":false,"campfire_choices":[{"data":"Shrug It Off","floor":6,"key":"SMITH"},{"data":"Body Slam","floor":23,"key":"SMITH"},{"data":"Body Slam","floor":27,"key":"SMITH"},{"data":"Barricade","floor":32,"key":"SMITH"}],"circlet_count":0,"master_deck":["Strike_R","Strike_R","Strike_R","Strike_R","Defend_R","Defend_R","Bash","Shrug It Off+1","Pummel","Body Slam+1","expansioncontent:ChargeUp","Clothesline+1","Barricade+1","Body Slam+1","Shrug It Off+1","Body Slam","Hallucinations"],"relics":["Burning Blood","Replay:Bandana","CeramicFish","halation:IllGainedPizza","relicPack:OneForAll","Singing Bowl","TungstenRod","Pen Nib","Cursed Key","Vajra","energizedSpire:NeverEndingSparkler","ReplayTheSpireMod:Shallot","infinitespire:EvilPickle","ChewingGum","Regal Pillow","hubris:TenFootPole","hubris:Towel"],"acts_visited":["Exordium","TheCity","TheBeyond"],"potions_floor_usage":[7,10,16,21,35,44],"damage_taken":[{"damage":0,"enemies":"Small Slimes","floor":1,"turns":3},{"damage":7,"enemies":"2 Louse","floor":5,"turns":2},{"damage":28,"enemies":"Gremlin Nob","floor":7,"turns":5},{"damage":6,"enemies":"Cultist","floor":8,"turns":5},{"damage":0,"enemies":"3 Louse","floor":10,"turns":3},{"damage":31,"enemies":"3 Sentries","floor":11,"turns":14},{"damage":7,"enemies":"Exordium Wildlife","floor":12,"turns":3},{"damage":18,"enemies":"Lots of Slimes","floor":14,"turns":7},{"damage":28,"enemies":"Slime Boss","floor":16,"turns":11},{"damage":9,"enemies":"3 Byrds","floor":18,"turns":8},{"damage":25,"enemies":"Spheric Guardian","floor":19,"turns":6},{"damage":5,"enemies":"Snecko","floor":21,"turns":5},{"damage":2,"enemies":"Centurion and Healer","floor":22,"turns":7},{"damage":16,"enemies":"Snake Plant","floor":25,"turns":4},{"damage":5,"enemies":"Shelled Parasite and Fungi","floor":28,"turns":4},{"damage":0,"enemies":"Sentry and Sphere","floor":31,"turns":3},{"damage":0,"enemies":"Pondfish","floor":33,"turns":7},{"damage":26,"enemies":"3 Darklings","floor":35,"turns":6},{"damage":0,"enemies":"Orb Walker","floor":37,"turns":2},{"damage":0,"enemies":"Sphere and 2 Shapes","floor":38,"turns":4},{"damage":0,"enemies":"R_Hoarder","floor":40,"turns":6},{"damage":3,"enemies":"Transient","floor":42,"turns":5},{"damage":115,"enemies":"Nightmare","floor":44,"turns":8}],"seed_played":"4420897446170004089","potions_obtained":[{"floor":1,"key":"Adrenaline Potion"},{"floor":8,"key":"DistilledChaos"},{"floor":14,"key":"Explosive Potion"},{"floor":19,"key":"Weak Potion"},{"floor":21,"key":"blueLaboratory:Moonshine"},{"floor":28,"key":"blueLaboratory:BubblePotion"},{"floor":33,"key":"Dexterity Potion"},{"floor":35,"key":"Toxic Potion"}],"is_trial":false,"path_per_floor":["M","$","?","?","M","R","E","M","T","M","E","M","$","M","R","B",null,"M","M","$","M","M","R","?","M","T","R","M","?","AVR","M","R","B",null,"M","?","M","M","T","E","?","M","T","NM"],"character_chosen":"IRONCLAD","items_purchased":["Replay:Bandana","CeramicFish","halation:IllGainedPizza","expansioncontent:ChargeUp","Body Slam","Shrug It Off+1"],"campfire_rested":0,"item_purchase_floors":[0,0,0,13,20,20],"current_hp_per_floor":[80,80,80,80,79,79,57,59,59,67,44,43,43,31,56,34,86,85,68,68,71,77,77,77,69,69,69,72,72,72,80,80,88,102,82,82,90,98,98,106,106,110,110,0,0],"gold":1271,"neow_bonus":"","is_daily":false,"chose_seed":false,"campfire_upgraded":4,"win_rate":0.0,"timestamp":1608040553,"path_taken":["M","$","?","?","M","R","E","?","T","M","E","M","$","M","R","BOSS","M","M","$","M","M","R","?","M","T","R","M","?","AVR","M","R","BOSS","M","?","M","?","?","E","?","M","T","NM"],"items_purchased_type":["Relic","Relic","Relic","Card","Card","Card"],"build_version":"2020-12-13","purchased_purges":4,"victory":false,"max_hp_per_floor":[80,80,80,80,80,80,80,82,82,84,86,86,86,86,86,86,86,88,90,90,92,94,94,94,96,96,96,98,98,98,100,100,102,102,102,102,104,106,106,108,108,110,110,110,110],"card_choices":[{"not_picked":["Warcry","Havoc","True Grit"],"picked":"SKIP","floor":1},{"not_picked":["Feel No Pain","Sword Boomerang"],"picked":"Shrug It Off","floor":5},{"not_picked":["ReplayTheSpireMod:Limb From Limb","Impervious"],"picked":"Pummel","floor":7},{"not_picked":["Hemokinesis","Intimidate","Clash"],"picked":"Singing Bowl","floor":8},{"not_picked":["Headbutt","Uppercut","Ghostly Armor"],"picked":"Singing Bowl","floor":10},{"not_picked":["Havoc","Heavy Blade","Sword Boomerang"],"picked":"Singing Bowl","floor":11},{"not_picked":["Life Link","Twin Strike"],"picked":"Body Slam","floor":12},{"not_picked":["Anger","Armaments"],"picked":"Clothesline","floor":14},{"not_picked":["conspire:HitWhereItHurts","Eclipse"],"picked":"Barricade","floor":16},{"not_picked":["Sever Soul","Wild Strike","Twin Strike"],"picked":"Singing Bowl","floor":18},{"not_picked":["ReplayTheSpireMod:LeadingStrike","hubris:CleavingFinish","Flex"],"picked":"Singing Bowl","floor":19},{"not_picked":["Warcry","Armaments+1","Blood for Blood+1"],"picked":"Singing Bowl","floor":21},{"not_picked":["Rage+1","Life Link","Combust"],"picked":"Singing Bowl","floor":22},{"not_picked":["Abandon","ReplayTheSpireMod:Strike From Hell","Havoc"],"picked":"Singing Bowl","floor":25},{"not_picked":["hubris:CleavingFinish+1","ReplayTheSpireMod:Limb From Limb","Abandon"],"picked":"Singing Bowl","floor":28},{"not_picked":["Havoc","Warcry","Feel No Pain"],"picked":"Singing Bowl","floor":31},{"not_picked":["Feed","Berserk","Juggernaut"],"picked":"Singing Bowl","floor":33},{"not_picked":["True Grit","Bloodletting+1"],"picked":"Body Slam","floor":35},{"not_picked":["Thunderclap","Twin Strike+1","Headbutt"],"picked":"Singing Bowl","floor":37},{"not_picked":["Evolve","Dropkick+1","ReplayTheSpireMod:Limb From Limb+1"],"picked":"Singing Bowl","floor":38},{"not_picked":["Corruption","Anger+1","Battle Trance+1"],"picked":"Singing Bowl","floor":40},{"not_picked":["Perfected Strike+1","ReplayTheSpireMod:Strike From Hell+1","Ghostly Armor+1"],"picked":"Singing Bowl","floor":42}],"player_experience":863310,"relics_obtained":[{"floor":7,"key":"Singing Bowl"},{"floor":9,"key":"TungstenRod"},{"floor":11,"key":"Pen Nib"},{"floor":26,"key":"Vajra"},{"floor":39,"key":"Regal Pillow"},{"floor":40,"key":"hubris:TenFootPole"}],"event_choices":[{"damage_healed":0,"gold_gain":100,"player_choice":"Pray","damage_taken":0,"max_hp_gain":0,"max_hp_loss":0,"event_name":"Golden Shrine","floor":4,"gold_loss":0},{"damage_healed":0,"gold_gain":0,"player_choice":"Ignored","damage_taken":0,"max_hp_gain":0,"max_hp_loss":0,"event_name":"betterThird:BetterPortal","floor":36,"gold_loss":0}],"is_beta":false,"boss_relics":[{"not_picked":["Kintsugi","Replay:Ancient Bell"],"picked":"Cursed Key"},{"not_picked":["conspire:SlowCooker","Runic Pyramid"],"picked":"ChewingGum"}],"items_purged_floors":[2,13,20,30],"is_endless":false,"potions_floor_spawned":[1,8,14,19,21,28,33,35,40,42],"killed_by":"Nightmare","ascension_level":0}}