{"host":"5kadl7uu83y136u3","time":1608068442,"event":{"mods":["2.2 Compatiblity","BaseMod","Better Match","Better Note","Better Sensory Stone","Better Third Choice","BetterRewards","Colored Map","Colored Powertips","DeckTracker","Defuse TimeMaze Blight","Duelist Mod","Gold Saver","Googly Eyes","Highlight Path","Hubris","Infinite Spire","Luminous","Minty Spire (QoL Compilation)","Replay The Spire","Shop Mod","Spicy Shops","Spikes Relics","StSLib","The Necromancer","Uncapped"],"gold_per_floor":[3251,3261,3276,3276,2355,2383,2383,4766,4814,4838,4207,4207,4207,3614,3614,3728,3728,3753,3782,3782,3806,3806,3806,3427,3427,3427,3427,3446,3488,3488,3509,3509,3612,3612,3633,3633,3653,3653,3676,3676,3707,3728,3755,3755,3755,3010,3010,3055,3055,3187,3187,3199,3215,3215,3230,1413,1449,1304,1350,1350,1350,1360,1360,1446,1446,1456,1456,4974,4974,4974,4974],"floor_reached":74,"playtime":4869,"items_purged":["theDuelist:CastleWalls","theDuelist:PsiCurse","theDuelist:SummoningCurse","theDuelist:CastleWalls","theDuelist:Sparks","theDuelist:Sparks"],"score":1178,"play_id":"532d6d54-6d69-47cd-a53d-5dbb896932de","local_time":"20201215164042","is_ascension_mode":false,"campfire_choices":[{"data":"theDuelist:WhiteHowling","floor":7,"key":"SMITH"},{"data":"Reforge","floor":13,"key":"SMITH"},{"data":"ReplayUltimateDefense","floor":15,"key":"SMITH"},{"data":"theDuelist:DoomkaiserDragon","floor":23,"key":"SMITH"},{"data":"Electrodynamics","floor":25,"key":"SMITH"},{"data":"theDuelist:CoralDragon","floor":30,"key":"SMITH"},{"floor":32,"key":"REST"},{"floor":40,"key":"REST"},{"floor":44,"key":"REST"},{"floor":47,"key":"REST"},{"floor":49,"key":"REST"},{"data":"ReplayTheSpireMod:Private Reserves","floor":61,"key":"SMITH"},{"data":"infinitespire:Oblivion","floor":63,"key":"SMITH"},{"data":"theDuelist:TyrantWing","floor":66,"key":"SMITH"}],"circlet_count":0,"master_deck":["theDuelist:YamataDragon","ReplayUltimateDefense+1","theDuelist:Mountain+1","theDuelist:BoosterDragon","infinitespire:Oblivion+1","theDuelist:BoosterDragon","theDuelist:YamataDragon","theDuelist:Nameless:Power:AllyJustice+1","theDuelist:SilverDragon","theDuelist:TyrantWing+1","theDuelist:BoosterDragon","theDuelist:BlizzardDragon+1","theDuelist:CaveDragon+1","theDuelist:SnowDragon+1","theDuelist:DoomkaiserDragon+1","theDuelist:BabyDragon+1","theDuelist:LesserDragon","theDuelist:Mountain+1","Reforge+1","theDuelist:SnowDragon+1","theDuelist:CoralDragon+1","theDuelist:CaveDragon","theDuelist:LesserDragon","theDuelist:WhiteHowling+1","Electrodynamics+1","ReplayTheSpireMod:Private Reserves+1","theDuelist:StardustDragon+1","theDuelist:Scapegoat+1","theDuelist:EyeTimaeus"],"relics":["theDuelist:MillenniumPuzzle","hubris:Icosahedron","theDuelist:PointPass","MerchantsRug","Replay:Blank Codex"],"acts_visited":["Exordium","TheCity","TheBeyond","Exordium","TheCity"],"potions_floor_usage":[35],"damage_taken":[{"damage":0,"enemies":"2 Louse","floor":1,"turns":2},{"damage":5,"enemies":"Jaw Worm","floor":2,"turns":3},{"damage":0,"enemies":"Cultist","floor":3,"turns":3},{"damage":2,"enemies":"3 Sentries","floor":6,"turns":5},{"damage":8,"enemies":"Red Slaver","floor":10,"turns":3},{"damage":8,"enemies":"Fading Forest","floor":16,"turns":11},{"damage":4,"enemies":"Spheric Guardian","floor":18,"turns":5},{"damage":0,"enemies":"2 Thieves","floor":19,"turns":4},{"damage":4,"enemies":"Snecko","floor":21,"turns":5},{"damage":0,"enemies":"Cultist and Chosen","floor":28,"turns":6},{"damage":17,"enemies":"Slavers","floor":29,"turns":3},{"damage":0,"enemies":"Shelled Parasite and Fungi","floor":31,"turns":5},{"damage":0,"enemies":"Collector","floor":33,"turns":11},{"damage":0,"enemies":"Orb Walker","floor":35,"turns":5},{"damage":10,"enemies":"3 Darklings","floor":37,"turns":5},{"damage":43,"enemies":"4 Shapes","floor":39,"turns":6},{"damage":32,"enemies":"Nightmare","floor":41,"turns":8},{"damage":20,"enemies":"Maw","floor":42,"turns":6},{"damage":5,"enemies":"Spire Growth","floor":48,"turns":4},{"damage":0,"enemies":"hubris:GrandSnecko","floor":50,"turns":9},{"damage":0,"enemies":"Cultist","floor":52,"turns":3},{"damage":0,"enemies":"Small Slimes","floor":53,"turns":2},{"damage":0,"enemies":"Jaw Worm","floor":55,"turns":1},{"damage":1,"enemies":"3 Sentries","floor":57,"turns":4},{"damage":0,"enemies":"Gremlin Gang","floor":65,"turns":2},{"damage":27,"enemies":"Hexaghost","floor":67,"turns":5},{"damage":0,"enemies":"3 Byrds","floor":69,"turns":4},{"damage":74,"enemies":"Slavers","floor":74,"turns":2}],"seed_played":"-8685040693886568302","potions_obtained":[{"floor":0,"key":"GamblersBrew"},{"floor":0,"key":"FairyPotion"},{"floor":0,"key":"theDuelist:BigOrbBottle"},{"floor":1,"key":"Milkshake"}],"is_trial":false,"path_per_floor":["M","M","M","?","$","E","R","?","T","M","$","?","R","$","R","B",null,"M","M","?","M","?","R","$","R","T","AVR","M","E","R","M","R","B",null,"M","?","M","AVR","M","R","NM","M","T","R","?","$","R","M","R","B",null,"M","M","?","M","$","E","$","T","R","R","M","R","B",null,"M","?","$","?","E"],"character_chosen":"THE_DUELIST","items_purchased":["theDuelist:WhiteHowling","theDuelist:YugiMirror","PreservedInsect","hubris:DisguiseKit","Membership Card","hubris:OldNail","theDuelist:DuelistOrichalcum","infinitespire:FocusingShard","Ginger","Reforge","Champion Belt","theDuelist:GoldenScale","Replay:Bottled Flurry","theDuelist:TyrantWing","ReplayUltimateDefense","theDuelist:PointPass","MerchantsRug","War Paint","Gambling Chip","Ornamental Fan","hubris:64BitClover","infinitespire:Satchel","Replay:Byrd Feeder","theDuelist:ElectricToken","theDuelist:AknamkanonsEssence","theDuelist:BoosterDragon","ReplayTheSpireMod:Private Reserves","BargainBundle","theDuelist:DragonRelic","RollingBoulder","Bag of Preparation","theDuelist:DragonRelicC","hubris:Potato","theDuelist:ShopToken","infinitespire:EmpoweringShard","infinitespire:ShieldingShard","Thread and Needle","Guide Book","hubris:Teleporter","Runic Capacitor","hubris:BallOfYels","Orichalcum","hubris:GlazedTorus"],"campfire_rested":5,"item_purchase_floors":[5,5,5,5,11,11,11,11,11,11,14,14,14,14,14,24,24,24,24,24,46,46,46,46,46,46,46,56,56,56,56,56,56,56,56,56,56,56,56,56,56,56,59],"current_hp_per_floor":[80,75,75,75,75,73,73,73,73,65,65,65,65,65,65,67,80,76,80,80,80,80,80,80,80,80,80,80,63,63,63,80,80,80,80,80,74,74,31,55,23,7,7,31,31,31,53,52,74,74,76,76,76,76,76,76,75,75,75,75,75,76,76,49,76,76,69,69,69,0,0],"gold":4974,"neow_bonus":"THREE_SMALL_POTIONS","is_daily":false,"chose_seed":false,"campfire_upgraded":9,"win_rate":0.0,"timestamp":1608068442,"path_taken":["M","M","M","?","$","E","R","?","T","M","$","?","R","$","R","BOSS","M","M","?","?","?","R","?","R","T","AVR","M","E","R","M","R","BOSS","M","?","M","AVR","M","R","NM","M","T","R","?","?","R","M","R","BOSS","M","M","?","M","$","E","$","T","R","R","M","R","BOSS","M","?","$","?","E"],"items_purchased_type":["Card","Relic","Relic","Relic","Relic","Relic","Relic","Relic","Relic","Card","Relic","Relic","Relic","Card","Card","Relic","Relic","Relic","Relic","Relic","Relic","Relic","Relic","Card","Relic","Card","Card","Relic","Relic","Relic","Relic","Relic","Relic","Relic","Relic","Relic","Relic","Relic","Relic","Relic","Relic","Relic","Relic"],"build_version":"2020-12-13","purchased_purges":6,"victory":false,"max_hp_per_floor":[80,80,80,80,80,80,80,80,80,80,80,80,80,80,80,80,80,80,80,80,80,80,80,80,80,80,80,80,80,80,80,80,80,80,80,80,80,80,80,80,80,80,80,80,76,76,76,76,76,76,76,76,76,76,76,76,76,76,76,76,76,76,76,76,76,76,76,76,76,76,76],"card_choices":[{"not_picked":["theDuelist:ViceDragon","theDuelist:LesserDragon","theDuelist:BlackBrutdrago","theDuelist:Beatraptor","theDuelist:TwinBarrelDragon"],"picked":"SKIP","floor":1},{"not_picked":["theDuelist:ArmedDragon5","theDuelist:VoidOgreDragon","theDuelist:Lancephorhynchus"],"picked":"SKIP","floor":2},{"not_picked":["theDuelist:TrihornedDragon","theDuelist:DarkHorus","theDuelist:DarkDriceratops","theDuelist:EvilMind","theDuelist:BlackBrutdrago"],"picked":"SKIP","floor":3},{"not_picked":["theDuelist:Destroyersaurus","theDuelist:ClawHermos","theDuelist:ThreateningRoar","theDuelist:StardustDragon"],"picked":"theDuelist:BoosterDragon","floor":6},{"not_picked":["theDuelist:Earthquake","theDuelist:DefenseDraw","theDuelist:DragonPiper","theDuelist:DefenseZone"],"picked":"theDuelist:SilverDragon","floor":10},{"not_picked":["theDuelist:TailSwipe","theDuelist:GaiaDragonChamp","theDuelist:DragonMastery","theDuelist:BSkullDragon"],"picked":"theDuelist:DoomkaiserDragon","floor":16},{"not_picked":["theDuelist:ViceDragon","theDuelist:MirageDragon","theDuelist:DefenseZone+1","theDuelist:CurseDragon+1"],"picked":"theDuelist:SnowDragon+1","floor":18},{"not_picked":["theDuelist:ViceDragon","theDuelist:MirageDragon","theDuelist:Duoterion","theDuelist:CloudianGhost+1"],"picked":"theDuelist:BoosterDragon","floor":19},{"not_picked":["theDuelist:BlackPtera","theDuelist:BlackBrutdrago","theDuelist:BabyDragon","theDuelist:DreadnoughtDreadnoid"],"picked":"theDuelist:CoralDragon","floor":21},{"not_picked":["theDuelist:BigFire","theDuelist:RainbowOverdragon+1","theDuelist:RainbowBridge+1","theDuelist:DestructPotion","theDuelist:PreventRat"],"picked":"SKIP","floor":28},{"not_picked":["theDuelist:RedEyesZombie+1","theDuelist:SeismicShockwave","theDuelist:GaiaDragonChamp"],"picked":"SKIP","floor":29},{"not_picked":["theDuelist:SpiralSpearStrike+1","theDuelist:SafeZone","theDuelist:DragonCaptureJar","theDuelist:DefenseZone+1","theDuelist:FireDarts"],"picked":"SKIP","floor":31},{"not_picked":["theDuelist:VeilDarkness+1","theDuelist:TyrantWing","theDuelist:SpiralSpearStrike+1","theDuelist:FireDarts+1","theDuelist:DragonCaptureJar"],"picked":"SKIP","floor":35},{"not_picked":["theDuelist:StampingDestruction","theDuelist:Earthquake+1","theDuelist:FangCritias+1","theDuelist:EyeTimaeus+1"],"picked":"theDuelist:Mountain","floor":37},{"not_picked":["theDuelist:MaskedDragon+1","theDuelist:BeserkDragon","theDuelist:VolcanicEruption+1","theDuelist:DragonCaptureJar+2","theDuelist:AmuletDragon+1"],"picked":"SKIP","floor":39},{"not_picked":["theDuelist:Kabazauls","theDuelist:HazyFlameHydra+1","theDuelist:CyberDinosaur+1","theDuelist:StampingDestruction"],"picked":"theDuelist:SnowDragon+1","floor":41},{"not_picked":["infinitespire:Fortify","infinitespire:TheBestDefense"],"picked":"infinitespire:Oblivion","floor":41},{"not_picked":["theDuelist:Earthquake","theDuelist:DarkDriceratops","theDuelist:RedEyes","theDuelist:FireDarts"],"picked":"theDuelist:BlizzardDragon+1","floor":42},{"not_picked":["theDuelist:Sparks+1","theDuelist:WhiteHowling","theDuelist:TyrantWing+1","theDuelist:CastleWalls"],"picked":"theDuelist:Mountain+1","floor":48},{"not_picked":["theDuelist:SurvivalFittest","theDuelist:GaiaDragonChamp","theDuelist:BusterBladerDDS+1","theDuelist:GravityLash+1"],"picked":"theDuelist:StardustDragon","floor":50},{"not_picked":["theDuelist:Pyrorex+1","theDuelist:CurseDragon+1","theDuelist:CyberDragonNachster+1","theDuelist:CyberDragonCore+1","theDuelist:BackgroundDragon+1"],"picked":"SKIP","floor":52},{"not_picked":["theDuelist:BattleguardKing+1","theDuelist:Hinotama+5","theDuelist:LightningDarts+11","theDuelist:BigFire+1","theDuelist:RainbowOverdragon+1"],"picked":"SKIP","floor":53},{"not_picked":["theDuelist:CyberDragon+1","theDuelist:BurstBreath+1","theDuelist:BlueEyesUltimate+1"],"picked":"SKIP","floor":55},{"not_picked":["theDuelist:RainbowOverdragon+1","theDuelist:Terraforming+1","theDuelist:DarkCreator+1","theDuelist:FeatherPho+1","theDuelist:UltimateOffering+1"],"picked":"SKIP","floor":57},{"not_picked":["theDuelist:YamataDragon+1","theDuelist:CyberEndDragon+1","theDuelist:MegafleetDragon+1","theDuelist:ExploderDragonwing+1","theDuelist:TornadoDragon+1"],"picked":"SKIP","floor":65},{"not_picked":["theDuelist:DoomkaiserDragon+1","theDuelist:CyberDragonInfinity+1","theDuelist:BusterBladerDDS+1","theDuelist:BlueDuston+1"],"picked":"theDuelist:Scapegoat+1","floor":67},{"not_picked":["theDuelist:LesserDragon+1","theDuelist:Kabazauls+1","theDuelist:DarkDriceratops+1","theDuelist:CurseDragon+1","theDuelist:TwinBarrelDragon+1"],"picked":"SKIP","floor":69}],"player_experience":2005952,"relics_obtained":[{"floor":6,"key":"theDuelist:BoosterPackHealer"},{"floor":9,"key":"Replay:Bandana"},{"floor":26,"key":"theDuelist:MerchantNecklace"},{"floor":29,"key":"Red Skull"},{"floor":41,"key":"Pocketwatch"},{"floor":43,"key":"Art of War"},{"floor":57,"key":"Letter Opener"},{"floor":60,"key":"hubris:TenFootPole"},{"floor":67,"key":"Solar Panel"},{"floor":71,"key":"Replay:Blank Codex"}],"event_choices":[{"damage_healed":0,"gold_gain":0,"player_choice":"Enrich - 2x gold","duelist":true,"damage_taken":0,"max_hp_gain":0,"max_hp_loss":0,"event_name":"Aknamkanon\u0027s Tomb","floor":8,"gold_loss":0},{"damage_healed":0,"gold_gain":0,"player_choice":"Leave","duelist":true,"damage_taken":0,"max_hp_gain":0,"max_hp_loss":0,"event_name":"Egyptian Village","floor":12,"gold_loss":0},{"cards_removed":["ReplayUltimateDefense"],"damage_healed":0,"gold_gain":0,"player_choice":"Take \u0026 Give","damage_taken":0,"max_hp_gain":0,"max_hp_loss":0,"event_name":"betterNote:BetterNote","floor":20,"gold_loss":0,"cards_obtained":["Electrodynamics"]},{"damage_healed":0,"gold_gain":0,"player_choice":"Ignored","damage_taken":0,"max_hp_gain":0,"max_hp_loss":0,"event_name":"Ghosts","floor":22,"gold_loss":0},{"power_reward":4,"total_magic_score":77,"gold_gain":0,"duelist":true,"damage_taken":0,"relics_obtained":[],"points":4,"max_hp_gain":0,"max_hp_loss":0,"spent_points":{"magic":0,"greed":0,"war":0,"power":4,"hunger":0},"event_name":"Nameless Tomb","floor":36,"gold_loss":0,"cards_obtained":["theDuelist:Nameless:Power:AllyJustice"]},{"damage_healed":0,"gold_gain":0,"player_choice":"Max HP","damage_taken":0,"max_hp_gain":0,"max_hp_loss":4,"event_name":"Winding Halls","floor":45,"gold_loss":0},{"damage_healed":0,"gold_gain":0,"player_choice":"Obtained Book","damage_taken":16,"max_hp_gain":0,"max_hp_loss":0,"event_name":"Cursed Tome","floor":71,"gold_loss":0},{"damage_healed":0,"gold_gain":0,"player_choice":"Read","damage_taken":0,"max_hp_gain":0,"max_hp_loss":0,"event_name":"The Library","floor":73,"gold_loss":0,"cards_obtained":["theDuelist:EyeTimaeus"]}],"is_beta":false,"boss_relics":[{"not_picked":["theDuelist:GamblerChip","SlaversCollar"],"picked":"Sozu"},{"not_picked":["SacredBark","hubris:RunicObelisk"],"picked":"Ring of Chaos"},{"not_picked":["Cursed Key","hubris:Backtick"],"picked":"Inserter"},{"not_picked":["Astrolabe","Busted Crown"],"picked":"hubris:Backtick"}],"items_purged_floors":[5,11,14,24,24,27],"is_endless":true,"potions_floor_spawned":[1,2,18,21,29,31,48,50,53,67,69],"killed_by":"Slavers","ascension_level":0}}