{"host":"gx04ak8ofzo346nl","time":1608047289,"event":{"mods":["BaseMod","Colored Map","Duelist Mod","Friendly Minions","Googly Eyes","Minty Spire (QoL Compilation)","Replay The Spire","StSLib","The Animator","The Construct","The Cursed","The Disciple","The Necromancer","The Servant 0.9.4"],"gold_per_floor":[115,132,162,181,209,209,236,256,309,309,319,358,358,376,376,476,476,465,479,299,299,299,299,317,317,317,317,340,350,350,132,209,329,329,349,365,365,365,415,415,320,320,343,343,343,353,353,372,372,372,372,372,372,372,401,401,401],"floor_reached":56,"playtime":8302,"items_purged":[],"score":526,"play_id":"b6d5bfd6-e3f4-4b64-b0ad-dec40cbd568f","local_time":"20201215074809","is_ascension_mode":false,"campfire_choices":[{"floor":6,"key":"RECALL"},{"floor":13,"key":"REST"},{"floor":15,"key":"REST"},{"floor":23,"key":"REST"},{"floor":25,"key":"REST"},{"floor":27,"key":"REST"},{"floor":40,"key":"REST"},{"data":"animator:Ara","floor":42,"key":"PURGE"},{"data":"animator:Strike","floor":44,"key":"PURGE"},{"floor":49,"key":"DIG"},{"data":"animator:Strike","floor":52,"key":"PURGE"}],"circlet_count":0,"master_deck":["animator:Strike_NoGameNoLife","animator:Defend_NoGameNoLife+1","animator:Strike","animator:Defend","animator:Defend","animator:Defend+1","animator:DolaSchwi","animator:DolaCouronne","animator:DolaSchwi","animator:Benimaru","animator:Tet","animator:Shiro","animator:ChlammyZell","animator:YunYun","animator:Tet","animator:Shalltear","animator:DolaSchwi","animator:Greed+1","animator:DolaSchwi","animator:Lelouch","animator:Aqua","animator:UneriGinkaku+1","animator:Kazuma","animator:Darkness+1","animator:Sora","CurseOfTheBell","animator:IzunaHatsuse","animator:DolaCouronne","animator:Kira","animator:Kazuma","animator:Rimuru","animator:Chris"],"relics":["animator:LivingPicture","animator:TheMissingPiece","animator:PurgingStone","Frozen Egg 2","Fusion Hammer","Nilry\u0027s Codex","HornCleat","Gremlin Horn","Calling Bell","MealTicket","Pantograph","WingedGreaves","Peace Pipe","Simple Rune","Onion Ring","Replay:Bottled Flurry","Nunchaku"],"acts_visited":["Exordium","TheCity","TheBeyond","TheEnding"],"potions_floor_usage":[5,8,12,16,29,46,50,56],"damage_taken":[{"damage":0,"enemies":"Jaw Worm","floor":1,"turns":4},{"damage":0,"enemies":"Cultist","floor":2,"turns":4},{"damage":0,"enemies":"2 Louse","floor":3,"turns":4},{"damage":4,"enemies":"Exordium Wildlife","floor":4,"turns":5},{"damage":0,"enemies":"2 Fungi Beasts","floor":5,"turns":3},{"damage":6,"enemies":"3 Louse","floor":7,"turns":5},{"damage":3,"enemies":"Large Slime","floor":8,"turns":5},{"damage":18,"enemies":"Gremlin Gang","floor":11,"turns":4},{"damage":21,"enemies":"3 Sentries","floor":12,"turns":6},{"damage":3,"enemies":"Exordium Wildlife","floor":14,"turns":4},{"damage":42,"enemies":"Hexaghost","floor":16,"turns":8},{"damage":8,"enemies":"2 Thieves","floor":18,"turns":5},{"damage":30,"enemies":"3 Byrds","floor":19,"turns":5},{"damage":0,"enemies":"Snecko","floor":24,"turns":5},{"damage":0,"enemies":"Centurion and Healer","floor":28,"turns":8},{"damage":21,"enemies":"Shelled Parasite and Fungi","floor":29,"turns":6},{"damage":23,"enemies":"Automaton","floor":33,"turns":10},{"damage":15,"enemies":"3 Darklings","floor":35,"turns":6},{"damage":30,"enemies":"3 Shapes","floor":36,"turns":4},{"damage":2,"enemies":"Mind Bloom Boss Battle","floor":39,"turns":5},{"damage":0,"enemies":"Sphere and 2 Shapes","floor":46,"turns":6},{"damage":41,"enemies":"Writhing Mass","floor":48,"turns":6},{"damage":67,"enemies":"Replay:Hell Engine","floor":50,"turns":9},{"damage":79,"enemies":"Shield and Spear","floor":55,"turns":10},{"damage":98,"enemies":"The Heart","floor":56,"turns":6}],"seed_played":"2951567987327427673","potions_obtained":[{"floor":1,"key":"PowerPotion"},{"floor":4,"key":"Fire Potion"},{"floor":5,"key":"Weak Potion"},{"floor":8,"key":"FairyPotion"},{"floor":11,"key":"Dexterity Potion"},{"floor":16,"key":"animator:FalseLifePotion"},{"floor":19,"key":"SteroidPotion"},{"floor":28,"key":"Elixir"},{"floor":39,"key":"Block Potion"},{"floor":48,"key":"Weak Potion"},{"floor":55,"key":"EssenceOfSteel"}],"is_trial":false,"path_per_floor":["M","M","M","M","M","R","M","M","T","?","M","E","R","M","R","B",null,"M","M","$","?","?","R","M","R","T","R","M","M","T","$","R_BF","B",null,"M","M","?","?","?","R","$","R","T","R","?","M","T","M","R_BF","B",null,"R","??","$","E","B"],"character_chosen":"THE_ANIMATOR","items_purchased":["animator:Lelouch","animator:Kira","animator:Darkness+1","FairyPotion"],"campfire_rested":6,"item_purchase_floors":[20,31,31,41],"current_hp_per_floor":[66,66,66,63,63,63,57,54,54,54,36,15,35,32,52,10,67,60,30,30,14,14,34,34,54,54,68,68,47,47,47,47,26,68,57,29,29,29,54,70,70,70,70,70,80,80,80,43,43,3,80,80,80,80,3,0,0],"gold":401,"neow_bonus":"THREE_CARDS","is_daily":false,"chose_seed":false,"campfire_upgraded":0,"win_rate":0.0,"timestamp":1608047289,"path_taken":["M","M","M","M","M","R","M","M","T","?","?","E","R","M","R","BOSS","M","?","$","?","?","R","M","R","T","R","M","M","?","?","R_BF","BOSS","M","M","?","?","?","R","$","R","T","R","?","?","?","?","R_BF","BOSS","R","??","$","E","BOSS"],"items_purchased_type":["Card","Card","Card","Potion"],"build_version":"2020-12-13","purchased_purges":0,"victory":false,"max_hp_per_floor":[66,66,66,67,67,67,67,67,67,67,67,67,67,67,67,67,67,68,68,68,68,68,68,68,68,68,68,68,68,68,68,68,68,68,70,70,70,70,70,70,70,70,70,70,80,80,80,80,80,80,80,80,80,80,80,80,80],"card_choices":[{"not_picked":["animator:Souei","animator:Tatsumaki"],"picked":"animator:DolaSchwi","floor":1},{"not_picked":["animator:Konayuki","animator:Hakurou"],"picked":"animator:Benimaru","floor":2},{"not_picked":["animator:Chris","animator:Mitsurugi"],"picked":"animator:Tet","floor":3},{"not_picked":["animator:DolaSchwi","animator:ChlammyZell"],"picked":"animator:Shiro","floor":4},{"not_picked":["animator:WinryRockbell","animator:Sonic"],"picked":"animator:Ara","floor":5},{"not_picked":["animator:Shichika","animator:Emonzaemon"],"picked":"animator:ChlammyZell","floor":7},{"not_picked":["animator:CowGirl","animator:Chris"],"picked":"animator:YunYun","floor":8},{"not_picked":["animator:DolaCouronne","animator:DolaSchwi"],"picked":"animator:Tet","floor":11},{"not_picked":["animator:Wiz","animator:Azekura"],"picked":"animator:Shalltear","floor":12},{"not_picked":["animator:Shichika","animator:Shalltear"],"picked":"animator:DolaSchwi","floor":14},{"not_picked":["animator:Saitama","animator:Shizu"],"picked":"animator:Greed+1","floor":16},{"not_picked":["animator:Shuna","animator:Tet"],"picked":"animator:FielNirvalen+1","floor":18},{"not_picked":["animator:Tet","animator:FielNirvalen+1"],"picked":"animator:DolaSchwi","floor":19},{"not_picked":["animator:Nanami","animator:Elesis"],"picked":"animator:Aqua","floor":24},{"not_picked":["animator:Laby+1","animator:FielNirvalen+1"],"picked":"animator:UneriGinkaku+1","floor":28},{"not_picked":["animator:Raven+1","animator:Shion"],"picked":"animator:Kazuma","floor":29},{"not_picked":["animator:SwordMaiden","animator:Shiro+1"],"picked":"animator:Sora","floor":33},{"not_picked":["animator:Jibril","animator:DolaStephanie"],"picked":"animator:IzunaHatsuse","floor":35},{"not_picked":["animator:Lu+1","animator:LizardPriest"],"picked":"animator:DolaCouronne","floor":36},{"not_picked":["animator:QuestionMark","animator:Urushihara"],"picked":"animator:Kira","floor":37},{"not_picked":["animator:DolaRiku","animator:Sloth"],"picked":"animator:Kazuma","floor":39},{"not_picked":["animator:Kazuma+1","animator:MaesHughes","animator:Cocytus"],"picked":"SKIP","floor":46},{"not_picked":["animator:Priestess+1","animator:Verdia+1"],"picked":"animator:Rimuru","floor":48},{"not_picked":["animator:Vanir","animator:Aqua"],"picked":"animator:Chris","floor":55}],"player_experience":162215,"relics_obtained":[{"floor":12,"key":"Frozen Egg 2"},{"floor":21,"key":"Nilry\u0027s Codex"},{"floor":26,"key":"HornCleat"},{"floor":30,"key":"Gremlin Horn"},{"floor":34,"key":"MealTicket"},{"floor":34,"key":"Pantograph"},{"floor":34,"key":"WingedGreaves"},{"floor":39,"key":"Peace Pipe"},{"floor":43,"key":"Simple Rune"},{"floor":47,"key":"Onion Ring"},{"floor":49,"key":"Replay:Bottled Flurry"},{"floor":55,"key":"Nunchaku"}],"event_choices":[{"damage_healed":0,"gold_gain":0,"player_choice":"Bought 0 Potions","damage_taken":0,"max_hp_gain":0,"max_hp_loss":0,"event_name":"The Woman in Blue","floor":10,"gold_loss":0},{"damage_healed":0,"gold_gain":0,"player_choice":"Obtained Book","damage_taken":16,"max_hp_gain":0,"max_hp_loss":0,"event_name":"Cursed Tome","floor":21,"gold_loss":0},{"damage_healed":0,"gold_gain":0,"player_choice":"Memory 1","damage_taken":0,"max_hp_gain":0,"max_hp_loss":0,"event_name":"SensoryStone","floor":37,"gold_loss":0},{"cards_removed":["animator:FielNirvalen"],"damage_healed":0,"gold_gain":0,"player_choice":"Removed Power","damage_taken":0,"max_hp_gain":0,"max_hp_loss":0,"event_name":"Falling","floor":38,"gold_loss":0},{"damage_healed":0,"gold_gain":0,"player_choice":"Fight","damage_taken":0,"max_hp_gain":0,"max_hp_loss":0,"event_name":"MindBloom","floor":39,"gold_loss":0},{"cards_removed":["animator:Kira"],"damage_healed":0,"gold_gain":0,"player_choice":"Offered Rare","damage_taken":0,"max_hp_gain":10,"max_hp_loss":0,"event_name":"Bonfire Elementals","floor":45,"gold_loss":0}],"is_beta":false,"boss_relics":[{"not_picked":["Replay:Drink Me","animator:CursedBlade"],"picked":"Fusion Hammer"},{"not_picked":["Replay:Wanted Poster","Empty Cage"],"picked":"Calling Bell"}],"items_purged_floors":[],"is_endless":false,"potions_floor_spawned":[1,4,5,8,11,16,19,24,28,39,48,55],"killed_by":"The Heart","ascension_level":0}}