{"host":"fq53p46eudtfn1d2","time":1608039516,"event":{"mods":["BaseMod","Better Sensory Stone","Colored Powertips","Energized Spire","Minty Spire (QoL Compilation)","Permanent Neow","Quick Restart","StSLib","The Animator"],"gold_per_floor":[118,137,149,324,36,79,79,79,105,143,143,143,163,197,197,310,319,341,368,403,448,363,404,413,449,472,472,472],"floor_reached":27,"playtime":1959,"items_purged":["Doubt"],"score":356,"play_id":"82ef4251-8fe7-412a-8d72-c028df986b76","local_time":"20201215083836","daily_mods":["Draft"],"is_ascension_mode":true,"campfire_choices":[{"data":"Armaments","floor":8.0,"key":"SMITH"},{"data":"Armaments","floor":12.0,"key":"SMITH"},{"floor":15.0,"key":"RECALL"},{"floor":24,"key":"REST"}],"circlet_count":0,"master_deck":["Shockwave","Inflame","Rupture","Rage","Shrug It Off","Blood for Blood","Shrug It Off","Armaments+1","Heavy Blade","Flex","Feel No Pain","Armaments+1","Ghostly Armor","Pommel Strike","Iron Wave","Seeing Red","Fire Breathing","Wild Strike","Combust","Study","ReachHeaven","Barricade","CurseOfTheBell","Beam Cell+1","animator:Shinoa","Bite","Bite","Bite","Bite","Bite","animator:Boros","Worship","Caltrops"],"relics":["Burning Blood","PrismaticShard","CeramicFish","Bag of Preparation","Pen Nib","Calling Bell","Dream Catcher","Pear","Turnip","Red Mask","Paper Frog","PreservedInsect","Happy Flower","Centennial Puzzle"],"acts_visited":["Exordium","TheCity"],"potions_floor_usage":[20,23,23],"damage_taken":[{"damage":0.0,"enemies":"Cultist","floor":1.0,"turns":4.0},{"damage":0.0,"enemies":"2 Louse","floor":2.0,"turns":4.0},{"damage":7.0,"enemies":"Small Slimes","floor":3.0,"turns":4.0},{"damage":42.0,"enemies":"Gremlin Nob","floor":6.0,"turns":5.0},{"damage":3.0,"enemies":"Lagavulin","floor":10.0,"turns":6.0},{"damage":1.0,"enemies":"3 Louse","floor":13.0,"turns":3.0},{"damage":3.0,"enemies":"3 Sentries","floor":14.0,"turns":4.0},{"damage":27.0,"enemies":"Slime Boss","floor":16.0,"turns":7.0},{"damage":0.0,"enemies":"Spheric Guardian","floor":18.0,"turns":3.0},{"damage":50,"enemies":"Masked Bandits","floor":20,"turns":7},{"damage":43,"enemies":"Slavers","floor":23,"turns":5},{"damage":56,"enemies":"Book of Stabbing","floor":25,"turns":6},{"damage":9,"enemies":"3 Byrds","floor":27,"turns":2}],"seed_played":"-4276128803134513117","potions_obtained":[{"floor":1.0,"key":"Swift Potion"},{"floor":2.0,"key":"SkillPotion"},{"floor":3.0,"key":"BloodPotion"},{"floor":13.0,"key":"LiquidBronze"},{"floor":16.0,"key":"FearPotion"},{"floor":18.0,"key":"Block Potion"},{"floor":20,"key":"LiquidMemories"}],"is_trial":true,"path_per_floor":["M","M","M","?","$","E","?","R","T","E","?","R","M","E","R","B",null,"M","T","?","?","?","E","R","E","T","M"],"character_chosen":"IRONCLAD","items_purchased":["PrismaticShard","Combust"],"campfire_rested":1,"item_purchase_floors":[5,5],"current_hp_per_floor":[80,80,79,79,79,59,80,80,80,80,80,80,80,80,80,59,90,90,90,46,46,46,19,46,9,9,0,0],"gold":472,"neow_bonus":"","is_daily":false,"chose_seed":false,"campfire_upgraded":2,"win_rate":0.0,"timestamp":1608039516,"path_taken":["M","?","M","?","$","E","?","R","T","E","?","R","M","E","R","BOSS","M","?","?","?","?","E","R","E","T","?"],"items_purchased_type":["Relic","Card"],"build_version":"2020-12-13","purchased_purges":1,"victory":false,"max_hp_per_floor":[80,80,80,80,80,80,80,80,80,80,80,80,80,80,80,80,90,90,90,90,90,90,90,90,90,90,90,90],"card_choices":[{"not_picked":["Second Wind","Cleave"],"picked":"Shockwave","floor":0.0},{"not_picked":["Carnage","Shockwave"],"picked":"Inflame","floor":0.0},{"not_picked":["Hemokinesis","Twin Strike"],"picked":"Rupture","floor":0.0},{"not_picked":["Pommel Strike","Flame Barrier"],"picked":"Rage","floor":0.0},{"not_picked":["Sword Boomerang","True Grit"],"picked":"Shrug It Off","floor":0.0},{"not_picked":["Havoc","Sever Soul"],"picked":"Blood for Blood","floor":0.0},{"not_picked":["Heavy Blade","Twin Strike"],"picked":"Shrug It Off","floor":0.0},{"not_picked":["Pummel","Twin Strike"],"picked":"Armaments","floor":0.0},{"not_picked":["Warcry","Clothesline"],"picked":"Heavy Blade","floor":0.0},{"not_picked":["Wild Strike","Body Slam"],"picked":"Flex","floor":0.0},{"not_picked":["Twin Strike","Sentinel"],"picked":"Feel No Pain","floor":0.0},{"not_picked":["Iron Wave","Disarm"],"picked":"Armaments","floor":0.0},{"not_picked":["Intimidate","Clothesline"],"picked":"Ghostly Armor","floor":0.0},{"not_picked":["Wild Strike","Heavy Blade"],"picked":"Pommel Strike","floor":0.0},{"not_picked":["Clash","True Grit"],"picked":"Iron Wave","floor":0.0},{"not_picked":["Clash","Perfected Strike"],"picked":"Seeing Red","floor":1.0},{"not_picked":["Perfected Strike","Body Slam"],"picked":"Fire Breathing","floor":2.0},{"not_picked":["Havoc","Clothesline"],"picked":"Wild Strike","floor":3.0},{"not_picked":["Tactician","animator:ElricEdward"],"picked":"Study","floor":6.0},{"not_picked":["Juggernaut","animator:Jibril"],"picked":"animator:GazelDwargon","floor":10.0},{"not_picked":["animator:Elsword","animator:YaoHaDucy","animator:Benimaru"],"picked":"SKIP","floor":13.0},{"not_picked":["animator:Yoichi","Sunder"],"picked":"ReachHeaven","floor":14.0},{"not_picked":["Night Terror","Immolate"],"picked":"Barricade","floor":16.0},{"not_picked":["animator:TukaLunaMarceau","animator:ElricAlphonse"],"picked":"Beam Cell+1","floor":18.0},{"not_picked":["animator:NagisaMomoe+1","Streamline"],"picked":"animator:Shinoa","floor":20},{"not_picked":["Lockon","animator:MetalKnight"],"picked":"animator:Boros","floor":23},{"not_picked":["Anger","animator:Kuribayashi"],"picked":"Worship","floor":24},{"not_picked":["animator:WinryRockbell+1","LikeWater"],"picked":"Caltrops","floor":25}],"player_experience":354399,"relics_obtained":[{"floor":6.0,"key":"CeramicFish"},{"floor":10.0,"key":"Bag of Preparation"},{"floor":14.0,"key":"Pen Nib"},{"floor":17.0,"key":"Dream Catcher"},{"floor":17.0,"key":"Pear"},{"floor":17.0,"key":"Turnip"},{"floor":19.0,"key":"Blood Vial"},{"floor":20,"key":"Red Mask"},{"floor":23,"key":"PreservedInsect"},{"floor":25,"key":"Happy Flower"},{"floor":26,"key":"Centennial Puzzle"}],"event_choices":[{"damage_healed":0.0,"max_hp_gain":0.0,"max_hp_loss":0.0,"gold_gain":175.0,"event_name":"Liars Game","player_choice":"AGREE","floor":4.0,"gold_loss":0.0,"damage_taken":0.0,"cards_obtained":["Doubt"]},{"damage_healed":26.0,"max_hp_gain":0.0,"max_hp_loss":0.0,"gold_gain":0.0,"event_name":"Big Fish","player_choice":"Banana","floor":7.0,"gold_loss":0.0,"damage_taken":0.0},{"cards_removed":["animator:GazelDwargon"],"damage_healed":0.0,"max_hp_gain":0.0,"max_hp_loss":0.0,"gold_gain":0.0,"event_name":"Bonfire Elementals","player_choice":"Offered Uncommon","floor":11.0,"gold_loss":0.0,"damage_taken":0.0},{"damage_healed":0,"gold_gain":0,"player_choice":"Fought Bandits","damage_taken":0,"max_hp_gain":0,"max_hp_loss":0,"event_name":"Masked Bandits","floor":20,"gold_loss":0},{"damage_healed":0,"gold_gain":0,"player_choice":"Became a vampire (Vial)","damage_taken":0,"max_hp_gain":0,"max_hp_loss":0,"event_name":"Vampires","floor":21,"relics_lost":["Blood Vial"],"gold_loss":0,"cards_obtained":["Bite","Bite","Bite","Bite","Bite"]},{"damage_healed":0,"gold_gain":0,"player_choice":"Obtained Relic","damage_taken":0,"relics_obtained":["Paper Frog"],"max_hp_gain":0,"max_hp_loss":0,"event_name":"Addict","floor":22,"gold_loss":85}],"is_beta":false,"boss_relics":[{"not_picked":["Busted Crown","Snecko Eye"],"picked":"Calling Bell"}],"items_purged_floors":[5],"is_endless":false,"potions_floor_spawned":[1,2,3,13,16,18,20],"killed_by":"3 Byrds","ascension_level":1}}