{"host":"kh1j1cf337zr4nij","time":1608009951,"event":{"mods":["2.2 Compatiblity","AchievementEnabler","Act Like it!","Aspiration","BaseMod","Bestiary","CCEM","Colored Map","Colored Powertips","Conspire","Downfall","Energized Spire","Friendly Minions","FruityMod","GifTheSpireLib","Halation","Hermit","Highlight Path","Hubris","Jedi Mod","Minty Spire (QoL Compilation)","Quick Restart","Random Character Button","Relic Stats","Replay The Spire","StSLib","Stuff the Spire","SuperFastMode","Synergy Search","The Mystic","The Necromancer","Trackpad","vexMod"],"gold_per_floor":[99,99,24,58,58,76,76,109,132,132,232,248,258,258,268,268,268],"floor_reached":16,"playtime":866,"items_purged":[],"score":133,"play_id":"0d592f3e-c6bb-419f-b7ca-16a276aa351a","local_time":"20201215002551","is_ascension_mode":false,"campfire_choices":[{"floor":1,"key":"RECALL"},{"data":"mysticmod:RapidCaster","floor":3,"key":"SMITH"},{"data":"mysticmod:ArcaneDodge","floor":10,"key":"SMITH"}],"circlet_count":0,"master_deck":["mysticmod:Strike_Mystic","mysticmod:Strike_Mystic","mysticmod:Strike_Mystic","mysticmod:Defend_Mystic","mysticmod:Defend_Mystic","mysticmod:Defend_Mystic","mysticmod:Defend_Mystic","mysticmod:ArcaneDodge+1","mysticmod:ShockingGrasp+1","mysticmod:RapidCaster+1","mysticmod:ArcaneAccuracy","mysticmod:Alacrity","mysticmod:TomeOfSpells","mysticmod:HeavyStrike","mysticmod:KeenEdge","mysticmod:DiviningBlow","mysticmod:LightningBolt","mysticmod:IllusionOfCalm"],"relics":["mysticmod:SpellBook","downfall:HeartsMalice","downfall:HeartBlessingRed","hubris:FoxTail","Onion Ring","trackpad:AdjectivePendant","Toy Ornithopter","hubris:Icosahedron"],"acts_visited":["Exordium"],"potions_floor_usage":[11,11,16,16],"damage_taken":[{"damage":0,"enemies":"Cultist","floor":2,"turns":1},{"damage":0,"enemies":"Gremlin Nob","floor":4,"turns":1},{"damage":0,"enemies":"downfall:FleeingMerchant","floor":5,"turns":1},{"damage":7,"enemies":"Jaw Worm","floor":6,"turns":5},{"damage":22,"enemies":"Replay:BlueRogue","floor":8,"turns":8},{"damage":32,"enemies":"downfall:Heads","floor":11,"turns":8},{"damage":10,"enemies":"conspire:RoseBush","floor":12,"turns":4},{"damage":0,"enemies":"2 Fungi Beasts","floor":13,"turns":2},{"damage":3,"enemies":"Large Slime","floor":15,"turns":6},{"damage":24,"enemies":"downfall:Ironclad","floor":16,"turns":5}],"seed_played":"-7172670054438206170","potions_obtained":[{"floor":4,"key":"LifebloodPotion"},{"floor":6,"key":"GamblersBrew"},{"floor":8,"key":"hexamod:EctoCoolerPotion"},{"floor":12,"key":"sneckomod:MuddlingPotion"}],"is_trial":false,"path_per_floor":["R","M","R","E","$","M","T","E","T","R","?","M","M","?","M","B"],"character_chosen":"MYSTIC_CLASS","items_purchased":[],"campfire_rested":0,"item_purchase_floors":[],"current_hp_per_floor":[77,77,77,77,77,70,70,48,48,48,26,16,16,16,13,0,0],"gold":268,"neow_bonus":"THREE_ENEMY_KILL","is_daily":false,"chose_seed":false,"campfire_upgraded":2,"win_rate":0.0,"timestamp":1608009951,"path_taken":["R","?","R","E","$","M","T","E","?","R","?","M","M","?","M","BOSS"],"items_purchased_type":[],"build_version":"2020-12-13","purchased_purges":0,"victory":false,"max_hp_per_floor":[77,77,77,77,77,77,77,77,77,77,77,77,77,77,77,77,77],"relic_stats":{"counters":[10,38],"obtain_stats":[{"hubris:Icosahedron":14,"downfall:HeartBlessingRed":3,"mysticmod:SpellBook":0,"downfall:HeartsMalice":0,"Onion Ring":7,"hubris:FoxTail":4,"trackpad:AdjectivePendant":8,"Toy Ornithopter":9},{"hubris:Icosahedron":8,"downfall:HeartBlessingRed":1,"mysticmod:SpellBook":0,"downfall:HeartsMalice":0,"Onion Ring":4,"hubris:FoxTail":2,"trackpad:AdjectivePendant":5,"Toy Ornithopter":5},{"hubris:Icosahedron":27,"downfall:HeartBlessingRed":0,"mysticmod:SpellBook":0,"downfall:HeartsMalice":0,"Onion Ring":5,"hubris:FoxTail":0,"trackpad:AdjectivePendant":13,"Toy Ornithopter":13}],"Toy Ornithopter":20},"card_choices":[{"not_picked":["mysticmod:Probe","mysticmod:DiviningBlow"],"picked":"mysticmod:RapidCaster","floor":2},{"not_picked":["mysticmod:ArcaneAccuracy","mysticmod:SuddenClarity"],"picked":"mysticmod:EnergizedRift","floor":4},{"not_picked":["mysticmod:CorrosiveTouch","mysticmod:DiviningBlow"],"picked":"mysticmod:ArcaneAccuracy","floor":5},{"not_picked":["mysticmod:HeavyStrike","mysticmod:BulkUp"],"picked":"mysticmod:Alacrity","floor":6},{"not_picked":["mysticmod:SummonFamiliar","mysticmod:Probe"],"picked":"mysticmod:TomeOfSpells","floor":8},{"not_picked":["mysticmod:CorrosiveTouch","mysticmod:BladeMaster"],"picked":"mysticmod:HeavyStrike","floor":11},{"not_picked":["mysticmod:KeenEdge","mysticmod:VorpalThrust"],"picked":"mysticmod:DiviningBlow","floor":12},{"not_picked":["mysticmod:Natural20","mysticmod:Flourish"],"picked":"mysticmod:LightningBolt","floor":13},{"not_picked":["mysticmod:HunkerDown","mysticmod:MagicMissile"],"picked":"mysticmod:IllusionOfCalm","floor":15}],"player_experience":15121,"relics_obtained":[{"floor":4,"key":"hubris:FoxTail"},{"floor":7,"key":"Onion Ring"},{"floor":8,"key":"trackpad:AdjectivePendant"},{"floor":9,"key":"Toy Ornithopter"}],"event_choices":[],"is_beta":false,"boss_relics":[],"items_purged_floors":[],"is_endless":false,"potions_floor_spawned":[4,6,8,12],"killed_by":"downfall:Ironclad","ascension_level":0}}