{"host":"l85rtarfuh0ld3b1","time":1608053064,"event":{"mods":["Act Like it!","BaseMod","BetterRewards","CapriCore","Chen","Decade(王小明)","Gensokyo","KinomotoSakuraMod(木之本樱)","Koishi","Marisa（F雨　魔理沙）","Minty Spire (QoL Compilation)","Nova Terra(诺娃・泰拉)","Permanent Neow","Reimu（博丽灵梦）","Remilia（蕾米莉亚）","Shop Mod","StSLib","TestMod","The Administrix","The Immortal","The Servant 0.9.4","【东方二次创作】八云紫mod"],"gold_per_floor":[114,188,2896,2856,2856,2856,2888,2888,2888,2918,2918,2790,2889,2670,2670,2764,2764,2764,2644,2644,2701,2701,2701,2730,2738,2738,2738,2746,2776,2791,2445,2445,2545,2545,2563,2563,2578,3046,3072,2638,2668,2668,2691,2691,2323,2323,2061,2085,2085,2085,2085,2085,1729,1761,1761],"floor_reached":56,"playtime":2499,"items_purged":["Strike_MRS","Strike_MRS","Strike_MRS","Defend_MRS","Strike_MRS","Defend_MRS","Defend_MRS","Defend_MRS","MasterSpark","UpSweep","Wraith","Pain","Gluttony_TH","Orbital","Orbital","Orbital","FlawlessForm","Orbital+1","Gensokyo:AllTheWorldsEvil","Offering+1"],"score":2921,"play_id":"33ccf031-cb31-40e6-9f52-1bdb44c8ae6c","local_time":"20201216012423","is_ascension_mode":true,"campfire_choices":[{"data":"AdministrixMod:GuanyinBlessing","floor":6,"key":"SMITH"},{"data":"SuperPerseids","floor":8,"key":"SMITH"},{"data":"ManaConvection","floor":15,"key":"SMITH"},{"floor":23,"key":"RECALL"},{"floor":27,"key":"DIG"},{"floor":32,"key":"DIG"},{"floor":42,"key":"DIG"},{"floor":49,"key":"DIG"},{"floor":52,"key":"DIG"}],"circlet_count":0,"master_deck":["SuperPerseids+1","AscendersBane","ManaConvection+1","Solidify+1","ShootTheMoon+1","ButterflyHabitatTemple_purple+1","AdministrixMod:GuanyinBlessing+1","Adrenaline+1","Orbital+1","Adrenaline+1","Panache+1","ManaRampage+1","FlawlessForm+1","TreasureHunter+1","HeartBreak+1","JA+1"],"relics":["MiniHakkero","testmod-TestBox","testmod-Laevatain","MerchantsRug","Toy Ornithopter","Shovel","Mastiff:ReiMu","SimpleLauncher","testmod-HeartOfDaVinci","Du-Vu Doll","Molten Egg 2","Juzu Bracelet","CeramicFish","AntiCross","ClockworkSouvenir","testmod-CrystalShield","Chemical X","testmod-Acrobat","Medical Kit","Membership Card","testmod-IndustrialRevolution","testmod-Charity","Tiny Chest","Memoryfragments_purpleEX","AmplifyWand","Brimstone","AdministrixMod:GoldenChickadee","WingedGreaves","BreadOfAWashokuLover","Darkstone Periapt","Dream Catcher","HandmadeGrimoire","Question Card","Mummified Hand","testmod-ConstraintPeriapt","White Beast Statue","Frozen Egg 2","Gungnir","KSMOD_SwordJade","Meat on the Bone","Blood Vial","Prayer Wheel","Ice Cream","Busted Crown","Gensokyo:FoxMask","ShroomBag","SkyOrb:ReiMu","Antimatter_spacedebris","Bottled Tornado","Koishi:ColorfulDays","Whetstone","Toxic Egg 2","Koishi:LettersToReimu","BodyOfKamiR:ReiMu","Koishi:TeethAndClaws","PaperSwan","Blue Candle","InkBottle","ScarletHat","Bottled Flame","Chen:Catnip","testmod-Déjàvu","testmod-CyclicPeriapt","MagicBroom","FairyMaid","Tingsha","SproutingBranch"],"acts_visited":["Exordium","Gensokyo:Gensokyoer","TheBeyond","TheEnding"],"potions_floor_usage":[0,0,0,0,0,0,0,0,0,0,0,0,0,0,18,40],"damage_taken":[{"damage":0,"enemies":"Cultist","floor":1,"turns":1},{"damage":71,"enemies":"3 Sentries","floor":7,"turns":1},{"damage":63,"enemies":"Lagavulin","floor":10,"turns":1},{"damage":0,"enemies":"The Guardian","floor":16,"turns":1},{"damage":0,"enemies":"Gensokyo:Chomper","floor":18,"turns":1},{"damage":70,"enemies":"Gensokyo:Reisen","floor":24,"turns":1},{"damage":72,"enemies":"Gensokyo:Koishi","floor":29,"turns":1},{"damage":0,"enemies":"Gensokyo:2_Gloops","floor":30,"turns":1},{"damage":0,"enemies":"Gensokyo:Eternal_Rivals","floor":33,"turns":1},{"damage":0,"enemies":"3 Darklings","floor":35,"turns":1},{"damage":0,"enemies":"3 Shapes","floor":37,"turns":1},{"damage":0,"enemies":"Reptomancer","floor":41,"turns":2},{"damage":0,"enemies":"Awakened One","floor":50,"turns":2},{"damage":0,"enemies":"Shield and Spear","floor":54,"turns":1},{"damage":0,"enemies":"The Heart","floor":55,"turns":1}],"seed_played":"-9127669677306720390","potions_obtained":[{"floor":0,"key":"Ancient Potion"},{"floor":0,"key":"SkillPotion"},{"floor":0,"key":"PowerPotion"},{"floor":0,"key":"Dexterity Potion"},{"floor":0,"key":"SmokeBomb"},{"floor":1,"key":"Dexterity Potion"},{"floor":4,"key":"Swift Potion"},{"floor":4,"key":"Regen Potion"},{"floor":4,"key":"Swift Potion"},{"floor":7,"key":"Energy Potion"},{"floor":10,"key":"SpeedPotion"},{"floor":16,"key":"testmod-EscapePotion"},{"floor":18,"key":"SkillPotion"},{"floor":24,"key":"Ancient Potion"},{"floor":29,"key":"ZuzhouPotion:ReiMu"},{"floor":30,"key":"Fire Potion"},{"floor":33,"key":"AttackPotion"},{"floor":35,"key":"DistilledChaos"},{"floor":37,"key":"AttackPotion"},{"floor":41,"key":"BottledSpark"},{"floor":54,"key":"ZuzhouPotion:ReiMu"}],"is_trial":false,"path_per_floor":["M","?","$","?","?","R","E","R","T","E","T","$","?","$","R","B",null,"M","?","T","$","$","R","E","?","T","R","?","E","M","$","R","B",null,"M","?","M","$","T","$","E","R","T","?","$","?","$","T","R","B",null,"R","$","E","B",null],"character_chosen":"MARISA","items_purchased":["MerchantsRug","ManaConvection","Gremlin Horn","EntropicBrew","Toy Ornithopter","Kunai","testmod-MagicalMallet","Matryoshka","Shovel","Mastiff:ReiMu","testmod-Brilliant","Frozen Eye","Orbital","Omamori","testmod-OneHitWonder","SimpleLauncher","testmod-HeartOfDaVinci","testmod-Hope","TentaclePot:ReiMu","testmod-Antiphasic","Tea:ReiMu","testmod-Register","Du-Vu Doll","Molten Egg 2","OrangePellets","Letter Opener","Pan","Oddly Smooth Stone","Juzu Bracelet","TheAbacus","Anchor","Centennial Puzzle","PrismaticShard","CeramicFish","Nunchaku","EntropicBrew","AntiCross","ClockworkSouvenir","testmod-CrystalShield","HornCleat","Chemical X","testmod-RealStoneCalender","ShootTheMoon+1","testmod-Acrobat","Orichalcum","Toolbox","Uniform","Potion Belt","Lantern","Medical Kit","Orbital","EntropicBrew","Membership Card","testmod-IndustrialRevolution","testmod-Justice","Bag of Marbles","testmod-Charity","Ninja Scroll","Charon\u0027s Ashes","testmod-TurbochargingSystem","testmod-EqualTreatment","HandDrill","StoneCalendar","Unceasing Top","AdministrixMod:DragonsEyeCharm","Tiny Chest","testmod-SpacePotion","Memoryfragments_purpleEX","AmplifyWand","Sling","RuthlessExorcism:ReiMu","Brimstone","War Paint","MealTicket","Cauldron","StrikeDummy","testmod-Faith","AdministrixMod:GoldenChickadee","Lee\u0027s Waffle","Paper Crane","testmod-IWantAll","Fruit Juice","Paper Frog","TwistedFunnel","Pen Nib","Vajra","Champion Belt","Magic Flower","DollysMirror","Snake Skull","Bag of Preparation","Ginger","Gambling Chip","TypeBBloodRedTea","Pear","WingedGreaves","Akabeko","BreadOfAWashokuLover","CrazyTorch:ReiMu","Fruit Juice","Bronze Scales","Mercury Hourglass","Darkstone Periapt","testmod-LifeArmor","Happy Flower","testmod-Motorcycle","Panache","testmod-BlackFramedGlasses","Ornamental Fan","KSMOD_SealedBook","Strange Spoon","Fruit Juice","Dream Catcher","EntropicBrew","testmod-Muramasa","EntropicBrew","HandmadeGrimoire","Sundial","Shuriken","Boot","Question Card","testmod-IntensifyImprint","RomanBracelet","testmod-SpacePotion","PreservedInsect","Ancient Tea Set","Strawberry","Mango","ManaRampage","testmod-TheFather","Mummified Hand","EntropicBrew","testmod-DragonStarHat","Broom","testmod-AssaultLearning","testmod-ConstraintPeriapt","testmod-SpacePotion","FossilizedHelix","EntropicBrew","White Beast Statue","Tough Bandages","testmod-ArcanaOfDestiny","ScarletDevilRocket","Pantograph","Regal Pillow","Frozen Egg 2","Bottled Lightning","Art of War","Torii","TreasureHunter+1","KSMOD_Compass","Eternal Feather","Gungnir","Meat on the Bone","Blood Vial","Prayer Wheel","RedBat","Bottled Tornado","Toxic Egg 2","testmod-SpacePotion","PaperSwan","Blue Candle","InkBottle","ScarletHat","Bottled Flame","MagicBroom","JA+1","FairyMaid"],"campfire_rested":0,"item_purchase_floors":[0,0,0,0,0,0,0,0,0,0,0,0,0,0,0,0,0,0,0,0,0,0,0,0,0,0,0,0,0,0,0,0,0,0,0,0,0,0,0,0,0,0,0,0,0,0,0,0,0,0,0,0,0,0,0,0,0,0,0,0,0,0,0,0,0,0,0,0,0,0,0,0,0,0,0,0,0,0,0,0,0,0,0,0,0,0,0,0,0,0,0,0,0,0,0,0,0,0,0,0,0,0,0,0,0,0,0,0,0,0,0,0,0,0,0,0,0,0,0,0,0,0,0,0,0,0,0,0,0,0,0,0,0,0,0,0,0,0,0,0,0,0,0,0,0,0,0,0,0,0,0,0,0,12,14,14,21,31,40,40,45,45,45,47,47,53,53,53],"current_hp_per_floor":[179,158,269,269,269,269,206,206,206,147,147,147,148,148,148,159,258,266,266,266,278,278,278,217,218,218,218,225,169,180,181,181,229,326,337,337,349,361,362,367,381,381,382,382,382,370,371,372,372,385,385,385,386,394,399],"gold":1761,"neow_bonus":"","is_daily":false,"chose_seed":false,"campfire_upgraded":3,"win_rate":0.0,"timestamp":1608053063,"path_taken":["M","?","$","?","?","R","E","R","T","E","?","$","?","?","R","BOSS","M","?","?","$","$","R","E","?","T","R","?","E","M","$","R","BOSS","M","?","M","$","?","?","E","R","T","?","$","?","$","?","R","BOSS","R","$","E","BOSS"],"items_purchased_type":["Relic","Card","Relic","Potion","Relic","Relic","Relic","Relic","Relic","Relic","Relic","Relic","Card","Relic","Relic","Relic","Relic","Relic","Relic","Relic","Relic","Relic","Relic","Relic","Relic","Relic","Relic","Relic","Relic","Relic","Relic","Relic","Relic","Relic","Relic","Potion","Relic","Relic","Relic","Relic","Relic","Relic","Card","Relic","Relic","Relic","Relic","Relic","Relic","Relic","Card","Potion","Relic","Relic","Relic","Relic","Relic","Relic","Relic","Relic","Relic","Relic","Relic","Relic","Relic","Relic","Potion","Relic","Relic","Relic","Relic","Relic","Relic","Relic","Relic","Relic","Relic","Relic","Relic","Relic","Relic","Potion","Relic","Relic","Relic","Relic","Relic","Relic","Relic","Relic","Relic","Relic","Relic","Relic","Relic","Relic","Relic","Relic","Relic","Potion","Relic","Relic","Relic","Relic","Relic","Relic","Card","Relic","Relic","Relic","Relic","Potion","Relic","Potion","Relic","Potion","Relic","Relic","Relic","Relic","Relic","Relic","Relic","Potion","Relic","Relic","Relic","Relic","Card","Relic","Relic","Potion","Relic","Relic","Relic","Relic","Potion","Relic","Potion","Relic","Relic","Relic","Relic","Relic","Relic","Relic","Relic","Relic","Relic","Card","Relic","Relic","Relic","Relic","Relic","Relic","Relic","Relic","Relic","Potion","Relic","Relic","Relic","Relic","Relic","Relic","Card","Relic"],"build_version":"2020-12-13","purchased_purges":20,"victory":true,"max_hp_per_floor":[179,180,276,276,276,276,282,282,282,285,285,285,286,286,286,291,291,291,291,291,303,303,303,308,309,309,309,316,322,328,329,329,358,358,364,364,371,383,384,384,388,388,389,389,389,370,371,372,372,385,385,385,386,394,399],"card_choices":[{"not_picked":["Chen:Scratch+1","NovaMod:PulseGrenade+1","SharpContractionReality_purple+1","MokouMod:Scorch+1"],"picked":"SKIP","floor":1},{"not_picked":["6A+1","PowerUp","ShootingEcho+1","DoubleSpark+1"],"picked":"SKIP","floor":7},{"not_picked":["GrandCross+1","MagicAbsorber","AbsoluteMagnitude+1","AsteroidBelt"],"picked":"SKIP","floor":10},{"not_picked":["GrandCross+1","DarkMatter"],"picked":"SKIP","floor":18},{"not_picked":["SporeBomb","ShootingEcho+1"],"picked":"SKIP","floor":18},{"not_picked":["WitchLeyline+1","ShootTheMoon+1"],"picked":"SKIP","floor":24},{"not_picked":["DC+1","WitchOfGreed+1"],"picked":"SKIP","floor":29},{"not_picked":["Acceleration","SuperNova+1"],"picked":"SKIP","floor":30},{"not_picked":["EnergyFlow+1","WitchLeyline+1"],"picked":"SKIP","floor":30},{"not_picked":["Orbital","EarthLightRay"],"picked":"SKIP","floor":35},{"not_picked":["EnergyRecoil","WitchOfGreed+1"],"picked":"SKIP","floor":35},{"not_picked":["DoubleSpark+1","WitchLeyline+1"],"picked":"SKIP","floor":37},{"not_picked":["MilkyWay","OortCloud+1"],"picked":"SKIP","floor":37},{"not_picked":["GasGiant+1","DarkMatter+1"],"picked":"SKIP","floor":41},{"not_picked":["GravityBeat+1","LuminesStrike+1"],"picked":"SKIP","floor":54}],"player_experience":583927,"relics_obtained":[{"floor":7,"key":"KSMOD_SwordJade"},{"floor":9,"key":"AdministrixMod:AbandonedRose"},{"floor":10,"key":"KneeBrace"},{"floor":11,"key":"Red Skull"},{"floor":11,"key":"Calipers"},{"floor":16,"key":"Ice Cream"},{"floor":20,"key":"KSMOD_TouyasBicycle"},{"floor":24,"key":"ShroomBag"},{"floor":24,"key":"Koishi:BloodstainedWhiteRose"},{"floor":26,"key":"KaguraBell:ReiMu"},{"floor":27,"key":"SkyOrb:ReiMu"},{"floor":29,"key":"Antimatter_spacedebris"},{"floor":32,"key":"KSMOD_TeddyBear"},{"floor":33,"key":"TungstenRod"},{"floor":33,"key":"Decadriver"},{"floor":39,"key":"Whetstone"},{"floor":41,"key":"Koishi:LettersToReimu"},{"floor":42,"key":"BodyOfKamiR:ReiMu"},{"floor":43,"key":"Koishi:TeethAndClaws"},{"floor":48,"key":"Chen:Catnip"},{"floor":49,"key":"testmod-Déjàvu"},{"floor":52,"key":"testmod-CyclicPeriapt"},{"floor":54,"key":"Tingsha"},{"floor":54,"key":"SproutingBranch"}],"event_choices":[{"damage_healed":0,"gold_gain":75,"player_choice":"Gather Gold","damage_taken":11,"max_hp_gain":0,"max_hp_loss":0,"event_name":"World of Goop","floor":2,"gold_loss":0},{"damage_healed":0,"gold_gain":0,"player_choice":"Bought 3 Potions","damage_taken":0,"max_hp_gain":0,"max_hp_loss":0,"event_name":"The Woman in Blue","floor":4,"gold_loss":0},{"damage_healed":0,"gold_gain":0,"player_choice":"Leave","damage_taken":0,"max_hp_gain":0,"max_hp_loss":0,"event_name":"The Cleric","floor":5,"gold_loss":0},{"damage_healed":0,"gold_gain":100,"player_choice":"Pray","damage_taken":0,"max_hp_gain":0,"max_hp_loss":0,"event_name":"Golden Shrine","floor":13,"gold_loss":0},{"cards_removed":["Panache"],"damage_healed":0,"gold_gain":0,"player_choice":"Card Removal","damage_taken":0,"max_hp_gain":0,"max_hp_loss":0,"event_name":"Wheel of Change","floor":36,"gold_loss":0},{"damage_healed":0,"gold_gain":0,"player_choice":"Memory 1","damage_taken":0,"max_hp_gain":0,"max_hp_loss":0,"event_name":"SensoryStone","floor":44,"gold_loss":0},{"damage_healed":0,"gold_gain":0,"player_choice":"Max HP","damage_taken":0,"max_hp_gain":0,"max_hp_loss":19,"event_name":"Winding Halls","floor":46,"gold_loss":0}],"is_beta":false,"boss_relics":[{"not_picked":["Astrolabe","Seventeenyearold_girl_Forever"],"picked":"Busted Crown"},{"not_picked":["testmod-DeterminationOfClimber","SacredBark"],"picked":"Koishi:ColorfulDays"}],"items_purged_floors":[0,0,0,0,0,0,0,0,0,0,0,0,0,0,0,0,0,21,31,40],"is_endless":false,"potions_floor_spawned":[1,7,10,16,18,24,29,30,33,35,37,41,54],"ascension_level":12}}