{"host":"63yhhrjweyj22b0v","time":1608020760,"event":{"mods":["BaseMod","Minty Spire (QoL Compilation)","Quick Restart"],"gold_per_floor":[112,112,287,36,52,92,92,160,160,160,194,194,234,249,249,375,375,388,388,413,236,261,261,284,284,309,329,370,383,383,394,394,394,394],"floor_reached":33,"playtime":1096,"items_purged":["Doubt"],"score":326,"play_id":"208e8682-3235-4526-b8bd-40e76aa8263b","local_time":"20201215022600","is_ascension_mode":true,"campfire_choices":[{"data":"Redo","floor":7,"key":"SMITH"},{"floor":10,"key":"REST"},{"floor":12,"key":"REST"},{"data":"Amplify","floor":15,"key":"SMITH"},{"floor":23,"key":"REST"},{"floor":25,"key":"REST"},{"floor":32,"key":"REST"}],"circlet_count":0,"master_deck":["Strike_B","Strike_B","Strike_B","Strike_B","Defend_B","Defend_B","Defend_B","Defend_B","Zap","Dualcast","Redo+1","Melter","Doom and Gloom+1","Go for the Eyes+1","Amplify+1","Gash+1","Seek","Beam Cell+1","Capacitor","Go for the Eyes+1","Loop","FTL+1","Sweeping Beam+1","Beam Cell+1","Heatsinks+1"],"relics":["Cracked Core","NeowsBlessing","Bloody Idol","Shuriken","Molten Egg 2","Mummified Hand","FossilizedHelix","MealTicket","Nuclear Battery","Bronze Scales","Frozen Egg 2"],"acts_visited":["Exordium","TheCity"],"potions_floor_usage":[11,13,16,28,28,29],"damage_taken":[{"damage":0,"enemies":"2 Louse","floor":1,"turns":1},{"damage":0,"enemies":"Jaw Worm","floor":5,"turns":1},{"damage":0,"enemies":"Gremlin Nob","floor":6,"turns":1},{"damage":26,"enemies":"Lagavulin","floor":11,"turns":4},{"damage":13,"enemies":"Gremlin Nob","floor":13,"turns":4},{"damage":0,"enemies":"Cultist","floor":14,"turns":3},{"damage":13,"enemies":"Slime Boss","floor":16,"turns":7},{"damage":20,"enemies":"Shell Parasite","floor":18,"turns":4},{"damage":17,"enemies":"Chosen","floor":20,"turns":5},{"damage":26,"enemies":"Snake Plant","floor":22,"turns":4},{"damage":16,"enemies":"3 Cultists","floor":24,"turns":5},{"damage":0,"enemies":"Snecko","floor":27,"turns":3},{"damage":23,"enemies":"Book of Stabbing","floor":28,"turns":4},{"damage":10,"enemies":"Snake Plant","floor":29,"turns":4},{"damage":16,"enemies":"Centurion and Healer","floor":31,"turns":7},{"damage":71,"enemies":"Automaton","floor":33,"turns":6}],"seed_played":"6576054179732677484","potions_obtained":[{"floor":5,"key":"AttackPotion"},{"floor":6,"key":"Weak Potion"},{"floor":13,"key":"Regen Potion"},{"floor":18,"key":"LiquidBronze"},{"floor":27,"key":"SkillPotion"},{"floor":28,"key":"Fire Potion"}],"is_trial":false,"path_per_floor":["M","?","?","$","M","E","R","?","T","R","E","R","E","M","R","B",null,"M","?","M","$","M","R","M","R","T","M","E","M","?","M","R","B"],"character_chosen":"DEFECT","items_purchased":["Shuriken","Loop","FTL+1"],"campfire_rested":5,"item_purchase_floors":[4,21,21],"current_hp_per_floor":[75,57,57,57,57,57,57,57,57,75,49,71,58,58,58,54,75,55,55,38,53,27,49,33,55,55,55,32,22,22,11,33,0,0],"gold":394,"neow_bonus":"THREE_ENEMY_KILL","is_daily":false,"chose_seed":false,"campfire_upgraded":2,"win_rate":0.0,"timestamp":1608020760,"path_taken":["M","?","?","$","?","E","R","?","T","R","E","R","E","M","R","BOSS","M","?","M","$","?","R","?","R","T","M","E","M","?","M","R","BOSS"],"items_purchased_type":["Relic","Card","Card"],"build_version":"2020-12-13","purchased_purges":1,"victory":false,"max_hp_per_floor":[75,75,75,75,75,75,75,75,75,75,75,75,75,75,75,75,75,75,75,75,75,75,75,75,75,75,75,75,75,75,75,75,75,75],"card_choices":[{"not_picked":["Hologram","Conserve Battery"],"picked":"Redo","floor":1},{"not_picked":["Recycle","Conserve Battery"],"picked":"Melter","floor":5},{"not_picked":["Cold Snap+1","Stack"],"picked":"Doom and Gloom+1","floor":6},{"not_picked":["Turbo","Recycle"],"picked":"Go for the Eyes+1","floor":11},{"not_picked":["Heatsinks","Aggregate"],"picked":"Amplify","floor":13},{"not_picked":["Hologram","Fusion"],"picked":"Gash+1","floor":14},{"not_picked":["Fission","Rainbow"],"picked":"Seek","floor":16},{"not_picked":["Loop","Force Field"],"picked":"Beam Cell+1","floor":18},{"not_picked":["Stack","Barrage+1"],"picked":"Go for the Eyes+1","floor":20},{"not_picked":["Stack","Rainbow"],"picked":"Sweeping Beam+1","floor":22},{"not_picked":["Hologram","Recycle"],"picked":"Beam Cell+1","floor":24},{"not_picked":["Sweeping Beam+1","Redo"],"picked":"Heatsinks+1","floor":27},{"not_picked":["Rebound+1","Compile Driver+1","Go for the Eyes+1"],"picked":"SKIP","floor":28},{"not_picked":["Blizzard+1","Steam","Glacier"],"picked":"SKIP","floor":29},{"not_picked":["Skim+1","Go for the Eyes+1","Coolheaded"],"picked":"SKIP","floor":31}],"player_experience":586466,"relics_obtained":[{"floor":6,"key":"Molten Egg 2"},{"floor":9,"key":"Mummified Hand"},{"floor":11,"key":"FossilizedHelix"},{"floor":13,"key":"MealTicket"},{"floor":26,"key":"Bronze Scales"},{"floor":28,"key":"Frozen Egg 2"}],"event_choices":[{"damage_healed":0,"gold_gain":0,"player_choice":"Take Damage","damage_taken":18,"relics_obtained":["Golden Idol"],"max_hp_gain":0,"max_hp_loss":0,"event_name":"Golden Idol","floor":2,"gold_loss":0},{"damage_healed":0,"gold_gain":175,"player_choice":"AGREE","damage_taken":0,"max_hp_gain":0,"max_hp_loss":0,"event_name":"Liars Game","floor":3,"gold_loss":0,"cards_obtained":["Doubt"]},{"damage_healed":0,"gold_gain":68,"player_choice":"Gained Gold","damage_taken":0,"max_hp_gain":0,"max_hp_loss":0,"event_name":"Golden Wing","floor":8,"gold_loss":0},{"damage_healed":0,"gold_gain":0,"player_choice":"1 cards matched","damage_taken":0,"max_hp_gain":0,"max_hp_loss":0,"event_name":"Match and Keep!","floor":19,"gold_loss":0,"cards_obtained":["Capacitor"]},{"damage_healed":0,"gold_gain":0,"player_choice":"Gave Idol","damage_taken":0,"relics_obtained":["Bloody Idol"],"max_hp_gain":0,"max_hp_loss":0,"event_name":"Forgotten Altar","floor":30,"relics_lost":["Golden Idol"],"gold_loss":0}],"is_beta":false,"boss_relics":[{"not_picked":["Empty Cage","Philosopher\u0027s Stone"],"picked":"Nuclear Battery"}],"items_purged_floors":[21],"is_endless":false,"potions_floor_spawned":[5,6,13,18,27,28],"killed_by":"Automaton","ascension_level":1}}