{"host":"fbrxvuzpuc5mampy","time":1608038754,"event":{"mods":["BaseMod","Hermit","HololiveMod","Minty Spire (QoL Compilation)","Relic Stats","SOS（斯巴达之子）","StSLib","Td1madao Mod","The Administrix"],"gold_per_floor":[359,374,142,155,155,155,181,181,181,456,199,231,243,266,278,362,374,402,414,446,458,395,407,435,447,447],"floor_reached":25,"playtime":742,"items_purged":["Strike_R","Regret"],"score":376,"play_id":"c7ce560a-98ca-4712-92a2-4514d6456e84","local_time":"20201215212554","is_ascension_mode":true,"campfire_choices":[{"data":"Bash","floor":6.0,"key":"SMITH"},{"data":"TalkToTheHand","floor":8,"key":"SMITH"},{"data":"Offering","floor":13,"key":"SMITH"},{"floor":15,"key":"REST"},{"floor":23,"key":"REST"}],"circlet_count":0,"master_deck":["AscendersBane","Strike_R+1","Strike_R+1","Strike_R+1","Strike_R+1","Defend_R+1","Defend_R+1","Defend_R+1","Defend_R+1","Bash+1","Pommel Strike","TalkToTheHand+1","Offering+1"],"relics":["Burning Blood","PrismaticShard","Bottled Flame","Pen Nib","MawBank","Runic Cube"],"acts_visited":["Exordium","TheCity"],"potions_floor_usage":[12,18,24,25],"damage_taken":[{"damage":12.0,"enemies":"Small Slimes","floor":1.0,"turns":4.0},{"damage":6.0,"enemies":"Cultist","floor":2.0,"turns":3.0},{"damage":12.0,"enemies":"Jaw Worm","floor":4.0,"turns":3.0},{"damage":10.0,"enemies":"Gremlin Nob","floor":7.0,"turns":3.0},{"damage":34,"enemies":"Lagavulin","floor":12,"turns":4},{"damage":30,"enemies":"Large Slime","floor":14,"turns":4},{"damage":54,"enemies":"The Guardian","floor":16,"turns":13},{"damage":34,"enemies":"3 Byrds","floor":18,"turns":6},{"damage":23,"enemies":"Spheric Guardian","floor":20,"turns":4},{"damage":21,"enemies":"Snake Plant","floor":24,"turns":4},{"damage":26,"enemies":"Book of Stabbing","floor":25,"turns":3}],"seed_played":"67062283649867452","potions_obtained":[{"floor":1.0,"key":"Fire Potion"},{"floor":4.0,"key":"Explosive Potion"},{"floor":7,"key":"BloodPotion"},{"floor":12,"key":"ColorlessPotion"},{"floor":20,"key":"SteroidPotion"},{"floor":24,"key":"Fruit Juice"}],"is_trial":false,"path_per_floor":["M","M","$","M","?","R","E","R","T","?","$","E","R","M","R","B",null,"M","?","M","$","?","R","M","E"],"character_chosen":"IRONCLAD","items_purchased":["PrismaticShard","Offering"],"campfire_rested":2,"item_purchase_floors":[3,11],"current_hp_per_floor":[44,44,44,38,75,75,71,71,71,71,71,58,58,34,56,8,58,30,30,13,13,13,35,25,0,0],"gold":447,"neow_bonus":"TWO_FIFTY_GOLD","is_daily":false,"chose_seed":false,"campfire_upgraded":3,"win_rate":0.0,"timestamp":1608038754,"path_taken":["M","M","$","M","?","R","E","R","T","?","?","E","R","?","R","BOSS","M","?","M","$","?","R","M","E"],"items_purchased_type":["Relic","Card"],"build_version":"2020-12-13","purchased_purges":2,"victory":false,"max_hp_per_floor":[75,75,75,75,75,75,75,75,75,75,75,75,75,75,75,75,75,75,75,75,75,75,75,80,80,80],"relic_stats":{"counters":[11,51],"Pen Nib":[8],"MawBank":156,"obtain_stats":[{"Bottled Flame":7,"Pen Nib":9,"PrismaticShard":3,"MawBank":12,"Burning Blood":0,"Runic Cube":17},{"Bottled Flame":4,"Pen Nib":4,"PrismaticShard":2,"MawBank":5,"Burning Blood":0,"Runic Cube":7},{"Bottled Flame":13,"Pen Nib":13,"PrismaticShard":7,"MawBank":17,"Burning Blood":0,"Runic Cube":34}],"Burning Blood":60,"Runic Cube":[23]},"card_choices":[{"not_picked":["Hemokinesis","Havoc"],"picked":"Pommel Strike","floor":1.0},{"not_picked":["Pummel","Body Slam"],"picked":"Searing Blow","floor":2.0},{"not_picked":["Hololive_Yoholoon","hermit:WideOpen"],"picked":"Battle Trance","floor":4.0},{"not_picked":["Impervious","Uppercut"],"picked":"TalkToTheHand","floor":7},{"not_picked":["AdministrixMod:FalseDeath","LucifercomboD","Acrobatics"],"picked":"SKIP","floor":12},{"not_picked":["AdministrixMod:FalseDeath","LucifercomboD","Acrobatics"],"picked":"SKIP","floor":12},{"not_picked":["AdministrixMod:NoblePath","hermit:EyeOfTheStorm","AdministrixMod:FuneraryRites"],"picked":"SKIP","floor":14},{"not_picked":["Chargeshoot2+1","Gunslinger","Heavy Blade"],"picked":"SKIP","floor":18},{"not_picked":["hermit:Malice","Hololive_Trident","Hololive_CallCivia"],"picked":"SKIP","floor":20},{"not_picked":["Blade Dance","Prostrate","AdministrixMod:BloodBargain"],"picked":"SKIP","floor":24}],"player_experience":420592,"relics_obtained":[{"floor":7,"key":"Bottled Flame"},{"floor":9,"key":"Pen Nib"},{"floor":12,"key":"MawBank"}],"event_choices":[{"cards_removed":["Searing Blow"],"damage_healed":37.0,"max_hp_gain":0.0,"max_hp_loss":0.0,"gold_gain":0.0,"event_name":"Bonfire Elementals","player_choice":"Offered Uncommon","floor":5.0,"gold_loss":0.0,"damage_taken":0.0},{"damage_healed":0,"gold_gain":275,"player_choice":"Desecrate","damage_taken":0,"max_hp_gain":0,"max_hp_loss":0,"event_name":"Golden Shrine","floor":10,"gold_loss":0,"cards_obtained":["Regret"]},{"damage_healed":0,"gold_gain":0,"player_choice":"Simplicity","damage_taken":0,"max_hp_gain":0,"max_hp_loss":0,"event_name":"Back to Basics","floor":19,"gold_loss":0,"cards_upgraded":["Strike_R","Strike_R","Strike_R","Strike_R","Defend_R","Defend_R","Defend_R","Defend_R"]},{"cards_removed":["Battle Trance"],"damage_healed":0,"gold_gain":0,"player_choice":"Gave Gold","damage_taken":0,"max_hp_gain":0,"max_hp_loss":0,"event_name":"Beggar","floor":22,"gold_loss":75}],"is_beta":false,"boss_relics":[{"not_picked":["Runic Dome","Runic Pyramid"],"picked":"Runic Cube"}],"items_purged_floors":[3,11],"is_endless":false,"potions_floor_spawned":[1,4,7,12,20,24],"killed_by":"Book of Stabbing","ascension_level":16}}