{"host":"mvw7i28zi3kj0eu9","time":1608034021,"event":{"mods":["AchievementEnabler","BaseMod","Better Third Choice","BetterRewards","Block Reminder","Conspire","Custom Start","Downfall","Energized Spire","Halation","Hermit","Hubris","Infinite Spire","Jorbs\u0027s Wanderer Trilogy","Minty Spire (QoL Compilation)","Replay The Spire","Shop Mod","Small Relic Pack","Spikes Relics","StSLib","The Blue Laboratory","The Necromancer","The Servant 0.9.4","Virulent Crown"],"gold_per_floor":[117,136,136,136,61,94,48,48,48,60,86,103,118,150,150,248,248,268,285,285,313,313,313,338,338,363,263,280,299,299,309,309,412,412,431,431,446,446,459,490,365,391,391,422,422,422,442,461,461,566,566,569,579,579,594,600,626,626,167,167,171,194,204,204,204,204,252,252,255,6,15,15,15,34,52,64,102,114,120,143,153,165,177,267,279,303,310,322,334,346,366,411,427,452,452,456,456,449,448,530,579,579,589,589,589,600,565,565,569,569,569,569,569,584,593,585,585,641,641,648,496,595,600,600,609,609,609,684,690,690,690,690,690,690,749,749,772,626,626,626,722,719,719,715,715,718,718,718,725,712,712,734,734,734,590,608,648],"floor_reached":158,"playtime":5914,"items_purged":["Defend_B","Strike_B","Strike_B","Decay","Writhe","Strike_B","expansioncontent:DecasProtection+1"],"score":4453,"play_id":"ff46924b-4562-4a85-a20f-1191e30ed0dc","local_time":"20201215130701","is_ascension_mode":false,"campfire_choices":[{"data":"Rainbow","floor":8.0,"key":"SMITH"},{"data":"hubris:PowerSurge","floor":15.0,"key":"SMITH"},{"data":"hubris:PowerSurge","floor":23,"key":"SMITH"},{"data":"Capacitor","floor":25,"key":"SMITH"},{"data":"Barrage","floor":32,"key":"SMITH"},{"data":"Glacier","floor":46,"key":"SMITH"},{"floor":49,"key":"REST"},{"data":"Ball Lightning","floor":58,"key":"SMITH"},{"floor":78,"key":"REST"},{"floor":108,"key":"DIG"},{"floor":110,"key":"DIG"},{"floor":117,"key":"DIG"},{"floor":127,"key":"DIG"},{"data":"infinitespire:Oblivion","floor":131,"key":"SMITH"},{"floor":134,"key":"DIG"},{"floor":147,"key":"DIG"},{"floor":151,"key":"DIG"},{"floor":154,"key":"DIG"}],"circlet_count":0,"master_deck":["Zap+1","Dualcast+1","Ball Lightning+1","Ball Lightning+1","Rainbow+1","Cold Snap+1","Capacitor+1","Glacier+1","hubris:PowerSurge+1","Barrage+1","hubris:PowerSurge+1","Ball Lightning+1","Rainbow+1","Mirror Shield+1","CurseOfTheBell","Amplify+1","hubris:DoWhile+1","Consume+1","infinitespire:Oblivion+1","Meteor Strike","Mirror Shield+1","White Noise+1"],"relics":["Cracked Core","infinitespire:WardingShard","Anchor","Sling","ReplayTheSpireMod:Ring of Collecting","Centennial Puzzle","ShockBauble","energizedSpire:CursedPentagram","Toxic Egg 2","Red Mask","halation:AfternoonTea","Vajra","Runic Pyramid","Bag of Marbles","Geode","Ring of Peace","Snack Pack","hubris:SphereOfDissonance","Philosopher\u0027s Stone","hubris:RGBLights","SuspiciousGoo","RoseTintedShades","Ring of Panic","ReplayTheSpireMod:Ring of Addiction","Chameleon Ring","Potion Belt","conspire:RunicOctahedron","Quantum Egg","Incense Burner","ReplayTheSpireMod:Ring of Challenge","Juzu Bracelet","ReplayTheSpireMod:Ring of Exchange","Ancient Tea Set","conspire:BottledYoYo","Shovel","Meat on the Bone","MerchantsRug","RollingBoulder","infinitespire:Beetle Shell","relicPack:AllForOne","Omamori","conspire:SpecialSausage","hubris:EvacipatedBox","hubris:FruitBowl","hubris:TenFootPole","CeramicFish","HornCleat","Ring of Hypnosis","Unceasing Top","infinitespire:Freezer","Carrot","Blue Doll","Strawberry","infinitespire:Satchel","DataDisk","energizedSpire:MagnifyingGlass","Bag of Preparation","Nloth\u0027s Gift","Replay:Mystery Machine","hubris:Towel","Whetstone","infinitespire:EmpoweringShard","Ring of Shattering","halation:EternalFortune","hubris:SlimyHat","SlaversCollar","OrangePellets","CaptainsWheel","Darkstone Periapt","Emotion Chip","Gremlin Food","hubris:ScarierMask","Mercury Hourglass","Replay:Antivirus Software","Art of War"],"acts_visited":["Exordium","TheCity","TheBeyond","Exordium","TheCity","TheBeyond","Exordium","TheCity","TheBeyond","TheEnding"],"potions_floor_usage":[21,40,63,67,69,80,81,84,86,91,96,99,101,101,114,116,118,129,137,142,152],"damage_taken":[{"damage":0.0,"enemies":"2 Louse","floor":1.0,"turns":2.0},{"damage":1.0,"enemies":"Jaw Worm","floor":2.0,"turns":2.0},{"damage":18.0,"enemies":"Lagavulin","floor":6.0,"turns":4.0},{"damage":0.0,"enemies":"Cultist","floor":10.0,"turns":2.0},{"damage":0.0,"enemies":"Replay:BlueRogue","floor":11.0,"turns":4.0},{"damage":6.0,"enemies":"Exordium Wildlife","floor":12.0,"turns":3.0},{"damage":0.0,"enemies":"3 Louse","floor":13.0,"turns":2.0},{"damage":0.0,"enemies":"Gremlin Nob","floor":14.0,"turns":3.0},{"damage":16.0,"enemies":"Hexaghost","floor":16.0,"turns":8.0},{"damage":0.0,"enemies":"2 Thieves","floor":18.0,"turns":3.0},{"damage":0.0,"enemies":"3 Byrds","floor":19.0,"turns":4.0},{"damage":0,"enemies":"Masked Bandits","floor":21,"turns":3},{"damage":0,"enemies":"Cultist and Chosen","floor":28,"turns":3},{"damage":0,"enemies":"Snake Plant","floor":29,"turns":3},{"damage":0,"enemies":"conspire:HollyBat","floor":31,"turns":5},{"damage":24,"enemies":"hubris:MusketHawk","floor":33,"turns":5},{"damage":0,"enemies":"3 Shapes","floor":35,"turns":4},{"damage":16,"enemies":"3 Darklings","floor":37,"turns":4},{"damage":0,"enemies":"Transient","floor":39,"turns":5},{"damage":42,"enemies":"Nightmare","floor":40,"turns":7},{"damage":3,"enemies":"R_Hoarder","floor":42,"turns":8},{"damage":0,"enemies":"Nemesis","floor":44,"turns":4},{"damage":5,"enemies":"4 Shapes","floor":47,"turns":3},{"damage":0,"enemies":"Jaw Worm Horde","floor":48,"turns":4},{"damage":24,"enemies":"Time Eater","floor":50,"turns":9},{"damage":0,"enemies":"Small Slimes","floor":52,"turns":2},{"damage":0,"enemies":"Jaw Worm","floor":53,"turns":2},{"damage":0,"enemies":"2 Louse","floor":55,"turns":1},{"damage":0,"enemies":"Exordium Wildlife","floor":56,"turns":2},{"damage":0,"enemies":"Gremlin Nob","floor":57,"turns":2},{"damage":0,"enemies":"Looter","floor":61,"turns":2},{"damage":0,"enemies":"Blue Slaver","floor":63,"turns":2},{"damage":0,"enemies":"Fading Forest","floor":67,"turns":11},{"damage":0,"enemies":"Spheric Guardian","floor":69,"turns":2},{"damage":2,"enemies":"3 Byrds","floor":71,"turns":2},{"damage":0,"enemies":"Book of Stabbing","floor":74,"turns":3},{"damage":46,"enemies":"Nightmare","floor":75,"turns":6},{"damage":0,"enemies":"Cultist and Chosen","floor":79,"turns":3},{"damage":0,"enemies":"Masked Bandits","floor":80,"turns":3},{"damage":0,"enemies":"Chosen and Byrds","floor":81,"turns":2},{"damage":0,"enemies":"Automaton","floor":84,"turns":5},{"damage":0,"enemies":"Orb Walker","floor":86,"turns":1},{"damage":0,"enemies":"3 Darklings","floor":87,"turns":3},{"damage":0,"enemies":"Nightmare","floor":91,"turns":4},{"damage":0,"enemies":"Nemesis","floor":93,"turns":4},{"damage":0,"enemies":"Sphere and 2 Shapes","floor":96,"turns":2},{"damage":0,"enemies":"Maw","floor":98,"turns":5},{"damage":0,"enemies":"Giant Head","floor":99,"turns":6},{"damage":55,"enemies":"Replay:Hell Engine","floor":101,"turns":10},{"damage":0,"enemies":"Jaw Worm","floor":103,"turns":2},{"damage":0,"enemies":"2 Louse","floor":106,"turns":1},{"damage":0,"enemies":"Cultist","floor":109,"turns":1},{"damage":0,"enemies":"Lagavulin","floor":114,"turns":3},{"damage":0,"enemies":"Nightmare","floor":116,"turns":8},{"damage":0,"enemies":"Fading Forest","floor":118,"turns":11},{"damage":0,"enemies":"3 Byrds","floor":120,"turns":2},{"damage":0,"enemies":"2 Thieves","floor":123,"turns":2},{"damage":0,"enemies":"Book of Stabbing","floor":125,"turns":3},{"damage":0,"enemies":"Snake Plant","floor":129,"turns":1},{"damage":0,"enemies":"hubris:MusketHawk","floor":135,"turns":3},{"damage":0,"enemies":"Orb Walker","floor":137,"turns":1},{"damage":0,"enemies":"R_Hoarder","floor":142,"turns":4},{"damage":0,"enemies":"Giant Head","floor":144,"turns":4},{"damage":0,"enemies":"3 Darklings","floor":146,"turns":2},{"damage":0,"enemies":"Sphere and 2 Shapes","floor":149,"turns":1},{"damage":0,"enemies":"Maw","floor":150,"turns":4},{"damage":0,"enemies":"hubris:GrandSnecko","floor":152,"turns":10},{"damage":0,"enemies":"Shield and Spear","floor":156,"turns":3},{"damage":24,"enemies":"The Heart","floor":157,"turns":8}],"seed_played":"2237507160593282117","potions_obtained":[{"floor":6.0,"key":"SpeedPotion"},{"floor":10.0,"key":"sneckomod:MuddlingPotion"},{"floor":11.0,"key":"Fire Potion"},{"floor":18.0,"key":"blueLaboratory:ConsumingVoid"},{"floor":33,"key":"SteroidPotion"},{"floor":37,"key":"FocusPotion"},{"floor":42,"key":"BlessingOfTheForge"},{"floor":62,"key":"champ:CounterPotion"},{"floor":62,"key":"blueLaboratory:StoneskinPotion"},{"floor":66,"key":"Block Potion"},{"floor":66,"key":"Cursed Concoction"},{"floor":75,"key":"Swift Potion"},{"floor":79,"key":"Weak Potion"},{"floor":80,"key":"PowerPotion"},{"floor":83,"key":"blueLaboratory:HummingbirdPotion"},{"floor":84,"key":"BlessingOfTheForge"},{"floor":86,"key":"ColorlessPotion"},{"floor":99,"key":"blueLaboratory:BottledHope"},{"floor":101,"key":"SkillPotion"},{"floor":103,"key":"FearPotion"},{"floor":106,"key":"SkillPotion"},{"floor":114,"key":"blueLaboratory:ArtificerPotion"},{"floor":118,"key":"blueLaboratory:ConsumingVoid"},{"floor":123,"key":"SkillPotion"},{"floor":125,"key":"FocusPotion"},{"floor":135,"key":"PowerPotion"},{"floor":150,"key":"conspire:TimeTravelPotion"},{"floor":156,"key":"blueLaboratory:Moonshine"}],"is_trial":false,"path_per_floor":["M","M","?","?","$","E","$","R","T","M","E","M","M","E","R","B",null,"M","M","AVR","?","?","R","T","R","T","$","M","M","?","M","R","B",null,"M","?","M","?","M","NM","$","E","T","E","AVR","R","M","M","R","B",null,"M","M","?","M","M","E","R","$","T","M","T","M","?","?","R","B",null,"M","$","M","?","?","E","NM","$","T","R","M","?","M","T","R","B",null,"M","M","?","?","?","NM","$","E","T","?","M","?","M","E","R","B",null,"M","?","$","M","?","R","M","R","T","$","?","E","AVR","NM","R","B",null,"M","$","?","M","?","E","?","R","T","M","$","R","?","?","R","B",null,"M","$","?","?","?","E","?","E","T","M","R","$","M","M","R","B",null,"R","$","E","B",null],"character_chosen":"DEFECT","items_purchased":["infinitespire:WardingShard","Ball Lightning","Ball Lightning","Anchor","Sling","Cold Snap","SuspiciousGoo","Quantum Egg","MerchantsRug","hubris:EvacipatedBox","hubris:FruitBowl","hubris:TenFootPole","CeramicFish","Bag of Preparation","OrangePellets","Replay:Antivirus Software"],"campfire_rested":2,"item_purchase_floors":[0,0,0,0,0,7,59,70,92,105,105,105,105,121,138,155],"current_hp_per_floor":[75,74,74,74,74,56,56,56,56,56,56,50,50,50,50,34,75,75,75,75,75,75,75,75,75,75,75,75,75,75,75,75,51,75,75,75,59,59,59,17,17,14,14,16,16,16,11,13,35,30,75,75,75,75,75,75,75,75,75,75,75,75,75,75,75,75,73,73,73,73,71,71,71,71,25,25,25,45,58,61,63,66,66,67,67,70,70,70,70,68,68,68,68,68,66,66,66,66,66,66,27,66,66,66,1,17,37,37,41,41,41,41,30,42,52,54,54,72,73,73,73,70,70,70,67,67,67,64,68,68,68,72,69,69,69,66,70,70,70,70,59,61,64,67,67,64,64,64,69,69,69,66,66,66,66,63,41],"gold":648,"neow_bonus":"","is_daily":false,"chose_seed":false,"campfire_upgraded":8,"win_rate":0.0,"timestamp":1608034021,"path_taken":["M","M","?","?","?","E","$","R","T","M","E","M","M","E","R","BOSS","M","M","AVR","?","?","R","?","R","T","$","?","M","?","M","R","BOSS","M","?","M","?","M","NM","$","E","T","E","AVR","R","?","M","R","BOSS","M","M","?","?","M","E","R","$","T","M","?","M","?","?","R","BOSS","M","?","M","?","?","E","NM","$","T","R","M","?","M","?","R","BOSS","M","M","?","?","?","NM","$","E","T","?","M","?","M","E","R","BOSS","M","?","?","M","?","R","M","R","T","$","?","E","AVR","NM","R","BOSS","M","$","?","M","?","E","?","R","T","M","$","R","?","?","R","BOSS","M","$","?","?","?","E","?","E","T","M","R","$","M","M","R","BOSS","R","$","E","BOSS"],"items_purchased_type":["Relic","Card","Card","Relic","Relic","Card","Relic","Relic","Relic","Relic","Relic","Relic","Relic","Relic","Relic","Relic"],"build_version":"2020-12-13","purchased_purges":7,"victory":true,"max_hp_per_floor":[75,75,75,75,75,75,75,75,75,75,75,75,75,75,75,75,75,75,75,75,75,75,75,75,75,75,75,75,75,75,75,75,75,75,75,75,75,75,75,75,75,75,75,75,75,75,75,75,75,75,75,75,75,75,75,75,75,75,75,75,75,75,75,75,75,75,73,73,73,73,73,73,71,71,71,69,69,69,67,67,67,67,67,67,67,70,70,70,70,68,68,68,68,68,66,66,66,66,66,66,66,66,66,66,64,68,68,65,69,69,66,66,66,63,73,73,73,73,73,73,73,70,70,70,67,67,67,64,68,68,68,72,69,69,69,66,70,70,70,70,67,67,67,67,67,64,64,64,69,69,69,66,66,66,66,63,63],"card_choices":[{"not_picked":["Leap","Heatsinks","Streamline"],"picked":"SKIP","floor":1.0},{"not_picked":["Streamline","Barrage","Leap"],"picked":"SKIP","floor":2.0},{"not_picked":["DiskWipe","Chaos"],"picked":"Rainbow","floor":6.0},{"not_picked":["Hologram","White Noise"],"picked":"Capacitor","floor":10.0},{"not_picked":["ReplayTheSpireMod:Calculation Training","ReplayTheSpireMod:Reroute Power"],"picked":"Glacier","floor":11.0},{"not_picked":["Hologram","Beam Cell","Tempest"],"picked":"SKIP","floor":12.0},{"not_picked":["Go for the Eyes","Redo"],"picked":"hubris:PowerSurge","floor":13.0},{"not_picked":["Stack","Coolheaded","conspire:Rain"],"picked":"SKIP","floor":14.0},{"not_picked":["Rip and Tear","Sweeping Beam","Crystallizer"],"picked":"SKIP","floor":18.0},{"not_picked":["Rebound","ReplaySort"],"picked":"Barrage","floor":19.0},{"not_picked":["Blizzard","Redo+1"],"picked":"Ball Lightning","floor":28},{"not_picked":["Redo+1","Sweeping Beam","Compile Driver"],"picked":"SKIP","floor":29},{"not_picked":["ReplayTheSpireMod:Reroute Power+1","Compile Driver","Chaos+1"],"picked":"SKIP","floor":31},{"not_picked":["Rebound+1","Hologram+1","Beam Cell+1"],"picked":"SKIP","floor":35},{"not_picked":["Panacea+1","expansioncontent:Torchfire"],"picked":"expansioncontent:DecasProtection+1","floor":36},{"not_picked":["Steam+1","conspire:Rain+1","Compile Driver+1"],"picked":"SKIP","floor":37},{"not_picked":["Doom and Gloom+1","Streamline","Sweeping Beam+1"],"picked":"SKIP","floor":39},{"not_picked":["Go for the Eyes+1","DiskWipe+1","Recycle+1"],"picked":"SKIP","floor":40},{"not_picked":["Barrage","Hologram+1","Gash"],"picked":"SKIP","floor":42},{"not_picked":["Sweeping Beam","Coolheaded+1","Ball Lightning+1"],"picked":"SKIP","floor":44},{"not_picked":["Multi-Cast+1","Turbo+1","Streamline"],"picked":"SKIP","floor":47},{"not_picked":["Gash+1","Blizzard+1","Coolheaded+1"],"picked":"SKIP","floor":48},{"not_picked":["Panic Button+1","Doom and Gloom","Streamline"],"picked":"SKIP","floor":52},{"not_picked":["Conserve Battery+1","Turbo+1","Hologram+1"],"picked":"SKIP","floor":53},{"not_picked":["Force Field+1","Steam+1","conspire:Rain+1"],"picked":"SKIP","floor":55},{"not_picked":["Coolheaded+1","Recycle+1","Hologram+1"],"picked":"SKIP","floor":56},{"not_picked":["ReplayTheSpireMod:Dual Polarity+1","Panic Button+1","Doom and Gloom"],"picked":"SKIP","floor":57},{"not_picked":["Stack+1","Go for the Eyes","Hello World"],"picked":"SKIP","floor":61},{"not_picked":["Stack+1","Go for the Eyes","Hello World"],"picked":"SKIP","floor":61},{"not_picked":["Sunder","hubris:Prefetch+1","Chaos+1"],"picked":"SKIP","floor":63},{"not_picked":["hubris:DoWhile+1","ReplayRNGCard+1"],"picked":"Mirror Shield+1","floor":67},{"not_picked":["Conserve Battery+1","Rebound","ReplayTheSpireMod:Dual Polarity+1"],"picked":"SKIP","floor":69},{"not_picked":["Chaos+1","DiskWipe","Streamline"],"picked":"SKIP","floor":71},{"not_picked":["Conserve Battery+1","Barrage","Coolheaded+1"],"picked":"SKIP","floor":74},{"not_picked":["Steam+1","Undo+1","Mirror Shield+1"],"picked":"SKIP","floor":75},{"not_picked":["Self Repair","Hologram+1","Beam Cell"],"picked":"SKIP","floor":79},{"not_picked":["Rebound+1","ReplaySolidLightProjector+1","Streamline"],"picked":"SKIP","floor":81},{"not_picked":["Panic Button+1","Hologram+1","Reinforced Body+1"],"picked":"SKIP","floor":86},{"not_picked":["Compile Driver+1","Reprogram+1","Coolheaded+1"],"picked":"SKIP","floor":87},{"not_picked":["Time Bomb+1","Sweeping Beam","Redo+1"],"picked":"SKIP","floor":91},{"not_picked":["hubris:PowerSurge+1","BasicCrystalCard+1"],"picked":"Amplify+1","floor":93},{"not_picked":["Time Bomb+1","Panic Button+1","Steam+1"],"picked":"SKIP","floor":96},{"not_picked":["Gash","Skim+1","Go for the Eyes"],"picked":"SKIP","floor":98},{"not_picked":["Lockon","BasicCrystalCard+1","BootSequence+1"],"picked":"SKIP","floor":99},{"not_picked":["Seek+1","Echo Form"],"picked":"hubris:DoWhile+1","floor":101},{"not_picked":["Beam Cell","Cold Snap"],"picked":"Consume+1","floor":103},{"not_picked":["Hologram+1","conspire:Rain+1","BasicCrystalCard+1"],"picked":"SKIP","floor":106},{"not_picked":["Steam+1","Barrage","Force Field+1"],"picked":"SKIP","floor":109},{"not_picked":["Compile Driver","Biased Cognition","Ball Lightning"],"picked":"SKIP","floor":114},{"not_picked":["Reprogram+1","Undo+1","Cold Snap"],"picked":"SKIP","floor":116},{"not_picked":["Reprogram+1","Undo+1","Cold Snap"],"picked":"SKIP","floor":116},{"not_picked":["Reprogram+1","Undo+1","Cold Snap"],"picked":"SKIP","floor":116},{"not_picked":["Rainbow+1","All For One"],"picked":"Meteor Strike","floor":118},{"not_picked":["BasicCrystalCard+1","Hologram+1","Scrape"],"picked":"SKIP","floor":120},{"not_picked":["Streamline","Cold Snap","ReplayTheSpireMod:System Scan+1"],"picked":"SKIP","floor":123},{"not_picked":["Rebound","Gash","Double Energy+1"],"picked":"SKIP","floor":125},{"not_picked":["Leap+1","Go for the Eyes+1"],"picked":"Mirror Shield+1","floor":129},{"not_picked":["Streamline","Panic Button+1"],"picked":"White Noise+1","floor":137},{"not_picked":["Steam+1","Hologram+1","Seek+1"],"picked":"SKIP","floor":142},{"not_picked":["Rainbow+1","Fission+1","ReplayTheSpireMod:Omega Cannon"],"picked":"SKIP","floor":144},{"not_picked":["Hologram+1","Panic Button+1","Ball Lightning+1"],"picked":"SKIP","floor":146},{"not_picked":["DiskWipe","Turbo+1","Static Discharge+1"],"picked":"SKIP","floor":149},{"not_picked":["Echo Form","BasicCrystalCard+1","Conserve Battery+1"],"picked":"SKIP","floor":150},{"not_picked":["Hologram+1","Reprogram+1","Ball Lightning"],"picked":"SKIP","floor":156}],"player_experience":856636,"relics_obtained":[{"floor":3.0,"key":"ReplayTheSpireMod:Ring of Collecting"},{"floor":6.0,"key":"Centennial Puzzle"},{"floor":9.0,"key":"ShockBauble"},{"floor":11.0,"key":"War Paint"},{"floor":21,"key":"Red Mask"},{"floor":24,"key":"halation:AfternoonTea"},{"floor":26,"key":"Vajra"},{"floor":40,"key":"Bag of Marbles"},{"floor":42,"key":"Geode"},{"floor":43,"key":"Ring of Peace"},{"floor":43,"key":"Snack Pack"},{"floor":44,"key":"hubris:SphereOfDissonance"},{"floor":57,"key":"hubris:RGBLights"},{"floor":60,"key":"RoseTintedShades"},{"floor":60,"key":"Ring of Panic"},{"floor":62,"key":"ReplayTheSpireMod:Ring of Addiction"},{"floor":62,"key":"Chameleon Ring"},{"floor":62,"key":"Potion Belt"},{"floor":74,"key":"MawBank"},{"floor":75,"key":"Incense Burner"},{"floor":77,"key":"ReplayTheSpireMod:Ring of Challenge"},{"floor":77,"key":"Juzu Bracelet"},{"floor":80,"key":"Circlet"},{"floor":82,"key":"ReplayTheSpireMod:Ring of Exchange"},{"floor":85,"key":"Ancient Tea Set"},{"floor":85,"key":"conspire:BottledYoYo"},{"floor":85,"key":"Shovel"},{"floor":91,"key":"Meat on the Bone"},{"floor":93,"key":"RollingBoulder"},{"floor":94,"key":"infinitespire:Beetle Shell"},{"floor":99,"key":"Omamori"},{"floor":108,"key":"HornCleat"},{"floor":111,"key":"Ring of Hypnosis"},{"floor":111,"key":"Unceasing Top"},{"floor":114,"key":"Blue Doll"},{"floor":116,"key":"infinitespire:Satchel"},{"floor":117,"key":"DataDisk"},{"floor":125,"key":"Replay:Mystery Machine"},{"floor":127,"key":"Whetstone"},{"floor":128,"key":"infinitespire:EmpoweringShard"},{"floor":128,"key":"Ring of Shattering"},{"floor":134,"key":"hubris:SlimyHat"},{"floor":142,"key":"CaptainsWheel"},{"floor":144,"key":"Darkstone Periapt"},{"floor":145,"key":"Emotion Chip"},{"floor":147,"key":"Gremlin Food"},{"floor":149,"key":"halation:EternalFortune"},{"floor":154,"key":"Mercury Hourglass"},{"floor":156,"key":"Art of War"}],"event_choices":[{"cards_removed":["Amnesia"],"damage_healed":0.0,"max_hp_gain":0.0,"max_hp_loss":0.0,"gold_gain":0.0,"event_name":"Living Wall","player_choice":"Forget","floor":4.0,"gold_loss":0.0,"damage_taken":0.0},{"damage_healed":0,"gold_gain":0,"player_choice":"Fought Bandits","damage_taken":0,"max_hp_gain":0,"max_hp_loss":0,"event_name":"Masked Bandits","floor":21,"gold_loss":0},{"damage_healed":0,"gold_gain":0,"player_choice":"Read","damage_taken":0,"max_hp_gain":0,"max_hp_loss":0,"event_name":"The Library","floor":22,"gold_loss":0,"cards_obtained":["hubris:PowerSurge"]},{"damage_healed":0,"gold_gain":0,"player_choice":"Opened","damage_taken":0,"relics_obtained":["WingedGreaves"],"max_hp_gain":0,"max_hp_loss":0,"event_name":"The Mausoleum","floor":30,"gold_loss":0,"cards_obtained":["Writhe"]},{"damage_healed":0,"gold_gain":0,"player_choice":"Memory 1","damage_taken":0,"max_hp_gain":0,"max_hp_loss":0,"event_name":"SensoryStone","floor":36,"gold_loss":0},{"damage_healed":0,"gold_gain":0,"player_choice":"Copied","damage_taken":0,"max_hp_gain":0,"max_hp_loss":0,"event_name":"Duplicator","floor":38,"gold_loss":0,"cards_obtained":["Rainbow"]},{"damage_healed":0,"gold_gain":0,"player_choice":"Upgraded","damage_taken":0,"max_hp_gain":0,"max_hp_loss":0,"event_name":"Upgrade Shrine","floor":54,"gold_loss":0,"cards_upgraded":["Dualcast"]},{"cards_removed":["Strike_B"],"damage_healed":0,"gold_gain":0,"player_choice":"Purged","damage_taken":0,"max_hp_gain":0,"max_hp_loss":0,"event_name":"Purifier","floor":65,"gold_loss":0},{"damage_healed":0,"gold_gain":0,"player_choice":"Leave","damage_taken":0,"max_hp_gain":0,"max_hp_loss":0,"event_name":"conspire:Investor","floor":72,"gold_loss":0},{"cards_removed":["Defend_B"],"damage_healed":0,"gold_gain":0,"player_choice":"Purged","damage_taken":0,"max_hp_gain":0,"max_hp_loss":0,"event_name":"Purifier","floor":73,"gold_loss":0},{"damage_healed":0,"gold_gain":0,"player_choice":"Fought Bandits","damage_taken":0,"max_hp_gain":0,"max_hp_loss":0,"event_name":"Masked Bandits","floor":80,"gold_loss":0},{"damage_healed":0,"gold_gain":0,"player_choice":"Ignored","damage_taken":0,"max_hp_gain":0,"max_hp_loss":0,"event_name":"Transmorgrifier","floor":89,"gold_loss":0},{"damage_healed":0,"gold_gain":0,"player_choice":"Ignored","damage_taken":0,"max_hp_gain":0,"max_hp_loss":0,"event_name":"NoteForYourself","floor":95,"gold_loss":0},{"damage_healed":0,"gold_gain":0,"player_choice":"Bought 0 Potions","damage_taken":0,"max_hp_gain":0,"max_hp_loss":0,"event_name":"The Woman in Blue","floor":104,"gold_loss":0},{"damage_healed":17,"gold_gain":0,"player_choice":"Healed","damage_taken":0,"max_hp_gain":0,"max_hp_loss":0,"event_name":"The Cleric","floor":107,"gold_loss":35},{"damage_healed":0,"gold_gain":1,"player_choice":"Relic Relic ","damage_taken":31,"max_hp_gain":0,"max_hp_loss":0,"event_name":"betterThird:BetterScrap","floor":113,"gold_loss":0,"cards_obtained":["Blasphemy"]},{"damage_healed":0,"gold_gain":99,"player_choice":"Steal","damage_taken":0,"max_hp_gain":0,"max_hp_loss":0,"event_name":"betterThird:BetterNest","floor":122,"gold_loss":0},{"damage_healed":0,"gold_gain":0,"player_choice":"Traded Relic","damage_taken":0,"relics_obtained":["Nloth\u0027s Gift"],"max_hp_gain":0,"max_hp_loss":0,"event_name":"N\u0027loth","floor":124,"relics_lost":["Circlet"],"gold_loss":0},{"damage_healed":0,"gold_gain":0,"player_choice":"Ignored","damage_taken":0,"max_hp_gain":0,"max_hp_loss":0,"event_name":"Beggar","floor":133,"gold_loss":0},{"damage_healed":0,"gold_gain":0,"player_choice":"Ignored","damage_taken":0,"max_hp_gain":0,"max_hp_loss":0,"event_name":"NoteForYourself","floor":139,"gold_loss":0},{"damage_healed":0,"gold_gain":0,"player_choice":"Ignored","damage_taken":0,"max_hp_gain":0,"max_hp_loss":0,"event_name":"Purifier","floor":143,"gold_loss":0}],"is_beta":false,"boss_relics":[{"not_picked":["relicPack:KazumaCape","energizedSpire:HugeHouse"],"picked":"energizedSpire:CursedPentagram"},{"not_picked":["halation:HeavySnake","energizedSpire:EnergizedDie"],"picked":"Runic Pyramid"},{"not_picked":["Black Star","ReplayTheSpireMod:DimensionalGlitch"],"picked":"Empty Cage"},{"not_picked":["Replay:Wanted Poster","Nuclear Battery"],"picked":"conspire:RunicOctahedron"},{"not_picked":["relicPack:ShieldShield","halation:SmartPhone"],"picked":"Calling Bell"},{"not_picked":["energizedSpire:StickyHand","Strange Spoon"],"picked":"conspire:SpecialSausage"},{"not_picked":["energizedSpire:EnergizedDie","Astrolabe","Calling Bell"],"picked":"energizedSpire:MagnifyingGlass"},{"not_picked":["halation:LoveArrow","ChewingGum","hubris:HollowSoul"],"picked":"SlaversCollar"},{"not_picked":["hubris:VirtuousBlindfold","energizedSpire:OgreHead","halation:Prosthetics"],"picked":"hubris:ScarierMask"}],"items_purged_floors":[5,20,27,41,45,59,105],"is_endless":true,"potions_floor_spawned":[6,10,11,18,19,33,37,39,42,52,53,57,61,75,79,80,84,86,96,99,101,103,106,114,118,123,125,135,142,150,156],"ascension_level":0}}