{"host":"ks12kfi5c4d9hdxy","time":1608020037,"event":{"mods":["BaseMod","Conspire","GifTheSpireLib","Koishi","LagranYue(拉格朗・月)","Marisa（F雨　魔理沙）","Minty Spire (QoL Compilation)","Reimu（博丽灵梦）","Remilia（蕾米莉亚）","Replay The Spire","RumiaBox-露米娅的神秘盒子","StSLib","SuperFastMode","The Administrix","The Servant 0.9.4","Youmu（魂魄妖梦）","Yuyuko","【功能Mod】混沌之环修复补丁","【功能Mod】聪明的最终Boss","篝火指南"],"gold_per_floor":[115,115,128,49,49,93,93,129,129,129,172,172,215,48,48,137,137,162,162,178,201,201,244,244,194,239,239,274,74,112,132,132,228,228,251,265,280,0,0,0,38,59,59,59,74,115,115,154,154,154,154],"floor_reached":50,"playtime":2083,"items_purged":["Delirium"],"score":1498,"play_id":"8785e466-098e-484f-8d65-a824791ec537","local_time":"20201215161357","is_ascension_mode":true,"campfire_choices":[{"data":"UpSweep","floor":10.0,"key":"SMITH"},{"data":"SprinkleStarSeal","floor":15.0,"key":"SMITH"},{"data":"Pot Of Greed","floor":24.0,"key":"SMITH"},{"floor":27.0,"key":"REST"},{"floor":32.0,"key":"REST"},{"data":"Pot Of Greed","floor":40,"key":"SMITH"},{"data":"Pot Of Greed","floor":44,"key":"SMITH"},{"data":"MaximisePower","floor":47,"key":"SMITH"},{"data":"OortCloud","floor":49,"key":"SMITH"}],"circlet_count":0,"master_deck":["AscendersBane","Strike_MRS","Strike_MRS","Strike_MRS","Strike_MRS+1","Defend_MRS","Defend_MRS","Defend_MRS","Defend_MRS","MasterSpark","UpSweep+1","UnstableBomb","OortCloud+1","ShootTheMoon","ShootingEcho","SprinkleStarSeal+1","Singularity","OortCloud","Flash of Steel","MillisecondPulsars+1","MilkyWay","WitchLeyline+1","Pot Of Greed+1","Pot Of Greed+1","MaximisePower+1","Acceleration","Pot Of Greed+1","Acceleration+1","ManaConvection+1","UltimateShortwave","Parasite","SporeBomb+1","GasGiant","PropBag+1"],"relics":["BewitchedHakkero","LagranYue:RandomDrawCardRelic","NeowsBlessing","Golden Idol","Quantum Egg","Strawberry","Boot","Matryoshka","Ring of Searing","Ring of Misfortune","Tea:ReiMu","conspire:RunicOctahedron","MutagenicStrength","Grinning Jar","Shuriken","Lantern","conspire:Dentures","Bag of Preparation","conspire:TopHat","Red Mask","Art of War","Orichalcum","Pantograph","LastBattle","Anchor","Mummified Hand"],"acts_visited":["Exordium","TheCity","TheBeyond"],"potions_floor_usage":[41,42,45,45],"damage_taken":[{"damage":0.0,"enemies":"Jaw Worm","floor":1.0,"turns":1.0},{"damage":0.0,"enemies":"Cultist","floor":3.0,"turns":1.0},{"damage":0.0,"enemies":"Gremlin Nob","floor":6.0,"turns":1.0},{"damage":1.0,"enemies":"Replay:BlueRogue","floor":8.0,"turns":4.0},{"damage":29.0,"enemies":"3 Sentries","floor":11.0,"turns":8.0},{"damage":11.0,"enemies":"Replay:BlueRogue","floor":13.0,"turns":6.0},{"damage":0.0,"enemies":"The Guardian","floor":16.0,"turns":12.0},{"damage":16.0,"enemies":"Shell Parasite","floor":18.0,"turns":4.0},{"damage":4.0,"enemies":"Spheric Guardian","floor":20.0,"turns":5.0},{"damage":0.0,"enemies":"Snecko","floor":21.0,"turns":7.0},{"damage":8.0,"enemies":"conspire:Head Lice","floor":23.0,"turns":7.0},{"damage":12.0,"enemies":"Replay:Snechameleon","floor":28.0,"turns":6.0},{"damage":17.0,"enemies":"Gremlin Leader","floor":30.0,"turns":5.0},{"damage":15.0,"enemies":"Shelled Parasite and Fungi","floor":31.0,"turns":5.0},{"damage":27.0,"enemies":"Automaton","floor":33.0,"turns":5.0},{"damage":7.0,"enemies":"Orb Walker","floor":35.0,"turns":3.0},{"damage":12.0,"enemies":"3 Darklings","floor":36.0,"turns":4.0},{"damage":9,"enemies":"Writhing Mass","floor":37,"turns":3},{"damage":13,"enemies":"R_Hoarder","floor":41,"turns":3},{"damage":9,"enemies":"Maw","floor":42,"turns":4},{"damage":0,"enemies":"Jaw Worm Horde","floor":45,"turns":1},{"damage":2,"enemies":"Nemesis","floor":46,"turns":3},{"damage":0,"enemies":"Giant Head","floor":48,"turns":3},{"damage":139,"enemies":"conspire:OrnateMirror","floor":50,"turns":1}],"seed_played":"8692610792266913808","potions_obtained":[{"floor":1.0,"key":"BlessingOfTheForge"},{"floor":2.0,"key":"AttackPotion"},{"floor":8.0,"key":"Ancient Potion"},{"floor":11.0,"key":"BlessingOfTheForge"},{"floor":16.0,"key":"SteroidPotion"},{"floor":23.0,"key":"ColorlessPotion"},{"floor":31.0,"key":"Ancient Potion"},{"floor":35.0,"key":"conspire:TimeTravelPotion"},{"floor":41,"key":"conspire:TimeTravelPotion"},{"floor":42,"key":"SteroidPotion"},{"floor":48,"key":"PowerPotion"}],"is_trial":false,"path_per_floor":["M","?","M","$","?","E","?","E","T","R","E","?","E","$","R","B",null,"M","?","M","M","?","E","R","?","T","R","E","$","E","M","R","B",null,"M","M","M","?","?","R","E","M","T","R","M","E","R","E","R","B"],"character_chosen":"MARISA","items_purchased":["ShootTheMoon","Flash of Steel","Bag of Preparation","Acceleration+1"],"campfire_rested":2,"item_purchase_floors":[4,14,29,29],"current_hp_per_floor":[63,63,63,63,63,63,68,74,74,74,45,45,34,34,56,56,70,54,54,50,50,50,42,42,42,42,64,52,52,35,20,42,15,60,53,41,32,32,32,54,54,54,54,54,54,52,52,52,52,0,0],"gold":154,"neow_bonus":"THREE_ENEMY_KILL","is_daily":false,"chose_seed":false,"campfire_upgraded":7,"win_rate":0.0,"timestamp":1608020037,"path_taken":["M","?","?","$","?","E","?","E","T","R","E","?","E","?","R","BOSS","M","?","M","M","?","E","R","?","T","R","E","$","E","M","R","BOSS","M","M","?","?","?","R","E","M","T","R","M","E","R","E","R","BOSS"],"items_purchased_type":["Card","Card","Relic","Card"],"build_version":"2020-12-13","purchased_purges":1,"victory":false,"max_hp_per_floor":[70,70,70,70,63,63,68,75,75,75,75,75,75,75,75,75,75,75,75,75,75,75,75,75,75,75,75,75,75,75,75,75,75,75,75,75,75,75,75,75,75,75,75,75,75,75,75,75,75,75,75],"card_choices":[{"not_picked":["OrrerysSun","EnergyFlow"],"picked":"UnstableBomb","floor":1.0},{"not_picked":["UnstableBomb","PulseMagic","OortCloud"],"picked":"SKIP","floor":3.0},{"not_picked":["UnstableBomb","PulseMagic"],"picked":"OortCloud","floor":3.0},{"not_picked":["GalacticHalo","GravityBeat"],"picked":"ShootingEcho","floor":6.0},{"not_picked":["EventHorizon","GravityBeat"],"picked":"SprinkleStarSeal","floor":8.0},{"not_picked":["DoubleSpark","SporeBomb"],"picked":"Singularity","floor":11.0},{"not_picked":["MagicAbsorber","PulseMagic"],"picked":"OortCloud","floor":13.0},{"not_picked":["MaximisePower","BigCrunch"],"picked":"MillisecondPulsars","floor":16.0},{"not_picked":["DoubleSpark+1","Occultation"],"picked":"MilkyWay","floor":18.0},{"not_picked":["GalacticHalo","MysteriousBeam","GravityBeat+1"],"picked":"SKIP","floor":20.0},{"not_picked":["DarkSpark+1","AlicesGift"],"picked":"WitchLeyline+1","floor":21.0},{"not_picked":["JA","SporeBomb"],"picked":"MaximisePower","floor":23.0},{"not_picked":["SporeBomb","MeteoricShower+1"],"picked":"Acceleration","floor":28.0},{"not_picked":["DoubleSpark","UnstableBomb+1","EnergyRecoil"],"picked":"SKIP","floor":30.0},{"not_picked":["DC","LuminesStrike"],"picked":"ManaConvection+1","floor":31.0},{"not_picked":["StarDustReverie","BigCrunch"],"picked":"UltimateShortwave","floor":33.0},{"not_picked":["MilkyWay","GrandCross","GalacticHalo"],"picked":"SKIP","floor":35.0},{"not_picked":["GrandCross","AsteroidBelt","SprinkleStarSeal"],"picked":"SKIP","floor":36.0},{"not_picked":["MilkyWay","GrandCross+1","SporeBomb+1"],"picked":"SKIP","floor":37},{"not_picked":["MilkyWay","GrandCross+1"],"picked":"SporeBomb+1","floor":37},{"not_picked":["GalacticHalo+1","IllusionStar"],"picked":"GasGiant","floor":41},{"not_picked":["ChargeUpSpray+1","AsteroidBelt","IllusionStar"],"picked":"SKIP","floor":42},{"not_picked":["IllusionStar+1","MagicAbsorber","UnstableBomb+1"],"picked":"SKIP","floor":45},{"not_picked":["SuperPerseids","JA"],"picked":"PropBag+1","floor":46},{"not_picked":["GrandCross+1","GravityBeat","UnstableBomb+1"],"picked":"SKIP","floor":48}],"player_experience":496928,"relics_obtained":[{"floor":6.0,"key":"Quantum Egg"},{"floor":8.0,"key":"Strawberry"},{"floor":9.0,"key":"Boot"},{"floor":11.0,"key":"Matryoshka"},{"floor":12.0,"key":"Ring of Searing"},{"floor":12.0,"key":"Ring of Misfortune"},{"floor":13.0,"key":"Tea:ReiMu"},{"floor":23.0,"key":"Grinning Jar"},{"floor":26.0,"key":"Shuriken"},{"floor":26.0,"key":"Lantern"},{"floor":28.0,"key":"conspire:Dentures"},{"floor":30.0,"key":"conspire:TopHat"},{"floor":41,"key":"Art of War"},{"floor":43,"key":"Orichalcum"},{"floor":43,"key":"Pantograph"},{"floor":46,"key":"LastBattle"},{"floor":48,"key":"Anchor"}],"event_choices":[{"damage_healed":0.0,"max_hp_gain":0.0,"max_hp_loss":0.0,"gold_gain":0.0,"event_name":"Lab","player_choice":"Got Potions","floor":2.0,"gold_loss":0.0,"damage_taken":0.0},{"damage_healed":0.0,"max_hp_gain":0.0,"max_hp_loss":7.0,"gold_gain":0.0,"event_name":"Golden Idol","player_choice":"Lose Max HP","floor":5.0,"gold_loss":0.0,"damage_taken":0.0,"relics_obtained":["Golden Idol"]},{"damage_healed":0.0,"max_hp_gain":5.0,"max_hp_loss":0.0,"gold_gain":0.0,"event_name":"Big Fish","player_choice":"Donut","floor":7.0,"gold_loss":0.0,"damage_taken":0.0},{"damage_healed":0.0,"max_hp_gain":0.0,"max_hp_loss":0.0,"gold_gain":0.0,"event_name":"Drug Dealer","player_choice":"Inject Mutagens","floor":19.0,"gold_loss":0.0,"damage_taken":0.0,"relics_obtained":["MutagenicStrength"]},{"damage_healed":0.0,"max_hp_gain":0.0,"max_hp_loss":0.0,"gold_gain":0.0,"event_name":"Cursed Tome","player_choice":"Ignored","floor":22.0,"gold_loss":0.0,"damage_taken":0.0},{"damage_healed":0.0,"max_hp_gain":0.0,"max_hp_loss":0.0,"gold_gain":0.0,"event_name":"Designer","player_choice":"Upgraded Two","floor":25.0,"gold_loss":50.0,"damage_taken":0.0,"cards_upgraded":["MillisecondPulsars","Strike_MRS"]},{"damage_healed":0,"gold_gain":0,"player_choice":"Paid","damage_taken":0,"relics_obtained":["Red Mask"],"max_hp_gain":0,"max_hp_loss":0,"event_name":"Tomb of Lord Red Mask","floor":38,"gold_loss":280},{"damage_healed":0,"gold_gain":0,"player_choice":"0 cards matched","damage_taken":0,"max_hp_gain":0,"max_hp_loss":0,"event_name":"Match and Keep!","floor":39,"gold_loss":0,"cards_obtained":[]}],"is_beta":false,"boss_relics":[{"not_picked":["conspire:RoyalGoblet","Calling Bell"],"picked":"conspire:RunicOctahedron"},{"not_picked":["Snecko Eye","Runic Dome"],"picked":"BewitchedHakkero"}],"items_purged_floors":[14],"is_endless":false,"potions_floor_spawned":[1,8,11,16,23,31,33,35,41,42,48],"killed_by":"conspire:OrnateMirror","ascension_level":18}}