{"host":"g9y2ptialarrkhtq","time":1608040189,"event":{"mods":["Act Like it!","BaseMod","Downfall","Minty Spire (QoL Compilation)","StSLib"],"gold_per_floor":[99,133,133,99,24,42,66,216,141,175,200,220,220,230,241,241,241],"floor_reached":16,"playtime":958,"items_purged":[],"score":133,"play_id":"1fbec0da-5e72-49a4-83d5-b818a485f465","local_time":"20201215214949","is_ascension_mode":false,"campfire_choices":[{"floor":1.0,"key":"RECALL"},{"data":"1","floor":5.0,"key":"LIFT"},{"data":"2","floor":9,"key":"LIFT"}],"circlet_count":0,"master_deck":["champ:Strike","champ:Strike","champ:Strike","champ:Strike","champ:Defend","champ:Defend","champ:Defend","champ:Defend","champ:Execute","champ:Taunt","champ:CrownThrow","champ:FocusedGladiator","champ:RapidStrikes","champ:RisingSlash","Slimebound:Icky","champ:DefensiveStyle","champ:DancingMaster","champ:CalledShot"],"relics":["champ:ChampionCrown","downfall:HeartsMalice","Girya","downfall:HeartBlessingRed","downfall:HeartBlessingBlue","Pen Nib","Odd Mushroom","champ:LiftRelic"],"acts_visited":["Exordium"],"potions_floor_usage":[11,15,16],"damage_taken":[{"damage":0.0,"enemies":"3 Sentries","floor":2.0,"turns":1.0},{"damage":0.0,"enemies":"Cultist","floor":3.0,"turns":1.0},{"damage":0.0,"enemies":"downfall:FleeingMerchant","floor":4.0,"turns":1.0},{"damage":7,"enemies":"Jaw Worm","floor":6,"turns":4},{"damage":28,"enemies":"Gremlin Nob","floor":10,"turns":4},{"damage":39,"enemies":"The Mushroom Lair","floor":11,"turns":4},{"damage":5,"enemies":"Small Slimes","floor":12,"turns":2},{"damage":8,"enemies":"3 Louse","floor":14,"turns":3},{"damage":11,"enemies":"Exordium Wildlife","floor":15,"turns":3},{"damage":27,"enemies":"downfall:Ironclad","floor":16,"turns":3}],"seed_played":"919053236628705143","potions_obtained":[{"floor":10,"key":"champ:CounterPotion"},{"floor":11,"key":"Explosive Potion"},{"floor":14,"key":"ColorlessPotion"},{"floor":15,"key":"champ:UltimateStancePotion"}],"is_trial":false,"path_per_floor":["R","E","M","$","R","M","T","?","R","E","?","M","?","M","M","B"],"character_chosen":"THE_CHAMP","items_purchased":["champ:RisingSlash"],"campfire_rested":0,"item_purchase_floors":[4],"current_hp_per_floor":[90,90,90,90,90,83,83,83,93,68,35,30,30,27,16,0,0],"gold":241,"neow_bonus":"THREE_ENEMY_KILL","is_daily":false,"chose_seed":false,"campfire_upgraded":0,"win_rate":0.0,"timestamp":1608040189,"path_taken":["R","E","M","?","R","M","T","?","R","E","?","M","?","M","M","BOSS"],"items_purchased_type":["Card"],"build_version":"2020-12-13","purchased_purges":0,"victory":false,"max_hp_per_floor":[90,90,90,90,90,90,90,90,100,100,100,100,100,100,100,100,100],"card_choices":[{"not_picked":["champ:FightOn","champ:GutPunch"],"picked":"champ:CrownThrow","floor":2.0},{"not_picked":["champ:ShieldWall","champ:Lariat"],"picked":"champ:FocusedGladiator","floor":3.0},{"not_picked":["champ:TornadoPunch","champ:BladeFlurry"],"picked":"champ:RapidStrikes","floor":4.0},{"not_picked":["champ:StanceDance","champ:BerserkersShout","champ:BringItOn"],"picked":"SKIP","floor":6},{"not_picked":["champ:StanceDance","champ:DefensiveShout"],"picked":"champ:DefensiveStyle","floor":10},{"not_picked":["champ:HeartStrike","champ:BringItOn"],"picked":"champ:DancingMaster","floor":11},{"not_picked":["champ:TornadoPunch","champ:EnGarde"],"picked":"champ:CalledShot","floor":12},{"not_picked":["champ:HeartStrike","champ:BerserkersShout","champ:ShieldWall"],"picked":"SKIP","floor":14},{"not_picked":["champ:Duel","champ:DefensiveShout","champ:Haymaker"],"picked":"SKIP","floor":15}],"player_experience":158451,"relics_obtained":[{"floor":2.0,"key":"Girya"},{"floor":10,"key":"Pen Nib"},{"floor":11,"key":"Odd Mushroom"}],"event_choices":[{"damage_healed":0,"gold_gain":0,"player_choice":"Fought Mushrooms","damage_taken":0,"max_hp_gain":0,"max_hp_loss":0,"event_name":"Mushrooms","floor":11,"gold_loss":0}],"is_beta":false,"boss_relics":[],"items_purged_floors":[],"is_endless":false,"potions_floor_spawned":[10,11,14,15],"killed_by":"downfall:Ironclad","ascension_level":0}}