{"host":"5g4swet0bj9kkdb5","time":1608074282,"event":{"mods":["Aspiration","BaseMod","Colored Map","Colored Powertips","DeckTracker","Highlight Path","Hubris","Infinite Spire","Minty Spire (QoL Compilation)","Quick Restart","Random Character Button","Relic Sorter","Replay The Spire","StSLib","SuperFastMode","Synergy Search","The Cursed","The Disciple","The Jungle","The Runesmith"],"gold_per_floor":[119,40,55,6,6,33,133,133,133,159,159,10,26,26,26,121,121,138,6,6,21,21,21],"floor_reached":22,"playtime":1571,"items_purged":[],"score":209,"play_id":"0757b6b6-b165-4a1a-ae7d-d05149dc28d8","local_time":"20201215181802","is_ascension_mode":true,"campfire_choices":[{"floor":8,"key":"REST"},{"floor":11,"key":"REST"},{"floor":15,"key":"REST"}],"circlet_count":0,"master_deck":["Strike_B","Strike_B","Strike_B","Strike_B","Defend_B","Defend_B+1","Defend_B","Zap","Dualcast","Auto Shields","Streamline","Beam Cell","Coolheaded","Streamline","Rebound","Glacier","White Noise+1","Ghostly Armor","Reaper","Reinforced Body","Capacitor","Cold Snap","Leap","White Noise"],"relics":["Cracked Core","hubris:DisguiseKit","Runesmith:AutoHammer","Boot","aspiration:Lifesprig","hubris:Towel","Replay:Bronze Core"],"acts_visited":["Exordium","TheCity"],"potions_floor_usage":[16],"damage_taken":[{"damage":0,"enemies":"Cultist","floor":1,"turns":3},{"damage":15,"enemies":"Small Slimes","floor":3,"turns":3},{"damage":40,"enemies":"3 Sentries","floor":6,"turns":6},{"damage":26,"enemies":"Gremlin Nob","floor":10,"turns":6},{"damage":0,"enemies":"2 Louse","floor":13,"turns":3},{"damage":51,"enemies":"The Guardian","floor":16,"turns":15},{"damage":18,"enemies":"Shell Parasite","floor":18,"turns":11},{"damage":25,"enemies":"2 Thieves","floor":21,"turns":6},{"damage":39,"enemies":"Snake Plant","floor":22,"turns":5}],"seed_played":"-5191290587381172900","potions_obtained":[{"floor":6,"key":"Swift Potion"},{"floor":13,"key":"Regen Potion"}],"is_trial":false,"path_per_floor":["M","$","M","$","?","E","?","R","T","E","R","$","M","?","R","B",null,"M","$","?","M","M"],"character_chosen":"DEFECT","items_purchased":["Beam Cell","Coolheaded","Rebound","aspiration:Lifesprig","Capacitor","Cold Snap","Leap"],"campfire_rested":3,"item_purchase_floors":[2,2,4,12,19,19,19],"current_hp_per_floor":[75,75,60,60,60,20,20,42,42,16,38,38,38,38,60,24,75,62,62,62,37,0,0],"gold":21,"neow_bonus":"TRANSFORM_CARD","is_daily":false,"chose_seed":false,"campfire_upgraded":0,"win_rate":0.0,"timestamp":1608074282,"path_taken":["M","$","M","$","?","E","?","R","T","E","R","$","?","?","R","BOSS","M","$","?","M","M"],"items_purchased_type":["Card","Card","Card","Relic","Card","Card","Card"],"build_version":"2020-12-13","purchased_purges":0,"victory":false,"max_hp_per_floor":[75,75,75,75,75,75,75,75,75,75,75,75,75,75,75,75,75,75,75,75,75,75,75],"card_choices":[{"not_picked":["Turbo","Hologram"],"picked":"Streamline","floor":1},{"not_picked":["Static Discharge","ReplaySort"],"picked":"Streamline","floor":3},{"not_picked":["Rebound","Leap"],"picked":"Glacier","floor":6},{"not_picked":["Compile Driver","Lockon","Anger"],"picked":"White Noise","floor":10},{"not_picked":["Barrage","Beam Cell","Coolheaded"],"picked":"Ghostly Armor","floor":13},{"not_picked":["Biased Cognition","Creative AI","hubris:Prefetch"],"picked":"Reaper","floor":16},{"not_picked":["Scrape","Hologram","Heavy Blade"],"picked":"Reinforced Body","floor":18},{"not_picked":["Go for the Eyes","Leap","Twin Strike"],"picked":"White Noise","floor":21}],"player_experience":112370,"relics_obtained":[{"floor":6,"key":"hubris:DisguiseKit"},{"floor":9,"key":"Runesmith:AutoHammer"},{"floor":10,"key":"Boot"}],"event_choices":[{"damage_healed":0,"gold_gain":100,"player_choice":"Gold","damage_taken":0,"max_hp_gain":0,"max_hp_loss":0,"event_name":"Wheel of Change","floor":7,"gold_loss":0},{"damage_healed":0,"gold_gain":0,"player_choice":"Forge","damage_taken":0,"max_hp_gain":0,"max_hp_loss":0,"event_name":"Accursed Blacksmith","floor":20,"gold_loss":0,"cards_upgraded":["White Noise"]}],"is_beta":false,"boss_relics":[{"not_picked":["Philosopher\u0027s Stone","hubris:TerracottaHorce"],"picked":"Replay:Bronze Core"}],"items_purged_floors":[],"is_endless":false,"potions_floor_spawned":[6,13],"killed_by":"Snake Plant","ascension_level":2}}