{"host":"cf32014d19ld5mat","time":1608035522,"event":{"mods":["AchievementEnabler","BaseMod","Block Reminder","Minty Spire (QoL Compilation)","Random Character Button","Relic Stats","StSLib"],"gold_per_floor":[16,35,35,47,62,80,110,110,110,110,126,146,174,191,191,267,267,285,285,301,55,69,94,107,107,107],"floor_reached":25,"playtime":982,"items_purged":["Shame"],"score":503,"play_id":"e45b0c4e-b692-4ed1-abb0-c5b71edeaf07","local_time":"20201215123202","is_ascension_mode":true,"campfire_choices":[{"data":"Sunder","floor":10,"key":"SMITH"},{"data":"Fission","floor":15,"key":"SMITH"}],"circlet_count":0,"master_deck":["AscendersBane","Zap","Dualcast","Ball Lightning+1","Fusion","FTL","Doom and Gloom","Sunder+1","Glacier","Static Discharge","Fission+1","Conserve Battery","Hologram","Biased Cognition","Go for the Eyes","Seek","Machine Learning","Rainbow","White Noise","BootSequence","Defragment","Turbo","Skim","Double Energy","Loop+1"],"relics":["Cracked Core","Bag of Marbles","Turnip","FossilizedHelix","Pandora\u0027s Box","Girya","Regal Pillow","Lantern"],"acts_visited":["Exordium","TheCity"],"potions_floor_usage":[7,23,23],"damage_taken":[{"damage":7,"enemies":"Jaw Worm","floor":1,"turns":3},{"damage":2,"enemies":"Small Slimes","floor":2,"turns":3},{"damage":1,"enemies":"Cultist","floor":4,"turns":3},{"damage":1,"enemies":"2 Fungi Beasts","floor":5,"turns":3},{"damage":0,"enemies":"Large Slime","floor":6,"turns":4},{"damage":40,"enemies":"Gremlin Nob","floor":7,"turns":4},{"damage":26,"enemies":"Exordium Wildlife","floor":11,"turns":3},{"damage":6,"enemies":"Blue Slaver","floor":12,"turns":3},{"damage":25,"enemies":"Lagavulin","floor":13,"turns":5},{"damage":0,"enemies":"3 Louse","floor":14,"turns":3},{"damage":31,"enemies":"Hexaghost","floor":16,"turns":9},{"damage":13,"enemies":"3 Byrds","floor":18,"turns":5},{"damage":11,"enemies":"2 Thieves","floor":20,"turns":3},{"damage":8,"enemies":"Chosen and Byrds","floor":22,"turns":5},{"damage":17,"enemies":"Book of Stabbing","floor":23,"turns":6},{"damage":12,"enemies":"Snecko","floor":24,"turns":4},{"damage":10,"enemies":"Centurion and Healer","floor":25,"turns":3}],"seed_played":"359597339389180812","potions_obtained":[{"floor":2,"key":"Energy Potion"},{"floor":5,"key":"Fruit Juice"},{"floor":7,"key":"Dexterity Potion"}],"is_trial":false,"path_per_floor":["M","M","?","M","M","M","E","?","T","R","M","M","E","M","R","B",null,"M","?","M","$","M","E","M","M"],"character_chosen":"DEFECT","items_purchased":["Regal Pillow"],"campfire_rested":0,"item_purchase_floors":[21],"current_hp_per_floor":[71,69,69,68,67,67,32,90,90,90,64,58,33,33,33,2,68,55,55,44,44,36,19,7,0,0],"gold":107,"neow_bonus":"TWENTY_PERCENT_HP_BONUS","is_daily":false,"chose_seed":false,"campfire_upgraded":2,"win_rate":0.0,"timestamp":1608035522,"path_taken":["M","M","?","M","M","M","E","?","T","R","?","M","E","M","R","BOSS","M","?","M","$","M","E","M","M"],"items_purchased_type":["Relic"],"build_version":"2020-12-13","purchased_purges":1,"victory":false,"max_hp_per_floor":[85,85,85,85,85,85,90,90,90,90,90,90,90,90,90,90,90,90,90,90,90,90,90,90,90,90],"relic_stats":{"Regal Pillow":0,"counters":[17,69],"Pandora\u0027s Box":["Go for the Eyes","Seek","Machine Learning","Rainbow","White Noise","BootSequence","Defragment","Turbo"],"Turnip":[0],"obtain_stats":[{"Girya":19,"Regal Pillow":21,"Lantern":23,"Pandora\u0027s Box":17,"Turnip":9,"Bag of Marbles":7,"Cracked Core":0,"FossilizedHelix":13},{"Girya":12,"Regal Pillow":13,"Lantern":15,"Pandora\u0027s Box":11,"Turnip":6,"Bag of Marbles":6,"Cracked Core":0,"FossilizedHelix":9},{"Girya":48,"Regal Pillow":51,"Lantern":62,"Pandora\u0027s Box":43,"Turnip":20,"Bag of Marbles":20,"Cracked Core":0,"FossilizedHelix":31}]},"card_choices":[{"not_picked":["Conserve Battery","Barrage"],"picked":"Ball Lightning","floor":1},{"not_picked":["Auto Shields","Compile Driver"],"picked":"Fusion","floor":2},{"not_picked":["Heatsinks","Turbo"],"picked":"FTL","floor":4},{"not_picked":["Turbo","Go for the Eyes"],"picked":"Doom and Gloom","floor":5},{"not_picked":["Beam Cell","Heatsinks"],"picked":"Sunder","floor":6},{"not_picked":["Fission","Streamline"],"picked":"Glacier","floor":7},{"not_picked":["Beam Cell","Streamline"],"picked":"Static Discharge","floor":11},{"not_picked":["Beam Cell","Doom and Gloom"],"picked":"Fission","floor":12},{"not_picked":["Hello World","Compile Driver"],"picked":"Conserve Battery","floor":13},{"not_picked":["Barrage","Redo"],"picked":"Hologram","floor":14},{"not_picked":["Hyperbeam","Seek"],"picked":"Biased Cognition","floor":16},{"not_picked":["Turbo","BootSequence","Go for the Eyes"],"picked":"SKIP","floor":18},{"not_picked":["Sunder","Gash"],"picked":"Skim","floor":20},{"not_picked":["Coolheaded","Gash"],"picked":"Double Energy","floor":22},{"not_picked":["Blizzard","Fusion"],"picked":"Loop+1","floor":23},{"not_picked":["Hologram","Steam Power","Leap"],"picked":"SKIP","floor":24}],"player_experience":941324,"relics_obtained":[{"floor":7,"key":"Bag of Marbles"},{"floor":9,"key":"Turnip"},{"floor":13,"key":"FossilizedHelix"},{"floor":23,"key":"Lantern"}],"event_choices":[{"damage_healed":0,"gold_gain":0,"player_choice":"Grow","damage_taken":0,"max_hp_gain":0,"max_hp_loss":0,"event_name":"Living Wall","floor":3,"gold_loss":0,"cards_upgraded":["Ball Lightning"]},{"damage_healed":58,"gold_gain":0,"player_choice":"Full Heal","damage_taken":0,"max_hp_gain":0,"max_hp_loss":0,"event_name":"Wheel of Change","floor":8,"gold_loss":0},{"damage_healed":0,"gold_gain":0,"player_choice":"Stole Relic","damage_taken":0,"relics_obtained":["Girya"],"max_hp_gain":0,"max_hp_loss":0,"event_name":"Addict","floor":19,"gold_loss":0,"cards_obtained":["Shame"]}],"is_beta":false,"boss_relics":[{"not_picked":["Coffee Dripper","Empty Cage"],"picked":"Pandora\u0027s Box"}],"items_purged_floors":[21],"is_endless":false,"potions_floor_spawned":[2,5,7,13,14,16,18,22],"killed_by":"Centurion and Healer","ascension_level":20}}