{"host":"wshh0nphwn6jv7vj","time":1608024278,"event":{"mods":["BaseMod","Bestiary","Minty Spire (QoL Compilation)"],"gold_per_floor":[112,125,138,138,138,167,167,177,477,477,493,513,544,514,514,591,591,531,547,254,268,268,268,299,299,323,323,51,51,51,64,64,64,64],"floor_reached":33,"playtime":1586,"items_purged":["Strike_G","Defend_G"],"score":535,"play_id":"5ea80b4f-57f7-4f75-99cb-41b9d1625ccd","local_time":"20201215042438","is_ascension_mode":true,"campfire_choices":[{"data":"Caltrops","floor":7,"key":"SMITH"},{"floor":10,"key":"REST"},{"data":"After Image","floor":15,"key":"SMITH"},{"floor":23,"key":"REST"},{"data":"Caltrops","floor":29,"key":"SMITH"},{"data":"Neutralize","floor":30,"key":"SMITH"},{"data":"After Image","floor":32,"key":"SMITH"}],"circlet_count":0,"master_deck":["AscendersBane","Defend_G","Defend_G","Defend_G","Defend_G","Survivor","Neutralize+1","Mayhem+1","Dagger Throw","Caltrops+1","Dodge and Roll","Dodge and Roll","Sucker Punch","Underhanded Strike","Terror","After Image+1","All Out Attack","Venomology","Slice+1","Venomology+1","Distraction+1","Blade Dance+1","Predator","Caltrops+1","Well Laid Plans","Venomology","Backflip+1","After Image+1","Bite","Bite","Bite","Bite","Bite","Flash of Steel","Dash"],"relics":["Ring of the Snake","The Courier","Old Coin","WingedGreaves","Astrolabe","Meat on the Bone","Lee\u0027s Waffle"],"acts_visited":["Exordium","TheCity"],"potions_floor_usage":[6,13,13,13,13,18,19,19,21,21,21,21,22,24,24,25,25,25,31,33,33,33],"damage_taken":[{"damage":1,"enemies":"2 Louse","floor":1,"turns":4},{"damage":1,"enemies":"Cultist","floor":2,"turns":4},{"damage":0,"enemies":"Jaw Worm","floor":3,"turns":4},{"damage":26,"enemies":"3 Sentries","floor":6,"turns":11},{"damage":6,"enemies":"Large Slime","floor":8,"turns":5},{"damage":13,"enemies":"3 Louse","floor":11,"turns":3},{"damage":7,"enemies":"2 Fungi Beasts","floor":12,"turns":3},{"damage":1,"enemies":"Lagavulin","floor":13,"turns":7},{"damage":0,"enemies":"Looter","floor":14,"turns":4},{"damage":15,"enemies":"Hexaghost","floor":16,"turns":9},{"damage":9,"enemies":"2 Thieves","floor":18,"turns":4},{"damage":3,"enemies":"3 Byrds","floor":19,"turns":3},{"damage":21,"enemies":"Shelled Parasite and Fungi","floor":21,"turns":5},{"damage":0,"enemies":"Snake Plant","floor":22,"turns":1},{"damage":31,"enemies":"Book of Stabbing","floor":24,"turns":7},{"damage":0,"enemies":"Cultist and Chosen","floor":25,"turns":4},{"damage":29,"enemies":"Snecko","floor":31,"turns":8},{"damage":46,"enemies":"Collector","floor":33,"turns":6}],"seed_played":"884753246357744487","potions_obtained":[{"floor":1,"key":"GamblersBrew"},{"floor":11,"key":"ColorlessPotion"},{"floor":12,"key":"EntropicBrew"},{"floor":16,"key":"Energy Potion"},{"floor":19,"key":"AttackPotion"},{"floor":21,"key":"Dexterity Potion"},{"floor":24,"key":"LiquidMemories"}],"is_trial":false,"path_per_floor":["M","M","M","?","?","E","R","M","T","R","M","M","E","M","R","B",null,"M","M","$","M","M","R","E","M","T","?","$","R","R","M","R","B"],"character_chosen":"THE_SILENT","items_purchased":["Predator","Caltrops","Well Laid Plans","Venomology","Lee\u0027s Waffle","Flash of Steel"],"campfire_rested":2,"item_purchase_floors":[20,20,20,20,28,28],"current_hp_per_floor":[58,57,57,57,57,31,31,25,25,43,30,23,22,22,22,7,47,38,35,35,14,14,32,1,13,13,13,49,49,49,28,28,0,0],"gold":64,"neow_bonus":"RANDOM_COLORLESS_2","is_daily":false,"chose_seed":false,"campfire_upgraded":5,"win_rate":0.0,"timestamp":1608024278,"path_taken":["M","M","M","?","?","E","R","?","T","R","M","M","E","M","R","BOSS","M","M","$","M","?","R","E","M","T","?","?","R","R","M","R","BOSS"],"items_purchased_type":["Card","Card","Card","Card","Relic","Card"],"build_version":"2020-12-13","purchased_purges":2,"victory":false,"max_hp_per_floor":[60,60,60,60,60,60,60,60,60,60,60,60,60,60,60,60,60,60,60,60,60,60,60,60,60,60,42,49,49,49,49,49,49,49],"card_choices":[{"not_picked":["Magnetism","Transmutation"],"picked":"Mayhem","floor":0},{"not_picked":["Prepared","Acrobatics"],"picked":"Dagger Throw","floor":1},{"not_picked":["Acrobatics","Predator"],"picked":"Caltrops","floor":2},{"not_picked":["Poisoned Stab","Quick Slash"],"picked":"Dodge and Roll","floor":3},{"not_picked":["Dagger Spray","Choke"],"picked":"Dodge and Roll","floor":6},{"not_picked":["Distraction","Prepared"],"picked":"Sucker Punch","floor":8},{"not_picked":["Sucker Punch","Choke"],"picked":"Underhanded Strike","floor":11},{"not_picked":["Underhanded Strike","Predator"],"picked":"Terror","floor":12},{"not_picked":["Underhanded Strike","Flying Knee"],"picked":"After Image","floor":13},{"not_picked":["Slice","Outmaneuver"],"picked":"All Out Attack","floor":14},{"not_picked":["Envenom","Bullet Time"],"picked":"Venomology","floor":16},{"not_picked":["Calculated Gamble","Terror","Outmaneuver"],"picked":"SKIP","floor":18},{"not_picked":["Masterful Stab","Reflex"],"picked":"Blade Dance+1","floor":19},{"not_picked":["Sucker Punch","Finisher+1"],"picked":"Backflip+1","floor":21},{"not_picked":["Underhanded Strike","Dash"],"picked":"After Image","floor":24},{"not_picked":["Underhanded Strike+1","Dagger Spray"],"picked":"Dash","floor":31}],"player_experience":1406356,"relics_obtained":[{"floor":6,"key":"The Courier"},{"floor":9,"key":"Old Coin"},{"floor":13,"key":"WingedGreaves"},{"floor":24,"key":"Meat on the Bone"}],"event_choices":[{"damage_healed":0,"gold_gain":0,"player_choice":"Ignored","damage_taken":0,"max_hp_gain":0,"max_hp_loss":0,"event_name":"Liars Game","floor":4,"gold_loss":0},{"damage_healed":0,"gold_gain":0,"player_choice":"Forge","damage_taken":0,"max_hp_gain":0,"max_hp_loss":0,"event_name":"Accursed Blacksmith","floor":5,"gold_loss":0,"cards_upgraded":["Mayhem"]},{"damage_healed":0,"gold_gain":0,"player_choice":"Became a vampire","damage_taken":0,"max_hp_gain":0,"max_hp_loss":18,"event_name":"Vampires","floor":27,"gold_loss":0,"cards_obtained":["Bite","Bite","Bite","Bite","Bite"]}],"is_beta":false,"boss_relics":[{"not_picked":["Tiny House","Velvet Choker"],"picked":"Astrolabe"}],"items_purged_floors":[20,28],"is_endless":false,"potions_floor_spawned":[1,11,12,16,19,21,24],"killed_by":"Collector","ascension_level":15}}