{"host":"9anmc1688xy4jiyg","time":1608058343,"event":{"mods":["AchievementEnabler","BaseMod","Highlight Path","Minty Spire (QoL Compilation)","Relic Stats","StSLib","ojb\u0027s Info Mod"],"gold_per_floor":[111,164,174,174,174,174,200,200,200,200,43,57,86,103,103,177,177,188,113,113,113,113,113,127,144,144,156,156,156,185,205,205,279,279,289,289,289,22,22,22,35,6,6,6,16,27,46,46,46,46],"floor_reached":51,"playtime":2223,"items_purged":[],"score":1331,"play_id":"b70c3a66-6744-4569-8ec7-d6e7ae2406f9","local_time":"20201215195223","is_ascension_mode":true,"campfire_choices":[{"floor":6,"key":"REST"},{"floor":8,"key":"REST"},{"data":"Bash","floor":15,"key":"SMITH"},{"floor":23,"key":"REST"},{"data":"Ghostly Armor","floor":29,"key":"SMITH"},{"floor":32,"key":"REST"},{"data":"Madness","floor":40,"key":"SMITH"},{"data":"Feel No Pain","floor":44,"key":"SMITH"},{"data":"Limit Break","floor":49,"key":"SMITH"}],"circlet_count":0,"master_deck":["AscendersBane","Strike_R+1","Strike_R+1","Defend_R","Defend_R","Defend_R","Bash+1","Ghostly Armor+1","Offering+1","Anger","Fiend Fire+1","Body Slam+1","Bludgeon+1","Disarm+1","Sword Boomerang+1","Spot Weakness+1","Heavy Blade+1","Ghostly Armor","Wild Strike+1","Clothesline+1","Spot Weakness","Anger+1","Offering","Madness","Bandage Up","Madness","Feel No Pain+1","Headbutt+1","Limit Break+1"],"relics":["Burning Blood","Ice Cream","Oddly Smooth Stone","Darkstone Periapt","InkBottle","Nunchaku","Molten Egg 2","Astrolabe","Shuriken","Bag of Marbles","White Beast Statue","Pen Nib","Coffee Dripper","Lantern","Meat on the Bone"],"acts_visited":["Exordium","TheCity","TheBeyond"],"potions_floor_usage":[16,25,33,35,41,45,50,50],"damage_taken":[{"damage":1,"enemies":"Cultist","floor":1,"turns":3},{"damage":7,"enemies":"Jaw Worm","floor":3,"turns":4},{"damage":39,"enemies":"Lagavulin","floor":7,"turns":10},{"damage":12,"enemies":"Small Slimes","floor":12,"turns":2},{"damage":14,"enemies":"3 Sentries","floor":13,"turns":7},{"damage":17,"enemies":"3 Louse","floor":14,"turns":4},{"damage":12,"enemies":"Hexaghost","floor":16,"turns":7},{"damage":21,"enemies":"3 Byrds","floor":18,"turns":5},{"damage":0,"enemies":"Chosen","floor":24,"turns":3},{"damage":23,"enemies":"Snecko","floor":25,"turns":6},{"damage":2,"enemies":"Centurion and Healer","floor":27,"turns":5},{"damage":16,"enemies":"Book of Stabbing","floor":30,"turns":4},{"damage":7,"enemies":"Snake Plant","floor":31,"turns":2},{"damage":38,"enemies":"Collector","floor":33,"turns":5},{"damage":7,"enemies":"Orb Walker","floor":35,"turns":2},{"damage":21,"enemies":"3 Shapes","floor":41,"turns":4},{"damage":12,"enemies":"Writhing Mass","floor":45,"turns":3},{"damage":15,"enemies":"Jaw Worm Horde","floor":46,"turns":3},{"damage":12,"enemies":"Maw","floor":47,"turns":4},{"damage":63,"enemies":"Time Eater","floor":50,"turns":8}],"seed_played":"-9107105390232577023","potions_obtained":[{"floor":7,"key":"DuplicationPotion"},{"floor":12,"key":"LiquidMemories"},{"floor":16,"key":"Fire Potion"},{"floor":25,"key":"Fruit Juice"},{"floor":27,"key":"LiquidMemories"},{"floor":33,"key":"HeartOfIron"},{"floor":35,"key":"ColorlessPotion"},{"floor":41,"key":"Ancient Potion"},{"floor":45,"key":"LiquidBronze"},{"floor":46,"key":"LiquidBronze"},{"floor":47,"key":"CultistPotion"}],"is_trial":false,"path_per_floor":["M","T","M","?","?","R","E","R","T","?","$","M","E","M","R","B",null,"M","?","?","?","?","R","M","M","T","M","T","R","E","M","R","B",null,"M","?","?","$","?","R","M","$","T","R","M","M","M","?","R","B",null],"character_chosen":"IRONCLAD","items_purchased":["Nunchaku","Lantern","Bandage Up","Headbutt+1"],"campfire_rested":4,"item_purchase_floors":[11,38,38,42],"current_hp_per_floor":[55,55,54,59,35,59,26,50,50,50,50,44,36,25,25,19,65,50,50,27,33,33,60,66,54,54,58,58,58,48,47,75,43,83,82,82,65,65,65,65,54,54,54,54,64,55,65,65,65,24],"gold":46,"neow_bonus":"ONE_RARE_RELIC","is_daily":false,"chose_seed":false,"campfire_upgraded":5,"win_rate":0.0,"timestamp":1608058343,"path_taken":["M","?","M","?","?","R","E","R","T","?","$","M","E","?","R","BOSS","M","?","?","?","?","R","M","M","T","?","?","R","E","M","R","BOSS","M","?","?","$","?","R","M","?","T","R","M","M","M","?","R","BOSS"],"items_purchased_type":["Relic","Relic","Card","Card"],"build_version":"2020-12-13","purchased_purges":0,"victory":true,"max_hp_per_floor":[75,75,75,80,80,80,80,80,80,80,80,80,80,80,80,80,80,80,80,85,91,91,91,91,96,96,96,96,96,96,96,96,96,96,96,96,96,96,96,96,96,96,96,96,96,96,96,96,96,96],"relic_stats":{"Darkstone Periapt":6,"Nunchaku":[15],"counters":[20,91],"Shuriken":[14],"Astrolabe":["Disarm","Sword Boomerang","Spot Weakness"],"Pen Nib":[5],"obtain_stats":[{"Ice Cream":0,"Darkstone Periapt":7,"Lantern":38,"Astrolabe":17,"Oddly Smooth Stone":2,"Pen Nib":30,"Burning Blood":0,"White Beast Statue":28,"Nunchaku":11,"Shuriken":21,"Molten Egg 2":13,"Bag of Marbles":26,"Coffee Dripper":34,"InkBottle":9,"Meat on the Bone":43},{"Ice Cream":0,"Darkstone Periapt":3,"Lantern":15,"Astrolabe":7,"Oddly Smooth Stone":1,"Pen Nib":12,"Burning Blood":0,"White Beast Statue":11,"Nunchaku":3,"Shuriken":8,"Molten Egg 2":5,"Bag of Marbles":10,"Coffee Dripper":14,"InkBottle":3,"Meat on the Bone":16},{"Ice Cream":0,"Darkstone Periapt":17,"Lantern":69,"Astrolabe":37,"Oddly Smooth Stone":3,"Pen Nib":60,"Burning Blood":0,"White Beast Statue":56,"Nunchaku":17,"Shuriken":42,"Molten Egg 2":26,"Bag of Marbles":51,"Coffee Dripper":67,"InkBottle":17,"Meat on the Bone":73}],"Burning Blood":120,"InkBottle":[26],"Meat on the Bone":36},"card_choices":[{"not_picked":["True Grit","Flame Barrier"],"picked":"Ghostly Armor","floor":1},{"not_picked":["True Grit","Clash","Thunderclap"],"picked":"SKIP","floor":3},{"not_picked":["Headbutt","Pummel"],"picked":"Offering","floor":7},{"not_picked":["Pommel Strike","Clash"],"picked":"Anger","floor":12},{"not_picked":["Wild Strike+1","Warcry"],"picked":"Fiend Fire+1","floor":13},{"not_picked":["Sever Soul+1","Thunderclap+1"],"picked":"Body Slam+1","floor":14},{"not_picked":["Double Tap","Juggernaut"],"picked":"Bludgeon+1","floor":16},{"not_picked":["Twin Strike+1","Flex"],"picked":"Heavy Blade+1","floor":18},{"not_picked":["Twin Strike+1","Thunderclap+1"],"picked":"Ghostly Armor","floor":24},{"not_picked":["Havoc","Bludgeon+1"],"picked":"Wild Strike+1","floor":25},{"not_picked":["Sword Boomerang+1","Havoc"],"picked":"Clothesline+1","floor":27},{"not_picked":["Combust","Twin Strike+1"],"picked":"Spot Weakness","floor":30},{"not_picked":["Combust","Clash+1"],"picked":"Anger+1","floor":31},{"not_picked":["Fiend Fire+1","Immolate+1"],"picked":"Offering","floor":33},{"not_picked":["Twin Strike+1","Perfected Strike+1","Havoc+1"],"picked":"SKIP","floor":35},{"not_picked":["Panacea","Discovery"],"picked":"Madness","floor":39},{"not_picked":["Cleave+1","Thunderclap+1"],"picked":"Feel No Pain","floor":41},{"not_picked":["Combust+1","Thunderclap+1","Carnage+1"],"picked":"SKIP","floor":45},{"not_picked":["Warcry","Anger+1","Havoc"],"picked":"SKIP","floor":46},{"not_picked":["Pommel Strike+1","Uppercut+1"],"picked":"Limit Break","floor":47}],"player_experience":438851,"relics_obtained":[{"floor":2,"key":"Oddly Smooth Stone"},{"floor":7,"key":"Darkstone Periapt"},{"floor":9,"key":"InkBottle"},{"floor":13,"key":"Molten Egg 2"},{"floor":26,"key":"Bag of Marbles"},{"floor":28,"key":"White Beast Statue"},{"floor":30,"key":"Pen Nib"},{"floor":43,"key":"Meat on the Bone"}],"event_choices":[{"damage_healed":0,"gold_gain":0,"player_choice":"Donut","damage_taken":0,"max_hp_gain":5,"max_hp_loss":0,"event_name":"Big Fish","floor":4,"gold_loss":0},{"damage_healed":0,"gold_gain":0,"player_choice":"Entered Light","damage_taken":24,"max_hp_gain":0,"max_hp_loss":0,"event_name":"Shining Light","floor":5,"gold_loss":0,"cards_upgraded":["Strike_R","Strike_R"]},{"damage_healed":0,"gold_gain":0,"player_choice":"Grow","damage_taken":0,"max_hp_gain":0,"max_hp_loss":0,"event_name":"Living Wall","floor":10,"gold_loss":0,"cards_upgraded":["Offering"]},{"cards_removed":["Defend_R"],"damage_healed":0,"gold_gain":0,"player_choice":"Gave Gold","damage_taken":0,"max_hp_gain":0,"max_hp_loss":0,"event_name":"Beggar","floor":19,"gold_loss":75},{"damage_healed":0,"gold_gain":0,"player_choice":"Shed Blood","damage_taken":28,"max_hp_gain":5,"max_hp_loss":0,"event_name":"Forgotten Altar","floor":20,"gold_loss":0},{"damage_healed":0,"gold_gain":0,"player_choice":"Opened","damage_taken":0,"relics_obtained":["Shuriken"],"max_hp_gain":0,"max_hp_loss":0,"event_name":"The Mausoleum","floor":21,"gold_loss":0,"cards_obtained":["Writhe"]},{"cards_removed":["Writhe"],"damage_healed":0,"gold_gain":0,"player_choice":"Purged","damage_taken":0,"max_hp_gain":0,"max_hp_loss":0,"event_name":"Purifier","floor":22,"gold_loss":0},{"damage_healed":0,"gold_gain":0,"player_choice":"Ignored","damage_taken":0,"max_hp_gain":0,"max_hp_loss":0,"event_name":"Tomb of Lord Red Mask","floor":36,"gold_loss":0},{"damage_healed":0,"gold_gain":0,"player_choice":"Embrace Madness","damage_taken":17,"max_hp_gain":0,"max_hp_loss":0,"event_name":"Winding Halls","floor":37,"gold_loss":0,"cards_obtained":["Madness","Madness"]},{"damage_healed":0,"gold_gain":0,"player_choice":"Memory 1","damage_taken":0,"max_hp_gain":0,"max_hp_loss":0,"event_name":"SensoryStone","floor":39,"gold_loss":0},{"cards_removed":["Madness"],"damage_healed":0,"gold_gain":0,"player_choice":"Removed Skill","damage_taken":0,"max_hp_gain":0,"max_hp_loss":0,"event_name":"Falling","floor":48,"gold_loss":0}],"is_beta":false,"boss_relics":[{"not_picked":["Runic Dome","Pandora\u0027s Box"],"picked":"Astrolabe"},{"not_picked":["Empty Cage","Black Star"],"picked":"Coffee Dripper"}],"items_purged_floors":[],"is_endless":false,"potions_floor_spawned":[7,12,13,16,25,27,30,31,33,35,41,45,46,47],"ascension_level":18}}