{"host":"0cm5wy4nhuju7tij","time":1608007092,"event":{"mods":["2.2 Compatiblity","AchievementEnabler","BaseMod","Better Third Choice","BetterRewards","CCEM","Colored Powertips","Custom Start","Displayed Cursed Tome","Downfall","Filter the Spire","Fireblade Mod","Hermit","Highlight Path","Minty Spire (QoL Compilation)","Permanent Neow","Pikachu Mod","Railgun Mod","Shop Mod","Spicy Shops","StSLib","The Bladedancer","The Elementalist","TheWitcher"],"gold_per_floor":[114,125,139,118,83,111,111,111,165,191,191,191,191,207,207,312,312,328,328,409,409,424,442,442,442,442,442,442],"floor_reached":27,"playtime":2046,"items_purged":[],"score":264,"play_id":"9507dbcd-65d8-46ab-9540-dc4f247eb253","local_time":"20201214233812","is_ascension_mode":false,"campfire_choices":[{"data":"elementalist:Blaze","floor":11,"key":"SMITH"},{"floor":13,"key":"REST"},{"data":"elementalist:Blaze","floor":15,"key":"SMITH"}],"circlet_count":0,"master_deck":["elementalist:Defend_Elemblue","elementalist:Defend_Elemblue","elementalist:Defend_Elemblue","elementalist:Defend_Elemblue","elementalist:Firestrike","elementalist:Earthstrike","elementalist:Waterstrike","elementalist:Airstrike","elementalist:Crystal_Chalk+1","elementalist:Confluence","elementalist:Flame","elementalist:Emberveil","elementalist:Flame","elementalist:Blaze+1","elementalist:Flame","elementalist:Monument","elementalist:Blaze+1","elementalist:Multification","elementalist:Solar_Form","Parasite","elementalist:Kiln","elementalist:Mist","elementalist:Flame","elementalist:Stone_to_Mud","elementalist:Wards","elementalist:Solar_Form+1"],"relics":["elementalistmod:MagusStaff","elementalistmod:RedRibbon","Tiny Chest","Regal Pillow","Gambling Chip","Cursed Key","elementalistmod:YellowCirclet","Matryoshka"],"acts_visited":["Exordium","TheCity"],"potions_floor_usage":[25,25],"damage_taken":[{"damage":4,"enemies":"2 Louse","floor":1,"turns":6},{"damage":13,"enemies":"Small Slimes","floor":2,"turns":6},{"damage":10,"enemies":"Jaw Worm","floor":3,"turns":5},{"damage":54,"enemies":"Gremlin Nob","floor":6,"turns":7},{"damage":8,"enemies":"3 Sentries","floor":10,"turns":6},{"damage":10,"enemies":"3 Louse","floor":14,"turns":4},{"damage":16,"enemies":"The Guardian","floor":16,"turns":9},{"damage":5,"enemies":"Chosen","floor":18,"turns":4},{"damage":0,"enemies":"3 Byrds","floor":22,"turns":3},{"damage":36,"enemies":"Snake Plant","floor":23,"turns":4},{"damage":25,"enemies":"Slavers","floor":25,"turns":4},{"damage":5,"enemies":"Sentry and Sphere","floor":27,"turns":3}],"seed_played":"8201859595687601481","potions_obtained":[{"floor":2,"key":"Swift Potion"},{"floor":6,"key":"SmokeBomb"},{"floor":16,"key":"SpeedPotion"}],"is_trial":false,"path_per_floor":["M","M","M","?","?","E","R","?","T","E","R","?","R","M","R","B",null,"M","?","T","?","M","M","R","E","T","M"],"character_chosen":"THE_ELEMENTALIST","items_purchased":[],"campfire_rested":1,"item_purchase_floors":[],"current_hp_per_floor":[66,53,43,43,60,6,6,29,29,21,21,21,57,47,47,31,70,65,65,65,65,65,29,29,4,4,0,0],"gold":442,"neow_bonus":"UPGRADE_CARD","is_daily":false,"chose_seed":false,"campfire_upgraded":2,"win_rate":0.0,"timestamp":1608007092,"path_taken":["M","M","M","?","?","E","R","?","T","E","R","?","R","M","R","BOSS","M","?","?","?","M","M","R","E","T","M"],"items_purchased_type":[],"build_version":"2020-12-13","purchased_purges":0,"victory":false,"max_hp_per_floor":[70,70,70,70,70,70,70,70,70,70,70,70,70,70,70,70,70,70,70,70,70,70,70,70,70,70,70,70],"card_choices":[{"not_picked":["elementalist:Etherstrike","elementalist:Caution"],"picked":"elementalist:Confluence","floor":1},{"not_picked":["elementalist:Rising_Tides","elementalist:Low_Tides"],"picked":"elementalist:Flame","floor":2},{"not_picked":["elementalist:Heavensfall","elementalist:Fission_Lance"],"picked":"elementalist:Emberveil","floor":3},{"not_picked":["elementalist:Prepared_Sand","elementalist:Blaze"],"picked":"elementalist:Flame","floor":6},{"not_picked":["elementalist:Mirror_Circlet","elementalist:Emberveil"],"picked":"elementalist:Monument","floor":10},{"not_picked":["elementalist:Cauterize","elementalist:Emberveil"],"picked":"elementalist:Blaze","floor":14},{"not_picked":["elementalist:Inferno","elementalist:Accelerant"],"picked":"elementalist:Multification","floor":16},{"not_picked":["elementalist:Low_Tides","elementalist:Cyclone+1"],"picked":"elementalist:Solar_Form","floor":18},{"not_picked":["elementalist:Ignition","elementalist:Etherstrike"],"picked":"elementalist:Flame","floor":22},{"not_picked":["elementalist:Etherstrike","elementalist:Flame"],"picked":"elementalist:Stone_to_Mud","floor":23}],"player_experience":212290,"relics_obtained":[{"floor":6,"key":"Tiny Chest"},{"floor":9,"key":"Regal Pillow"},{"floor":10,"key":"Gambling Chip"},{"floor":20,"key":"Matryoshka"}],"event_choices":[{"damage_healed":0,"gold_gain":0,"player_choice":"Left","damage_taken":0,"max_hp_gain":0,"max_hp_loss":0,"event_name":"betterThird:BetterGoop","floor":4,"gold_loss":21},{"damage_healed":17,"gold_gain":0,"player_choice":"Healed","damage_taken":0,"max_hp_gain":0,"max_hp_loss":0,"event_name":"The Cleric","floor":5,"gold_loss":35},{"damage_healed":23,"gold_gain":0,"player_choice":"Banana","damage_taken":0,"max_hp_gain":0,"max_hp_loss":0,"event_name":"Big Fish","floor":8,"gold_loss":0},{"damage_healed":0,"gold_gain":0,"player_choice":"Ignored","damage_taken":191,"max_hp_gain":0,"max_hp_loss":0,"event_name":"betterThird:BetterSerpent","floor":12,"gold_loss":0},{"damage_healed":0,"gold_gain":0,"cards_transformed":["elementalist:Strike+Elemblue","elementalist:Defend_Elemblue"],"player_choice":"Became Test Subject","damage_taken":0,"max_hp_gain":0,"max_hp_loss":0,"event_name":"Drug Dealer","floor":21,"gold_loss":0,"cards_obtained":["elementalist:Kiln","elementalist:Mist"]}],"is_beta":false,"boss_relics":[{"not_picked":["Busted Crown","SacredBark"],"picked":"Cursed Key"}],"items_purged_floors":[],"is_endless":false,"potions_floor_spawned":[2,6,16,25],"killed_by":"Sentry and Sphere","ascension_level":0}}