{"host":"bxn2em57qlx5u4i0","time":1608008546,"event":{"mods":["BaseMod","Colored Map","Colored Powertips","Highlight Path","Minty Spire (QoL Compilation)","Random Character Button","Relic Sorter","Relic Stats","StSLib","SuperFastMode"],"gold_per_floor":[110,30,30,42,42,42,72,72,72,103,119,119,145,174,174,174,174],"floor_reached":16,"playtime":277,"items_purged":[],"score":282,"play_id":"a77caa86-75e8-4968-81c8-e5a066cb1c37","local_time":"20201215000226","is_ascension_mode":true,"campfire_choices":[{"data":"Noxious Fumes","floor":6.0,"key":"SMITH"},{"data":"Crippling Poison","floor":8.0,"key":"SMITH"},{"data":"Corpse Explosion","floor":15.0,"key":"SMITH"}],"circlet_count":0,"master_deck":["AscendersBane","Strike_G","Strike_G","Strike_G","Strike_G","Strike_G","Defend_G","Defend_G","Defend_G+1","Defend_G","Defend_G","Survivor+1","Neutralize","Crippling Poison+1","Noxious Fumes+1","Bullet Time","Corpse Explosion+1"],"relics":["Ring of the Snake","NeowsBlessing","Vajra","Juzu Bracelet","Singing Bowl","Lantern","War Paint"],"acts_visited":["Exordium"],"potions_floor_usage":[16],"damage_taken":[{"damage":0.0,"enemies":"Cultist","floor":1.0,"turns":1.0},{"damage":0.0,"enemies":"2 Louse","floor":4.0,"turns":1.0},{"damage":0.0,"enemies":"Lagavulin","floor":7.0,"turns":1.0},{"damage":14.0,"enemies":"3 Sentries","floor":10.0,"turns":3.0},{"damage":1.0,"enemies":"Small Slimes","floor":11.0,"turns":4.0},{"damage":34.0,"enemies":"Gremlin Nob","floor":14.0,"turns":5.0},{"damage":16,"enemies":"Hexaghost","floor":16,"turns":9}],"seed_played":"-7975052937672155883","potions_obtained":[{"floor":4.0,"key":"ColorlessPotion"},{"floor":7.0,"key":"GamblersBrew"},{"floor":10.0,"key":"Block Potion"},{"floor":14.0,"key":"Explosive Potion"}],"is_trial":false,"path_per_floor":["M","$","?","M","$","R","E","R","T","E","M","?","T","E","R","B"],"character_chosen":"THE_SILENT","items_purchased":["Noxious Fumes"],"campfire_rested":0,"item_purchase_floors":[2],"current_hp_per_floor":[59,59,59,59,59,59,59,59,59,47,48,48,48,16,16,0,0],"gold":174,"neow_bonus":"THREE_ENEMY_KILL","is_daily":false,"chose_seed":false,"campfire_upgraded":3,"win_rate":0.0,"timestamp":1608008546,"path_taken":["M","?","?","?","$","R","E","R","T","E","M","?","?","E","R","BOSS"],"items_purchased_type":["Card"],"build_version":"2020-12-13","purchased_purges":0,"victory":false,"max_hp_per_floor":[66,66,66,66,66,66,66,66,66,68,70,70,70,72,72,72,72],"relic_stats":{"Singing Bowl":6,"counters":[7,24],"Juzu Bracelet":0,"War Paint":["Survivor","Defend_G"],"obtain_stats":[{"Lantern":13,"NeowsBlessing":0,"Singing Bowl":10,"Vajra":7,"Juzu Bracelet":9,"War Paint":14,"Ring of the Snake":0},{"Lantern":5,"NeowsBlessing":0,"Singing Bowl":4,"Vajra":3,"Juzu Bracelet":3,"War Paint":6,"Ring of the Snake":0},{"Lantern":10,"NeowsBlessing":0,"Singing Bowl":6,"Vajra":3,"Juzu Bracelet":3,"War Paint":15,"Ring of the Snake":0}],"Ring of the Snake":[14]},"card_choices":[{"not_picked":["PiercingWail","Underhanded Strike"],"picked":"Crippling Poison","floor":1.0},{"not_picked":["Dodge and Roll","Finisher"],"picked":"Bullet Time","floor":4.0},{"not_picked":["Poisoned Stab","Escape Plan"],"picked":"Corpse Explosion","floor":7.0},{"not_picked":["Dodge and Roll","Poisoned Stab","Acrobatics"],"picked":"Singing Bowl","floor":10.0},{"not_picked":["Dagger Throw","Caltrops","Dodge and Roll"],"picked":"Singing Bowl","floor":11.0},{"not_picked":["All Out Attack","Outmaneuver","Poisoned Stab"],"picked":"Singing Bowl","floor":14.0}],"player_experience":2777532,"relics_obtained":[{"floor":7.0,"key":"Vajra"},{"floor":9.0,"key":"Juzu Bracelet"},{"floor":10.0,"key":"Singing Bowl"},{"floor":13.0,"key":"Lantern"},{"floor":14.0,"key":"War Paint"}],"event_choices":[{"damage_healed":0.0,"max_hp_gain":0.0,"max_hp_loss":0.0,"gold_gain":0.0,"event_name":"Match and Keep!","player_choice":"0 cards matched","floor":3.0,"gold_loss":0.0,"damage_taken":0.0,"cards_obtained":[]},{"damage_healed":0.0,"max_hp_gain":0.0,"max_hp_loss":0.0,"gold_gain":0.0,"event_name":"Liars Game","player_choice":"Ignored","floor":12.0,"gold_loss":0.0,"damage_taken":0.0}],"is_beta":false,"boss_relics":[],"items_purged_floors":[],"is_endless":false,"potions_floor_spawned":[4,7,10,11,14],"killed_by":"Hexaghost","ascension_level":20}}