{"host":"vfg9szunmpjwj08o","time":1608055399,"event":{"mods":["Act Like it!","BaseMod","Challenge The Spire","Colored Map","Colored Powertips","Minty Spire (QoL Compilation)","StSLib","Waifu the Spire"],"gold_per_floor":[119,119,194,31,31,31,58,58,58,93,118,118,146,5,5,88,88,107,22,43,55,64,64,107,107,107,131,169,169,12,12,12,96,96,123,123,134,134,152,183,183,216,240,24,24,48,68,84,84,84,84,84,84,126,126,126],"floor_reached":55,"playtime":3559,"items_purged":["Strike_B","Strike_B","Strike_B","Strike_B"],"score":1860,"play_id":"18d303cd-aabd-4c88-9565-65226bcda679","local_time":"20201215190319","is_ascension_mode":true,"campfire_choices":[{"data":"Zap","floor":6,"key":"SMITH"},{"data":"Self Repair","floor":8,"key":"SMITH"},{"data":"Chaos","floor":12,"key":"SMITH"},{"data":"Go for the Eyes","floor":15,"key":"SMITH"},{"data":"Coolheaded","floor":23,"key":"SMITH"},{"data":"Creative AI","floor":25,"key":"SMITH"},{"data":"Consume","floor":29,"key":"SMITH"},{"data":"Defragment","floor":32,"key":"SMITH"},{"floor":41,"key":"RECALL"},{"data":"Reboot","floor":45,"key":"SMITH"},{"data":"Double Energy","floor":49,"key":"SMITH"},{"data":"Capacitor","floor":52,"key":"SMITH"}],"circlet_count":0,"master_deck":["AscendersBane","Defend_B","Defend_B","Zap+1","Dualcast+1","Go for the Eyes+1","Self Repair+1","Reboot+1","Cold Snap","Chaos+1","Compile Driver","Electrodynamics","Coolheaded+1","Creative AI+1","Glacier+1","Defragment+1","Consume+1","Defragment+1","Core Surge","Double Energy+1","Capacitor+1","Compile Driver","Compile Driver+1","Storm"],"relics":["Cracked Core","NeowsBlessing","FossilizedHelix","Orichalcum","Meat on the Bone","CeramicFish","CaptainsWheel","Sozu","Mummified Hand","Pen Nib","Nunchaku","Philosopher\u0027s Stone","Ornamental Fan","Juzu Bracelet","Akabeko","Strawberry"],"acts_visited":["Exordium","TheCity","TheBeyond","TheEnding"],"potions_floor_usage":[13,16],"damage_taken":[{"damage":0,"enemies":"Jaw Worm","floor":1,"turns":1},{"damage":0,"enemies":"Gremlin Nob","floor":7,"turns":1},{"damage":0,"enemies":"3 Sentries","floor":10,"turns":2},{"damage":0,"enemies":"Small Slimes","floor":11,"turns":4},{"damage":0,"enemies":"Gremlin Nob","floor":13,"turns":3},{"damage":0,"enemies":"Slime Boss","floor":16,"turns":8},{"damage":0,"enemies":"Shell Parasite","floor":18,"turns":6},{"damage":0,"enemies":"Spheric Guardian","floor":20,"turns":3},{"damage":0,"enemies":"3 Cultists","floor":21,"turns":4},{"damage":4,"enemies":"Gremlin Leader","floor":24,"turns":5},{"damage":0,"enemies":"Centurion and Healer","floor":27,"turns":5},{"damage":17,"enemies":"Book of Stabbing","floor":28,"turns":7},{"damage":8,"enemies":"Automaton","floor":33,"turns":9},{"damage":0,"enemies":"Orb Walker","floor":35,"turns":4},{"damage":0,"enemies":"3 Darklings","floor":37,"turns":3},{"damage":24,"enemies":"4 Shapes","floor":39,"turns":5},{"damage":0,"enemies":"Nemesis","floor":40,"turns":8},{"damage":0,"enemies":"Giant Head","floor":42,"turns":11},{"damage":18,"enemies":"Jaw Worm Horde","floor":46,"turns":3},{"damage":0,"enemies":"Transient","floor":47,"turns":6},{"damage":0,"enemies":"Maw","floor":48,"turns":5},{"damage":0,"enemies":"Time Eater","floor":50,"turns":8},{"damage":44,"enemies":"Shield and Spear","floor":54,"turns":6},{"damage":56,"enemies":"The Heart","floor":55,"turns":2}],"seed_played":"2014602481809050023","potions_obtained":[{"floor":10,"key":"AttackPotion"},{"floor":11,"key":"Energy Potion"},{"floor":13,"key":"Strength Potion"},{"floor":16,"key":"Fire Potion"}],"is_trial":false,"path_per_floor":["M","?","?","$","?","R","E","R","T","E","M","R","E","$","R","B",null,"M","?","M","M","?","R","E","R","T","M","E","R","$","?","R","B",null,"M","?","M","?","M","E","R","E","T","$","R","M","M","M","R","B",null,"R","$","E","B"],"character_chosen":"DEFECT","items_purchased":["Self Repair","Compile Driver","Defragment","Capacitor"],"campfire_rested":0,"item_purchase_floors":[4,14,30,44],"current_hp_per_floor":[64,43,32,32,21,21,28,28,28,50,50,50,50,50,50,60,68,71,71,71,71,71,71,71,71,71,71,64,64,64,64,64,66,70,71,71,71,71,57,67,67,71,71,71,71,63,71,71,71,71,71,71,71,56,0,0],"gold":126,"neow_bonus":"THREE_ENEMY_KILL","is_daily":false,"chose_seed":false,"campfire_upgraded":11,"win_rate":0.0,"timestamp":1608055399,"path_taken":["M","?","?","$","?","R","E","R","T","E","M","R","E","$","R","BOSS","M","?","M","M","?","R","E","R","T","M","E","R","$","?","R","BOSS","M","?","M","?","M","E","R","E","T","$","R","M","M","M","R","BOSS","R","$","E","BOSS"],"items_purchased_type":["Card","Card","Card","Card"],"build_version":"2020-12-13","purchased_purges":4,"victory":false,"max_hp_per_floor":[71,71,71,71,71,71,71,71,71,71,71,71,71,71,71,71,71,71,71,71,71,71,71,71,71,71,71,71,71,71,71,71,71,71,71,71,71,71,71,71,71,71,71,71,71,71,71,71,71,71,71,71,71,78,78,78],"card_choices":[{"not_picked":["Cold Snap","Double Energy"],"picked":"Go for the Eyes","floor":1},{"not_picked":["BootSequence","Streamline"],"picked":"Reboot","floor":7},{"not_picked":["Go for the Eyes","Streamline"],"picked":"Cold Snap","floor":10},{"not_picked":["Gash","Turbo"],"picked":"Chaos","floor":11},{"not_picked":["Beam Cell","Auto Shields","Hello World"],"picked":"SKIP","floor":13},{"not_picked":["Amplify","Hyperbeam"],"picked":"Electrodynamics","floor":16},{"not_picked":["Force Field","Turbo+1","Beam Cell"],"picked":"SKIP","floor":18},{"not_picked":["Leap","Cold Snap"],"picked":"Coolheaded","floor":20},{"not_picked":["Rebound","Barrage","Undo"],"picked":"SKIP","floor":21},{"not_picked":["Hologram+1","Recycle"],"picked":"Glacier+1","floor":24},{"not_picked":["Fusion","Streamline"],"picked":"Defragment","floor":27},{"not_picked":["Scrape","Redo"],"picked":"Consume","floor":28},{"not_picked":["Electrodynamics","Thunder Strike"],"picked":"Core Surge","floor":33},{"not_picked":["Beam Cell+1","Steam"],"picked":"Double Energy","floor":35},{"not_picked":["Ball Lightning","Conserve Battery","Genetic Algorithm+1"],"picked":"SKIP","floor":37},{"not_picked":["Static Discharge+1","Streamline","Doom and Gloom+1"],"picked":"SKIP","floor":39},{"not_picked":["Sweeping Beam","Multi-Cast","Scrape+1"],"picked":"SKIP","floor":40},{"not_picked":["Stack","Rebound","Conserve Battery"],"picked":"SKIP","floor":42},{"not_picked":["Rebound","Cold Snap+1"],"picked":"Compile Driver","floor":46},{"not_picked":["Reprogram","Thunder Strike"],"picked":"Compile Driver+1","floor":47},{"not_picked":["Steam+1","Self Repair","Barrage"],"picked":"SKIP","floor":48},{"not_picked":["Genetic Algorithm","Ball Lightning"],"picked":"Storm","floor":54}],"player_experience":986631,"relics_obtained":[{"floor":7,"key":"Orichalcum"},{"floor":9,"key":"Meat on the Bone"},{"floor":10,"key":"CeramicFish"},{"floor":13,"key":"CaptainsWheel"},{"floor":24,"key":"Pen Nib"},{"floor":28,"key":"Nunchaku"},{"floor":40,"key":"Ornamental Fan"},{"floor":42,"key":"Juzu Bracelet"},{"floor":43,"key":"Akabeko"},{"floor":54,"key":"Strawberry"}],"event_choices":[{"damage_healed":0,"gold_gain":0,"player_choice":"Entered Light","damage_taken":21,"max_hp_gain":0,"max_hp_loss":0,"event_name":"Shining Light","floor":2,"gold_loss":0,"cards_upgraded":["Dualcast","Defend_B"]},{"damage_healed":0,"gold_gain":75,"player_choice":"Gather Gold","damage_taken":11,"max_hp_gain":0,"max_hp_loss":0,"event_name":"World of Goop","floor":3,"gold_loss":0},{"damage_healed":0,"gold_gain":0,"player_choice":"Success","damage_taken":11,"relics_obtained":["FossilizedHelix"],"max_hp_gain":0,"max_hp_loss":0,"event_name":"Scrap Ooze","floor":5,"gold_loss":0},{"damage_healed":0,"gold_gain":0,"player_choice":"Obtained Relic","damage_taken":0,"relics_obtained":["Mummified Hand"],"max_hp_gain":0,"max_hp_loss":0,"event_name":"Addict","floor":19,"gold_loss":85},{"damage_healed":0,"gold_gain":0,"player_choice":"Read","damage_taken":0,"max_hp_gain":0,"max_hp_loss":0,"event_name":"The Library","floor":22,"gold_loss":0,"cards_obtained":["Creative AI"]},{"cards_removed":["Defend_B"],"damage_healed":0,"gold_gain":0,"player_choice":"Elegance","damage_taken":0,"max_hp_gain":0,"max_hp_loss":0,"event_name":"Back to Basics","floor":31,"gold_loss":0},{"cards_removed":["Defend_B"],"damage_healed":0,"gold_gain":0,"player_choice":"Removed Skill","damage_taken":0,"max_hp_gain":0,"max_hp_loss":0,"event_name":"Falling","floor":36,"gold_loss":0},{"damage_healed":0,"gold_gain":0,"player_choice":"Upgraded","damage_taken":0,"max_hp_gain":0,"max_hp_loss":0,"event_name":"Upgrade Shrine","floor":38,"gold_loss":0,"cards_upgraded":["Defragment"]}],"is_beta":false,"boss_relics":[{"not_picked":["Coffee Dripper","Calling Bell"],"picked":"Sozu"},{"not_picked":["Astrolabe","Empty Cage"],"picked":"Philosopher\u0027s Stone"}],"items_purged_floors":[4,14,30,44],"is_endless":false,"potions_floor_spawned":[10,11,13,16,20,21,27,33,39,40,47],"killed_by":"The Heart","ascension_level":18}}