{"host":"87fdiiwflhrwsj8a","time":1608073180,"event":{"mods":["Aspiration","BaseMod","Better Match","Better Note","Better Third Choice","BetterRewards","Colored Map","GifTheSpireLib","Infinite Spire","Minty Spire (QoL Compilation)","Relic Sorter","Replay The Spire","Robot Space Explorer","StSLib","Stuff the Spire","The Cursed"],"gold_per_floor":[114,114,114,114,132,132,161,171,171,171,204,217,217,233,233,338,338,348,623,320,332,344,378,378,410,489,520,520,549,549,549,549,549,549],"floor_reached":33,"playtime":1257,"items_purged":["Regret"],"score":475,"play_id":"af85bc2c-20d0-4cbe-9621-c0ff5408b754","local_time":"20201215175940","is_ascension_mode":true,"campfire_choices":[{"data":"TheCursedMod:CircleOfFocus","floor":6.0,"key":"SMITH"},{"data":"TheCursedMod:CursedRelics","floor":13.0,"key":"SMITH"},{"floor":24.0,"key":"REST"},{"data":"TheCursedMod:NeowsMight","floor":28.0,"key":"SMITH"},{"data":"TheCursedMod:NeowsMight","floor":32,"key":"SMITH"}],"circlet_count":0,"master_deck":["TheCursedMod:Strike_TheCursed","TheCursedMod:Strike_TheCursed","TheCursedMod:Strike_TheCursed","TheCursedMod:Strike_TheCursed","TheCursedMod:Defend_TheCursed","TheCursedMod:Defend_TheCursed","TheCursedMod:Defend_TheCursed","TheCursedMod:CursedWand","TheCursedMod:CleanUpWorkshop","TheCursedMod:Dregs","TheCursedMod:CircleOfFocus+1","TheCursedMod:SoulCrush","TheCursedMod:WearCloak","TheCursedMod:CursedRelics+1","TheCursedMod:SurpriseAttack","TheCursedMod:CursedStaff+1","TheCursedMod:NeowsMight+1","TheCursedMod:SurpriseAttack","TheCursedMod:SurpriseAttack","TheCursedMod:SurpriseAttack","TheCursedMod:CursedSpellbook","TheCursedMod:Obscuration+1","TheCursedMod:BloodBarrier+1","TheCursedMod:NeowsMight+1"],"relics":["TheCursedMod:BlackMagic101","NeowsBlessing","Replay:Ringing Soul","The Courier","infinitespire:FocusingShard","Mummified Hand","StuffTheSpire:Saxophone","Juzu Bracelet","Replay:Baseball","StuffTheSpire:Rhapsscallions","Eternal Feather","Replay:WaspNest"],"acts_visited":["Exordium","TheCity"],"potions_floor_usage":[],"damage_taken":[{"damage":0.0,"enemies":"Jaw Worm","floor":1.0,"turns":1.0},{"damage":0.0,"enemies":"Small Slimes","floor":5.0,"turns":1.0},{"damage":0.0,"enemies":"Lagavulin","floor":7.0,"turns":1.0},{"damage":1.0,"enemies":"Cultist","floor":8.0,"turns":3.0},{"damage":14.0,"enemies":"Gremlin Nob","floor":11.0,"turns":4.0},{"damage":11.0,"enemies":"Large Slime","floor":12.0,"turns":7.0},{"damage":0.0,"enemies":"3 Louse","floor":14.0,"turns":3.0},{"damage":69.0,"enemies":"The Guardian","floor":16.0,"turns":13.0},{"damage":5.0,"enemies":"Spheric Guardian","floor":18.0,"turns":3.0},{"damage":5.0,"enemies":"Chosen","floor":21.0,"turns":3.0},{"damage":11.0,"enemies":"Snake Plant","floor":22.0,"turns":2.0},{"damage":50.0,"enemies":"Slavers","floor":23.0,"turns":6.0},{"damage":19.0,"enemies":"Gremlin Leader","floor":25.0,"turns":5.0},{"damage":12.0,"enemies":"Slavers","floor":27.0,"turns":2.0},{"damage":7.0,"enemies":"Book of Stabbing","floor":29.0,"turns":4.0},{"damage":80,"enemies":"Champ","floor":33,"turns":16}],"seed_played":"-4974264963600559514","potions_obtained":[{"floor":1.0,"key":"Fire Potion"},{"floor":11.0,"key":"Toxic Potion"},{"floor":14.0,"key":"BlessingOfTheForge"},{"floor":25.0,"key":"Death Potion"},{"floor":27.0,"key":"Energy Potion"},{"floor":29.0,"key":"Explosive Potion"}],"is_trial":false,"path_per_floor":["M","?","T","?","M","R","E","M","T","?","E","M","R","M","R_BF","B",null,"M","?","$","M","M","E","R","E","T","E","R","E","AVR","?","R","B"],"character_chosen":"THE_CURSED","items_purchased":["StuffTheSpire:Saxophone","Juzu Bracelet"],"campfire_rested":1,"item_purchase_floors":[20,20],"current_hp_per_floor":[75,75,75,80,83,83,86,88,88,89,78,70,70,73,98,32,101,99,102,102,100,92,45,79,65,65,56,68,64,64,64,76,0,0],"gold":549,"neow_bonus":"THREE_ENEMY_KILL","is_daily":false,"chose_seed":false,"campfire_upgraded":4,"win_rate":0.0,"timestamp":1608073180,"path_taken":["M","?","?","?","M","R","E","M","T","?","E","M","R","?","R_BF","BOSS","M","?","$","M","M","E","R","E","T","E","R","E","AVR","?","R","BOSS"],"items_purchased_type":["Relic","Relic"],"build_version":"2020-11-30","purchased_purges":1,"victory":false,"max_hp_per_floor":[75,75,75,80,83,83,86,89,89,89,92,95,95,98,98,101,101,104,107,107,110,113,116,116,121,121,124,124,127,127,127,127,127,127],"card_choices":[{"not_picked":["TheCursedMod:CircleOfCorruption","TheCursedMod:CircleOfAmplification","TheCursedMod:CursedBlade"],"picked":"SKIP","floor":1.0},{"not_picked":["TheCursedMod:Stigma","TheCursedMod:PrepareRite"],"picked":"TheCursedMod:CircleOfFocus","floor":5.0},{"not_picked":["TheCursedMod:CircleOfFlame","TheCursedMod:SmokeScreen"],"picked":"TheCursedMod:SoulCrush","floor":7.0},{"not_picked":["TheCursedMod:SmokeScreen","TheCursedMod:AshesToAshes"],"picked":"TheCursedMod:WearCloak","floor":8.0},{"not_picked":["TheCursedMod:Stigma","TheCursedMod:StingEye"],"picked":"TheCursedMod:CursedRelics","floor":11.0},{"not_picked":["TheCursedMod:CircleOfFlame","TheCursedMod:Obscuration"],"picked":"TheCursedMod:SurpriseAttack","floor":12.0},{"not_picked":["TheCursedMod:CursedMace","TheCursedMod:SaltUponWound"],"picked":"TheCursedMod:CursedStaff","floor":14.0},{"not_picked":["TheCursedMod:DarkBarrier","TheCursedMod:ShockAndAwe"],"picked":"TheCursedMod:NeowsMight","floor":16.0},{"not_picked":["TheCursedMod:Evocation","TheCursedMod:StingEye"],"picked":"TheCursedMod:SurpriseAttack","floor":18.0},{"not_picked":["TheCursedMod:CircleOfFlame","TheCursedMod:CursedAmulet"],"picked":"TheCursedMod:SurpriseAttack","floor":21.0},{"not_picked":["TheCursedMod:SpitefulStrike","TheCursedMod:RavingStaff"],"picked":"TheCursedMod:SurpriseAttack","floor":22.0},{"not_picked":["TheCursedMod:CircleOfFlame","TheCursedMod:AbyssShockwave"],"picked":"TheCursedMod:CursedSpellbook","floor":23.0},{"not_picked":["TheCursedMod:FleshFromBone","TheCursedMod:VitalStrike+1"],"picked":"TheCursedMod:Obscuration+1","floor":25.0},{"not_picked":["TheCursedMod:CircleOfFlame","TheCursedMod:TacticalStrike"],"picked":"TheCursedMod:BloodBarrier+1","floor":27.0},{"not_picked":["TheCursedMod:RavingStaff","TheCursedMod:FleshFromBone"],"picked":"TheCursedMod:NeowsMight","floor":29.0}],"player_experience":2552614,"relics_obtained":[{"floor":3.0,"key":"Replay:Ringing Soul"},{"floor":7.0,"key":"The Courier"},{"floor":9.0,"key":"infinitespire:FocusingShard"},{"floor":11.0,"key":"Mummified Hand"},{"floor":23.0,"key":"Replay:Baseball"},{"floor":25.0,"key":"StuffTheSpire:Rhapsscallions"},{"floor":27.0,"key":"Eternal Feather"}],"event_choices":[{"damage_healed":0.0,"max_hp_gain":5.0,"max_hp_loss":0.0,"gold_gain":0.0,"event_name":"Big Fish","player_choice":"Donut","floor":4.0,"gold_loss":0.0,"damage_taken":0.0},{"damage_healed":1.0,"max_hp_gain":0.0,"max_hp_loss":0.0,"gold_gain":0.0,"event_name":"Wheel of Change","player_choice":"Full Heal","floor":10.0,"gold_loss":0.0,"damage_taken":0.0},{"damage_healed":0.0,"max_hp_gain":0.0,"max_hp_loss":0.0,"gold_gain":275.0,"event_name":"Golden Shrine","player_choice":"Desecrate","floor":19.0,"gold_loss":0.0,"damage_taken":0.0,"cards_obtained":["Regret"]},{"damage_healed":0,"gold_gain":0,"player_choice":"Got Potions","damage_taken":0,"max_hp_gain":0,"max_hp_loss":0,"event_name":"Lab","floor":31,"gold_loss":0}],"is_beta":false,"boss_relics":[{"not_picked":["Runic Dome","ReplayTheSpireMod:DimensionalGlitch","aspiration:IroncladSkillbook"]}],"items_purged_floors":[20],"is_endless":false,"potions_floor_spawned":[1,11,14,25,27,29],"killed_by":"Champ","ascension_level":1}}