{"host":"1hv1kueuvc4r3rdp","time":1608003378,"event":{"mods":["AchievementEnabler","BaseMod","DeckTracker","Highlight Path","Minty Spire (QoL Compilation)","Permanent Neow","StSLib"],"gold_per_floor":[111,130,145,145,157,157,190,11,62,62,92,107,107,107,107,203,203,203],"floor_reached":17,"playtime":679,"items_purged":["Dualcast"],"score":206,"play_id":"97544e5e-8655-47b6-bf2d-a80a9a6a827c","local_time":"20201214213618","is_ascension_mode":true,"campfire_choices":[{"floor":6.0,"key":"REST"},{"floor":10,"key":"REST"},{"floor":15,"key":"REST"}],"circlet_count":0,"master_deck":["Strike_B","Strike_B","Strike_B","Strike_B","Defend_B","Defend_B+1","Defend_B","Defend_B+1","Hyperbeam","Reinforced Body","White Noise","Auto Shields","Reinforced Body","Double Energy","CurseOfTheBell"],"relics":["Cracked Core","The Courier","Happy Flower","War Paint","Vajra","Ancient Tea Set","Calling Bell","Lantern","Ornamental Fan","Ginger"],"acts_visited":["Exordium","TheCity"],"potions_floor_usage":[],"damage_taken":[{"damage":0.0,"enemies":"Small Slimes","floor":1.0,"turns":1.0},{"damage":2.0,"enemies":"Jaw Worm","floor":2.0,"turns":3.0},{"damage":0.0,"enemies":"2 Louse","floor":3.0,"turns":1.0},{"damage":19.0,"enemies":"Large Slime","floor":5.0,"turns":5.0},{"damage":39.0,"enemies":"Lagavulin","floor":7.0,"turns":11.0},{"damage":5,"enemies":"3 Sentries","floor":11,"turns":7},{"damage":11,"enemies":"Exordium Thugs","floor":12,"turns":4},{"damage":34,"enemies":"Slime Boss","floor":16,"turns":12}],"seed_played":"4440369416263413531","potions_obtained":[{"floor":1.0,"key":"SteroidPotion"},{"floor":7.0,"key":"Energy Potion"},{"floor":16,"key":"SneckoOil"}],"is_trial":false,"path_per_floor":["M","M","M","?","M","R","E","$","T","R","E","M","?","?","R","B",null],"character_chosen":"DEFECT","items_purchased":["War Paint"],"campfire_rested":3,"item_purchase_floors":[8],"current_hp_per_floor":[54,52,52,49,30,52,13,13,13,35,30,19,19,19,41,7,58,58],"gold":203,"neow_bonus":"THREE_RARE_CARDS","is_daily":false,"chose_seed":false,"campfire_upgraded":0,"win_rate":0.0,"timestamp":1608003378,"path_taken":["M","M","M","?","M","R","E","$","T","R","E","M","?","?","R","BOSS"],"items_purchased_type":["Relic"],"build_version":"2020-12-13","purchased_purges":1,"victory":false,"max_hp_per_floor":[75,75,75,75,75,75,75,75,75,75,75,75,75,75,75,75,75,75],"card_choices":[{"not_picked":["Multi-Cast","Core Surge"],"picked":"Hyperbeam","floor":0.0},{"not_picked":["Rebound","Barrage"],"picked":"Reinforced Body","floor":1.0},{"not_picked":["Sunder","Rebound"],"picked":"White Noise","floor":2.0},{"not_picked":["Redo","Beam Cell"],"picked":"Auto Shields","floor":3.0},{"not_picked":["Turbo","Coolheaded"],"picked":"Reinforced Body","floor":5.0},{"not_picked":["Go for the Eyes","Reinforced Body","Electrodynamics"],"picked":"SKIP","floor":7.0},{"not_picked":["Defragment","Glacier","Hologram"],"picked":"SKIP","floor":11},{"not_picked":["Force Field","Barrage","Beam Cell"],"picked":"SKIP","floor":12}],"player_experience":1012714,"relics_obtained":[{"floor":7.0,"key":"Happy Flower"},{"floor":9,"key":"Vajra"},{"floor":11,"key":"Ancient Tea Set"},{"floor":17,"key":"Lantern"},{"floor":17,"key":"Ornamental Fan"},{"floor":17,"key":"Ginger"}],"event_choices":[{"damage_healed":0.0,"max_hp_gain":0.0,"max_hp_loss":0.0,"gold_gain":0.0,"event_name":"Scrap Ooze","player_choice":"Success","floor":4.0,"gold_loss":0.0,"damage_taken":3.0,"relics_obtained":["The Courier"]},{"damage_healed":0,"gold_gain":0,"cards_transformed":["Zap"],"player_choice":"Change","damage_taken":0,"max_hp_gain":0,"max_hp_loss":0,"event_name":"Living Wall","floor":13,"gold_loss":0,"cards_obtained":["Double Energy"]},{"damage_healed":0,"gold_gain":0,"player_choice":"Ignored","damage_taken":0,"max_hp_gain":0,"max_hp_loss":0,"event_name":"Liars Game","floor":14,"gold_loss":0}],"is_beta":false,"boss_relics":[{"not_picked":["Cursed Key","Fusion Hammer"],"picked":"Calling Bell"}],"items_purged_floors":[8],"is_endless":false,"potions_floor_spawned":[1,7,16],"ascension_level":5}}