{"host":"l8lm1goh5xm9tkuw","time":1608017248,"event":{"mods":["Act Like it!","Alarm Clock","Astrologer","BaseMod","Colored Map","Colored Powertips","GungeonMod","Hermit","KinomotoSakuraMod(Ä¾Ö®±¾Ó£)","KomeijiMod","Library of Ruina","Library of Ruina Extra","Lobotomy","LobotomyExtend","Marisa£¨ìFÓê¡¡Ä§ÀíÉ³£©","Minty Spire (QoL Compilation)","MostiFishMod","Quick Restart","Replay The Spire","Shade Mod","StSLib","TestMod","The Animator","The Bug Knight","The Hierophant","UnlockEverythingMod","vexMod","¡¾ÒÅÎï¿¨ÅÆ¡¿REMEMod"],"gold_per_floor":[119,169,189,207,218,252,252,285,285,325,93,93,104,104,104,262,262,306,324,371,387,435,435,467,484,484,517,259,114,114,14,14,261,261,274,76,91,140,40,189,189,329,329,459,604,735,735,890,890,890,1010,1010,1010,501,527,527],"floor_reached":57,"playtime":2393,"items_purged":["Strike_P","Defend_P","Defend_P","BowlingBash"],"score":2212,"play_id":"c088e426-7379-4197-bb90-a1d56413cc2b","local_time":"20201215152728","is_ascension_mode":true,"campfire_choices":[{"data":"Blasphemy","floor":7.0,"key":"SMITH"},{"data":"Eruption","floor":12.0,"key":"SMITH"},{"data":"Defend_P","floor":15.0,"key":"PURGE"},{"data":"InnerPeace","floor":23.0,"key":"SMITH"},{"data":"MostiFishMod:StarLaLaLa","floor":30.0,"key":"SMITH"},{"floor":32.0,"key":"RECALL"},{"data":"DeusExMachina","floor":41.0,"key":"SMITH"},{"data":"ThirdEye","floor":47.0,"key":"SMITH"},{"data":"Pot Of Greed","floor":49.0,"key":"SMITH"},{"data":"Wallop","floor":53.0,"key":"SMITH"}],"circlet_count":0,"master_deck":["AscendersBane","Strike_P","Strike_P","Defend_P","Eruption+1","Vigilance","Blasphemy+1","Wish+1","Conclude","InnerPeace+1","Ragnarok+1","InnerPeace+1","MasterReality","MostiFishMod:StarLaLaLa+1","Tantrum","REME_CRH","Pot Of Greed+1","Pot Of Greed+1","MostiFishMod:FantasySummer","Evaluate","ThirdEye+1","DeusExMachina+1","MostiFishMod:Speedup","Wallop+1","ThirdEye+1","Pot Of Greed","CutThroughFate","Scrawl+1"],"relics":["DaveBox","testmod-TestBox","REME_ComplimentaryCards","ShadowXiaoBlade","xbg","testmod-AscensionHeart","Question Card","LetterFromLob","RedMistMask","testmod-LifeArmor","PageOfBloodbath","vexMod:GhostlyGear","ImportantClient","RhineCircuit","InkBottle","Onion Ring","Replay:Ringing Soul","REME_LowDesire","Grinning Jar","DemoMod:MonsterBlood","PageOfMercenary","Potion Belt","Pen Nib","testmod-CrystalShield","Replay:Purple Gloves","PageOfTodaysShyLook","testmod-FatalChain","DemoMod:ChaffGrenade"],"acts_visited":["Exordium","TheCity","TheBeyond","TheEnding"],"potions_floor_usage":[56],"damage_taken":[{"damage":0.0,"enemies":"Cultist","floor":1.0,"turns":3.0},{"damage":0.0,"enemies":"Small Slimes","floor":3.0,"turns":1.0},{"damage":0.0,"enemies":"2 Louse","floor":4.0,"turns":2.0},{"damage":0.0,"enemies":"Looter","floor":5.0,"turns":2.0},{"damage":0.0,"enemies":"3 Sentries","floor":6.0,"turns":2.0},{"damage":0.0,"enemies":"Lagavulin","floor":8.0,"turns":3.0},{"damage":0.0,"enemies":"3 Louse","floor":10.0,"turns":2.0},{"damage":0.0,"enemies":"Exordium Wildlife","floor":13.0,"turns":1.0},{"damage":0.0,"enemies":"Fading Forest","floor":16.0,"turns":9.0},{"damage":2.0,"enemies":"Shell Parasite","floor":18.0,"turns":3.0},{"damage":0.0,"enemies":"Chosen","floor":19.0,"turns":1.0},{"damage":7.0,"enemies":"Centurion and Healer","floor":20.0,"turns":3.0},{"damage":0.0,"enemies":"3 Cultists","floor":21.0,"turns":1.0},{"damage":14.0,"enemies":"Snake Plant","floor":22.0,"turns":2.0},{"damage":0.0,"enemies":"Book of Stabbing","floor":24.0,"turns":1.0},{"damage":6.0,"enemies":"Shelled Parasite and Fungi","floor":25.0,"turns":2.0},{"damage":0.0,"enemies":"Gremlin Leader","floor":27.0,"turns":1.0},{"damage":14.0,"enemies":"KingOfGreed","floor":33.0,"turns":3.0},{"damage":0.0,"enemies":"3 Darklings","floor":35.0,"turns":2.0},{"damage":4.0,"enemies":"Orb Walker","floor":37.0,"turns":2.0},{"damage":5.0,"enemies":"Spire Growth","floor":38.0,"turns":3.0},{"damage":4.0,"enemies":"Giant Head","floor":40.0,"turns":4.0},{"damage":7.0,"enemies":"Writhing Mass","floor":42.0,"turns":3.0},{"damage":14.0,"enemies":"Sphere and 2 Shapes","floor":44.0,"turns":5.0},{"damage":5.0,"enemies":"Reptomancer","floor":45.0,"turns":3.0},{"damage":10.0,"enemies":"Jaw Worm Horde","floor":46.0,"turns":3.0},{"damage":0.0,"enemies":"Giant Head","floor":48.0,"turns":3.0},{"damage":10.0,"enemies":"Replay:Hell Engine","floor":50.0,"turns":2.0},{"damage":0.0,"enemies":"Replay:Hell Engine","floor":51.0,"turns":3.0},{"damage":0.0,"enemies":"Shield and Spear","floor":55.0,"turns":1.0},{"damage":12,"enemies":"The Heart","floor":56,"turns":3}],"seed_played":"335598650324836421","potions_obtained":[{"floor":4.0,"key":"LiquidMemories"},{"floor":10.0,"key":"Ancient Potion"},{"floor":18.0,"key":"CalmPotion"},{"floor":25.0,"key":"testmod-TestPotion"},{"floor":35.0,"key":"DuplicationPotion"},{"floor":38.0,"key":"Swift Potion"},{"floor":45.0,"key":"SpeedPotion"},{"floor":46.0,"key":"testmod-TimePotion"},{"floor":48.0,"key":"SpeedPotion"}],"is_trial":false,"path_per_floor":["M","?","M","M","M","E","R","E","T","M","$","R","M","M","R_BF","B",null,"M","M","M","M","M","R","E","M","T","E","?","$","R","$","R","B",null,"M","$","M","M","?","E","R","M","T","M","E","M","R","E","R","B",null,null,"R","$","E","B",null],"character_chosen":"WATCHER","items_purchased":["vexMod:GhostlyGear","Tantrum","PageOfMercenary","PageOfTodaysShyLook","testmod-FatalChain","CutThroughFate"],"campfire_rested":0,"item_purchase_floors":[11,29,36,54,54,54],"current_hp_per_floor":[62,62,63,64,65,67,67,69,69,70,70,70,70,70,70,75,75,73,74,68,69,56,56,58,53,53,58,58,61,61,61,61,62,94,95,95,95,91,94,95,95,92,92,82,82,76,76,78,78,74,78,115,115,118,123,120],"gold":527,"neow_bonus":"BOSS_RELIC","is_daily":false,"chose_seed":false,"campfire_upgraded":8,"win_rate":0.0,"timestamp":1608017248,"path_taken":["M","?","M","M","M","E","R","E","T","M","?","R","M","M","R_BF","BOSS","M","M","M","M","M","R","E","M","T","E","?","$","R","$","R","BOSS","M","$","M","M","?","E","R","M","T","M","E","M","R","E","R","BOSS","R","$","E","BOSS"],"items_purchased_type":["Relic","Card","Relic","Relic","Relic","Card"],"build_version":"2020-12-13","purchased_purges":4,"victory":true,"max_hp_per_floor":[68,68,68,68,68,69,69,70,70,70,70,70,70,70,70,75,75,75,75,75,75,75,75,76,76,76,80,80,83,83,83,83,91,101,101,101,104,104,107,111,111,114,114,117,118,121,121,122,122,127,127,127,127,130,134,139],"card_choices":[{"not_picked":["CrushJoints","Collect","WreathOfFlame"],"picked":"SKIP","floor":1.0},{"not_picked":["EmptyFist","EmptyBody","CrushJoints","ThirdEye"],"picked":"SKIP","floor":3.0},{"not_picked":["Replay:AtTheReady","ForeignInfluence","EmptyBody","FlyingSleeves"],"picked":"SKIP","floor":4.0},{"not_picked":["Sanctity","Crescendo","REME_Repentance"],"picked":"BowlingBash","floor":5.0},{"not_picked":["MostiFishMod:FlowState","MostiFishMod:DisColor","REME_EmptyShield"],"picked":"Blasphemy","floor":6.0},{"not_picked":["Replay:LoomingThreat","REME_WorshipGod","MostiFishMod:KamiSmash"],"picked":"Wish","floor":8.0},{"not_picked":["CutThroughFate","Consecrate","SignatureMove"],"picked":"Conclude","floor":10.0},{"not_picked":["Swivel","Crescendo","Consecrate"],"picked":"InnerPeace","floor":13.0},{"not_picked":["REME_WorshipGod","MostiFishMod:ScryFuture","MostiFishMod:Minus"],"picked":"Ragnarok","floor":16.0},{"not_picked":["Conclude","Replay:ManipulateFuture","Replay:Anticipation","REME_Repentance"],"picked":"SKIP","floor":18.0},{"not_picked":["ClearTheMind","EmptyBody","PathToVictory","FlyingSleeves"],"picked":"SKIP","floor":19.0},{"not_picked":["Fasting2","MentalFortress","BattleHymn"],"picked":"InnerPeace+1","floor":20.0},{"not_picked":["EmptyFist","PathToVictory","Halt","Sanctity"],"picked":"SKIP","floor":21.0},{"not_picked":["Worship+1","EmptyMind","ClearTheMind","Blasphemy"],"picked":"SKIP","floor":22.0},{"not_picked":["MostiFishMod:OutWit","Scrawl","MostiFishMod:KamiSmash"],"picked":"MasterReality","floor":24.0},{"not_picked":["Wireheading","Prostrate","PathToVictory","FollowUp"],"picked":"SKIP","floor":25.0},{"not_picked":["Replay:LoomingThreat","DevaForm","LessonLearned"],"picked":"MostiFishMod:StarLaLaLa","floor":27.0},{"not_picked":["Omniscience","MostiFishMod:ScryFuture","MostiFishMod:StarLaLaLa"],"picked":"REME_CRH","floor":33.0},{"not_picked":["Pray","EmptyMind","MostiFishMod:Minus","FollowUp","Apotheosis"],"picked":"SKIP","floor":35.0},{"not_picked":["ThirdEye","PathToVictory","Crescendo+1","EmptyMind"],"picked":"MostiFishMod:FantasySummer","floor":37.0},{"not_picked":["EmptyFist","Replay:Anticipation","Brilliance","FollowUp","Madness+1"],"picked":"SKIP","floor":38.0},{"not_picked":["CarveReality","Replay:BluntJabs","Replay:ManipulateFuture+1","Magnetism"],"picked":"Evaluate","floor":39.0},{"not_picked":["Replay:Cycle","ClearTheMind","Study+1","testmod-TradeIn"],"picked":"ThirdEye","floor":39.0},{"not_picked":["MostiFishMod:DustFall","MostiFishMod:Adaptation","Establishment","testmod-ShutDown"],"picked":"DeusExMachina","floor":40.0},{"not_picked":["Halt","BowlingBash","EmptyBody","testmod-PulseDistributor"],"picked":"MostiFishMod:Speedup","floor":42.0},{"not_picked":["FlurryOfBlows","MostiFishMod:KamiSmash","Replay:BluntJabs","Flash of Steel"],"picked":"Wallop","floor":44.0},{"not_picked":["Establishment","Establishment","ConjureBlade","MostiFishMod:Dust","testmod-TradeIn"],"picked":"SKIP","floor":45.0},{"not_picked":["ForeignInfluence","Protect+1","Crescendo+1","testmod-DisillusionmentEcho"],"picked":"ThirdEye","floor":46.0},{"not_picked":["MostiFishMod:OutWit","MostiFishMod:Unraveling","MostiFishMod:Minus","ConjureBlade","MostiFishMod:FlowState"],"picked":"SKIP","floor":48.0},{"not_picked":["DevaForm","ConjureBlade","MostiFishMod:MemoryFragments","testmod-Dream"],"picked":"Scrawl","floor":55.0}],"player_experience":305412,"relics_obtained":[{"floor":1.0,"key":"Question Card"},{"floor":1.0,"key":"LetterFromLob"},{"floor":3.0,"key":"RedMistMask"},{"floor":6.0,"key":"testmod-LifeArmor"},{"floor":8.0,"key":"PageOfBloodbath"},{"floor":16.0,"key":"ImportantClient"},{"floor":24.0,"key":"InkBottle"},{"floor":26.0,"key":"Onion Ring"},{"floor":27.0,"key":"Replay:Ringing Soul"},{"floor":34.0,"key":"Grinning Jar"},{"floor":34.0,"key":"DemoMod:MonsterBlood"},{"floor":40.0,"key":"Potion Belt"},{"floor":43.0,"key":"Pen Nib"},{"floor":45.0,"key":"testmod-CrystalShield"},{"floor":48.0,"key":"Replay:Purple Gloves"},{"floor":55.0,"key":"DemoMod:ChaffGrenade"}],"event_choices":[{"damage_healed":0.0,"max_hp_gain":0.0,"max_hp_loss":0.0,"gold_gain":50.0,"event_name":"Golden Shrine","player_choice":"Pray","floor":2.0,"gold_loss":0.0,"damage_taken":0.0}],"is_beta":false,"boss_relics":[{"not_picked":["testmod-Temperance","Ring of Chaos"],"picked":"RhineCircuit"},{"not_picked":["OneHitWonderSystem","Fusion Hammer"],"picked":"REME_LowDesire"}],"items_purged_floors":[11,29,31,54],"is_endless":false,"potions_floor_spawned":[4,6,10,18,19,25,35,38,45,46,48],"ascension_level":15}}