{"host":"gx04ak8ofzo346nl","time":1608038864,"event":{"mods":["BaseMod","Colored Map","Duelist Mod","Friendly Minions","Googly Eyes","Minty Spire (QoL Compilation)","Replay The Spire","StSLib","The Animator","The Construct","The Cursed","The Disciple","The Necromancer","The Servant 0.9.4"],"gold_per_floor":[129,159,178,195,195,221,236,236,310,339,368,380,392,415,427,543,555,578,590,617,629,641,653,665,665],"floor_reached":24,"playtime":3462,"items_purged":[],"score":208,"play_id":"97a3bfbb-7ada-4c03-b864-1bb2aff64d71","local_time":"20201215052744","is_ascension_mode":false,"campfire_choices":[{"floor":8,"key":"REST"},{"floor":12,"key":"REST"},{"floor":23,"key":"REST"}],"circlet_count":0,"master_deck":["animator:Strike_GATE","animator:Defend_GATE","animator:Strike","animator:Strike","animator:Strike","animator:Defend","animator:Defend","animator:Defend+1","animator:TukaLunaMarceau","animator:Kuribayashi+1","animator:Shuna","animator:Bozes","animator:Ainz","animator:Kuribayashi+1","animator:Mikaela","animator:Elsword","animator:Elesis","animator:YaoHaDucy","animator:Saitama","animator:Sora","animator:Entoma","animator:Sora","animator:KrulTepes","animator:Ainz"],"relics":["animator:LivingPicture","animator:TheMissingPiece","animator:PurgingStone","Replay:Bottled Flurry","MawBank","Lantern","Black Star","Matryoshka"],"acts_visited":["Exordium","TheCity"],"potions_floor_usage":[6,11,11,11,11,11,11,16,24],"damage_taken":[{"damage":3,"enemies":"Jaw Worm","floor":1,"turns":3},{"damage":0,"enemies":"2 Louse","floor":2,"turns":4},{"damage":12,"enemies":"Cultist","floor":3,"turns":6},{"damage":6,"enemies":"Blue Slaver","floor":4,"turns":5},{"damage":30,"enemies":"Lagavulin","floor":6,"turns":7},{"damage":2,"enemies":"Red Slaver","floor":7,"turns":5},{"damage":24,"enemies":"Replay:BlueRogue","floor":10,"turns":9},{"damage":0,"enemies":"Exordium Thugs","floor":11,"turns":3},{"damage":0,"enemies":"2 Fungi Beasts","floor":14,"turns":4},{"damage":20,"enemies":"The Guardian","floor":16,"turns":14},{"damage":29,"enemies":"Chosen","floor":18,"turns":10},{"damage":18,"enemies":"Spheric Guardian","floor":20,"turns":4},{"damage":48,"enemies":"theDuelist:KaibaA2","floor":24,"turns":9}],"seed_played":"-6973283461210647806","potions_obtained":[{"floor":2,"key":"construct:ShiftPotion"},{"floor":3,"key":"Reflective Coating"},{"floor":7,"key":"EntropicBrew"},{"floor":10,"key":"AttackPotion"},{"floor":11,"key":"Regen Potion"},{"floor":14,"key":"Swift Potion"},{"floor":20,"key":"Strength Potion"}],"is_trial":false,"path_per_floor":["M","M","M","M","?","E","M","R","T","E","M","R","?","M","R_BF","B",null,"M","?","M","T","?","R","E"],"character_chosen":"THE_ANIMATOR","items_purchased":[],"campfire_rested":3,"item_purchase_floors":[],"current_hp_per_floor":[69,69,57,51,37,7,5,26,26,2,3,24,24,24,45,25,73,44,44,26,26,26,47,0,0],"gold":665,"neow_bonus":"TEN_PERCENT_HP_BONUS","is_daily":false,"chose_seed":false,"campfire_upgraded":0,"win_rate":0.0,"timestamp":1608038864,"path_taken":["M","M","M","M","?","E","M","R","T","E","M","R","?","?","R_BF","BOSS","M","?","?","?","?","R","E"],"items_purchased_type":[],"build_version":"2020-12-13","purchased_purges":0,"victory":false,"max_hp_per_floor":[72,72,72,72,72,72,72,72,72,72,73,73,73,73,73,73,73,73,73,73,73,73,73,73,73],"card_choices":[{"not_picked":["animator:Mikaela","animator:Ciel"],"picked":"animator:Shuna","floor":1},{"not_picked":["animator:Assassin","animator:Mikaela"],"picked":"animator:Bozes","floor":2},{"not_picked":["animator:ChlammyZell","animator:Demiurge"],"picked":"animator:Ainz","floor":3},{"not_picked":["animator:YaoHaDucy","animator:Tyuule"],"picked":"animator:Kuribayashi","floor":4},{"not_picked":["animator:Rimuru","animator:Yoichi"],"picked":"animator:Mikaela","floor":6},{"not_picked":["animator:Kuribayashi","animator:Mitsuba"],"picked":"animator:Elsword","floor":7},{"not_picked":["animator:HiiragiShinya","animator:Yoichi"],"picked":"animator:Elesis","floor":10},{"not_picked":["animator:Bozes","animator:Kuribayashi"],"picked":"animator:YaoHaDucy","floor":11},{"not_picked":["animator:EmiyaShirou","animator:Shigure"],"picked":"animator:Saitama","floor":14},{"not_picked":["animator:Albedo","animator:SwordMaiden"],"picked":"animator:Sora","floor":16},{"not_picked":["animator:Lu","animator:Shuna"],"picked":"animator:Entoma","floor":18},{"not_picked":["animator:Entoma","animator:MetalKnight+1"],"picked":"animator:KrulTepes","floor":20}],"player_experience":158753,"relics_obtained":[{"floor":6,"key":"Replay:Bottled Flurry"},{"floor":10,"key":"MawBank"},{"floor":21,"key":"Matryoshka"}],"event_choices":[{"damage_healed":0,"gold_gain":0,"player_choice":"Entered Light","damage_taken":14,"max_hp_gain":0,"max_hp_loss":0,"event_name":"Shining Light","floor":5,"gold_loss":0,"cards_upgraded":["animator:Defend","animator:Kuribayashi"]},{"damage_healed":0,"gold_gain":0,"player_choice":"Gave Potion","damage_taken":0,"relics_obtained":["Lantern"],"max_hp_gain":0,"max_hp_loss":0,"event_name":"WeMeetAgain","floor":13,"gold_loss":0},{"damage_healed":0,"gold_gain":0,"player_choice":"Copied","damage_taken":0,"max_hp_gain":0,"max_hp_loss":0,"event_name":"Duplicator","floor":19,"gold_loss":0,"cards_obtained":["animator:Sora"]},{"damage_healed":0,"gold_gain":0,"player_choice":"1 cards matched","damage_taken":0,"max_hp_gain":0,"max_hp_loss":0,"event_name":"Match and Keep!","floor":22,"gold_loss":0,"cards_obtained":["animator:Ainz"]}],"is_beta":false,"boss_relics":[{"not_picked":["Ectoplasm","animator:CursedBlade"],"picked":"Black Star"}],"items_purged_floors":[],"is_endless":false,"potions_floor_spawned":[2,3,7,10,11,14,20],"killed_by":"theDuelist:KaibaA2","ascension_level":0}}