{"host":"p7j7o00jacnw7qzt","time":1608051492,"event":{"mods":["BaseMod","Colored Map","Colored Powertips","DeckTracker","Highlight Path","Minty Spire (QoL Compilation)","Relic Stats"],"gold_per_floor":[114,114,114,127,127,156,169,186,213,213,233,233,233],"floor_reached":12,"playtime":423,"items_purged":[],"score":210,"play_id":"67da987a-73e2-46f5-928d-a04cc44fad02","local_time":"20201215115812","is_ascension_mode":true,"campfire_choices":[{"data":"Prepared","floor":10,"key":"SMITH"}],"circlet_count":0,"master_deck":["AscendersBane","Strike_G","Strike_G","Strike_G","Strike_G","Strike_G","Defend_G","Defend_G","Defend_G","Defend_G","Defend_G","Survivor","Neutralize","Tactician","Calculated Gamble","Acrobatics","Prepared+1","Underhanded Strike"],"relics":["Ring of the Snake","NeowsBlessing","Dream Catcher"],"acts_visited":["Exordium"],"potions_floor_usage":[12],"damage_taken":[{"damage":0,"enemies":"Jaw Worm","floor":1,"turns":1},{"damage":0,"enemies":"2 Louse","floor":4,"turns":1},{"damage":0,"enemies":"Lagavulin","floor":6,"turns":1},{"damage":7,"enemies":"Cultist","floor":7,"turns":5},{"damage":1,"enemies":"Blue Slaver","floor":8,"turns":9},{"damage":3,"enemies":"Large Slime","floor":11,"turns":5},{"damage":29,"enemies":"3 Sentries","floor":12,"turns":10}],"seed_played":"-2869805062720294133","potions_obtained":[{"floor":4,"key":"Block Potion"},{"floor":6,"key":"BlessingOfTheForge"}],"is_trial":false,"path_per_floor":["M","?","?","M","?","E","M","M","T","R","M","E"],"character_chosen":"THE_SILENT","items_purchased":[],"campfire_rested":0,"item_purchase_floors":[],"current_hp_per_floor":[59,64,64,64,54,54,47,46,46,46,43,14,14],"gold":233,"neow_bonus":"THREE_ENEMY_KILL","is_daily":false,"chose_seed":false,"campfire_upgraded":1,"win_rate":0.0,"timestamp":1608051492,"path_taken":["M","?","?","M","?","E","M","?","T","R","M","E"],"items_purchased_type":[],"build_version":"2020-12-13","purchased_purges":0,"victory":false,"max_hp_per_floor":[66,71,71,71,71,71,71,71,71,71,71,71,71],"relic_stats":{"Dream Catcher":0,"counters":[7,32],"obtain_stats":[{"Dream Catcher":6,"NeowsBlessing":0,"Ring of the Snake":0},{"Dream Catcher":3,"NeowsBlessing":0,"Ring of the Snake":0},{"Dream Catcher":3,"NeowsBlessing":0,"Ring of the Snake":0}],"Ring of the Snake":[14]},"card_choices":[{"not_picked":["Slice","All Out Attack"],"picked":"Tactician","floor":1},{"not_picked":["Dodge and Roll","All Out Attack"],"picked":"Calculated Gamble","floor":4},{"not_picked":["Escape Plan","Dagger Throw"],"picked":"Acrobatics","floor":6},{"not_picked":["Flying Knee","PiercingWail"],"picked":"Prepared","floor":7},{"not_picked":["Concentrate","Leg Sweep"],"picked":"Underhanded Strike","floor":8},{"not_picked":["Malaise","Choke","Bouncing Flask"],"picked":"SKIP","floor":11}],"player_experience":870053,"relics_obtained":[{"floor":6,"key":"Dream Catcher"}],"event_choices":[{"damage_healed":0,"gold_gain":0,"player_choice":"Donut","damage_taken":0,"max_hp_gain":5,"max_hp_loss":0,"event_name":"Big Fish","floor":2,"gold_loss":0},{"damage_healed":0,"gold_gain":0,"player_choice":"Ignored","damage_taken":0,"max_hp_gain":0,"max_hp_loss":0,"event_name":"Liars Game","floor":3,"gold_loss":0},{"damage_healed":0,"gold_gain":0,"player_choice":"Damaged","damage_taken":10,"max_hp_gain":0,"max_hp_loss":0,"event_name":"Wheel of Change","floor":5,"gold_loss":0}],"is_beta":false,"boss_relics":[],"items_purged_floors":[],"is_endless":false,"potions_floor_spawned":[4,6],"killed_by":"3 Sentries","ascension_level":20}}