{"host":"vsssrh9c5j56q07s","time":1608015610,"event":{"mods":["AchievementEnabler","BaseMod","Colored Map","Colored Powertips","Custom Start","DeckTracker","Highlight Path","Minty Spire (QoL Compilation)","Relic Sorter","StSLib"],"gold_per_floor":[115,115,115,131,152,152,172,172,197,240,276,303,348,387,399,411,411],"floor_reached":16,"playtime":1726,"items_purged":[],"score":112,"play_id":"b8245b79-8b2f-4a20-a6c3-42a3fcee0a19","local_time":"20201214230010","is_ascension_mode":false,"campfire_choices":[{"data":"Eruption","floor":6,"key":"SMITH"},{"data":"Consecrate","floor":8,"key":"SMITH"},{"data":"DeceiveReality","floor":15,"key":"SMITH"}],"circlet_count":0,"master_deck":["Strike_P","Strike_P","Strike_P","Defend_P","Defend_P","Defend_P","Defend_P","Eruption+1","Vigilance","TalkToTheHand","Consecrate+1","EmptyFist","Establishment","LikeWater","Protect","DeceiveReality+1"],"relics":["PureWater","Golden Idol","MawBank","Anchor","Bottled Tornado","MealTicket"],"acts_visited":["Exordium"],"potions_floor_usage":[7,16],"damage_taken":[{"damage":7,"enemies":"Jaw Worm","floor":1,"turns":4},{"damage":2,"enemies":"2 Louse","floor":4,"turns":3},{"damage":0,"enemies":"Cultist","floor":5,"turns":5},{"damage":0,"enemies":"Gremlin Gang","floor":7,"turns":3},{"damage":13,"enemies":"Lagavulin","floor":10,"turns":4},{"damage":0,"enemies":"Exordium Thugs","floor":11,"turns":6},{"damage":0,"enemies":"3 Louse","floor":12,"turns":3},{"damage":10,"enemies":"Gremlin Nob","floor":13,"turns":6},{"damage":63,"enemies":"Hexaghost","floor":16,"turns":23}],"seed_played":"-557085643524774372","potions_obtained":[{"floor":5,"key":"Explosive Potion"},{"floor":7,"key":"GamblersBrew"},{"floor":10,"key":"AttackPotion"},{"floor":11,"key":"SpeedPotion"},{"floor":12,"key":"FairyPotion"}],"is_trial":false,"path_per_floor":["M","?","?","M","M","R","M","R","T","E","M","M","E","T","R","B"],"character_chosen":"WATCHER","items_purchased":[],"campfire_rested":0,"item_purchase_floors":[],"current_hp_per_floor":[72,53,53,51,51,51,51,51,51,38,38,38,28,28,28,0,0],"gold":411,"neow_bonus":"TEN_PERCENT_HP_BONUS","is_daily":false,"chose_seed":false,"campfire_upgraded":3,"win_rate":0.0,"timestamp":1608015610,"path_taken":["M","?","?","M","M","R","M","R","T","E","?","?","E","?","R","BOSS"],"items_purchased_type":[],"build_version":"2020-12-13","purchased_purges":0,"victory":false,"max_hp_per_floor":[79,79,79,79,79,79,79,79,79,79,79,79,79,79,79,79,79],"card_choices":[{"not_picked":["EmptyBody","Halt","ClearTheMind"],"picked":"SKIP","floor":1},{"not_picked":["Meditate","WaveOfTheHand"],"picked":"TalkToTheHand","floor":4},{"not_picked":["JustLucky","FlyingSleeves"],"picked":"Consecrate","floor":5},{"not_picked":["JustLucky","FlyingSleeves"],"picked":"EmptyFist","floor":7},{"not_picked":["PathToVictory","Collect"],"picked":"Establishment","floor":10},{"not_picked":["FlurryOfBlows","CutThroughFate"],"picked":"LikeWater","floor":11},{"not_picked":["Crescendo","WheelKick"],"picked":"Protect","floor":12},{"not_picked":["Weave","CrushJoints"],"picked":"DeceiveReality","floor":13}],"player_experience":390100,"relics_obtained":[{"floor":9,"key":"MawBank"},{"floor":10,"key":"Anchor"},{"floor":13,"key":"Bottled Tornado"},{"floor":14,"key":"MealTicket"}],"event_choices":[{"damage_healed":0,"gold_gain":0,"player_choice":"Take Damage","damage_taken":19,"relics_obtained":["Golden Idol"],"max_hp_gain":0,"max_hp_loss":0,"event_name":"Golden Idol","floor":2,"gold_loss":0},{"cards_removed":["Strike_P"],"damage_healed":0,"gold_gain":0,"player_choice":"Offered Basic","damage_taken":0,"max_hp_gain":0,"max_hp_loss":0,"event_name":"Bonfire Elementals","floor":3,"gold_loss":0}],"is_beta":false,"boss_relics":[],"items_purged_floors":[],"is_endless":false,"potions_floor_spawned":[5,7,10,11,12],"killed_by":"Hexaghost","ascension_level":0}}