{"host":"wshh0nphwn6jv7vj","time":1608045093,"event":{"mods":["BaseMod","Bestiary","Minty Spire (QoL Compilation)"],"gold_per_floor":[110,124,274,289,29,61,61,61,61],"floor_reached":8,"playtime":426,"items_purged":["Doubt"],"score":98,"play_id":"ab340b32-48fc-4b6d-a91f-b4ab88a85c69","local_time":"20201215101133","is_ascension_mode":true,"campfire_choices":[],"circlet_count":0,"master_deck":["AscendersBane","Strike_G","Strike_G","Strike_G","Strike_G","Strike_G","Defend_G","Defend_G","Defend_G","Defend_G","Defend_G","Survivor","Neutralize","Sadistic Nature","Quick Slash","Deadly Poison","Crippling Poison","Tools of the Trade"],"relics":["Ring of the Snake","Membership Card","Snake Skull","Girya","Sundial"],"acts_visited":["Exordium"],"potions_floor_usage":[6,6,6,8,8],"damage_taken":[{"damage":0,"enemies":"Small Slimes","floor":1,"turns":3},{"damage":6,"enemies":"Jaw Worm","floor":2,"turns":5},{"damage":0,"enemies":"2 Louse","floor":4,"turns":4},{"damage":13,"enemies":"Gremlin Nob","floor":6,"turns":3},{"damage":21,"enemies":"Lagavulin","floor":8,"turns":6}],"seed_played":"1092808760715642691","potions_obtained":[{"floor":1,"key":"Energy Potion"},{"floor":4,"key":"EntropicBrew"},{"floor":6,"key":"DistilledChaos"}],"is_trial":false,"path_per_floor":["M","M","?","M","$","E","?","E"],"character_chosen":"THE_SILENT","items_purchased":["Membership Card","Snake Skull"],"campfire_rested":0,"item_purchase_floors":[5,5],"current_hp_per_floor":[44,38,38,38,38,25,20,0,0],"gold":61,"neow_bonus":"RANDOM_COLORLESS_2","is_daily":false,"chose_seed":false,"campfire_upgraded":0,"win_rate":0.0,"timestamp":1608045093,"path_taken":["M","M","?","M","$","E","?","E"],"items_purchased_type":["Relic","Relic"],"build_version":"2020-12-13","purchased_purges":1,"victory":false,"max_hp_per_floor":[66,66,66,66,66,66,66,66,66],"card_choices":[{"not_picked":["Secret Technique","Panache"],"picked":"Sadistic Nature","floor":0},{"not_picked":["Bane","Predator"],"picked":"Quick Slash","floor":1},{"not_picked":["Deflect","Outmaneuver"],"picked":"Deadly Poison","floor":2},{"not_picked":["Heel Hook","Deadly Poison"],"picked":"Crippling Poison","floor":4},{"not_picked":["Storm of Steel","Quick Slash"],"picked":"Tools of the Trade","floor":6}],"player_experience":1413848,"relics_obtained":[{"floor":6,"key":"Girya"}],"event_choices":[{"damage_healed":0,"gold_gain":150,"player_choice":"AGREE","damage_taken":0,"max_hp_gain":0,"max_hp_loss":0,"event_name":"Liars Game","floor":3,"gold_loss":0,"cards_obtained":["Doubt"]},{"damage_healed":0,"gold_gain":0,"player_choice":"Success","damage_taken":5,"relics_obtained":["Sundial"],"max_hp_gain":0,"max_hp_loss":0,"event_name":"Scrap Ooze","floor":7,"gold_loss":0}],"is_beta":false,"boss_relics":[],"items_purged_floors":[5],"is_endless":false,"potions_floor_spawned":[1,4,6],"killed_by":"Lagavulin","ascension_level":15}}