{"host":"kw4o7b3ro2ktmmbe","time":1608016154,"event":{"mods":["BaseMod","Minty Spire (QoL Compilation)","StSLib","The Death Knight","Treasure Hunter"],"gold_per_floor":[201,218,218,236,236,236,253,253,253,278,289,301,315,280,280,376,376,390,407,506,119,151,151,151,151,151,152,152],"floor_reached":27,"playtime":1796,"items_purged":["Pain"],"score":245,"play_id":"aba0f562-0f4b-4100-8160-95a4f7693b8b","local_time":"20201215200914","is_ascension_mode":true,"campfire_choices":[{"data":"DeathKnight:Pestilence","floor":6.0,"key":"SMITH"},{"data":"DeathKnight:FoulBulwark","floor":8.0,"key":"SMITH"},{"data":"DeathKnight:DarkSuccor","floor":15,"key":"SMITH"},{"data":"DeathKnight:Hysteria","floor":23,"key":"SMITH"}],"circlet_count":0,"master_deck":["DeathKnight:Strike_DeathKnight","DeathKnight:Strike_DeathKnight","DeathKnight:Strike_DeathKnight","DeathKnight:Strike_DeathKnight","DeathKnight:Strike_DeathKnight","DeathKnight:Defend_DeathKnight","DeathKnight:Defend_DeathKnight","DeathKnight:Defend_DeathKnight","DeathKnight:Defend_DeathKnight+1","DeathKnight:Defend_DeathKnight","DeathKnight:RuneTap","DeathKnight:RuneStrike+1","DeathKnight:Pestilence+1","DeathKnight:FoulBulwark+1","TH:CursedSword","TH:ArmorSpikes","DeathKnight:DarkSuccor+1","DeathKnight:UnholyAssault","DeathKnight:PlagueStrike","DeathKnight:FoulBulwark","TH:CopperCoins","DeathKnight:SindragosasBreath","DeathKnight:GargoyleSkin+1","DeathKnight:DarkSuccor","DeathKnight:DarkSuccor","DeathKnight:Hysteria+1","TH:BikiniMail","TH:PixieDust"],"relics":["Coffee Dripper","WarpedTongs","Blood Vial","Kunai","Philosopher\u0027s Stone","Gremlin Horn","Red Mask","Question Card","DeathKnight:TomeOfBloodSpecialization"],"acts_visited":["Exordium","TheCity"],"potions_floor_usage":[11,22,22,27],"damage_taken":[{"damage":8.0,"enemies":"Jaw Worm","floor":1.0,"turns":4.0},{"damage":7.0,"enemies":"2 Louse","floor":2.0,"turns":3.0},{"damage":0.0,"enemies":"Cultist","floor":4.0,"turns":3.0},{"damage":3.0,"enemies":"2 Fungi Beasts","floor":7.0,"turns":3.0},{"damage":16.0,"enemies":"Gremlin Nob","floor":10.0,"turns":4.0},{"damage":1,"enemies":"3 Louse","floor":11,"turns":2},{"damage":2,"enemies":"Looter","floor":12,"turns":4},{"damage":7,"enemies":"Exordium Thugs","floor":13,"turns":4},{"damage":29,"enemies":"Hexaghost","floor":16,"turns":7},{"damage":25,"enemies":"Spheric Guardian","floor":18,"turns":5},{"damage":29,"enemies":"3 Byrds","floor":19,"turns":3},{"damage":23,"enemies":"Masked Bandits","floor":22,"turns":4},{"damage":28,"enemies":"Snake Plant","floor":27,"turns":4}],"seed_played":"3513801338974017893","potions_obtained":[{"floor":2.0,"key":"FairyPotion"},{"floor":4.0,"key":"Explosive Potion"},{"floor":13,"key":"Ancient Potion"},{"floor":16,"key":"Energy Potion"},{"floor":19,"key":"SpeedPotion"},{"floor":22,"key":"DeathKnight:RimePotion"}],"is_trial":false,"path_per_floor":["M","M","?","M","?","R","M","R","T","E","M","M","M","?","R","B",null,"M","M","?","$","?","R","?","T","T","M"],"character_chosen":"DEATH_KNIGHT","items_purchased":["Gremlin Horn","DeathKnight:DarkSuccor"],"campfire_rested":0,"item_purchase_floors":[21,21],"current_hp_per_floor":[67,60,45,45,45,45,42,42,42,28,29,29,24,42,42,15,75,50,23,23,23,2,2,2,2,2,0,0],"gold":152,"neow_bonus":"BOSS_RELIC","is_daily":false,"chose_seed":false,"campfire_upgraded":4,"win_rate":0.0,"timestamp":1608016154,"path_taken":["M","M","?","M","?","R","M","R","T","E","M","?","M","?","R","BOSS","M","M","?","$","?","R","?","?","T","M"],"items_purchased_type":["Relic","Card"],"build_version":"2020-12-13","purchased_purges":1,"victory":false,"max_hp_per_floor":[75,75,75,75,75,75,75,75,75,75,75,75,75,75,75,75,75,75,75,75,75,75,75,75,75,75,75,75],"card_choices":[{"not_picked":["DeathKnight:RuneShock","DeathKnight:DeathAndDecay","DeathKnight:ScourgeStrike"],"picked":"SKIP","floor":1.0},{"not_picked":["DeathKnight:UnholyPresence","DeathKnight:RuneShock","DeathKnight:BloodTap"],"picked":"SKIP","floor":2.0},{"not_picked":["DeathKnight:ThirstingStrike","DeathKnight:BloodEchoes"],"picked":"DeathKnight:Pestilence","floor":4.0},{"not_picked":["DeathKnight:BloodStrike","DeathKnight:MindFreeze"],"picked":"DeathKnight:FoulBulwark","floor":7.0},{"not_picked":["TH:EnergyPotion"],"picked":"TH:CursedSword","floor":9.0},{"not_picked":["TH:DeckOfManyThings"],"picked":"TH:ArmorSpikes","floor":10.0},{"not_picked":["DeathKnight:BladedArmor","DeathKnight:Runeguard"],"picked":"DeathKnight:DarkSuccor","floor":10.0},{"not_picked":["DeathKnight:Hemostasis","DeathKnight:Runeguard"],"picked":"DeathKnight:UnholyAssault","floor":11},{"not_picked":["DeathKnight:BloodBoil","DeathKnight:BludPresence"],"picked":"DeathKnight:PlagueStrike","floor":12},{"not_picked":["DeathKnight:FrostStrike","DeathKnight:IceboundArmor"],"picked":"DeathKnight:FoulBulwark","floor":13},{"not_picked":["TH:PixieDust"],"picked":"TH:CopperCoins","floor":16},{"not_picked":["DeathKnight:RunicDetonation","DeathKnight:ArmyOfTheDead"],"picked":"DeathKnight:SindragosasBreath","floor":16},{"not_picked":["DeathKnight:DeathsAdvance","DeathKnight:UnholyFrenzy"],"picked":"DeathKnight:GargoyleSkin+1","floor":18},{"not_picked":["DeathKnight:BloodPact","DeathKnight:DeathStrike"],"picked":"DeathKnight:DarkSuccor","floor":19},{"not_picked":["DeathKnight:FesteringStrike","DeathKnight:BloodPact"],"picked":"DeathKnight:Hysteria","floor":22},{"not_picked":["TH:Mimic"],"picked":"TH:BikiniMail","floor":25},{"not_picked":["TH:EnergyPotion","TH:Mimic"],"picked":"TH:PixieDust","floor":26}],"player_experience":1788567,"relics_obtained":[{"floor":9.0,"key":"Blood Vial"},{"floor":10.0,"key":"Kunai"},{"floor":22,"key":"Red Mask"},{"floor":25,"key":"Question Card"},{"floor":26,"key":"DeathKnight:TomeOfBloodSpecialization"}],"event_choices":[{"damage_healed":0.0,"max_hp_gain":0.0,"max_hp_loss":0.0,"gold_gain":0.0,"event_name":"Shining Light","player_choice":"Entered Light","floor":3.0,"gold_loss":0.0,"damage_taken":15.0,"cards_upgraded":["DeathKnight:RuneStrike","DeathKnight:Defend_DeathKnight"]},{"damage_healed":0.0,"max_hp_gain":0.0,"max_hp_loss":0.0,"gold_gain":0.0,"event_name":"Accursed Blacksmith","player_choice":"Rummage","floor":5.0,"gold_loss":0.0,"damage_taken":0.0,"relics_obtained":["WarpedTongs"],"cards_obtained":["Pain"]},{"damage_healed":18,"gold_gain":0,"player_choice":"Healed","damage_taken":0,"max_hp_gain":0,"max_hp_loss":0,"event_name":"The Cleric","floor":14,"gold_loss":35},{"damage_healed":0,"gold_gain":99,"player_choice":"Stole From Cult","damage_taken":0,"max_hp_gain":0,"max_hp_loss":0,"event_name":"Nest","floor":20,"gold_loss":0},{"damage_healed":0,"gold_gain":0,"player_choice":"Fought Bandits","damage_taken":0,"max_hp_gain":0,"max_hp_loss":0,"event_name":"Masked Bandits","floor":22,"gold_loss":0},{"damage_healed":0,"gold_gain":0,"player_choice":"Ignored","damage_taken":0,"max_hp_gain":0,"max_hp_loss":0,"event_name":"Beggar","floor":24,"gold_loss":0}],"is_beta":false,"boss_relics":[{"not_picked":["Busted Crown","Tiny House"],"picked":"Philosopher\u0027s Stone"}],"items_purged_floors":[21],"is_endless":false,"potions_floor_spawned":[2,4,13,16,19,22],"killed_by":"Snake Plant","ascension_level":3}}