{"host":"djrarsjwv6revew5","time":1608066418,"event":{"mods":["2.2 Compatiblity","AchievementEnabler","BaseMod","Colored Map","Colored Powertips","DeckTracker","Googly Eyes","Highlight Path","Minty Spire (QoL Compilation)","Quick Restart","Random Character Button","Rare Cards Sparkle","Relic Stats","StSLib","SuperFastMode"],"gold_per_floor":[114,114,15,29,29,29,3,3,26,50,66,66,76,110,110,215,265,284,303,322,336,336,336,354,366,366,366,366,366],"floor_reached":28,"playtime":1502,"items_purged":[],"score":245,"play_id":"f85bd298-3bb2-4a2a-9541-5aeea0962565","local_time":"20201215220658","is_ascension_mode":false,"campfire_choices":[{"floor":6,"key":"REST"},{"floor":8,"key":"REST"},{"floor":15,"key":"REST"},{"floor":23,"key":"REST"}],"circlet_count":0,"master_deck":["Strike_R","Strike_R","Strike_R+1","Strike_R","Strike_R","Defend_R+1","Defend_R","Defend_R","Defend_R","Bash","Pommel Strike","Uppercut","Armaments","Iron Wave","Shrug It Off","Pommel Strike","Spot Weakness","Heavy Blade","Infernal Blade","Limit Break+1","Anger","Intimidate","Shockwave","Twin Strike+1","Sword Boomerang","Armaments","Sword Boomerang+1"],"relics":["Burning Blood","Boot","Odd Mushroom","Happy Flower","Tiny House","MutagenicStrength","Self Forming Clay"],"acts_visited":["Exordium","TheCity"],"potions_floor_usage":[18,21,28,28,28],"damage_taken":[{"damage":7,"enemies":"2 Louse","floor":1,"turns":3},{"damage":8,"enemies":"Jaw Worm","floor":4,"turns":4},{"damage":18,"enemies":"The Mushroom Lair","floor":10,"turns":4},{"damage":0,"enemies":"Cultist","floor":11,"turns":3},{"damage":12,"enemies":"Lots of Slimes","floor":13,"turns":5},{"damage":32,"enemies":"3 Sentries","floor":14,"turns":7},{"damage":44,"enemies":"Hexaghost","floor":16,"turns":9},{"damage":41,"enemies":"Spheric Guardian","floor":18,"turns":7},{"damage":24,"enemies":"3 Byrds","floor":19,"turns":7},{"damage":12,"enemies":"Snecko","floor":20,"turns":5},{"damage":39,"enemies":"Sentry and Sphere","floor":21,"turns":6},{"damage":18,"enemies":"Snake Plant","floor":24,"turns":4},{"damage":13,"enemies":"Centurion and Healer","floor":25,"turns":4},{"damage":15,"enemies":"Cultist and Chosen","floor":28,"turns":3}],"seed_played":"4966252323662969625","potions_obtained":[{"floor":11,"key":"SpeedPotion"},{"floor":14,"key":"AttackPotion"},{"floor":16,"key":"SkillPotion"},{"floor":18,"key":"GamblersBrew"},{"floor":25,"key":"AttackPotion"}],"is_trial":false,"path_per_floor":["M","?","$","M","?","R","$","R","T","?","M","$","M","E","R","B",null,"M","M","M","M","?","R","M","M","T","?","M"],"character_chosen":"IRONCLAD","items_purchased":["Uppercut","Armaments","Shrug It Off"],"campfire_rested":4,"item_purchase_floors":[3,3,7],"current_hp_per_floor":[71,71,71,69,50,78,78,96,96,84,90,90,84,58,86,48,101,66,48,42,9,9,39,27,20,20,10,0,0],"gold":366,"neow_bonus":"TWENTY_PERCENT_HP_BONUS","is_daily":false,"chose_seed":false,"campfire_upgraded":0,"win_rate":0.0,"timestamp":1608066418,"path_taken":["M","?","$","M","?","R","$","R","T","?","M","?","?","E","R","BOSS","M","?","?","M","?","R","M","M","T","?","?"],"items_purchased_type":["Card","Card","Card"],"build_version":"2020-12-13","purchased_purges":0,"victory":false,"max_hp_per_floor":[96,96,96,96,96,96,96,96,96,96,96,96,96,96,96,96,101,101,101,101,101,101,101,101,101,101,101,101,101],"relic_stats":{"Happy Flower":[15],"counters":[14,71],"Self Forming Clay":[3],"Boot":[19],"obtain_stats":[{"Tiny House":17,"Happy Flower":14,"Self Forming Clay":26,"MutagenicStrength":22,"Odd Mushroom":10,"Boot":9,"Burning Blood":0},{"Tiny House":7,"Happy Flower":6,"Self Forming Clay":13,"MutagenicStrength":11,"Odd Mushroom":3,"Boot":2,"Burning Blood":0},{"Tiny House":35,"Happy Flower":26,"Self Forming Clay":68,"MutagenicStrength":60,"Odd Mushroom":11,"Boot":7,"Burning Blood":0}],"Burning Blood":78},"card_choices":[{"not_picked":["Second Wind","Headbutt"],"picked":"Pommel Strike","floor":1},{"not_picked":["Pummel","Body Slam"],"picked":"Iron Wave","floor":4},{"not_picked":["Havoc","Evolve"],"picked":"Pommel Strike","floor":10},{"not_picked":["Armaments","Metallicize"],"picked":"Spot Weakness","floor":11},{"not_picked":["Warcry","Havoc"],"picked":"Heavy Blade","floor":13},{"not_picked":["Uppercut","Dual Wield"],"picked":"Infernal Blade","floor":14},{"not_picked":["Bludgeon","Exhume"],"picked":"Limit Break","floor":16},{"not_picked":["Wild Strike","Warcry"],"picked":"Anger","floor":17},{"not_picked":["Headbutt","Sword Boomerang"],"picked":"Intimidate","floor":18},{"not_picked":["Pummel","Thunderclap"],"picked":"Shockwave","floor":19},{"not_picked":["Havoc","Armaments"],"picked":"Twin Strike+1","floor":20},{"not_picked":["Shrug It Off","Pommel Strike"],"picked":"Sword Boomerang","floor":21},{"not_picked":["Havoc","Headbutt"],"picked":"Armaments","floor":24},{"not_picked":["Hemokinesis","Juggernaut"],"picked":"Sword Boomerang+1","floor":25}],"player_experience":83258,"relics_obtained":[{"floor":9,"key":"Boot"},{"floor":10,"key":"Odd Mushroom"},{"floor":14,"key":"Happy Flower"},{"floor":26,"key":"Self Forming Clay"}],"event_choices":[{"damage_healed":0,"gold_gain":0,"player_choice":"Ignored","damage_taken":0,"max_hp_gain":0,"max_hp_loss":0,"event_name":"Golden Wing","floor":2,"gold_loss":0},{"damage_healed":0,"gold_gain":0,"player_choice":"Entered Light","damage_taken":19,"max_hp_gain":0,"max_hp_loss":0,"event_name":"Shining Light","floor":5,"gold_loss":0,"cards_upgraded":["Strike_R","Defend_R"]},{"damage_healed":0,"gold_gain":0,"player_choice":"Fought Mushrooms","damage_taken":0,"max_hp_gain":0,"max_hp_loss":0,"event_name":"Mushrooms","floor":10,"gold_loss":0},{"damage_healed":0,"gold_gain":0,"player_choice":"Inject Mutagens","damage_taken":0,"relics_obtained":["MutagenicStrength"],"max_hp_gain":0,"max_hp_loss":0,"event_name":"Drug Dealer","floor":22,"gold_loss":0},{"damage_healed":0,"gold_gain":0,"player_choice":"Damaged","damage_taken":10,"max_hp_gain":0,"max_hp_loss":0,"event_name":"Wheel of Change","floor":27,"gold_loss":0}],"is_beta":false,"boss_relics":[{"not_picked":["Astrolabe","Fusion Hammer"],"picked":"Tiny House"}],"items_purged_floors":[],"is_endless":false,"potions_floor_spawned":[11,14,16,18,20,25],"killed_by":"Cultist and Chosen","ascension_level":0}}