{"host":"zr590xw2unlz0wv7","time":1608038120,"event":{"mods":["BaseMod","Minty Spire (QoL Compilation)","READ ME - Guardian Mod","StSLib"],"gold_per_floor":[119,119,138,213,213,256,256,280,280,316,316,332,25,59,59,183,183,197,210,210,224,238,238,163,179,179,179,220,220,15,35,35,156,156,181,181,200,215,228,228,228,228],"floor_reached":41,"playtime":1540,"items_purged":[],"score":598,"play_id":"9bde8975-2620-4a4c-a9e4-da7ed2f50347","local_time":"20201215211520","is_ascension_mode":true,"campfire_choices":[{"data":"Armaments","floor":7.0,"key":"SMITH"},{"data":"Reaper","floor":11.0,"key":"SMITH"},{"data":"Combust","floor":15.0,"key":"SMITH"},{"floor":23.0,"key":"REST"},{"floor":27.0,"key":"REST"},{"floor":29.0,"key":"REST"},{"data":"Demon Form","floor":32.0,"key":"SMITH"},{"data":"Bite","floor":40.0,"key":"SMITH"}],"circlet_count":0,"master_deck":["Defend_R","Defend_R","Defend_R","Bash","Seeing Red+1","Armaments+1","Reaper+1","Spot Weakness","Combust+1","Hemokinesis","Feed","Inflame+1","Bite","Bite","Bite+1","Bite+1","Bite+1","Demon Form+1","Shrug It Off","Flex","Shrug It Off","Disarm+1","Reaper+1","Shrug It Off","Hemokinesis+1","Armaments+1"],"relics":["Black Blood","NeowsBlessing","Golden Idol","Toy Ornithopter","Mummified Hand","Eternal Feather","Matryoshka","Pantograph","Black Star","Whetstone","Molten Egg 2","Akabeko","Pen Nib","Anchor"],"acts_visited":["Exordium","TheCity","TheBeyond"],"potions_floor_usage":[],"damage_taken":[{"damage":0.0,"enemies":"Jaw Worm","floor":1.0,"turns":1.0},{"damage":0.0,"enemies":"2 Louse","floor":3.0,"turns":1.0},{"damage":0.0,"enemies":"Gremlin Nob","floor":6.0,"turns":1.0},{"damage":1.0,"enemies":"Cultist","floor":8.0,"turns":3.0},{"damage":45.0,"enemies":"3 Sentries","floor":10.0,"turns":11.0},{"damage":7.0,"enemies":"2 Fungi Beasts","floor":12.0,"turns":3.0},{"damage":39.0,"enemies":"Lagavulin","floor":14.0,"turns":5.0},{"damage":58.0,"enemies":"Slime Boss","floor":16.0,"turns":8.0},{"damage":57.0,"enemies":"Shell Parasite","floor":18.0,"turns":6.0},{"damage":7.0,"enemies":"Chosen","floor":19.0,"turns":3.0},{"damage":56.0,"enemies":"Snake Plant","floor":21.0,"turns":5.0},{"damage":37.0,"enemies":"Cultist and Chosen","floor":22.0,"turns":6.0},{"damage":49.0,"enemies":"Centurion and Healer","floor":25.0,"turns":6.0},{"damage":103.0,"enemies":"Gremlin Leader","floor":28.0,"turns":8.0},{"damage":9.0,"enemies":"Snecko","floor":31.0,"turns":4.0},{"damage":92.0,"enemies":"Collector","floor":33.0,"turns":8.0},{"damage":15.0,"enemies":"3 Shapes","floor":35.0,"turns":3.0},{"damage":34.0,"enemies":"Orb Walker","floor":37.0,"turns":5.0},{"damage":74.0,"enemies":"Spire Growth","floor":38.0,"turns":5.0},{"damage":41.0,"enemies":"Jaw Worm Horde","floor":39.0,"turns":5.0},{"damage":97,"enemies":"Reptomancer","floor":41,"turns":7}],"seed_played":"502569269068743236","potions_obtained":[{"floor":6.0,"key":"DuplicationPotion"},{"floor":8.0,"key":"Block Potion"},{"floor":10.0,"key":"Fruit Juice"},{"floor":19.0,"key":"AttackPotion"},{"floor":21.0,"key":"LiquidBronze"},{"floor":28.0,"key":"FearPotion"},{"floor":37.0,"key":"DuplicationPotion"},{"floor":38.0,"key":"Weak Potion"}],"is_trial":false,"path_per_floor":["M","?","M","?","?","E","R","M","T","E","R","M","$","E","R","B",null,"M","M","?","M","M","R","?","M","T","R","E","R","$","M","R","B",null,"M","?","M","M","M","R","E"],"character_chosen":"IRONCLAD","items_purchased":["Combust","Matryoshka","BloodPotion","Anchor"],"campfire_rested":3,"item_purchase_floors":[13,13,30,30],"current_hp_per_floor":[80,60,66,55,55,61,61,66,66,54,60,66,66,51,60,43,75,36,38,38,12,13,43,43,37,37,61,23,53,53,61,61,40,56,64,64,48,24,68,70,0,0],"gold":228,"neow_bonus":"THREE_ENEMY_KILL","is_daily":false,"chose_seed":false,"campfire_upgraded":5,"win_rate":0.0,"timestamp":1608038120,"path_taken":["M","?","M","?","?","E","R","M","T","E","R","?","$","E","R","BOSS","M","?","?","M","M","R","?","M","T","R","E","R","?","M","R","BOSS","M","?","?","M","M","R","E"],"items_purchased_type":["Card","Relic","Potion","Relic"],"build_version":"2020-12-13","purchased_purges":0,"victory":false,"max_hp_per_floor":[80,80,80,80,80,80,80,80,80,85,85,85,85,85,85,85,85,85,88,61,61,61,61,61,61,61,61,61,61,61,61,61,61,61,64,64,64,67,70,70,70,70],"card_choices":[{"not_picked":["Flex","Body Slam"],"picked":"Seeing Red","floor":1.0},{"not_picked":["Sever Soul","Cleave","Infernal Blade"],"picked":"SKIP","floor":3.0},{"not_picked":["Bloodletting","Headbutt"],"picked":"Armaments","floor":6.0},{"not_picked":["Body Slam","True Grit"],"picked":"Reaper","floor":8.0},{"not_picked":["Warcry","Power Through"],"picked":"Cleave","floor":10.0},{"not_picked":["Wild Strike","Heavy Blade"],"picked":"Spot Weakness","floor":12.0},{"not_picked":["Pummel","Clash"],"picked":"Hemokinesis","floor":14.0},{"not_picked":["Offering","Bludgeon"],"picked":"Feed","floor":16.0},{"not_picked":["Shrug It Off+1","Flex+1"],"picked":"Inflame+1","floor":18.0},{"not_picked":["Armaments","Pommel Strike","Clothesline"],"picked":"SKIP","floor":19.0},{"not_picked":["Wild Strike","Sword Boomerang"],"picked":"Demon Form","floor":21.0},{"not_picked":["Bloodletting","Entrench"],"picked":"Shrug It Off","floor":22.0},{"not_picked":["True Grit","Wild Strike"],"picked":"Flex","floor":25.0},{"not_picked":["Anger+1","Pommel Strike+1"],"picked":"Shrug It Off","floor":28.0},{"not_picked":["Feed+1","Pommel Strike+1"],"picked":"Disarm+1","floor":31.0},{"not_picked":["Corruption","Exhume"],"picked":"Reaper+1","floor":33.0},{"not_picked":["Body Slam+1","Fire Breathing","Anger+1"],"picked":"SKIP","floor":35.0},{"not_picked":["Warcry+1","Twin Strike+1"],"picked":"Hemokinesis+1","floor":37.0},{"not_picked":["Anger+1","Heavy Blade+1","Shrug It Off+1"],"picked":"SKIP","floor":38.0},{"not_picked":["Iron Wave+1","Infernal Blade+1"],"picked":"Armaments+1","floor":39.0}],"player_experience":478725,"relics_obtained":[{"floor":6.0,"key":"Toy Ornithopter"},{"floor":9.0,"key":"Mummified Hand"},{"floor":10.0,"key":"Eternal Feather"},{"floor":14.0,"key":"Pantograph"},{"floor":26.0,"key":"Whetstone"},{"floor":26.0,"key":"Molten Egg 2"},{"floor":28.0,"key":"Akabeko"},{"floor":28.0,"key":"Pen Nib"}],"event_choices":[{"damage_healed":0.0,"max_hp_gain":0.0,"max_hp_loss":0.0,"gold_gain":0.0,"event_name":"Golden Idol","player_choice":"Take Damage","floor":2.0,"gold_loss":0.0,"damage_taken":20.0,"relics_obtained":["Golden Idol"]},{"damage_healed":0.0,"max_hp_gain":0.0,"max_hp_loss":0.0,"gold_gain":75.0,"event_name":"World of Goop","player_choice":"Gather Gold","floor":4.0,"gold_loss":0.0,"damage_taken":11.0},{"damage_healed":0.0,"max_hp_gain":0.0,"max_hp_loss":0.0,"gold_gain":0.0,"event_name":"Living Wall","player_choice":"Grow","floor":5.0,"gold_loss":0.0,"damage_taken":0.0,"cards_upgraded":["Seeing Red"]},{"damage_healed":0.0,"max_hp_gain":0.0,"max_hp_loss":27.0,"gold_gain":0.0,"event_name":"Vampires","player_choice":"Became a vampire","floor":20.0,"gold_loss":0.0,"damage_taken":0.0,"cards_obtained":["Bite","Bite","Bite","Bite","Bite"]},{"cards_removed":["Cleave"],"damage_healed":0.0,"max_hp_gain":0.0,"max_hp_loss":0.0,"gold_gain":0.0,"event_name":"Beggar","player_choice":"Gave Gold","floor":24.0,"gold_loss":75.0,"damage_taken":0.0},{"damage_healed":0.0,"max_hp_gain":0.0,"max_hp_loss":0.0,"gold_gain":0.0,"cards_transformed":["Defend_R"],"event_name":"Transmorgrifier","player_choice":"Transformed","floor":36.0,"gold_loss":0.0,"damage_taken":0.0,"cards_obtained":["Shrug It Off"]}],"is_beta":false,"boss_relics":[{"not_picked":["Runic Pyramid","SlaversCollar"],"picked":"Black Star"},{"not_picked":["Astrolabe","Mark of Pain"],"picked":"Black Blood"}],"items_purged_floors":[],"is_endless":false,"potions_floor_spawned":[6,8,10,19,21,28,37,38],"killed_by":"Reptomancer","ascension_level":5}}