{"host":"uclt3t1usqzz4m5p","time":1608010957,"event":{"mods":["AchievementEnabler","BaseMod","Bestiary","Better Altar","Better Match","Better Sensory Stone","Better Skull","Better Third Choice","Booster Modes","Card Forge","Colored Powertips","Displayed Cursed Tome","Downfall","GifTheSpireLib","Gremlin Skip","Minty Spire (QoL Compilation)","Permanent Neow","Quick Restart","StSLib","SuperFastMode"],"gold_per_floor":[99,111,130,156,156,166,166,184,109,134,134],"floor_reached":10,"playtime":699,"items_purged":[],"score":78,"play_id":"7a8003ca-1de5-4fbf-add6-cb05d8dafbdf","local_time":"20201214214237","is_ascension_mode":false,"campfire_choices":[{"data":"champ:Taunt","floor":1,"key":"SMITH"},{"floor":5,"key":"RECALL"},{"data":"champ:Encircle","floor":9,"key":"SMITH"}],"circlet_count":0,"master_deck":["champ:Strike","champ:Strike","champ:Strike","champ:Strike","champ:Defend","champ:Defend","champ:Defend","champ:Defend","champ:Execute","champ:Taunt+1","champ:GladiatorStyle","champ:Riposte","champ:FanOfKnives","champ:Haymaker","champ:Encircle+1"],"relics":["champ:ChampionCrown","Hammer of Thor","Seething Fire","Anvil of the Gods","Oddly Smooth Stone","Shuriken","downfall:HeartBlessingRed","Ornamental Fan"],"acts_visited":["Exordium"],"potions_floor_usage":[10],"damage_taken":[{"damage":5,"enemies":"2 Louse","floor":2,"turns":3},{"damage":10,"enemies":"Jaw Worm","floor":3,"turns":3},{"damage":34,"enemies":"3 Sentries","floor":4,"turns":12},{"damage":18,"enemies":"Small Slimes","floor":6,"turns":3},{"damage":20,"enemies":"Blue Slaver","floor":8,"turns":3},{"damage":16,"enemies":"Lagavulin","floor":10,"turns":4}],"seed_played":"1907130754108016303","potions_obtained":[{"floor":3,"key":"Strength Potion"},{"floor":10,"key":"hexamod:EctoCoolerPotion"}],"is_trial":false,"path_per_floor":["R","M","M","E","R","M","T","M","R","E"],"character_chosen":"THE_CHAMP","items_purchased":[],"campfire_rested":0,"item_purchase_floors":[],"current_hp_per_floor":[90,90,85,61,61,51,51,36,36,23,23],"gold":134,"neow_bonus":"RANDOM_COMMON_RELIC","is_daily":false,"chose_seed":false,"campfire_upgraded":2,"win_rate":0.0,"timestamp":1608010957,"path_taken":["R","M","M","E","R","M","T","M","R","E"],"items_purchased_type":[],"build_version":"2020-12-13","purchased_purges":0,"victory":false,"max_hp_per_floor":[90,90,90,90,90,90,90,90,90,90,90],"card_choices":[{"not_picked":["champ:DefensiveShout","champ:Circumvent"],"picked":"champ:GladiatorStyle","floor":2},{"not_picked":["champ:DefensiveShout","champ:RapidStrikes"],"picked":"champ:Riposte","floor":3},{"not_picked":["champ:BerserkerStyle","champ:FalseCounter"],"picked":"champ:FanOfKnives","floor":4},{"not_picked":["champ:DefensiveShout","champ:FocusedBerserking"],"picked":"champ:Haymaker","floor":6},{"not_picked":["champ:FocusedDefense","champ:EndlessRage"],"picked":"champ:Encircle","floor":8}],"player_experience":623975,"relics_obtained":[{"floor":7,"key":"Shuriken"},{"floor":10,"key":"Ornamental Fan"}],"event_choices":[],"is_beta":false,"boss_relics":[],"items_purged_floors":[],"is_endless":false,"potions_floor_spawned":[3,10],"killed_by":"Lagavulin","ascension_level":0}}