{"host":"xodzlm10r37577ou","time":1608047656,"event":{"mods":["Act Like it!","BaseMod","Gensokyo","Minty Spire (QoL Compilation)","Replay The Spire","StSLib","TestMod"],"gold_per_floor":[110,122,47,47,47,47,81,94,94,94,137,37,37,60,60,185,185,206,206,81,81,81,81,112,112,112,128,159,180,218,343,343,474,474,489,489,548,571,592,631,601,620,620,653,674,689,73,88,88,88],"floor_reached":51,"playtime":3548,"items_purged":["Strike_P","Strike_P","Shame","Sickly"],"score":1897,"play_id":"05ffbb5f-cb85-41ed-9082-a7ada6151380","local_time":"20201215235416","is_ascension_mode":true,"campfire_choices":[{"data":"Eruption","floor":6.0,"key":"SMITH"},{"data":"TalkToTheHand","floor":13.0,"key":"SMITH"},{"data":"MentalFortress","floor":15.0,"key":"SMITH"},{"data":"Conclude","floor":23.0,"key":"SMITH"},{"data":"LessonLearned","floor":25.0,"key":"SMITH"},{"floor":32.0,"key":"DIG"},{"data":"WheelKick","floor":49,"key":"SMITH"}],"circlet_count":0,"master_deck":["AscendersBane","Strike_P+1","Strike_P+1","Defend_P","Defend_P+1","Defend_P+1","Defend_P+1","Eruption+1","Vigilance+1","BowlingBash+1","LessonLearned+1","TalkToTheHand+1","MentalFortress+1","Conclude+1","LessonLearned+1","Parasite","Hallucinations","Judgement+1","Wireheading+1","DevaForm+1","Fasting2+1","WreathOfFlame+1","WheelKick","WheelKick","Adaptation+1","WheelKick+1"],"relics":["PureWater","testmod-TestBox","testmod-ChristmasGift","NeowsBlessing","Mummified Hand","Replay:Bottled Snecko","Golden Idol","Vajra","Replay:Ancient Bell","testmod-AssaultLearning","Frozen Egg 2","testmod-Nyarlathotep","Gremlin Food","Gremlin Horn","Boot","Mango","Mercury Hourglass","testmod-Justice","testmod-Prudence","ReplayTheSpireMod:Ring of Collecting","ReplayTheSpireMod:Ring of Exchange","Bottled Flame","testmod-Hope","ReplayTheSpireMod:Ring of Addiction","Garlic","Potion Belt","White Beast Statue","testmod-IndustrialRevolution","Bag of Preparation","DollysMirror"],"acts_visited":["Exordium","TheCity","TheBeyond"],"potions_floor_usage":[40,40,42,42,43,44,44,45,45,45,45,45,50,50],"damage_taken":[{"damage":0.0,"enemies":"2 Louse","floor":1.0,"turns":1.0},{"damage":0.0,"enemies":"Cultist","floor":2.0,"turns":1.0},{"damage":0.0,"enemies":"3 Sentries","floor":7.0,"turns":2.0},{"damage":0.0,"enemies":"Small Slimes","floor":8.0,"turns":2.0},{"damage":0.0,"enemies":"Lagavulin","floor":11.0,"turns":10.0},{"damage":4.0,"enemies":"Exordium Thugs","floor":14.0,"turns":2.0},{"damage":0.0,"enemies":"Fading Forest","floor":16.0,"turns":12.0},{"damage":6.0,"enemies":"2 Thieves","floor":18.0,"turns":2.0},{"damage":40.0,"enemies":"Book of Stabbing","floor":24.0,"turns":3.0},{"damage":4.0,"enemies":"3 Byrds","floor":27.0,"turns":4.0},{"damage":16.0,"enemies":"Slavers","floor":28.0,"turns":6.0},{"damage":5.0,"enemies":"Cultist and Chosen","floor":29.0,"turns":6.0},{"damage":22.0,"enemies":"Book of Stabbing","floor":30.0,"turns":3.0},{"damage":0.0,"enemies":"Colosseum Slavers","floor":31.0,"turns":2.0},{"damage":0.0,"enemies":"Colosseum Nobs","floor":31.0,"turns":1.0},{"damage":42.0,"enemies":"Pondfish","floor":33.0,"turns":5.0},{"damage":0.0,"enemies":"Orb Walker","floor":35.0,"turns":2.0},{"damage":10.0,"enemies":"3 Darklings","floor":38.0,"turns":4.0},{"damage":12.0,"enemies":"Sphere and 2 Shapes","floor":39.0,"turns":3.0},{"damage":0,"enemies":"Reptomancer","floor":40,"turns":5},{"damage":32,"enemies":"Jaw Worm Horde","floor":42,"turns":3},{"damage":0,"enemies":"Giant Head","floor":44,"turns":4},{"damage":14,"enemies":"4 Shapes","floor":45,"turns":2},{"damage":0,"enemies":"Maw","floor":46,"turns":4},{"damage":1,"enemies":"Sphere and 2 Shapes","floor":48,"turns":1},{"damage":34,"enemies":"Awakened One","floor":50,"turns":5}],"seed_played":"-6066320432453180243","potions_obtained":[{"floor":2.0,"key":"Regen Potion"},{"floor":4.0,"key":"FairyPotion"},{"floor":4.0,"key":"SkillPotion"},{"floor":28.0,"key":"SkillPotion"},{"floor":38.0,"key":"Strength Potion"},{"floor":39.0,"key":"GamblersBrew"},{"floor":41,"key":"Cursed Concoction"},{"floor":41,"key":"Explosive Potion"},{"floor":43,"key":"LiquidMemories"},{"floor":43,"key":"Strength Potion"},{"floor":43,"key":"Fruit Juice"},{"floor":45,"key":"EssenceOfSteel"},{"floor":46,"key":"SpeedPotion"}],"is_trial":false,"path_per_floor":["M","M","$","?","$","R","E","M","T","?","E","$","R","M","R","B",null,"M","?","$","?","$","R","E","R","T","M","E","M","E","?","R","B",null,"M","?","?","M","M","E","?","M","T","E","M","M","$","M","R","B",null],"character_chosen":"WATCHER","items_purchased":["Bag of Preparation","DollysMirror","Adaptation+1","WheelKick"],"campfire_rested":0,"item_purchase_floors":[47,47,47,47],"current_hp_per_floor":[66,66,66,66,66,66,67,69,69,51,59,59,59,58,58,72,72,72,72,72,72,72,72,47,47,47,72,69,70,54,86,86,58,79,86,86,52,75,82,86,86,58,63,91,86,91,91,91,89,84],"gold":88,"neow_bonus":"THREE_ENEMY_KILL","is_daily":false,"chose_seed":false,"campfire_upgraded":6,"win_rate":0.0,"timestamp":1608047656,"path_taken":["M","M","$","?","?","R","E","M","T","?","E","$","R","M","R","BOSS","M","?","$","?","?","R","E","R","T","M","E","M","E","?","R","BOSS","M","?","?","?","?","E","?","?","T","E","M","M","$","M","R","BOSS"],"items_purchased_type":["Relic","Relic","Card","Card"],"build_version":"2020-12-13","purchased_purges":4,"victory":true,"max_hp_per_floor":[72,72,72,72,72,72,72,72,72,72,72,72,72,72,72,72,72,72,72,72,72,72,72,72,72,72,72,72,72,72,86,86,86,86,86,86,86,86,86,86,86,86,91,91,91,91,91,91,89,89],"card_choices":[{"not_picked":["ThirdEye","Crescendo"],"picked":"BowlingBash","floor":1.0},{"not_picked":["FollowUp","Crescendo","Evaluate"],"picked":"SKIP","floor":2.0},{"not_picked":["CarveReality","FlyingSleeves"],"picked":"LessonLearned","floor":7.0},{"not_picked":["CutThroughFate","SashWhip"],"picked":"TalkToTheHand","floor":8.0},{"not_picked":["BowlingBash","FlurryOfBlows"],"picked":"MentalFortress","floor":11.0},{"not_picked":["LikeWater","WheelKick"],"picked":"Conclude","floor":14.0},{"not_picked":["Ragnarok","Replay:LoomingThreat"],"picked":"LessonLearned","floor":16.0},{"not_picked":["Delirium","Hallucinations"],"picked":"Parasite","floor":17.0},{"not_picked":["Decay","Doubt"],"picked":"Shame","floor":17.0},{"not_picked":["Amnesia","Languid"],"picked":"Hallucinations","floor":17.0},{"not_picked":["LikeWater+1","BowlingBash","Tantrum"],"picked":"SKIP","floor":18.0},{"not_picked":["Evaluate","Protect","Replay:ManipulateFuture"],"picked":"SKIP","floor":24.0},{"not_picked":["Protect+1","CrushJoints"],"picked":"Judgement","floor":27.0},{"not_picked":["EmptyBody","Weave","ThirdEye"],"picked":"SKIP","floor":28.0},{"not_picked":["Replay:Cycle","EmptyBody","ThirdEye"],"picked":"SKIP","floor":29.0},{"not_picked":["FlurryOfBlows","Replay:AllIn"],"picked":"Wireheading+1","floor":30.0},{"not_picked":["SpiritShield","Replay:AllIn"],"picked":"DevaForm+1","floor":33.0},{"not_picked":["Replay:DivineShield","Conclude+1","InnerPeace"],"picked":"SKIP","floor":35.0},{"not_picked":["Evaluate","Meditate"],"picked":"Fasting2+1","floor":37.0},{"not_picked":["CutThroughFate","Crescendo","Replay:AtTheReady"],"picked":"SKIP","floor":38.0},{"not_picked":["FearNoEvil+1","Swivel+1"],"picked":"WreathOfFlame","floor":39.0},{"not_picked":["EmptyFist","JustLucky","Pray"],"picked":"SKIP","floor":40},{"not_picked":["CutThroughFate","Replay:BluntJabs+1","Replay:Battleflow+1"],"picked":"SKIP","floor":42},{"not_picked":["JustLucky+1","ConjureBlade","Replay:Battleflow"],"picked":"SKIP","floor":44},{"not_picked":["BowlingBash","Replay:BluntJabs+1"],"picked":"WheelKick","floor":45},{"not_picked":["Replay:BluntJabs","Halt+1","Crescendo+1"],"picked":"SKIP","floor":46},{"not_picked":["Meditate","InnerPeace","SandsOfTime"],"picked":"SKIP","floor":48}],"player_experience":431076,"relics_obtained":[{"floor":7.0,"key":"Mummified Hand"},{"floor":9.0,"key":"Replay:Bottled Snecko"},{"floor":11.0,"key":"Vajra"},{"floor":24.0,"key":"Gremlin Food"},{"floor":26.0,"key":"Gremlin Horn"},{"floor":28.0,"key":"Boot"},{"floor":31.0,"key":"Mango"},{"floor":31.0,"key":"Mercury Hourglass"},{"floor":32.0,"key":"testmod-Justice"},{"floor":36.0,"key":"ReplayTheSpireMod:Ring of Collecting"},{"floor":36.0,"key":"ReplayTheSpireMod:Ring of Exchange"},{"floor":37.0,"key":"Bottled Flame"},{"floor":40,"key":"testmod-Hope"},{"floor":43,"key":"ReplayTheSpireMod:Ring of Addiction"},{"floor":43,"key":"Garlic"},{"floor":43,"key":"Potion Belt"},{"floor":43,"key":"White Beast Statue"},{"floor":44,"key":"testmod-IndustrialRevolution"}],"event_choices":[{"damage_healed":0.0,"max_hp_gain":0.0,"max_hp_loss":0.0,"gold_gain":0.0,"event_name":"Lab","player_choice":"Got Potions","floor":4.0,"gold_loss":0.0,"damage_taken":0.0},{"damage_healed":0.0,"max_hp_gain":0.0,"max_hp_loss":0.0,"gold_gain":0.0,"event_name":"Golden Idol","player_choice":"Take Damage","floor":10.0,"gold_loss":0.0,"damage_taken":18.0,"relics_obtained":["Golden Idol"]},{"damage_healed":0.0,"max_hp_gain":0.0,"max_hp_loss":0.0,"gold_gain":0.0,"event_name":"给自己的盒子","player_choice":"Ignored","floor":19.0,"gold_loss":0.0,"damage_taken":0.0},{"damage_healed":0.0,"max_hp_gain":0.0,"max_hp_loss":0.0,"gold_gain":0.0,"event_name":"Vampires","player_choice":"Ignored","floor":21.0,"gold_loss":0.0,"damage_taken":0.0},{"damage_healed":0.0,"max_hp_gain":0.0,"max_hp_loss":0.0,"gold_gain":0.0,"event_name":"Colosseum","player_choice":"Fight","floor":31.0,"gold_loss":0.0,"damage_taken":0.0},{"damage_healed":0.0,"max_hp_gain":0.0,"max_hp_loss":0.0,"gold_gain":0.0,"event_name":"Colosseum","player_choice":"Fought Nobs","floor":31.0,"gold_loss":0.0,"damage_taken":0.0},{"damage_healed":0,"gold_gain":0,"player_choice":"Bought 2 Potions","damage_taken":0,"max_hp_gain":0,"max_hp_loss":0,"event_name":"The Woman in Blue","floor":41,"gold_loss":0}],"is_beta":false,"boss_relics":[{"not_picked":["Replay:Drink Me","Ring of Chaos"],"picked":"Replay:Ancient Bell"},{"not_picked":["Replay:Mystery Machine","ReplayTheSpireMod:TigerMarble"],"picked":"testmod-AssaultLearning"},{"not_picked":["Pantograph","Chameleon Ring"],"picked":"Frozen Egg 2"},{"not_picked":["Unceasing Top","testmod-ThousandKnives"],"picked":"testmod-Nyarlathotep"},{"not_picked":["Tiny House","Pandora\u0027s Box"],"picked":"testmod-Prudence"}],"items_purged_floors":[3,12,20,47],"is_endless":false,"potions_floor_spawned":[2,7,8,16,18,24,28,30,38,39,44,45,46,48],"ascension_level":12}}