{"host":"oy4pyvr762z5n0bb","time":1608073415,"event":{"mods":["AchievementEnabler","BaseMod","Colored Map","Colored Powertips","Googly Eyes","Key Reminder","Minty Spire (QoL Compilation)","Quick Restart","Relic Sorter","StSLib","SuperFastMode","Unceasing Turn Reminder","slay the spire mod where everything is the same but ironclad has a cowboy hat"],"gold_per_floor":[113,113,129,129,54,54,77,77,77,104,104,31,44,59,59,162,162,174,174,174,192,192,192,222,222,222,42,62,62,77,95,95,95,95],"floor_reached":33,"playtime":591,"items_purged":["Regret","Strike_R"],"score":316,"play_id":"855fa126-e72f-40d1-b9ce-0d4ab2cdfda0","local_time":"20201215150335","is_ascension_mode":true,"campfire_choices":[{"data":"Dual Wield","floor":6,"key":"SMITH"},{"data":"Sword Boomerang","floor":8,"key":"SMITH"},{"floor":15,"key":"REST"},{"floor":25,"key":"REST"},{"floor":29,"key":"REST"},{"floor":32,"key":"REST"}],"circlet_count":0,"master_deck":["Strike_R","Strike_R","Defend_R","Defend_R","Defend_R","Defend_R","Bash+1","Sword Boomerang+1","Wild Strike+1","Dual Wield+1","Headbutt","Carnage","Cleave","Twin Strike","Fiend Fire","Shrug It Off","Necronomicurse","Battle Trance","Burning Pact","Burning Pact+1","Dropkick","Inflame","Iron Wave","Warcry+1","Rage+1"],"relics":["Burning Blood","Blue Candle","Happy Flower","Bottled Flame","Art of War","Runic Pyramid","Necronomicon","CaptainsWheel","keyreminder:keyreminder","Pantograph"],"acts_visited":["Exordium","TheCity"],"potions_floor_usage":[16,16,24,33],"damage_taken":[{"damage":11,"enemies":"Small Slimes","floor":1,"turns":3},{"damage":12,"enemies":"2 Louse","floor":3,"turns":3},{"damage":40,"enemies":"3 Sentries","floor":10,"turns":7},{"damage":12,"enemies":"Jaw Worm","floor":13,"turns":2},{"damage":7,"enemies":"Large Slime","floor":14,"turns":4},{"damage":26,"enemies":"Slime Boss","floor":16,"turns":8},{"damage":31,"enemies":"2 Thieves","floor":18,"turns":4},{"damage":12,"enemies":"Spheric Guardian","floor":21,"turns":3},{"damage":32,"enemies":"Slavers","floor":24,"turns":4},{"damage":32,"enemies":"Centurion and Healer","floor":28,"turns":4},{"damage":30,"enemies":"Snake Plant","floor":30,"turns":3},{"damage":26,"enemies":"Shelled Parasite and Fungi","floor":31,"turns":3},{"damage":69,"enemies":"Champ","floor":33,"turns":8}],"seed_played":"-2998670744264374293","potions_obtained":[{"floor":3,"key":"FearPotion"},{"floor":13,"key":"BlessingOfTheForge"},{"floor":18,"key":"SpeedPotion"},{"floor":21,"key":"DuplicationPotion"},{"floor":24,"key":"EssenceOfSteel"}],"is_trial":false,"path_per_floor":["M","?","M","?","$","R","T","R","T","E","?","$","M","M","R","B",null,"M","?","?","M","?","?","E","R","T","$","M","R","M","M","R","B"],"character_chosen":"IRONCLAD","items_purchased":["Carnage","Inflame"],"campfire_rested":4,"item_purchase_floors":[12,27],"current_hp_per_floor":[75,75,69,69,69,69,69,69,69,35,35,35,29,28,52,32,80,55,39,39,33,59,59,33,57,57,57,31,55,31,11,35,0,0],"gold":95,"neow_bonus":"THREE_CARDS","is_daily":false,"chose_seed":false,"campfire_upgraded":2,"win_rate":0.0,"timestamp":1608073415,"path_taken":["M","?","M","?","$","R","?","R","T","E","?","$","?","M","R","BOSS","M","?","?","M","?","?","E","R","T","$","?","R","M","M","R","BOSS"],"items_purchased_type":["Card","Card"],"build_version":"2020-12-13","purchased_purges":2,"victory":false,"max_hp_per_floor":[80,80,80,80,80,80,80,80,80,80,80,80,80,80,80,80,80,80,80,80,80,80,80,80,80,80,80,80,80,80,80,80,80,80],"card_choices":[{"not_picked":["Shrug It Off","Body Slam"],"picked":"Sword Boomerang","floor":0},{"not_picked":["Warcry","Reckless Charge"],"picked":"Wild Strike","floor":1},{"not_picked":["Body Slam","Heavy Blade"],"picked":"Dual Wield","floor":3},{"not_picked":["Intimidate","Body Slam"],"picked":"Headbutt","floor":10},{"not_picked":["Thunderclap","Body Slam"],"picked":"Cleave","floor":13},{"not_picked":["Entrench","True Grit"],"picked":"Twin Strike","floor":14},{"not_picked":["Berserk","Reaper"],"picked":"Fiend Fire","floor":16},{"not_picked":["Rampage","Intimidate+1"],"picked":"Shrug It Off","floor":18},{"not_picked":["Cleave","Whirlwind"],"picked":"Burning Pact+1","floor":21},{"not_picked":["Dual Wield","Anger"],"picked":"Dropkick","floor":24},{"not_picked":["Bloodletting","Sword Boomerang"],"picked":"Iron Wave","floor":28},{"not_picked":["Cleave+1","Body Slam"],"picked":"Warcry+1","floor":30},{"not_picked":["Spot Weakness","Cleave"],"picked":"Rage+1","floor":31}],"player_experience":541592,"relics_obtained":[{"floor":7,"key":"Happy Flower"},{"floor":9,"key":"Bottled Flame"},{"floor":10,"key":"Art of War"},{"floor":19,"key":"Necronomicon"},{"floor":24,"key":"CaptainsWheel"},{"floor":26,"key":"Pantograph"}],"event_choices":[{"damage_healed":0,"gold_gain":0,"player_choice":"Box","damage_taken":0,"relics_obtained":["Blue Candle"],"max_hp_gain":0,"max_hp_loss":0,"event_name":"Big Fish","floor":2,"gold_loss":0,"cards_obtained":["Regret"]},{"damage_healed":0,"gold_gain":0,"player_choice":"Grow","damage_taken":0,"max_hp_gain":0,"max_hp_loss":0,"event_name":"Living Wall","floor":4,"gold_loss":0,"cards_upgraded":["Bash"]},{"damage_healed":0,"gold_gain":0,"player_choice":"Upgraded","damage_taken":0,"max_hp_gain":0,"max_hp_loss":0,"event_name":"Upgrade Shrine","floor":11,"gold_loss":0,"cards_upgraded":["Wild Strike"]},{"damage_healed":0,"gold_gain":0,"player_choice":"Obtained Book","damage_taken":16,"max_hp_gain":0,"max_hp_loss":0,"event_name":"Cursed Tome","floor":19,"gold_loss":0},{"damage_healed":0,"gold_gain":0,"cards_transformed":["Strike_R","Strike_R"],"player_choice":"Became Test Subject","damage_taken":0,"max_hp_gain":0,"max_hp_loss":0,"event_name":"Drug Dealer","floor":20,"gold_loss":0,"cards_obtained":["Battle Trance","Burning Pact"]},{"damage_healed":26,"gold_gain":0,"player_choice":"Heal","damage_taken":0,"max_hp_gain":0,"max_hp_loss":0,"event_name":"The Library","floor":22,"gold_loss":0},{"damage_healed":0,"gold_gain":0,"player_choice":"Ignored","damage_taken":0,"max_hp_gain":0,"max_hp_loss":0,"event_name":"Ghosts","floor":23,"gold_loss":0}],"is_beta":false,"boss_relics":[{"not_picked":["Cursed Key","SacredBark"],"picked":"Runic Pyramid"}],"items_purged_floors":[5,27],"is_endless":false,"potions_floor_spawned":[3,13,18,21,24],"killed_by":"Champ","ascension_level":4}}