{"host":"kj566mc1j9861y4f","time":1608002228,"event":{"mods":["AchievementEnabler","Act Like it!","BaseMod","Better Altar","Better Note","Better Vampires","BetterRewards","Colored Powertips","Downfall","Hermit","Infinite Spire","Lobotomy","Luminous","Minty Spire (QoL Compilation)","Relic Stats","Replay The Spire","Shade Mod","Shop Mod","Spicy Shops","StSLib","The Blue Laboratory","Uncapped"],"gold_per_floor":[113,125,135,202,277,277,277,277],"floor_reached":7,"playtime":343,"items_purged":[],"score":47,"play_id":"94b41977-9690-4ef4-84b0-8b9cb059cf9a","local_time":"20201214211708","is_ascension_mode":true,"campfire_choices":[{"floor":6,"key":"REST"}],"circlet_count":0,"master_deck":["Strike_P","Strike_P","Strike_P","Strike_P","Defend_P","Defend_P","Defend_P","Defend_P","Eruption","Vigilance","Murderer","Replay:AtTheReady","Wellcheers","Indignation","BlackSwan","EmptyBody","Crescendo"],"relics":["PureWater","CogitoBucket","Blood Vial"],"acts_visited":["Exordium"],"potions_floor_usage":[7],"damage_taken":[{"damage":2,"enemies":"Small Slimes","floor":1,"turns":4},{"damage":3,"enemies":"2 Louse","floor":2,"turns":4},{"damage":26,"enemies":"Cultist","floor":3,"turns":6},{"damage":37,"enemies":"3 Sentries","floor":7,"turns":4}],"seed_played":"1785572202742208645","potions_obtained":[{"floor":2,"key":"blueLaboratory:LouseDecoction"},{"floor":4,"key":"blueLaboratory:PyrophylliteBrew"},{"floor":4,"key":"hexamod:EctoCoolerPotion"}],"is_trial":false,"path_per_floor":["M","M","M","?","?","R","E"],"character_chosen":"WATCHER","items_purchased":[],"campfire_rested":1,"item_purchase_floors":[],"current_hp_per_floor":[70,67,44,16,5,26,0,0],"gold":277,"neow_bonus":"","is_daily":false,"chose_seed":false,"campfire_upgraded":0,"win_rate":0.0,"timestamp":1608002228,"path_taken":["M","M","M","?","?","R","E"],"items_purchased_type":[],"build_version":"2020-12-13","purchased_purges":0,"victory":false,"max_hp_per_floor":[72,72,72,72,72,72,72,72],"relic_stats":{"Blood Vial":2,"counters":[220,1004],"obtain_stats":[{"infinitespire:BottledMercury":12,"Golden Egg":0,"infinitespire:Cubic Diamond":2,"Bottled Tornado":13,"Boot":30,"Sling":12,"Blood Vial":43,"infinitespire:ShieldingShard":6,"MealTicket":9,"infinitespire:Golems Mask":0,"Fusion Hammer":34,"HandDrill":20,"Replay:Wax Seal":2,"Replay:Bottled Steam":26,"ReplayTheSpireMod:Ring of Addiction":28,"Blue Candle":0,"Velvet Choker":22,"Eternal Feather":9,"ReplayTheSpireMod:SealedPack":34,"Akabeko":0,"infinitespire:EvilPickle":33,"SlaversCollar":34,"Bird Faced Urn":10,"Pandora\u0027s Box":17,"Unceasing Top":12,"Abe\u0027s Treasure":17,"Regal Pillow":40,"Lantern":27,"Torii":37,"Replay:Purple Gloves":0,"Painkiller Herb":34,"StoneCalendar":23,"Blue Doll":9,"Replay:Multitool":9,"Bag of Preparation":41,"Pet Ghost":25,"Replay:Rubber Ducky":20,"Matryoshka":17,"Replay:Bottled Eggs":44,"Ring of Panic":8,"InkBottle":25,"Potion Belt":28,"Replay:M_StaffOfTheSnake":12,"NeowsBlessing":0,"Golden Idol":10,"Damaru":9,"The Courier":9,"infinitespire:Lucky Rock":43,"infinitespire:CheckeredPen":0,"MawBank":40,"Replay:Arrowhead":34,"Busted Crown":17,"Ring of Misfortune":28,"Orrery":0,"Durian":12,"Toy Ornithopter":28,"infinitespire:Midas Blood":6,"Ice Cream":0,"Calipers":17,"Tiny House":38,"Gremlin Horn":13,"Vajra":23,"Sozu":17,"Centennial Puzzle":28,"HornCleat":0,"DollysMirror":0,"Strawberry":23,"Philosopher\u0027s Stone":0,"Toxic Egg 2":0,"Ring of Hypnosis":19,"Happy Flower":14,"Astrolabe":0,"Replay:Grab Bag":34,"Oddly Smooth Stone":45,"Ring of Chaos":17,"Letter Opener":9,"ReplayTheSpireMod:Shallot":42,"Shuriken":30,"Bronze Scales":14,"Onion Ring":17,"infinitespire:EmpoweringShard":34,"Black Star":19,"Grinning Jar":25,"Meat on the Bone":29,"ReplayFunnel":37,"Darkstone Periapt":7,"Snecko Heart":0,"Replay:PocketPolymizer":45,"SacredBark":34,"Yang":41,"CloakClasp":10,"Replay:Mystery Machine":6,"Empty Cage":17,"ClockworkSouvenir":0,"SsserpentHead":19,"Dream Catcher":9,"Replay:Bandana":25,"Nunchaku":47,"CogitoBucket":0,"Mummified Hand":21,"Gambling Chip":23,"Pantograph":48,"Replay:Bottled Snecko":32,"Gremlin Food":17,"Replay:WaspNest":26,"infinitespire:FocusingShard":23,"Orichalcum":6,"Medical Kit":14,"White Beast Statue":23,"Mercury Hourglass":10,"Calling Bell":17,"Peace Pipe":7,"Strange Spoon":47,"Anchor":26,"CaptainsWheel":8,"infinitespire:WardingShard":47,"Bag of Marbles":6,"PureWater":0,"ReplayTheSpireMod:ShopPack":37},{"infinitespire:BottledMercury":36,"Golden Egg":50,"infinitespire:Cubic Diamond":1,"Bottled Tornado":134,"Boot":16,"Sling":120,"Blood Vial":151,"infinitespire:ShieldingShard":32,"MealTicket":34,"infinitespire:Golems Mask":155,"Fusion Hammer":110,"HandDrill":176,"Replay:Wax Seal":51,"Replay:Bottled Steam":106,"ReplayTheSpireMod:Ring of Addiction":14,"Blue Candle":169,"Velvet Choker":126,"Eternal Feather":172,"ReplayTheSpireMod:SealedPack":145,"Akabeko":94,"infinitespire:EvilPickle":47,"SlaversCollar":110,"Bird Faced Urn":60,"Pandora\u0027s Box":78,"Unceasing Top":61,"Abe\u0027s Treasure":136,"Regal Pillow":22,"Lantern":83,"Torii":87,"Replay:Purple Gloves":195,"Painkiller Herb":17,"StoneCalendar":82,"Blue Doll":162,"Replay:Multitool":73,"Bag of Preparation":150,"Pet Ghost":209,"Replay:Rubber Ducky":65,"Matryoshka":63,"Replay:Bottled Eggs":151,"Ring of Panic":172,"InkBottle":180,"Potion Belt":14,"Replay:M_StaffOfTheSnake":99,"NeowsBlessing":55,"Golden Idol":98,"Damaru":98,"The Courier":200,"infinitespire:Lucky Rock":23,"infinitespire:CheckeredPen":94,"MawBank":89,"Replay:Arrowhead":110,"Busted Crown":9,"Ring of Misfortune":14,"Orrery":114,"Durian":120,"Toy Ornithopter":14,"infinitespire:Midas Blood":72,"Ice Cream":50,"Calipers":38,"Tiny House":112,"Gremlin Horn":121,"Vajra":12,"Sozu":101,"Centennial Puzzle":44,"HornCleat":210,"DollysMirror":114,"Strawberry":42,"Philosopher\u0027s Stone":66,"Toxic Egg 2":27,"Ring of Hypnosis":39,"Happy Flower":173,"Astrolabe":0,"Replay:Grab Bag":110,"Oddly Smooth Stone":92,"Ring of Chaos":123,"Letter Opener":4,"ReplayTheSpireMod:Shallot":23,"Shuriken":143,"Bronze Scales":37,"Onion Ring":38,"infinitespire:EmpoweringShard":110,"Black Star":137,"Grinning Jar":44,"Meat on the Bone":84,"ReplayFunnel":19,"Darkstone Periapt":172,"Snecko Heart":127,"Replay:PocketPolymizer":152,"SacredBark":47,"Yang":188,"CloakClasp":201,"Replay:Mystery Machine":54,"Empty Cage":204,"ClockworkSouvenir":50,"SsserpentHead":79,"Dream Catcher":59,"Replay:Bandana":106,"Nunchaku":154,"CogitoBucket":216,"Mummified Hand":10,"Gambling Chip":104,"Pantograph":192,"Replay:Bottled Snecko":109,"Gremlin Food":38,"Replay:WaspNest":14,"infinitespire:FocusingShard":141,"Orichalcum":59,"Medical Kit":203,"White Beast Statue":179,"Mercury Hourglass":5,"Calling Bell":38,"Peace Pipe":59,"Strange Spoon":93,"Anchor":82,"CaptainsWheel":162,"infinitespire:WardingShard":93,"Bag of Marbles":3,"PureWater":0,"ReplayTheSpireMod:ShopPack":87},{"infinitespire:BottledMercury":158,"Golden Egg":219,"infinitespire:Cubic Diamond":2,"Bottled Tornado":595,"Boot":69,"Sling":524,"Blood Vial":666,"infinitespire:ShieldingShard":144,"MealTicket":150,"infinitespire:Golems Mask":682,"Fusion Hammer":491,"HandDrill":768,"Replay:Wax Seal":221,"Replay:Bottled Steam":476,"ReplayTheSpireMod:Ring of Addiction":62,"Blue Candle":738,"Velvet Choker":555,"Eternal Feather":751,"ReplayTheSpireMod:SealedPack":642,"Akabeko":435,"infinitespire:EvilPickle":203,"SlaversCollar":491,"Bird Faced Urn":263,"Pandora\u0027s Box":352,"Unceasing Top":268,"Abe\u0027s Treasure":605,"Regal Pillow":95,"Lantern":377,"Torii":399,"Replay:Purple Gloves":873,"Painkiller Herb":77,"StoneCalendar":370,"Blue Doll":701,"Replay:Multitool":333,"Bag of Preparation":663,"Pet Ghost":964,"Replay:Rubber Ducky":294,"Matryoshka":283,"Replay:Bottled Eggs":666,"Ring of Panic":751,"InkBottle":785,"Potion Belt":62,"Replay:M_StaffOfTheSnake":448,"NeowsBlessing":245,"Golden Idol":446,"Damaru":446,"The Courier":888,"infinitespire:Lucky Rock":103,"infinitespire:CheckeredPen":435,"MawBank":408,"Replay:Arrowhead":491,"Busted Crown":40,"Ring of Misfortune":62,"Orrery":503,"Durian":524,"Toy Ornithopter":62,"infinitespire:Midas Blood":323,"Ice Cream":219,"Calipers":167,"Tiny House":498,"Gremlin Horn":527,"Vajra":52,"Sozu":457,"Centennial Puzzle":188,"HornCleat":966,"DollysMirror":503,"Strawberry":177,"Philosopher\u0027s Stone":301,"Toxic Egg 2":125,"Ring of Hypnosis":168,"Happy Flower":753,"Astrolabe":0,"Replay:Grab Bag":491,"Oddly Smooth Stone":426,"Ring of Chaos":542,"Letter Opener":18,"ReplayTheSpireMod:Shallot":103,"Shuriken":632,"Bronze Scales":160,"Onion Ring":167,"infinitespire:EmpoweringShard":491,"Black Star":609,"Grinning Jar":188,"Meat on the Bone":384,"ReplayFunnel":82,"Darkstone Periapt":751,"Snecko Heart":566,"Replay:PocketPolymizer":671,"SacredBark":203,"Yang":833,"CloakClasp":895,"Replay:Mystery Machine":235,"Empty Cage":930,"ClockworkSouvenir":219,"SsserpentHead":355,"Dream Catcher":258,"Replay:Bandana":476,"Nunchaku":681,"CogitoBucket":986,"Mummified Hand":44,"Gambling Chip":468,"Pantograph":851,"Replay:Bottled Snecko":483,"Gremlin Food":167,"Replay:WaspNest":62,"infinitespire:FocusingShard":624,"Orichalcum":258,"Medical Kit":914,"White Beast Statue":778,"Mercury Hourglass":23,"Calling Bell":167,"Peace Pipe":258,"Strange Spoon":427,"Anchor":370,"CaptainsWheel":701,"infinitespire:WardingShard":427,"Bag of Marbles":16,"PureWater":0,"ReplayTheSpireMod:ShopPack":399}]},"card_choices":[{"not_picked":["CrumblingArmor","NakedNest"],"picked":"Murderer","floor":1},{"not_picked":["SashWhip","Weave"],"picked":"Replay:AtTheReady","floor":1},{"not_picked":["CherryBlossoms","SpiderBud"],"picked":"Wellcheers","floor":2},{"not_picked":["CrushJoints","Replay:AtTheReady"],"picked":"Indignation","floor":2},{"not_picked":["UniverseFragment","CherryBlossoms","MHz"],"picked":"Singing Bowl","floor":3},{"not_picked":["FairyFestival","Alriune"],"picked":"BlackSwan","floor":3},{"not_picked":["Protect","Scrawl"],"picked":"EmptyBody","floor":3},{"not_picked":["Study","JustLucky"],"picked":"Crescendo","floor":4}],"player_experience":165722,"relics_obtained":[{"floor":4,"key":"Blood Vial"}],"event_choices":[{"damage_healed":0,"gold_gain":75,"player_choice":"Gather Gold","damage_taken":11,"max_hp_gain":0,"max_hp_loss":0,"event_name":"World of Goop","floor":5,"gold_loss":0}],"is_beta":false,"boss_relics":[],"items_purged_floors":[],"is_endless":false,"potions_floor_spawned":[2],"killed_by":"3 Sentries","ascension_level":3}}