{"host":"dusk7mhlix1mqn14","time":1608039701,"event":{"mods":["BaseMod","Colored Powertips","Downfall","Hero for Fun","Highlight Path","Kratos Character Expansion","Marisa（F雨　魔理沙）","Minty Spire (QoL Compilation)","Prisma Mod","Remilia（蕾米莉亚）","Replay The Spire","Ryuuou龙王","SIMod","Shop Mod","StSLib","The Alterego","The Bug Knight","The Death Knight","The Forsaken","The Servant 0.9.4","TheWitcher","【东方二次创作】八云紫mod"],"gold_per_floor":[99,99,99,99,99,133,160,175,195,120,120,120,135,153,164,263,263,188,205,205,205,224,256,332,346,271,181,200,200,218,237,252,353,353,353,353,386,386,386,386,386,386,406,431,458,214,227,242,257,257],"floor_reached":51,"playtime":3861,"items_purged":["Guardian:HyperBeam_Guardian+1","RitualDagger+1"],"score":829,"play_id":"1b473020-9b70-4bbf-bfbf-6cb4d79ca3b8","local_time":"20201215214141","is_ascension_mode":false,"campfire_choices":[{"floor":1.0,"key":"DIG"},{"data":"Guardian:PrismaticBeam","floor":5.0,"key":"SMITH"},{"floor":10.0,"key":"RECALL"},{"data":"Guardian:FloatingOrbs","floor":18.0,"key":"SMITH"},{"data":"Guardian:ConstructionForm","floor":20.0,"key":"SMITH"},{"data":"Guardian:RefractedBeam+1","floor":26.0,"key":"SMITH"},{"data":"Guardian:CurlUp","floor":35,"key":"SMITH"},{"data":"Guardian:TemporalShield","floor":38,"key":"SMITH"},{"data":"Guardian:TemporalShield","floor":40,"key":"SMITH"},{"data":"Guardian:PiercingHide","floor":42,"key":"SMITH"}],"circlet_count":0,"master_deck":["Guardian:CurlUp+1","Guardian:TwinSlam","Guardian:PrismaticBeam+1","Guardian:ShieldSpikes","Guardian:BronzeOrb+1","Guardian:RollAttack+1","Guardian:PrimingBeam+1","Guardian:EvasiveProtocol","Guardian:CrystalBeam+1","Guardian:PiercingHide+1","Guardian:PiercingHide","Guardian:ConstructionForm+1","Guardian:TemporalShield+1","Guardian:PolyBeam+1","Guardian:TemporalShield+1","Guardian:RefractedBeam+2","Guardian:FloatingOrbs+1","Guardian:ExploitGems","Guardian:Preprogram","Guardian:PrimingBeam+1","Guardian:Gem_Green","Guardian:Gem_Crimson","Guardian:Suspension+1","Finesse","Guardian:ArmoredProtocol","Guardian:ArmoredProtocol","Guardian:Gem_White"],"relics":["Guardian:ModeShifterPlus","downfall:HeartsMalice","HollowMod:PaleOreRelic","Molten Egg 2","downfall:HeartBlessingBlue","Replay:Grab Bag","SlaversCollar","Sozu","Pandora\u0027s Box","downfall:HeartBlessingRed","Enchiridion","Art of War","KratosMod:minohorn","downfall:HeartBlessingGreen","Replay:Bronze Core","Bottled Tornado","Replay:Bottled Snecko","MawBank"],"acts_visited":["Exordium","TheCity","TheBeyond"],"potions_floor_usage":[37,44],"damage_taken":[{"damage":0.0,"enemies":"2 Louse","floor":3.0,"turns":1.0},{"damage":0.0,"enemies":"Cultist","floor":4.0,"turns":1.0},{"damage":0.0,"enemies":"Gremlin Nob","floor":6.0,"turns":1.0},{"damage":0.0,"enemies":"Small Slimes","floor":8.0,"turns":3.0},{"damage":0.0,"enemies":"Blue Slaver","floor":9.0,"turns":4.0},{"damage":0.0,"enemies":"2 Fungi Beasts","floor":13.0,"turns":2.0},{"damage":4.0,"enemies":"Gremlin Gang","floor":14.0,"turns":4.0},{"damage":0.0,"enemies":"Exordium Wildlife","floor":15.0,"turns":3.0},{"damage":21.0,"enemies":"downfall:Silent","floor":16.0,"turns":10.0},{"damage":0.0,"enemies":"Spheric Guardian","floor":19.0,"turns":3.0},{"damage":0.0,"enemies":"Chosen","floor":22.0,"turns":6.0},{"damage":16.0,"enemies":"Slavers","floor":23.0,"turns":6.0},{"damage":0.0,"enemies":"Snecko","floor":25.0,"turns":3.0},{"damage":0.0,"enemies":"downfall:FleeingMerchant","floor":27.0,"turns":4.0},{"damage":4.0,"enemies":"Centurion and Healer","floor":28.0,"turns":4.0},{"damage":0.0,"enemies":"Snake Plant","floor":30.0,"turns":2.0},{"damage":0.0,"enemies":"Shelled Parasite and Fungi","floor":31.0,"turns":3.0},{"damage":0.0,"enemies":"Snecko","floor":32.0,"turns":4.0},{"damage":0,"enemies":"downfall:Defect","floor":33,"turns":5},{"damage":0,"enemies":"Giant Head","floor":37,"turns":8},{"damage":0,"enemies":"3 Shapes","floor":43,"turns":5},{"damage":2,"enemies":"Reptomancer","floor":44,"turns":6},{"damage":0,"enemies":"3 Darklings","floor":45,"turns":4},{"damage":0,"enemies":"downfall:FleeingMerchant","floor":46,"turns":5},{"damage":0,"enemies":"Maw","floor":47,"turns":6},{"damage":0,"enemies":"4 Shapes","floor":48,"turns":4},{"damage":0,"enemies":"Sphere and 2 Shapes","floor":49,"turns":3},{"damage":0,"enemies":"downfall:Watcher","floor":50,"turns":6}],"seed_played":"-7439916013789002573","potions_obtained":[{"floor":6.0,"key":"Swift Potion"},{"floor":8.0,"key":"Fire Potion"},{"floor":13.0,"key":"FearPotion"},{"floor":15.0,"key":"Adrenaline Potion"}],"is_trial":false,"path_per_floor":["R","?","M","M","R","E","T","M","M","R","?","?","M","M","M","B",null,"R","M","R","?","M","E","T","M","R","$","M","?","M","M","M","B",null,"R","?","E","R","?","R","T","R","M","E","M","$","M","M","M","B",null],"character_chosen":"GUARDIAN","items_purchased":["Finesse","Guardian:ArmoredProtocol"],"campfire_rested":0,"item_purchase_floors":[46,46],"current_hp_per_floor":[80,80,80,80,80,80,80,80,80,90,90,90,90,86,86,65,90,90,90,90,74,74,58,58,58,58,58,54,48,48,48,48,48,90,90,90,90,90,90,90,90,90,90,88,88,88,88,88,88,88],"gold":257,"neow_bonus":"THREE_ENEMY_KILL","is_daily":false,"chose_seed":false,"campfire_upgraded":8,"win_rate":0.0,"timestamp":1608039701,"path_taken":["R","?","?","M","R","E","T","M","M","R","?","?","M","M","M","BOSS","R","M","R","?","M","E","T","M","R","$","M","?","M","M","M","BOSS","R","?","E","R","?","R","T","R","?","E","M","$","M","M","M","BOSS"],"items_purchased_type":["Card","Card"],"build_version":"2020-12-13","purchased_purges":2,"victory":true,"max_hp_per_floor":[80,80,80,80,80,80,80,80,80,90,90,90,90,90,90,90,90,90,90,90,90,90,90,90,90,90,90,90,90,90,90,90,90,90,90,90,90,90,90,90,90,90,90,90,90,90,90,90,90,90],"card_choices":[{"not_picked":["Guardian:Gem_Red","Guardian:Planning"],"picked":"Guardian:PrismaticBeam","floor":3.0},{"not_picked":["Guardian:Gem_White","Guardian:VentSteam"],"picked":"Guardian:ShieldSpikes","floor":4.0},{"not_picked":["Guardian:CrystalBeam+1","Guardian:ShieldCharger"],"picked":"Guardian:BronzeOrb+1","floor":6.0},{"not_picked":["Guardian:ShieldCharger","Guardian:Harden"],"picked":"Guardian:Gem_Blue","floor":8.0},{"not_picked":["Guardian:VentSteam","Guardian:Recover"],"picked":"Guardian:Gem_Cyan","floor":9.0},{"not_picked":["Guardian:Incinerate+1","Guardian:DonusPower"],"picked":"Guardian:Gem_Lightblue","floor":13.0},{"not_picked":["Guardian:WalkerClaw+1","Guardian:Incinerate+1"],"picked":"Guardian:PiercingHide","floor":14.0},{"not_picked":["Guardian:FastForward","Guardian:Gem_Green"],"picked":"Guardian:PiercingHide","floor":15.0},{"not_picked":["Guardian:BaubleBeam+1","Guardian:TimeSifter"],"picked":"Guardian:ConstructionForm","floor":16.0},{"not_picked":["Guardian:Incinerate+1","Guardian:Gem_Cyan","Guardian:TemporalShield"],"picked":"SKIP","floor":19.0},{"not_picked":["Guardian:TemporalShield","Guardian:TimeCapacitor","Guardian:GuardianWhirl+1"],"picked":"SKIP","floor":22.0},{"not_picked":["Guardian:Gem_Lightblue","Guardian:ChargeUp"],"picked":"Guardian:ExploitGems","floor":23.0},{"not_picked":["Guardian:Planning+1","Guardian:PiercingHide"],"picked":"Guardian:Preprogram","floor":25.0},{"not_picked":["Guardian:Suspension","Guardian:RollAttack+1","Guardian:BronzeArmor"],"picked":"SKIP","floor":27.0},{"not_picked":["Guardian:EvasiveProtocol","Guardian:PiercingHide"],"picked":"Guardian:Gem_Crimson","floor":28.0},{"not_picked":["Guardian:PiercingHide","Guardian:Suspension","Guardian:Recover"],"picked":"SKIP","floor":30.0},{"not_picked":["Guardian:Recover+1","Guardian:Harden"],"picked":"Guardian:Gem_Green","floor":31.0},{"not_picked":["Guardian:PiercingHide","Guardian:Planning"],"picked":"Guardian:Gem_Cyan","floor":32.0},{"not_picked":["Guardian:TimeSifter","Guardian:ExploitGems"],"picked":"Guardian:Gem_Synthetic","floor":33},{"not_picked":["Guardian:Recover","Guardian:Gem_Cyan"],"picked":"Guardian:PrimingBeam+1","floor":37},{"not_picked":["Guardian:SpikerProtocol+1","Guardian:ChargeUp+1"],"picked":"Guardian:Gem_Green","floor":43},{"not_picked":["Guardian:Gem_Lightblue","Guardian:AncientConstruct"],"picked":"Guardian:Gem_Crimson","floor":44},{"not_picked":["Guardian:TemporalShield+1","Guardian:Gem_Lightblue"],"picked":"Guardian:Suspension+1","floor":45},{"not_picked":["Guardian:Clone","Guardian:PiercingHide","Guardian:ShieldCharger+1"],"picked":"SKIP","floor":46},{"not_picked":["Guardian:Recover","Guardian:Gem_Crimson"],"picked":"Guardian:Gem_White","floor":47},{"not_picked":["Guardian:VentSteam+1","Guardian:TemporalStrike+1","Guardian:TimeCapacitor"],"picked":"SKIP","floor":48},{"not_picked":["Guardian:Incinerate+1","Guardian:HyperBeam_Guardian+1","Guardian:EvasiveProtocol+1"],"picked":"SKIP","floor":49}],"player_experience":242584,"relics_obtained":[{"floor":1.0,"key":"HollowMod:PaleOreRelic"},{"floor":6.0,"key":"Molten Egg 2"},{"floor":21.0,"key":"Enchiridion"},{"floor":23.0,"key":"Art of War"},{"floor":24.0,"key":"KratosMod:minohorn"},{"floor":37,"key":"Bottled Tornado"},{"floor":41,"key":"Replay:Bottled Snecko"},{"floor":44,"key":"MawBank"}],"event_choices":[{"damage_healed":0,"gold_gain":0,"player_choice":"Ignored","damage_taken":0,"max_hp_gain":0,"max_hp_loss":0,"event_name":"NoteForYourself","floor":39,"gold_loss":0}],"is_beta":false,"boss_relics":[{"not_picked":["Calling Bell","Painkiller Herb"],"picked":"Replay:Grab Bag"},{"not_picked":["Fusion Hammer","ChewingGum"],"picked":"SlaversCollar"},{"not_picked":["Busted Crown","Philosopher\u0027s Stone"],"picked":"Sozu"},{"not_picked":["Black Star","Ring of Chaos"],"picked":"Pandora\u0027s Box"},{"not_picked":["Tiny House","Runic Pyramid"],"picked":"Guardian:ModeShifterPlus"},{"not_picked":["Replay:Ancient Bell","Replay:Drink Me"],"picked":"Replay:Bronze Core"}],"items_purged_floors":[27,46],"is_endless":false,"potions_floor_spawned":[6,8,13,15,16,22,25,30,45,48,49],"ascension_level":0}}