{"host":"d8hh7rr4yzitjeuj","time":1608019572,"event":{"mods":["2.2 Compatiblity","AchievementEnabler","BaseMod","CapriCore","Colored Map","Colored Powertips","Highlight Path","Keyboard Shortcuts","Minty Spire (QoL Compilation)","Permanent Neow","Quick Restart","StSLib","SuperFastMode"],"gold_per_floor":[109,122,139,151,166,166,176,207,207,207,4,36,49,0,0,72,72,90,108,123,138,138,167,167,184,208,258,269,269,269,298,298,373,373,385,403,420,93,93,93,126,145,172,201,218,218,244,134,134,134,134,134,134,17,42,42,42],"floor_reached":56,"playtime":3338,"items_purged":["PanicButton"],"score":2207,"play_id":"defeaede-5a35-4811-8420-b543e1dc5053","local_time":"20201215170612","is_ascension_mode":true,"campfire_choices":[{"data":"Sunder","floor":6.0,"key":"SMITH"},{"data":"Go for the Eyes","floor":10.0,"key":"SMITH"},{"data":"Stack","floor":15.0,"key":"SMITH"},{"floor":24.0,"key":"REST"},{"floor":30.0,"key":"REST"},{"data":"Enlightenment","floor":32.0,"key":"SMITH"},{"data":"Chill","floor":40.0,"key":"SMITH"},{"floor":46.0,"key":"RECALL"},{"data":"Fission","floor":49.0,"key":"SMITH"},{"data":"Coolheaded","floor":53.0,"key":"SMITH"}],"circlet_count":0,"master_deck":["AscendersBane","Strike_B","Strike_B","Defend_B","Defend_B","Zap","Dualcast","Turbo+1","Melter+1","Beam Cell+1","Sunder+1","Go for the Eyes+1","Glacier","Sweeping Beam","Streamline","Rebound","Auto Shields","Undo","Buffer+1","Stack+1","All For One+1","Hello World+1","Coolheaded+1","Echo Form+1","Hologram","Self Repair+1","Flash of Steel","Enlightenment+1","Stack","Creative AI+1","Hello World+1","Stack","Fission+1","Chill+1","Coolheaded"],"relics":["Astrolabe","Art of War","Pantograph","DataDisk","Frozen Egg 2","SlaversCollar","Matryoshka","Tiny Chest","Toy Ornithopter","Du-Vu Doll","Coffee Dripper","Membership Card","Letter Opener","Pen Nib","Ice Cream","Bottled Flame","Shuriken","Blood Vial","Lantern","Ginger"],"acts_visited":["Exordium","TheCity","TheBeyond","TheEnding"],"potions_floor_usage":[56],"damage_taken":[{"damage":2.0,"enemies":"Cultist","floor":1.0,"turns":4.0},{"damage":4.0,"enemies":"Small Slimes","floor":2.0,"turns":3.0},{"damage":0.0,"enemies":"Jaw Worm","floor":3.0,"turns":2.0},{"damage":4.0,"enemies":"3 Louse","floor":4.0,"turns":2.0},{"damage":6.0,"enemies":"Lots of Slimes","floor":5.0,"turns":2.0},{"damage":8.0,"enemies":"Blue Slaver","floor":7.0,"turns":2.0},{"damage":13.0,"enemies":"3 Sentries","floor":8.0,"turns":5.0},{"damage":0.0,"enemies":"Lagavulin","floor":12.0,"turns":5.0},{"damage":8.0,"enemies":"Exordium Thugs","floor":13.0,"turns":4.0},{"damage":6.0,"enemies":"The Guardian","floor":16.0,"turns":12.0},{"damage":0.0,"enemies":"Spheric Guardian","floor":18.0,"turns":3.0},{"damage":22.0,"enemies":"2 Thieves","floor":19.0,"turns":5.0},{"damage":31.0,"enemies":"Shelled Parasite and Fungi","floor":20.0,"turns":6.0},{"damage":0.0,"enemies":"Snecko","floor":21.0,"turns":3.0},{"damage":5.0,"enemies":"Slavers","floor":23.0,"turns":9.0},{"damage":9.0,"enemies":"Chosen and Byrds","floor":25.0,"turns":8.0},{"damage":0.0,"enemies":"Cultist and Chosen","floor":28.0,"turns":6.0},{"damage":12.0,"enemies":"Book of Stabbing","floor":31.0,"turns":4.0},{"damage":54.0,"enemies":"Automaton","floor":33.0,"turns":13.0},{"damage":6.0,"enemies":"3 Shapes","floor":35.0,"turns":4.0},{"damage":32.0,"enemies":"3 Darklings","floor":36.0,"turns":6.0},{"damage":9.0,"enemies":"Writhing Mass","floor":37.0,"turns":11.0},{"damage":0.0,"enemies":"Nemesis","floor":41.0,"turns":5.0},{"damage":0.0,"enemies":"Jaw Worm Horde","floor":42.0,"turns":5.0},{"damage":0.0,"enemies":"Giant Head","floor":44.0,"turns":7.0},{"damage":0.0,"enemies":"Sphere and 2 Shapes","floor":45.0,"turns":6.0},{"damage":0.0,"enemies":"Nemesis","floor":47.0,"turns":5.0},{"damage":30.0,"enemies":"Awakened One","floor":50.0,"turns":13.0},{"damage":26.0,"enemies":"Time Eater","floor":51.0,"turns":10.0},{"damage":51.0,"enemies":"Shield and Spear","floor":55.0,"turns":8.0},{"damage":61,"enemies":"The Heart","floor":56,"turns":6}],"seed_played":"-5011266023297239306","potions_obtained":[{"floor":1.0,"key":"DuplicationPotion"},{"floor":2.0,"key":"SpeedPotion"},{"floor":16.0,"key":"ColorlessPotion"},{"floor":20.0,"key":"AttackPotion"},{"floor":23.0,"key":"AttackPotion"},{"floor":28.0,"key":"Regen Potion"},{"floor":36.0,"key":"LiquidBronze"},{"floor":37.0,"key":"FocusPotion"},{"floor":41.0,"key":"Energy Potion"}],"is_trial":false,"path_per_floor":["M","M","M","M","M","R","M","E","T","R","$","E","M","?","R","B",null,"M","M","M","M","?","E","R","M","T","?","M","?","R","E","R","B",null,"M","M","M","$","T","R","E","M","T","E","M","R","E","?","R","B","B",null,"R","$","E","B"],"character_chosen":"DEFECT","items_purchased":["DataDisk","Undo","Membership Card","Letter Opener","Chill","Lantern"],"campfire_rested":2,"item_purchase_floors":[11,11,38,38,38,54],"current_hp_per_floor":[62,58,58,54,48,48,40,27,27,27,27,27,19,19,19,38,63,63,41,10,10,10,5,26,37,37,30,50,23,44,71,71,27,60,54,42,33,33,33,33,43,53,53,63,71,71,71,71,71,51,60,68,68,68,29,0,0],"gold":42,"neow_bonus":"BOSS_RELIC","is_daily":false,"chose_seed":false,"campfire_upgraded":7,"win_rate":0.0,"timestamp":1608019572,"path_taken":["M","M","M","M","?","R","M","E","T","R","?","E","M","?","R","BOSS","M","M","M","M","?","E","R","M","T","?","?","?","R","E","R","BOSS","M","M","M","$","?","R","E","M","T","E","M","R","E","?","R","BOSS","BOSS","R","$","E","BOSS"],"items_purchased_type":["Relic","Card","Relic","Relic","Card","Relic"],"build_version":"2020-12-13","purchased_purges":1,"victory":false,"max_hp_per_floor":[71,71,71,71,71,71,71,71,71,71,71,71,71,71,71,71,71,71,71,71,71,71,71,71,71,71,71,71,71,71,71,71,71,71,71,71,71,71,71,71,71,71,71,71,71,71,71,71,71,71,71,71,71,71,71,71,71],"card_choices":[{"not_picked":["Coolheaded","Rip and Tear"],"picked":"Sunder","floor":1.0},{"not_picked":["Gash","Recycle"],"picked":"Go for the Eyes","floor":2.0},{"not_picked":["Barrage","Compile Driver"],"picked":"Glacier","floor":3.0},{"not_picked":["Hello World","Gash"],"picked":"Sweeping Beam","floor":4.0},{"not_picked":["Redo","Steam"],"picked":"Streamline","floor":5.0},{"not_picked":["Defragment","Force Field"],"picked":"Rebound","floor":7.0},{"not_picked":["Buffer","Gash"],"picked":"Auto Shields","floor":8.0},{"not_picked":["Rainbow","Doom and Gloom"],"picked":"Buffer+1","floor":12.0},{"not_picked":["Doom and Gloom","Beam Cell"],"picked":"Stack","floor":13.0},{"not_picked":["Seek","Core Surge"],"picked":"All For One","floor":16.0},{"not_picked":["Leap","Steam"],"picked":"Hello World+1","floor":18.0},{"not_picked":["Redo","Barrage"],"picked":"Coolheaded","floor":19.0},{"not_picked":["Sweeping Beam","Barrage"],"picked":"Echo Form+1","floor":20.0},{"not_picked":["Go for the Eyes","Capacitor+1"],"picked":"Hologram","floor":21.0},{"not_picked":["Leap","Blizzard"],"picked":"Self Repair+1","floor":23.0},{"not_picked":["Go for the Eyes","Ball Lightning","Redo"],"picked":"SKIP","floor":25.0},{"not_picked":["Conserve Battery","Scrape+1","Lockon"],"picked":"SKIP","floor":28.0},{"not_picked":["Steam","Go for the Eyes"],"picked":"Stack","floor":31.0},{"not_picked":["All For One","Amplify"],"picked":"Creative AI+1","floor":33.0},{"not_picked":["Turbo+1","Streamline"],"picked":"Hello World+1","floor":35.0},{"not_picked":["Lockon+1","Turbo"],"picked":"Stack","floor":36.0},{"not_picked":["Loop+1","Stack+1"],"picked":"Fission","floor":37.0},{"not_picked":["Stack","Sunder+1"],"picked":"Coolheaded","floor":41.0},{"not_picked":["Beam Cell","FTL","Conserve Battery"],"picked":"SKIP","floor":42.0},{"not_picked":["Stack","Steam","Streamline"],"picked":"SKIP","floor":44.0},{"not_picked":["Leap+1","Lockon","Cold Snap"],"picked":"SKIP","floor":45.0},{"not_picked":["Leap","White Noise","Fusion"],"picked":"SKIP","floor":47.0},{"not_picked":["Go for the Eyes","Rainbow","Darkness+1"],"picked":"SKIP","floor":55.0}],"player_experience":1338627,"relics_obtained":[{"floor":8.0,"key":"Art of War"},{"floor":9.0,"key":"Pantograph"},{"floor":12.0,"key":"Frozen Egg 2"},{"floor":23.0,"key":"Matryoshka"},{"floor":26.0,"key":"Tiny Chest"},{"floor":26.0,"key":"Toy Ornithopter"},{"floor":31.0,"key":"Du-Vu Doll"},{"floor":39.0,"key":"Pen Nib"},{"floor":39.0,"key":"Ice Cream"},{"floor":41.0,"key":"Bottled Flame"},{"floor":44.0,"key":"Shuriken"},{"floor":47.0,"key":"Blood Vial"},{"floor":55.0,"key":"Ginger"}],"event_choices":[{"damage_healed":0.0,"max_hp_gain":0.0,"max_hp_loss":0.0,"gold_gain":0.0,"event_name":"World of Goop","player_choice":"Left Gold","floor":14.0,"gold_loss":49.0,"damage_taken":0.0},{"damage_healed":0.0,"max_hp_gain":0.0,"max_hp_loss":0.0,"gold_gain":0.0,"event_name":"The Mausoleum","player_choice":"Ignored","floor":22.0,"gold_loss":0.0,"damage_taken":0.0},{"damage_healed":0.0,"max_hp_gain":0.0,"max_hp_loss":0.0,"gold_gain":50.0,"event_name":"FaceTrader","player_choice":"Touch","floor":27.0,"gold_loss":0.0,"damage_taken":7.0},{"damage_healed":0.0,"max_hp_gain":0.0,"max_hp_loss":0.0,"gold_gain":0.0,"event_name":"Knowing Skull","player_choice":"CARD CARD CARD ","floor":29.0,"potions_obtained":[],"gold_loss":0.0,"damage_taken":27.0,"cards_obtained":["Flash of Steel","PanicButton","Enlightenment"]},{"cards_removed":["Defend_B"],"damage_healed":0.0,"max_hp_gain":0.0,"max_hp_loss":0.0,"gold_gain":0.0,"event_name":"Designer","player_choice":"Upgrade and Remove","floor":48.0,"gold_loss":110.0,"damage_taken":0.0,"cards_upgraded":["All For One"]}],"is_beta":false,"boss_relics":[{"not_picked":["SacredBark","Busted Crown"],"picked":"SlaversCollar"},{"not_picked":["Tiny House","Pandora\u0027s Box"],"picked":"Coffee Dripper"}],"items_purged_floors":[54],"is_endless":false,"potions_floor_spawned":[1,2,7,8,16,19,20,23,28,36,37,41,45],"killed_by":"The Heart","ascension_level":20}}