{"host":"y6ogtdgt8z4md30g","time":1608075943,"event":{"mods":["AchievementEnabler","BaseMod","Better Third Choice","Colored Powertips","Downfall","Hubris","Infinite Spire","Minty Spire (QoL Compilation)","Replay The Spire","Spicy Shops","StSLib"],"gold_per_floor":[99,109,133,145,162,87,135,3,3,16,68,80,127,144,161,262,262,262,273,273,293,218,236,261,261,275,308,325,325,325,335,346,450,450,375,375,375,375],"floor_reached":37,"playtime":3051,"items_purged":["hubris:Gluttony"],"score":458,"play_id":"856991e5-7ad9-4262-9016-0be09fba3800","local_time":"20201215184543","is_ascension_mode":false,"campfire_choices":[{"floor":1,"key":"RECALL"},{"data":"hexamod:CatchUp","floor":6,"key":"SMITH"},{"data":"hexamod:FastForward","floor":9,"key":"SMITH"},{"data":"infinitespire:SevenWalls","floor":22,"key":"SMITH"},{"data":"Shame","floor":35,"key":"PURGE"}],"circlet_count":0,"master_deck":["hexamod:Strike","hexamod:Strike+1","hexamod:Strike","hexamod:Strike+1","hexamod:Defend","hexamod:Defend","hexamod:Defend","hexamod:Defend","hexamod:Sear+1","hexamod:Float","hexamod:NightmareGuise","hexamod:CatchUp+1","hexamod:GhostflameBarrier","hexamod:FastForward+1","hexamod:GhostShield","hexamod:HeatCrush","hexamod:ThirdSeal","hexamod:FourthSeal","hexamod:RetreatToShadows","hexamod:DynamicBlow","hexamod:StepThrough","hexamod:Incineration","hexamod:FirstSeal","hexamod:EmpoweredFlame","hexamod:RainOfEmbers","hexamod:SixthSeal","hexamod:CrushingStance","hexamod:GhostLash","infinitespire:SevenWalls+1","hexamod:RainOfEmbers+1","hexamod:Hexaguard","hexamod:RainOfEmbers","hexamod:BacktrackSmack","hexamod:ShieldOfDarkness","hexamod:ThermalTransfer+1","hexamod:InspiringFlames","hexamod:FourthSeal","hexamod:ParanormalForm","hexamod:PhantomCloak","hexamod:HexaLevel"],"relics":["hexamod:SpiritBrand","hubris:OldNail","downfall:HeartBlessingRed","ReplayTheSpireMod:CursedCoin","Replay:Baseball","hexamod:MatchstickCase","Busted Crown","CaptainsWheel","downfall:HeartBlessingBlue","Juzu Bracelet","infinitespire:EmpoweringShard","Ornamental Fan","Nilry\u0027s Codex","hubris:BottledHeart","hexamod:IceCube","downfall:HeartBlessingGreen"],"acts_visited":["Exordium","TheCity","TheBeyond"],"potions_floor_usage":[5,5,15,27,27,27,33,33,33],"damage_taken":[{"damage":1,"enemies":"Cultist","floor":2,"turns":3},{"damage":0,"enemies":"2 Louse","floor":4,"turns":3},{"damage":0,"enemies":"Jaw Worm","floor":5,"turns":3},{"damage":0,"enemies":"downfall:FleeingMerchant","floor":8,"turns":4},{"damage":14,"enemies":"Exordium Wildlife","floor":10,"turns":5},{"damage":0,"enemies":"2 Fungi Beasts","floor":12,"turns":3},{"damage":0,"enemies":"Exordium Wildlife","floor":14,"turns":2},{"damage":0,"enemies":"Lots of Slimes","floor":15,"turns":1},{"damage":20,"enemies":"downfall:Watcher","floor":16,"turns":9},{"damage":14,"enemies":"3 Byrds","floor":19,"turns":5},{"damage":0,"enemies":"Snecko","floor":21,"turns":3},{"damage":0,"enemies":"3 Cultists","floor":23,"turns":6},{"damage":0,"enemies":"Snake Plant","floor":26,"turns":3},{"damage":16,"enemies":"Gremlin Leader","floor":27,"turns":7},{"damage":0,"enemies":"Cultist and Chosen","floor":28,"turns":5},{"damage":0,"enemies":"Chosen and Byrds","floor":31,"turns":6},{"damage":0,"enemies":"Centurion and Healer","floor":32,"turns":7},{"damage":0,"enemies":"downfall:Silent","floor":33,"turns":6},{"damage":7,"enemies":"Nightmare","floor":37,"turns":6}],"seed_played":"-686596432806577473","potions_obtained":[{"floor":4,"key":"SkillPotion"},{"floor":5,"key":"Fruit Juice"},{"floor":11,"key":"Explosive Potion"},{"floor":18,"key":"Strength Potion"},{"floor":18,"key":"LifebloodPotion"},{"floor":19,"key":"hexamod:EctoCoolerPotion"},{"floor":27,"key":"Weak Potion"},{"floor":28,"key":"Strength Potion"},{"floor":31,"key":"FearPotion"}],"is_trial":false,"path_per_floor":["R","M","T","M","M","R","T","$","R","M","?","M","T","M","M","B",null,"R","M","AVR","M","R","M","T","?","M","E","M","?","?","M","M","B",null,"R","?","NM"],"character_chosen":"THE_SPIRIT","items_purchased":["ReplayTheSpireMod:CursedCoin","hexamod:GhostShield","hexamod:HeatCrush","hexamod:ThirdSeal"],"campfire_rested":0,"item_purchase_floors":[8,8,8,8],"current_hp_per_floor":[77,76,76,76,81,81,81,81,81,67,35,35,35,35,35,22,82,82,68,68,75,85,92,92,92,92,83,90,74,1,1,1,1,1,1,1,0,0],"gold":375,"neow_bonus":"TEN_PERCENT_HP_BONUS","is_daily":false,"chose_seed":false,"campfire_upgraded":3,"win_rate":0.0,"timestamp":1608075943,"path_taken":["R","M","?","?","M","R","T","$","R","M","?","M","?","M","M","BOSS","R","M","AVR","M","R","M","T","?","M","E","M","?","?","M","M","BOSS","R","?","NM"],"items_purchased_type":["Relic","Card","Card","Card"],"build_version":"2020-12-13","purchased_purges":1,"victory":false,"max_hp_per_floor":[77,77,77,77,82,82,82,82,82,82,82,82,82,82,82,82,82,82,82,82,82,92,92,92,92,92,92,92,92,1,1,1,1,1,1,1,1,1],"card_choices":[{"not_picked":["hexamod:GhostOfSpirePresent","hexamod:Firestarter"],"picked":"hexamod:NightmareGuise","floor":2},{"not_picked":["hexamod:Firestarter","hexamod:HauntingEcho"],"picked":"hexamod:CatchUp","floor":4},{"not_picked":["hexamod:HauntingEcho","hexamod:SpectralAdrenaline"],"picked":"hexamod:GhostflameBarrier","floor":5},{"not_picked":["hexamod:HauntingEcho","hexamod:GhostflameInferno"],"picked":"hexamod:FastForward","floor":8},{"not_picked":["hexamod:HeatMetal","hexamod:SpectralAdrenaline"],"picked":"hexamod:FourthSeal","floor":10},{"not_picked":["hexamod:Rewind","hexamod:AdvancingGuard"],"picked":"hexamod:RetreatToShadows","floor":10},{"not_picked":["hexamod:FastForward","hexamod:StepThrough"],"picked":"hexamod:DynamicBlow","floor":11},{"not_picked":["hexamod:NecessarySacrifice","hexamod:GhostLash"],"picked":"hexamod:StepThrough","floor":11},{"not_picked":["hexamod:GhostLash","hexamod:PhantomCloak"],"picked":"hexamod:Incineration","floor":12},{"not_picked":["hexamod:NightmareGuise","hexamod:ThermalTransfer"],"picked":"hexamod:FirstSeal","floor":12},{"not_picked":["hexamod:SkipABeat","hexamod:BacktrackSmack"],"picked":"hexamod:EmpoweredFlame","floor":14},{"not_picked":["hexamod:InspiringFlames","hexamod:BacktrackSmack"],"picked":"hexamod:RainOfEmbers","floor":15},{"not_picked":["hexamod:TurnItUp","hexamod:CrushingStance"],"picked":"hexamod:SixthSeal","floor":16},{"not_picked":["hexamod:TurnItUp","hexamod:TimeWarp"],"picked":"hexamod:CrushingStance","floor":16},{"not_picked":[],"picked":"hexamod:GhostLash","floor":19},{"not_picked":[],"picked":"hexamod:RainOfEmbers+1","floor":21},{"not_picked":[],"picked":"hexamod:Hexaguard","floor":23},{"not_picked":[],"picked":"hexamod:RainOfEmbers","floor":23},{"not_picked":[],"picked":"hexamod:BacktrackSmack","floor":26},{"not_picked":[],"picked":"hexamod:ShieldOfDarkness","floor":26},{"not_picked":[],"picked":"hexamod:ThermalTransfer+1","floor":27},{"not_picked":[],"picked":"hexamod:InspiringFlames","floor":28},{"not_picked":[],"picked":"hexamod:FourthSeal","floor":31},{"not_picked":[],"picked":"hexamod:ParanormalForm","floor":32},{"not_picked":[],"picked":"hexamod:PhantomCloak","floor":32},{"not_picked":[],"picked":"hexamod:HexaLevel","floor":33}],"player_experience":45205,"relics_obtained":[{"floor":3,"key":"hubris:OldNail"},{"floor":11,"key":"Replay:Baseball"},{"floor":13,"key":"hexamod:MatchstickCase"},{"floor":24,"key":"Juzu Bracelet"},{"floor":27,"key":"Ornamental Fan"},{"floor":29,"key":"Nilry\u0027s Codex"}],"event_choices":[{"damage_healed":0,"gold_gain":0,"player_choice":"Stole Relic","damage_taken":0,"relics_obtained":["infinitespire:EmpoweringShard"],"max_hp_gain":0,"max_hp_loss":0,"event_name":"Addict","floor":25,"gold_loss":0,"cards_obtained":["Shame"]},{"damage_healed":0,"gold_gain":0,"player_choice":"Ignored","damage_taken":0,"max_hp_gain":0,"max_hp_loss":0,"event_name":"NoteForYourself","floor":36,"gold_loss":0}],"is_beta":false,"boss_relics":[{"not_picked":["SlaversCollar","ReplayTheSpireMod:DimensionalGlitch"],"picked":"Busted Crown"},{"not_picked":["hubris:RunicObelisk","hubris:Stopwatch"],"picked":"hexamod:IceCube"}],"items_purged_floors":[8],"is_endless":false,"potions_floor_spawned":[4,5,23,26,27],"killed_by":"Nightmare","ascension_level":0}}