{"host":"0cm5wy4nhuju7tij","time":1608009519,"event":{"mods":["2.2 Compatiblity","AchievementEnabler","BaseMod","Better Third Choice","BetterRewards","CCEM","Colored Powertips","Custom Start","Displayed Cursed Tome","Downfall","Filter the Spire","Fireblade Mod","Hermit","Highlight Path","Minty Spire (QoL Compilation)","Permanent Neow","Pikachu Mod","Railgun Mod","Shop Mod","Spicy Shops","StSLib","The Bladedancer","The Elementalist","TheWitcher"],"gold_per_floor":[212,39,53,70,89,89,120,120,120,120,70,83,116,131,131,131,131],"floor_reached":16,"playtime":723,"items_purged":["FireBladeMod:StrikeFireBlade"],"score":112,"play_id":"34bab169-a4e7-4bfa-8539-838ad0d097ef","local_time":"20201215001839","is_ascension_mode":false,"campfire_choices":[{"data":"FireBladeMod:FlamingSword","floor":6,"key":"SMITH"},{"data":"FireBladeMod:GetPumped","floor":8,"key":"SMITH"},{"floor":10,"key":"REST"},{"floor":15,"key":"REST"}],"circlet_count":0,"master_deck":["FireBladeMod:StrikeFireBlade","FireBladeMod:StrikeFireBlade","FireBladeMod:StrikeFireBlade","FireBladeMod:DefendFireBlade","FireBladeMod:DefendFireBlade","FireBladeMod:DefendFireBlade","FireBladeMod:FlamingSword+1","FireBladeMod:FireBarrier","FireBladeMod:SoulStrike","FireBladeMod:GetPumped+1","FireBladeMod:Flames","FireBladeMod:SmashingEndurance","FireBladeMod:ScorchingStrike","FireBladeMod:SoulStrike","FireBladeMod:ComplexDefense","FireBladeMod:Feint","FireBladeMod:SoulStrike","FireBladeMod:Speed"],"relics":["FireBladeMod:DuelistLocket","Vajra","Pen Nib","CCEMRelics:FryingPan"],"acts_visited":["Exordium"],"potions_floor_usage":[],"damage_taken":[{"damage":1,"enemies":"Cultist","floor":1,"turns":3},{"damage":1,"enemies":"2 Louse","floor":3,"turns":2},{"damage":9,"enemies":"Small Slimes","floor":4,"turns":3},{"damage":6,"enemies":"2 Fungi Beasts","floor":5,"turns":3},{"damage":22,"enemies":"Gremlin Nob","floor":7,"turns":4},{"damage":16,"enemies":"Exordium Thugs","floor":12,"turns":4},{"damage":21,"enemies":"3 Sentries","floor":13,"turns":6},{"damage":2,"enemies":"Blue Slaver","floor":14,"turns":3},{"damage":37,"enemies":"Slime Boss","floor":16,"turns":6}],"seed_played":"7755095112272674550","potions_obtained":[{"floor":12,"key":"GamblersBrew"},{"floor":13,"key":"Fire Potion"},{"floor":14,"key":"Ancient Potion"}],"is_trial":false,"path_per_floor":["M","$","M","M","M","R","E","R","T","R","?","M","E","M","R","B"],"character_chosen":"THE_FIREBLADE","items_purchased":["FireBladeMod:GetPumped","FireBladeMod:Flames"],"campfire_rested":2,"item_purchase_floors":[2,2],"current_hp_per_floor":[69,69,68,59,53,53,31,31,31,52,52,36,15,13,34,0,0],"gold":131,"neow_bonus":"HUNDRED_GOLD","is_daily":false,"chose_seed":false,"campfire_upgraded":2,"win_rate":0.0,"timestamp":1608009519,"path_taken":["M","$","M","M","?","R","E","R","T","R","?","M","E","M","R","BOSS"],"items_purchased_type":["Card","Card"],"build_version":"2020-12-13","purchased_purges":1,"victory":false,"max_hp_per_floor":[70,70,70,70,70,70,70,70,70,70,70,70,70,70,70,70,70],"card_choices":[{"not_picked":["FireBladeMod:Arson","FireBladeMod:Flames"],"picked":"FireBladeMod:SoulStrike","floor":1},{"not_picked":["FireBladeMod:Robust","FireBladeMod:ComboSlashes"],"picked":"FireBladeMod:SmashingEndurance","floor":3},{"not_picked":["FireBladeMod:FinalSmash","FireBladeMod:AbsorbEnergy"],"picked":"FireBladeMod:ScorchingStrike","floor":4},{"not_picked":["FireBladeMod:ComplexAttack","FireBladeMod:StingingSlash"],"picked":"FireBladeMod:SoulStrike","floor":5},{"not_picked":["FireBladeMod:Tempo","FireBladeMod:FinishingBarrage"],"picked":"FireBladeMod:ComplexDefense","floor":7},{"not_picked":["FireBladeMod:ScorchingStrike","FireBladeMod:BackhandSwing"],"picked":"FireBladeMod:Feint","floor":12},{"not_picked":["FireBladeMod:IronEndurance","FireBladeMod:BasicSmash"],"picked":"FireBladeMod:SoulStrike","floor":13},{"not_picked":["FireBladeMod:StunningBlow","FireBladeMod:ComplexAttack"],"picked":"FireBladeMod:Speed","floor":14}],"player_experience":215946,"relics_obtained":[{"floor":7,"key":"Vajra"},{"floor":9,"key":"Pen Nib"},{"floor":13,"key":"CCEMRelics:FryingPan"}],"event_choices":[{"cards_removed":["FireBladeMod:DefendFireBlade"],"damage_healed":0,"gold_gain":0,"player_choice":"Card Removal","damage_taken":0,"max_hp_gain":0,"max_hp_loss":0,"event_name":"The Cleric","floor":11,"gold_loss":50}],"is_beta":false,"boss_relics":[],"items_purged_floors":[2],"is_endless":false,"potions_floor_spawned":[12,13,14],"killed_by":"Slime Boss","ascension_level":0}}