{"host":"zr590xw2unlz0wv7","time":1608041096,"event":{"mods":["BaseMod","Minty Spire (QoL Compilation)","READ ME - Guardian Mod","StSLib"],"gold_per_floor":[117,117,117,142,155,194,208,116,168,191,204,204,227,250,250,376,376,399,174,193,8,22,22,53,73,73,94,108,15,36,36,36,36,36],"floor_reached":33,"playtime":1282,"items_purged":["Strike_R","Doubt"],"score":373,"play_id":"fed05bb8-0072-4dbd-a59c-f90780563a4e","local_time":"20201215220456","is_ascension_mode":true,"campfire_choices":[{"data":"Armaments","floor":12,"key":"SMITH"},{"data":"Bludgeon","floor":15,"key":"SMITH"},{"data":"Rage","floor":23,"key":"SMITH"},{"floor":32,"key":"REST"}],"circlet_count":0,"master_deck":["Strike_R","Strike_R","Strike_R","Strike_R","Defend_R","Defend_R","Defend_R","Bash","Rage+1","Sword Boomerang","Twin Strike","Armaments+1","Flex","Inflame","Clothesline","Heavy Blade","Bludgeon+1","Juggernaut","Dual Wield+1","Fire Breathing","Heavy Blade+1","Wild Strike","Uppercut+1","Bludgeon","Swift Strike","Intimidate","Shame"],"relics":["Burning Blood","NeowsBlessing","Golden Idol","Toy Ornithopter","Akabeko","Nunchaku","Cursed Key","HandDrill","Membership Card","CaptainsWheel","Letter Opener","Darkstone Periapt"],"acts_visited":["Exordium","TheCity"],"potions_floor_usage":[16,22,24,24,30,33,33,33,33],"damage_taken":[{"damage":0,"enemies":"Jaw Worm","floor":1,"turns":1},{"damage":0,"enemies":"2 Louse","floor":5,"turns":1},{"damage":0,"enemies":"Lagavulin","floor":6,"turns":1},{"damage":0,"enemies":"Cultist","floor":7,"turns":2},{"damage":14,"enemies":"Lots of Slimes","floor":10,"turns":3},{"damage":4,"enemies":"Large Slime","floor":11,"turns":4},{"damage":0,"enemies":"3 Louse","floor":13,"turns":3},{"damage":7,"enemies":"Exordium Wildlife","floor":14,"turns":2},{"damage":41,"enemies":"Slime Boss","floor":16,"turns":10},{"damage":12,"enemies":"Chosen","floor":18,"turns":3},{"damage":6,"enemies":"3 Byrds","floor":20,"turns":6},{"damage":14,"enemies":"Snake Plant","floor":22,"turns":2},{"damage":46,"enemies":"Gremlin Leader","floor":24,"turns":4},{"damage":11,"enemies":"Centurion and Healer","floor":25,"turns":5},{"damage":18,"enemies":"Snecko","floor":27,"turns":3},{"damage":0,"enemies":"Sentry and Sphere","floor":28,"turns":4},{"damage":20,"enemies":"Chosen and Byrds","floor":30,"turns":4},{"damage":70,"enemies":"Automaton","floor":33,"turns":6}],"seed_played":"3587076727183585541","potions_obtained":[{"floor":1,"key":"FearPotion"},{"floor":10,"key":"EssenceOfSteel"},{"floor":13,"key":"Regen Potion"},{"floor":14,"key":"BlessingOfTheForge"},{"floor":16,"key":"AttackPotion"},{"floor":20,"key":"EntropicBrew"},{"floor":22,"key":"LiquidBronze"},{"floor":25,"key":"SkillPotion"},{"floor":28,"key":"Ancient Potion"}],"is_trial":false,"path_per_floor":["M","?","?","T","M","E","M","$","T","M","M","R","M","M","R","B",null,"M","$","M","$","M","R","E","M","T","M","M","$","M","?","R","B"],"character_chosen":"IRONCLAD","items_purchased":["Flex","Inflame","HandDrill","Membership Card","Fire Breathing","Swift Strike"],"campfire_rested":1,"item_purchase_floors":[8,8,19,21,21,29],"current_hp_per_floor":[80,60,53,53,59,65,71,71,71,63,65,65,71,70,70,55,74,68,68,68,68,65,65,35,30,30,18,24,24,15,21,46,0,0],"gold":36,"neow_bonus":"THREE_ENEMY_KILL","is_daily":false,"chose_seed":false,"campfire_upgraded":3,"win_rate":0.0,"timestamp":1608041096,"path_taken":["M","?","?","?","M","E","M","?","T","?","M","R","M","M","R","BOSS","M","?","M","$","M","R","E","M","T","M","M","$","M","?","R","BOSS"],"items_purchased_type":["Card","Card","Relic","Relic","Card","Card"],"build_version":"2020-12-13","purchased_purges":2,"victory":false,"max_hp_per_floor":[80,80,80,80,80,80,80,80,80,80,80,80,80,80,80,80,80,80,80,80,80,80,80,80,80,80,80,80,80,80,86,86,86,86],"card_choices":[{"not_picked":["Hemokinesis","Body Slam"],"picked":"Rage","floor":1},{"not_picked":["Heavy Blade","Sentinel"],"picked":"Sword Boomerang","floor":5},{"not_picked":["Heavy Blade","Shrug It Off"],"picked":"Twin Strike","floor":6},{"not_picked":["Reckless Charge","Sword Boomerang"],"picked":"Armaments","floor":7},{"not_picked":["Dark Embrace","Twin Strike"],"picked":"Clothesline","floor":10},{"not_picked":["Perfected Strike","Reckless Charge"],"picked":"Heavy Blade","floor":11},{"not_picked":["Armaments","Perfected Strike"],"picked":"Bludgeon","floor":13},{"not_picked":["Clothesline","Cleave","Evolve"],"picked":"SKIP","floor":14},{"not_picked":["Offering","Feed"],"picked":"Juggernaut","floor":16},{"not_picked":["Pommel Strike","Clash+1"],"picked":"Dual Wield+1","floor":18},{"not_picked":["Dropkick","Infernal Blade","Twin Strike"],"picked":"SKIP","floor":20},{"not_picked":["Thunderclap","Headbutt"],"picked":"Heavy Blade+1","floor":22},{"not_picked":["Iron Wave+1","Perfected Strike"],"picked":"Wild Strike","floor":24},{"not_picked":["Rage","Flame Barrier+1"],"picked":"Uppercut+1","floor":25},{"not_picked":["Infernal Blade","Shockwave","Body Slam"],"picked":"SKIP","floor":27},{"not_picked":["Havoc","Pommel Strike"],"picked":"Bludgeon","floor":28},{"not_picked":["Feel No Pain","Dropkick+1"],"picked":"Intimidate","floor":30}],"player_experience":481551,"relics_obtained":[{"floor":4,"key":"Toy Ornithopter"},{"floor":6,"key":"Akabeko"},{"floor":9,"key":"Nunchaku"},{"floor":24,"key":"CaptainsWheel"},{"floor":26,"key":"Letter Opener"}],"event_choices":[{"damage_healed":0,"gold_gain":0,"player_choice":"Take Damage","damage_taken":20,"relics_obtained":["Golden Idol"],"max_hp_gain":0,"max_hp_loss":0,"event_name":"Golden Idol","floor":2,"gold_loss":0},{"cards_removed":["Defend_R"],"damage_healed":0,"gold_gain":0,"player_choice":"Card Removal","damage_taken":7,"max_hp_gain":0,"max_hp_loss":0,"event_name":"Golden Wing","floor":3,"gold_loss":0},{"damage_healed":0,"gold_gain":0,"player_choice":"Stole Relic","damage_taken":0,"relics_obtained":["Darkstone Periapt"],"max_hp_gain":0,"max_hp_loss":0,"event_name":"Addict","floor":31,"gold_loss":0,"cards_obtained":["Shame"]}],"is_beta":false,"boss_relics":[{"not_picked":["SacredBark","Coffee Dripper"],"picked":"Cursed Key"}],"items_purged_floors":[19,29],"is_endless":false,"potions_floor_spawned":[1,10,13,14,16,20,22,25,28],"killed_by":"Automaton","ascension_level":5}}