{"host":"qfskrnw3pl1q86j0","time":1608064774,"event":{"mods":["BaseMod","Block Reminder","Hermit","Marisa????????","Minty Spire (QoL Compilation)","Quick Restart","Random Character Button","StSLib","The Poker Player","slay the spire mod where everything is the same but ironclad has a cowboy hat"],"gold_per_floor":[113,129,129,140,20,50,50,61,61,61,11,11,11,26,26,130,130,142,142,157,57,70,70,85,102,147,147,163,163,163,180,180,284,284,298,173,173,173,173],"floor_reached":38,"playtime":1551,"items_purged":["hermit:Covet","hermit:Strike_Hermit","hermit:Strike_Hermit"],"score":426,"play_id":"d3c74d4e-8616-44aa-8dae-cf892e47978d","local_time":"20201215213934","is_ascension_mode":false,"campfire_choices":[{"data":"hermit:Snapshot","floor":7,"key":"SMITH"},{"data":"hermit:Dive","floor":10,"key":"SMITH"},{"data":"hermit:ItchyTrigger","floor":12,"key":"SMITH"},{"data":"hermit:EyeOfTheStorm","floor":15,"key":"SMITH"},{"data":"hermit:CalledShot","floor":23,"key":"SMITH"},{"data":"hermit:TakeAim","floor":27,"key":"SMITH"},{"data":"hermit:Magnum","floor":30,"key":"SMITH"},{"data":"hermit:Headshot","floor":32,"key":"SMITH"}],"circlet_count":0,"master_deck":["hermit:Defend_Hermit","hermit:Defend_Hermit","hermit:Defend_Hermit","hermit:Snapshot+1","hermit:Dive+1","hermit:Misfire","hermit:ItchyTrigger+1","hermit:EyeOfTheStorm+1","hermit:Headshot+1","hermit:Magnum+1","hermit:CalledShot+1","hermit:Dive+1","hermit:Brawl+1","hermit:TakeAim+1","hermit:Roughhouse"],"relics":["Cursed Key","Omamori","Boot","Sozu","Bronze Scales","Singing Bowl","Empty Cage"],"acts_visited":["Exordium","TheCity","TheBeyond"],"potions_floor_usage":[16,28],"damage_taken":[{"damage":2,"enemies":"Small Slimes","floor":1,"turns":3},{"damage":0,"enemies":"Cultist","floor":2,"turns":3},{"damage":0,"enemies":"2 Louse","floor":4,"turns":2},{"damage":22,"enemies":"Gremlin Nob","floor":6,"turns":4},{"damage":0,"enemies":"2 Fungi Beasts","floor":8,"turns":2},{"damage":1,"enemies":"Exordium Thugs","floor":14,"turns":3},{"damage":0,"enemies":"Slime Boss","floor":16,"turns":9},{"damage":2,"enemies":"Shell Parasite","floor":18,"turns":3},{"damage":0,"enemies":"Spheric Guardian","floor":20,"turns":3},{"damage":6,"enemies":"Snecko","floor":22,"turns":5},{"damage":0,"enemies":"Shelled Parasite and Fungi","floor":24,"turns":5},{"damage":9,"enemies":"Snake Plant","floor":25,"turns":4},{"damage":0,"enemies":"Snecko","floor":28,"turns":4},{"damage":7,"enemies":"Centurion and Healer","floor":31,"turns":5},{"damage":44,"enemies":"Automaton","floor":33,"turns":12},{"damage":11,"enemies":"Orb Walker","floor":35,"turns":3},{"damage":14,"enemies":"3 Darklings","floor":38,"turns":2}],"seed_played":"-7020283320969912857","potions_obtained":[{"floor":1,"key":"ColorlessPotion"},{"floor":6,"key":"hermit:Tonic"},{"floor":8,"key":"Ancient Potion"}],"is_trial":false,"path_per_floor":["M","M","?","M","$","E","R","M","T","R","?","R","$","M","R","B",null,"M","?","M","$","M","R","M","M","T","R","M","?","R","M","R","B",null,"M","$","?","M"],"character_chosen":"HERMIT","items_purchased":["hermit:ItchyTrigger"],"campfire_rested":0,"item_purchase_floors":[5],"current_hp_per_floor":[73,73,73,73,73,51,51,51,51,51,51,51,51,50,50,50,75,73,73,73,73,67,67,67,58,58,58,58,58,58,53,53,9,77,68,68,68,54,54],"gold":173,"neow_bonus":"BOSS_RELIC","is_daily":false,"chose_seed":false,"campfire_upgraded":8,"win_rate":0.0,"timestamp":1608064774,"path_taken":["M","M","?","M","$","E","R","?","T","R","?","R","$","M","R","BOSS","M","?","M","$","M","R","M","M","T","R","M","?","R","M","R","BOSS","M","$","?","M"],"items_purchased_type":["Card"],"build_version":"2020-12-13","purchased_purges":3,"victory":false,"max_hp_per_floor":[75,75,75,75,75,75,75,75,75,75,75,75,75,75,75,75,75,75,75,75,75,75,75,75,75,75,75,75,75,75,77,77,77,77,79,79,79,79,79],"card_choices":[{"not_picked":["hermit:Spite","hermit:BodyArmor"],"picked":"hermit:Dive","floor":1},{"not_picked":["hermit:LoneWolf","hermit:Spite","hermit:Snipe"],"picked":"SKIP","floor":2},{"not_picked":["hermit:Feint","hermit:Dive"],"picked":"hermit:Misfire","floor":4},{"not_picked":["hermit:SprayPray","hermit:Spite"],"picked":"hermit:EyeOfTheStorm","floor":6},{"not_picked":["hermit:Shortfuse","hermit:Roulette","hermit:CursedWeapon"],"picked":"SKIP","floor":8},{"not_picked":["hermit:GoldenBullet","hermit:Shortfuse"],"picked":"hermit:Headshot","floor":14},{"not_picked":["hermit:FromBeyond","hermit:Purgatory"],"picked":"hermit:Magnum","floor":16},{"not_picked":["hermit:Vantage","hermit:Deadeye"],"picked":"hermit:CalledShot","floor":18},{"not_picked":["hermit:TrackingShot","hermit:ItchyTrigger"],"picked":"hermit:Dive+1","floor":20},{"not_picked":["hermit:DeadMansHand","hermit:Quickdraw+1","hermit:Snipe"],"picked":"SKIP","floor":22},{"not_picked":["hermit:LoneWolf+1","hermit:Spite"],"picked":"hermit:Brawl+1","floor":24},{"not_picked":["hermit:DeadMansHand","hermit:Gestalt"],"picked":"hermit:TakeAim","floor":25},{"not_picked":["hermit:Snipe+1","hermit:SprayPray","hermit:Gestalt+1"],"picked":"SKIP","floor":28},{"not_picked":["hermit:SprayPray+1","hermit:TrackingShot+1","hermit:Coalescence"],"picked":"Singing Bowl","floor":31},{"not_picked":["hermit:HeroicBravado","hermit:BlackWind"],"picked":"hermit:Roughhouse","floor":33},{"not_picked":["hermit:Misfire","hermit:HighCaliber+1","hermit:Glare"],"picked":"Singing Bowl","floor":35}],"player_experience":840419,"relics_obtained":[{"floor":6,"key":"Omamori"},{"floor":9,"key":"Boot"},{"floor":26,"key":"Bronze Scales"},{"floor":29,"key":"Singing Bowl"}],"event_choices":[{"damage_healed":0,"gold_gain":0,"player_choice":"Bought 0 Potions","damage_taken":0,"max_hp_gain":0,"max_hp_loss":0,"event_name":"The Woman in Blue","floor":3,"gold_loss":0},{"cards_removed":["hermit:Strike_Hermit"],"damage_healed":0,"gold_gain":0,"player_choice":"Card Removal","damage_taken":0,"max_hp_gain":0,"max_hp_loss":0,"event_name":"The Cleric","floor":11,"gold_loss":50},{"damage_healed":0,"gold_gain":0,"player_choice":"Ignored","damage_taken":0,"max_hp_gain":0,"max_hp_loss":0,"event_name":"Cursed Tome","floor":19,"gold_loss":0},{"damage_healed":0,"gold_gain":0,"player_choice":"Relic","damage_taken":0,"max_hp_gain":0,"max_hp_loss":0,"event_name":"Wheel of Change","floor":29,"gold_loss":0},{"damage_healed":0,"gold_gain":0,"player_choice":"Ignored","damage_taken":0,"max_hp_gain":0,"max_hp_loss":0,"event_name":"Mysterious Sphere","floor":37,"gold_loss":0}],"is_beta":false,"boss_relics":[{"not_picked":["Pandora\u0027s Box","Black Star"],"picked":"Sozu"},{"not_picked":["Snecko Eye","Velvet Choker"],"picked":"Empty Cage"}],"items_purged_floors":[5,21,36],"is_endless":false,"potions_floor_spawned":[1,6,8,18,22,25],"killed_by":"3 Darklings","ascension_level":0}}