{"host":"ks12kfi5c4d9hdxy","time":1608029462,"event":{"mods":["Act Like it!","BaseMod","Conspire","Gensokyo","GifTheSpireLib","Koishi","LagranYue(拉格朗・月)","Marisa（F雨　魔理沙）","Minty Spire (QoL Compilation)","Quick Restart","Reimu（博丽灵梦）","Remilia（蕾米莉亚）","Replay The Spire","RumiaBox-露米娅的神秘盒子","Shop Mod","StSLib","SuperFastMode","The Administrix","The Servant 0.9.4","Youmu（魂魄妖梦）","Yuyuko","【东方二次创作】八云紫mod","【功能Mod】混沌之环修复补丁","【功能Mod】聪明的最终Boss","篝火指南"],"gold_per_floor":[109,121,133,152,33,63,63,63,63],"floor_reached":8,"playtime":289,"items_purged":["Strike_MRS"],"score":101,"play_id":"9a672379-39d5-4854-8c90-c64c662372c8","local_time":"20201215185102","is_ascension_mode":true,"campfire_choices":[],"circlet_count":0,"master_deck":["AscendersBane","Strike_MRS","Strike_MRS","Strike_MRS","Defend_MRS","Defend_MRS","Defend_MRS","Defend_MRS","MasterSpark","UpSweep","Spreading Infection","BlazeAway","UltimateShortwave","MilkyWay","PropBag"],"relics":["MiniHakkero","LagranYue:RandomDrawCardRelic","ChewingGum","conspire:BottledYoYo","Kunai"],"acts_visited":["Exordium"],"potions_floor_usage":[],"damage_taken":[{"damage":8.0,"enemies":"Gensokyo:Gryphon","floor":1.0,"turns":3.0},{"damage":1.0,"enemies":"Gensokyo:3_Fairies","floor":2.0,"turns":5.0},{"damage":0.0,"enemies":"Gensokyo:Python","floor":3.0,"turns":3.0},{"damage":17.0,"enemies":"Gensokyo:VengefulSpirit","floor":4.0,"turns":5.0},{"damage":15,"enemies":"Gensokyo:Cirno","floor":6,"turns":5},{"damage":23,"enemies":"Gensokyo:Aya","floor":8,"turns":5}],"seed_played":"8933014268577099839","potions_obtained":[{"floor":3.0,"key":"PowerPotion"},{"floor":6,"key":"ColorlessPotion"}],"is_trial":false,"path_per_floor":["M","M","M","M","$","E","?","E"],"character_chosen":"MARISA","items_purchased":["PropBag"],"campfire_rested":0,"item_purchase_floors":[5],"current_hp_per_floor":[55,54,54,37,37,22,22,0,0],"gold":63,"neow_bonus":"CURSED_BOSS_RELIC","is_daily":false,"chose_seed":false,"campfire_upgraded":0,"win_rate":0.0,"timestamp":1608029462,"path_taken":["M","?","M","?","$","E","?","E"],"items_purchased_type":["Card"],"build_version":"2020-12-13","purchased_purges":1,"victory":false,"max_hp_per_floor":[70,70,70,70,70,70,70,70,70],"card_choices":[{"not_picked":["6A","SporeBomb"],"picked":"BlazeAway","floor":1.0},{"not_picked":["OortCloud","Acceleration","GravityBeat"],"picked":"SKIP","floor":2.0},{"not_picked":["OpenUniverse","OortCloud"],"picked":"UltimateShortwave","floor":3.0},{"not_picked":["AsteroidBelt","GravityBeat"],"picked":"MilkyWay","floor":4.0},{"not_picked":["MysteriousBeam","OpenUniverse","MeteoricShower"],"picked":"SKIP","floor":6}],"player_experience":505565,"relics_obtained":[{"floor":6,"key":"conspire:BottledYoYo"}],"event_choices":[],"is_beta":false,"boss_relics":[],"items_purged_floors":[5],"is_endless":false,"potions_floor_spawned":[3,6],"killed_by":"Gensokyo:Aya","ascension_level":18}}