{"host":"idmgg8r816nmas40","time":1608054566,"event":{"mods":["AchievementEnabler","BaseMod","BetterRewards","Colored Map","Colored Powertips","DeckTracker","Highlight Path","Minty Spire (QoL Compilation)","Quick Restart","Relic Stats","SuperFastMode","Transform Curses"],"gold_per_floor":[116,116,116,134,149,176,176,203,254,265,291,291,310,320,320,394,394,406,406,417,417,417,417],"floor_reached":22,"playtime":1005,"items_purged":[],"score":590,"play_id":"91bcbee5-13ab-4ebe-af56-358717e363d0","local_time":"20201215104926","is_ascension_mode":true,"campfire_choices":[{"floor":7,"key":"REST"},{"floor":12,"key":"REST"},{"floor":15,"key":"REST"}],"circlet_count":0,"master_deck":["AscendersBane","Strike_G","Strike_G","Strike_G","Strike_G","Defend_G","Defend_G","Defend_G","Defend_G","Defend_G","Survivor","Neutralize","Noxious Fumes","Dagger Throw","Parasite","Blade Dance","Infinite Blades","Flying Knee","Bane","Poisoned Stab","Poisoned Stab","Enlightenment","Deadly Poison+1"],"relics":["Ring of the Snake","Gremlin Horn","Darkstone Periapt","Singing Bowl","Spirit Poop","Bag of Marbles","Snake Skull","Tiny Chest","Sundial","Fusion Hammer"],"acts_visited":["Exordium","TheCity"],"potions_floor_usage":[6,8,11,18,20],"damage_taken":[{"damage":6,"enemies":"Cultist","floor":1,"turns":4},{"damage":5,"enemies":"Small Slimes","floor":4,"turns":5},{"damage":0,"enemies":"2 Louse","floor":5,"turns":3},{"damage":19,"enemies":"Gremlin Nob","floor":6,"turns":4},{"damage":29,"enemies":"Lagavulin","floor":8,"turns":8},{"damage":1,"enemies":"Lots of Slimes","floor":10,"turns":3},{"damage":12,"enemies":"Gremlin Nob","floor":11,"turns":4},{"damage":18,"enemies":"3 Louse","floor":13,"turns":3},{"damage":0,"enemies":"Exordium Wildlife","floor":14,"turns":3},{"damage":30,"enemies":"Hexaghost","floor":16,"turns":9},{"damage":10,"enemies":"2 Thieves","floor":18,"turns":4},{"damage":26,"enemies":"Spheric Guardian","floor":20,"turns":5},{"damage":41,"enemies":"Cultist and Chosen","floor":22,"turns":5}],"seed_played":"-2376829021443943662","potions_obtained":[{"floor":4,"key":"Poison Potion"},{"floor":6,"key":"PowerPotion"},{"floor":8,"key":"CultistPotion"},{"floor":11,"key":"Fire Potion"},{"floor":18,"key":"Regen Potion"}],"is_trial":false,"path_per_floor":["M","?","?","M","M","E","R","E","T","M","E","R","M","M","R","B",null,"M","?","M","?","M"],"character_chosen":"THE_SILENT","items_purchased":["Gremlin Horn","Noxious Fumes","Darkstone Periapt"],"campfire_rested":3,"item_purchase_floors":[0,0,0],"current_hp_per_floor":[59,65,65,62,62,45,69,40,40,39,29,54,38,38,63,35,75,65,53,39,39,0,0],"gold":417,"neow_bonus":"","is_daily":false,"chose_seed":false,"campfire_upgraded":0,"win_rate":0.0,"timestamp":1608054566,"path_taken":["M","?","?","M","?","E","R","E","T","M","E","R","M","M","R","BOSS","M","?","?","?","M"],"items_purchased_type":["Relic","Card","Relic"],"build_version":"2020-12-13","purchased_purges":0,"victory":false,"max_hp_per_floor":[72,78,78,80,80,82,82,82,82,82,84,84,86,86,86,88,88,88,88,88,88,88,88],"relic_stats":{"Darkstone Periapt":12,"Gremlin Horn":[11,11],"Singing Bowl":10,"counters":[120,436],"Sundial":[2],"Tiny Chest":0,"Snake Skull":[31],"obtain_stats":[{"Ice Cream":28,"TwistedFunnel":20,"Gremlin Horn":31,"CeramicFish":46,"Vajra":23,"Spirit Poop":3,"Whetstone":22,"Sling":0,"Boot":6,"Centennial Puzzle":9,"DollysMirror":4,"Sundial":11,"Strawberry":43,"Philosopher\u0027s Stone":34,"MealTicket":43,"Fusion Hammer":34,"HandDrill":0,"Toxic Egg 2":43,"Girya":11,"Pear":48,"Happy Flower":37,"Oddly Smooth Stone":17,"Charon\u0027s Ashes":0,"Pen Nib":6,"War Paint":48,"Paper Crane":44,"Akabeko":0,"OrangePellets":0,"Brimstone":22,"Shuriken":24,"MutagenicStrength":20,"Bronze Scales":3,"Snecko Eye":34,"Molten Egg 2":9,"Pandora\u0027s Box":17,"Mark of Pain":34,"StrikeDummy":0,"Unceasing Top":36,"Meat on the Bone":26,"Darkstone Periapt":0,"Lantern":22,"Regal Pillow":9,"Singing Bowl":44,"Torii":0,"Black Blood":17,"Enchiridion":27,"Magic Flower":0,"Mango":28,"Snake Skull":8,"Bag of Preparation":5,"Juzu Bracelet":40,"Incense Burner":45,"Burning Blood":0,"Nunchaku":24,"Dream Catcher":27,"Matryoshka":26,"Mummified Hand":8,"Pantograph":6,"Tiny Chest":9,"WingedGreaves":13,"Red Mask":30,"InkBottle":43,"Red Skull":37,"Self Forming Clay":37,"Thread and Needle":22,"The Courier":17,"Frozen Egg 2":0,"Odd Mushroom":14,"MawBank":44,"White Beast Statue":40,"Mercury Hourglass":0,"Calling Bell":17,"Peace Pipe":9,"CaptainsWheel":39,"Orrery":0,"Bag of Marbles":42,"Art of War":25,"Bottled Lightning":14,"Membership Card":0,"FossilizedHelix":46,"TungstenRod":0,"Toy Ornithopter":37},{"Ice Cream":66,"TwistedFunnel":89,"Gremlin Horn":15,"CeramicFish":46,"Vajra":62,"Spirit Poop":108,"Whetstone":61,"Sling":26,"Boot":52,"Centennial Puzzle":29,"DollysMirror":2,"Sundial":114,"Strawberry":22,"Philosopher\u0027s Stone":16,"MealTicket":45,"Fusion Hammer":41,"HandDrill":26,"Toxic Egg 2":75,"Girya":6,"Pear":77,"Happy Flower":72,"Oddly Smooth Stone":33,"Charon\u0027s Ashes":26,"Pen Nib":29,"War Paint":77,"Paper Crane":104,"Akabeko":26,"OrangePellets":48,"Brimstone":10,"Shuriken":11,"MutagenicStrength":10,"Bronze Scales":27,"Snecko Eye":97,"Molten Egg 2":4,"Pandora\u0027s Box":58,"Mark of Pain":70,"StrikeDummy":0,"Unceasing Top":99,"Meat on the Bone":92,"Darkstone Periapt":107,"Lantern":10,"Regal Pillow":53,"Singing Bowl":23,"Torii":79,"Black Blood":8,"Enchiridion":39,"Magic Flower":48,"Mango":13,"Snake Skull":112,"Bag of Preparation":28,"Juzu Bracelet":45,"Incense Burner":46,"Burning Blood":0,"Nunchaku":38,"Dream Catcher":64,"Matryoshka":11,"Mummified Hand":53,"Pantograph":4,"Tiny Chest":112,"WingedGreaves":7,"Red Mask":95,"InkBottle":22,"Red Skull":43,"Self Forming Clay":43,"Thread and Needle":61,"The Courier":33,"Frozen Egg 2":0,"Odd Mushroom":57,"MawBank":76,"White Beast Statue":21,"Mercury Hourglass":26,"Calling Bell":33,"Peace Pipe":84,"CaptainsWheel":20,"Orrery":0,"Bag of Marbles":22,"Art of War":63,"Bottled Lightning":32,"Membership Card":48,"FossilizedHelix":24,"TungstenRod":48,"Toy Ornithopter":72},{"Ice Cream":216,"TwistedFunnel":297,"Gremlin Horn":51,"CeramicFish":163,"Vajra":208,"Spirit Poop":380,"Whetstone":205,"Sling":87,"Boot":185,"Centennial Puzzle":94,"DollysMirror":5,"Sundial":407,"Strawberry":76,"Philosopher\u0027s Stone":56,"MealTicket":158,"Fusion Hammer":146,"HandDrill":87,"Toxic Egg 2":240,"Girya":20,"Pear":247,"Happy Flower":231,"Oddly Smooth Stone":111,"Charon\u0027s Ashes":87,"Pen Nib":94,"War Paint":247,"Paper Crane":360,"Akabeko":87,"OrangePellets":172,"Brimstone":39,"Shuriken":41,"MutagenicStrength":39,"Bronze Scales":89,"Snecko Eye":328,"Molten Egg 2":14,"Pandora\u0027s Box":197,"Mark of Pain":227,"StrikeDummy":0,"Unceasing Top":335,"Meat on the Bone":308,"Darkstone Periapt":376,"Lantern":39,"Regal Pillow":187,"Singing Bowl":79,"Torii":257,"Black Blood":30,"Enchiridion":132,"Magic Flower":172,"Mango":47,"Snake Skull":400,"Bag of Preparation":90,"Juzu Bracelet":158,"Incense Burner":163,"Burning Blood":0,"Nunchaku":130,"Dream Catcher":213,"Matryoshka":41,"Mummified Hand":187,"Pantograph":14,"Tiny Chest":400,"WingedGreaves":24,"Red Mask":318,"InkBottle":76,"Red Skull":150,"Self Forming Clay":150,"Thread and Needle":205,"The Courier":111,"Frozen Egg 2":0,"Odd Mushroom":194,"MawBank":244,"White Beast Statue":73,"Mercury Hourglass":87,"Calling Bell":111,"Peace Pipe":275,"CaptainsWheel":68,"Orrery":0,"Bag of Marbles":76,"Art of War":210,"Bottled Lightning":100,"Membership Card":172,"FossilizedHelix":81,"TungstenRod":172,"Toy Ornithopter":231}],"Ring of the Snake":[82]},"card_choices":[{"not_picked":["Sucker Punch","Eviscerate"],"picked":"Blade Dance","floor":1},{"not_picked":["Skewer","Slice","Well Laid Plans"],"picked":"Singing Bowl","floor":4},{"not_picked":["Well Laid Plans","Blade Dance"],"picked":"Infinite Blades","floor":5},{"not_picked":["Outmaneuver","Dagger Throw","Escape Plan"],"picked":"Singing Bowl","floor":6},{"not_picked":["Deadly Poison","Acrobatics"],"picked":"Flying Knee","floor":8},{"not_picked":["Catalyst","Underhanded Strike"],"picked":"Bane","floor":10},{"not_picked":["Footwork","Bouncing Flask","Glass Knife"],"picked":"Singing Bowl","floor":11},{"not_picked":["PiercingWail","Acrobatics","Dodge and Roll"],"picked":"Singing Bowl","floor":13},{"not_picked":["Deadly Poison","Blade Dance"],"picked":"Poisoned Stab","floor":14},{"not_picked":["Unload","Bullet Time","Night Terror"],"picked":"Singing Bowl","floor":16},{"not_picked":["Bane","Backflip"],"picked":"Poisoned Stab","floor":18},{"not_picked":["Flying Knee","Dagger Spray"],"picked":"Deadly Poison+1","floor":20}],"player_experience":997447,"relics_obtained":[{"floor":6,"key":"Bag of Marbles"},{"floor":8,"key":"Snake Skull"},{"floor":9,"key":"Tiny Chest"},{"floor":11,"key":"Sundial"}],"event_choices":[{"damage_healed":0,"gold_gain":0,"player_choice":"Box","damage_taken":0,"relics_obtained":["Singing Bowl"],"max_hp_gain":0,"max_hp_loss":0,"event_name":"Big Fish","floor":2,"gold_loss":0,"cards_obtained":["Regret"]},{"cards_removed":["Regret"],"damage_healed":0,"gold_gain":0,"player_choice":"Offered Curse","damage_taken":0,"relics_obtained":["Spirit Poop"],"max_hp_gain":0,"max_hp_loss":0,"event_name":"Bonfire Elementals","floor":3,"gold_loss":0},{"damage_healed":0,"gold_gain":0,"player_choice":"CARD ","damage_taken":12,"max_hp_gain":0,"max_hp_loss":0,"event_name":"Knowing Skull","floor":19,"potions_obtained":[],"gold_loss":0,"cards_obtained":["Enlightenment"]},{"damage_healed":0,"gold_gain":0,"player_choice":"Ignored","damage_taken":0,"max_hp_gain":0,"max_hp_loss":0,"event_name":"Ghosts","floor":21,"gold_loss":0}],"is_beta":false,"boss_relics":[{"not_picked":["Runic Dome","Coffee Dripper"],"picked":"Fusion Hammer"}],"items_purged_floors":[],"is_endless":false,"potions_floor_spawned":[4,6,8,11,18],"killed_by":"Cultist and Chosen","ascension_level":17}}