{"host":"g0kvl32a5uvdvg3r","time":1608075937,"event":{"mods":["BaseMod","Hermit","Minty Spire (QoL Compilation)","Replay The Spire","Shop Mod","StSLib"],"gold_per_floor":[114,129,144,159,159,189,189,204,204,219,219,294,309,317,317,417,417,432,447,447,387,237,267,267,267,267,267,282,297,297,312,312,412,412,427,427,442,292,307,357,372,402,402,417,417,417,432,132,132,132],"floor_reached":51,"playtime":1937,"items_purged":[],"score":781,"play_id":"644d7bb2-5f33-4ff5-9d51-a11a29548fde","local_time":"20201215234537","daily_mods":["Allstar","Hoarder","Night Terrors"],"is_ascension_mode":false,"campfire_choices":[{"data":"Mind Blast","floor":11,"key":"SMITH"},{"floor":15,"key":"REST"},{"data":"Infinite Blades","floor":27,"key":"SMITH"},{"data":"Mind Blast","floor":30,"key":"SMITH"},{"data":"Jack Of All Trades","floor":32,"key":"PURGE"},{"data":"After Image","floor":46,"key":"SMITH"},{"floor":49,"key":"REST"}],"circlet_count":0,"master_deck":["Strike_G+1","Strike_G+1","Strike_G+1","Strike_G","Strike_G","Defend_G","Defend_G","Defend_G","Defend_G+1","Defend_G","Survivor","Neutralize","Mind Blast+1","Mind Blast+1","Mind Blast+1","Dramatic Entrance","Dramatic Entrance","Dramatic Entrance","Trip","Trip","Trip","Jack Of All Trades","Jack Of All Trades","Replay:Bootleg Shield Generator","Replay:Bootleg Shield Generator","Replay:Bootleg Shield Generator","Replay:Bag of Tricks","Replay:Bag of Tricks","Replay:Bag of Tricks","Infinite Blades+1","Infinite Blades","Infinite Blades","Slice","Slice","Slice","Escape Plan+1","Escape Plan+1","Escape Plan+1","After Image","After Image","After Image+1","Flying Knee","Flying Knee","Flying Knee","Dagger Throw+1","Dagger Throw+1","Dagger Throw+1"],"relics":["Ring of the Snake","Paper Crane","Meat on the Bone","Odd Mushroom","WristBlade","OrangePellets","InkBottle","MutagenicStrength","Snack Pack","Ring of Chaos","Bronze Scales","Simple Rune","Question Card","ReplayTheSpireMod:Shallot","Whetstone","HandDrill"],"acts_visited":["Exordium","TheCity","TheBeyond"],"potions_floor_usage":[6,6,33,33,33,42,50],"damage_taken":[{"damage":0,"enemies":"Small Slimes","floor":1,"turns":1},{"damage":0,"enemies":"Jaw Worm","floor":2,"turns":1},{"damage":0,"enemies":"2 Louse","floor":3,"turns":1},{"damage":2,"enemies":"Large Slime","floor":4,"turns":4},{"damage":15,"enemies":"Gremlin Nob","floor":6,"turns":3},{"damage":0,"enemies":"2 Fungi Beasts","floor":8,"turns":1},{"damage":0,"enemies":"Gremlin Gang","floor":10,"turns":1},{"damage":0,"enemies":"Blue Slaver","floor":13,"turns":1},{"damage":0,"enemies":"The Mushroom Lair","floor":14,"turns":1},{"damage":46,"enemies":"Hexaghost","floor":16,"turns":13},{"damage":0,"enemies":"Spheric Guardian","floor":18,"turns":1},{"damage":4,"enemies":"Shell Parasite","floor":19,"turns":2},{"damage":21,"enemies":"Book of Stabbing","floor":23,"turns":4},{"damage":0,"enemies":"Shelled Parasite and Fungi","floor":28,"turns":1},{"damage":0,"enemies":"Centurion and Healer","floor":29,"turns":1},{"damage":0,"enemies":"Snecko","floor":31,"turns":1},{"damage":41,"enemies":"Collector","floor":33,"turns":8},{"damage":1,"enemies":"3 Darklings","floor":35,"turns":6},{"damage":0,"enemies":"3 Shapes","floor":37,"turns":1},{"damage":21,"enemies":"Spire Growth","floor":39,"turns":3},{"damage":0,"enemies":"Reptomancer","floor":40,"turns":4},{"damage":0,"enemies":"3 Darklings","floor":41,"turns":2},{"damage":25,"enemies":"Nemesis","floor":42,"turns":3},{"damage":3,"enemies":"Jaw Worm Horde","floor":44,"turns":1},{"damage":7,"enemies":"4 Shapes","floor":47,"turns":3},{"damage":71,"enemies":"Awakened One","floor":50,"turns":9}],"seed_played":"8833210206598683822","potions_obtained":[{"floor":2,"key":"Explosive Potion"},{"floor":3,"key":"PowerPotion"},{"floor":6,"key":"Elixir"},{"floor":16,"key":"Explosive Potion"},{"floor":23,"key":"PowerPotion"},{"floor":31,"key":"Strength Potion"},{"floor":35,"key":"PowerPotion"},{"floor":42,"key":"Adrenaline Potion"},{"floor":47,"key":"SmokeBomb"}],"is_trial":false,"path_per_floor":["M","M","M","M","?","E","?","M","T","M","R","?","M","?","R","B",null,"M","M","?","?","$","E","?","?","T","R","M","M","R","M","R","B",null,"M","?","M","$","M","E","M","E","T","M","?","R","M","$","R","B",null],"character_chosen":"THE_SILENT","items_purchased":["OrangePellets","Bronze Scales","Whetstone","HandDrill"],"campfire_rested":2,"item_purchase_floors":[22,38,48,48],"current_hp_per_floor":[70,70,70,68,73,58,58,58,58,58,58,47,47,47,70,36,70,70,66,66,66,66,45,45,45,45,45,47,49,49,51,51,42,70,70,70,70,70,51,57,59,42,42,41,41,41,40,40,65,24],"gold":132,"neow_bonus":"","is_daily":true,"chose_seed":false,"campfire_upgraded":4,"win_rate":0.0,"timestamp":1608075937,"path_taken":["M","M","M","M","?","E","?","M","T","M","R","?","M","?","R","BOSS","M","M","?","?","$","E","?","?","T","R","M","?","R","M","R","BOSS","M","?","M","$","M","E","M","E","T","M","?","R","M","$","R","BOSS"],"items_purchased_type":["Relic","Relic","Relic","Relic"],"build_version":"2020-12-13","purchased_purges":0,"victory":true,"max_hp_per_floor":[70,70,70,70,75,75,75,75,75,75,75,75,75,75,70,70,70,70,70,70,70,70,70,70,70,70,70,70,70,70,70,70,70,70,70,70,70,70,70,70,70,70,70,70,70,70,70,70,65,65],"card_choices":[{"not_picked":["Blade Dance","Reflex","PiercingWail"],"picked":"SKIP","floor":1},{"not_picked":["Sucker Punch","Calculated Gamble","Dagger Spray"],"picked":"SKIP","floor":2},{"not_picked":["Sucker Punch","Terror","Flying Knee"],"picked":"SKIP","floor":3},{"not_picked":["Bane","Outmaneuver","Hidden Blade"],"picked":"SKIP","floor":4},{"not_picked":["Quick Slash","Distraction","Acrobatics"],"picked":"SKIP","floor":6},{"not_picked":["ReplayTheSpireMod:Shiv Toss","Outmaneuver","Night Terror"],"picked":"SKIP","floor":8},{"not_picked":["Sucker Punch","PiercingWail","Hidden Blade"],"picked":"SKIP","floor":10},{"not_picked":["Deadly Poison","ReplayTheSpireMod:Scrap Shanks","PiercingWail"],"picked":"SKIP","floor":13},{"not_picked":["A Thousand Cuts","Malaise"],"picked":"Replay:Bag of Tricks","floor":16},{"not_picked":["Dagger Spray+1","Predator","Skewer+1"],"picked":"SKIP","floor":18},{"not_picked":["Acrobatics","Prepared"],"picked":"Infinite Blades","floor":19},{"not_picked":["Escape Plan","Crippling Poison+1"],"picked":"Slice","floor":23},{"not_picked":["Acrobatics","Bane"],"picked":"Escape Plan+1","floor":28},{"not_picked":["ReplayTheSpireMod:Shiv Toss","Flying Knee+1","Quick Slash+1"],"picked":"SKIP","floor":29},{"not_picked":["PiercingWail","Dagger Throw","Blade Dance"],"picked":"SKIP","floor":31},{"not_picked":["Envenom","Replay:Bag of Tricks"],"picked":"After Image","floor":33},{"not_picked":["Bane+1","Distraction","PiercingWail"],"picked":"SKIP","floor":35},{"not_picked":["Cloak And Dagger+1","Backflip","Leg Sweep"],"picked":"SKIP","floor":37},{"not_picked":["Crippling Poison","Caltrops","Dodge and Roll+1"],"picked":"SKIP","floor":39},{"not_picked":["Doppelganger","Poisoned Stab+1","Slice"],"picked":"SKIP","floor":40},{"not_picked":["Slice+1","Sucker Punch+1","Fluid Movement"],"picked":"SKIP","floor":41},{"not_picked":["Grand Finale","Distraction+1"],"picked":"Flying Knee","floor":42},{"not_picked":["Sucker Punch","Skewer+1","Prepared+1"],"picked":"Dagger Throw+1","floor":44},{"not_picked":["Terror+1","Hidden Blade+1","Replay:Poison Smokescreen","Concentrate"],"picked":"SKIP","floor":47}],"player_experience":1127182,"relics_obtained":[{"floor":6,"key":"Paper Crane"},{"floor":9,"key":"Meat on the Bone"},{"floor":14,"key":"Odd Mushroom"},{"floor":23,"key":"InkBottle"},{"floor":26,"key":"Snack Pack"},{"floor":40,"key":"Simple Rune"},{"floor":42,"key":"Question Card"},{"floor":43,"key":"ReplayTheSpireMod:Shallot"}],"event_choices":[{"damage_healed":0,"gold_gain":0,"player_choice":"Donut","damage_taken":0,"max_hp_gain":5,"max_hp_loss":0,"event_name":"Big Fish","floor":5,"gold_loss":0},{"damage_healed":0,"gold_gain":0,"player_choice":"Grow","damage_taken":0,"max_hp_gain":0,"max_hp_loss":0,"event_name":"Living Wall","floor":7,"gold_loss":0,"cards_upgraded":["Mind Blast"]},{"damage_healed":0,"gold_gain":75,"player_choice":"Gather Gold","damage_taken":11,"max_hp_gain":0,"max_hp_loss":0,"event_name":"World of Goop","floor":12,"gold_loss":0},{"damage_healed":0,"gold_gain":0,"player_choice":"Fought Mushrooms","damage_taken":0,"max_hp_gain":0,"max_hp_loss":0,"event_name":"Mushrooms","floor":14,"gold_loss":0},{"damage_healed":0,"gold_gain":0,"player_choice":"Ignored","damage_taken":0,"max_hp_gain":0,"max_hp_loss":0,"event_name":"Ghosts","floor":20,"gold_loss":0},{"damage_healed":0,"gold_gain":0,"player_choice":"Inject Mutagens","damage_taken":0,"relics_obtained":["MutagenicStrength"],"max_hp_gain":0,"max_hp_loss":0,"event_name":"Drug Dealer","floor":24,"gold_loss":0},{"damage_healed":0,"gold_gain":0,"player_choice":"Ignored","damage_taken":0,"max_hp_gain":0,"max_hp_loss":0,"event_name":"The Mausoleum","floor":25,"gold_loss":0},{"damage_healed":0,"gold_gain":0,"player_choice":"Ignored","damage_taken":0,"max_hp_gain":0,"max_hp_loss":0,"event_name":"Tomb of Lord Red Mask","floor":45,"gold_loss":0}],"is_beta":false,"boss_relics":[{"not_picked":["Kintsugi","Philosopher\u0027s Stone"],"picked":"WristBlade"},{"not_picked":["Snecko Heart","ReplayTheSpireMod:DimensionalGlitch"],"picked":"Ring of Chaos"}],"items_purged_floors":[],"is_endless":false,"potions_floor_spawned":[2,3,6,16,23,29,31,35,42,47],"ascension_level":0}}