{"host":"coame8l8goqx0svj","time":1608068418,"event":{"mods":["BaseMod","Downfall","Minty Spire (QoL Compilation)","StSLib"],"gold_per_floor":[99,84,9,27,127,153,153,170,195,120,134,134,161,172,182,280,280,230,230,250,268,184,184,184,134,144,94,107,11,0,10,27,130,130,80,112,112,97,114,129,177,227,177,177,177],"floor_reached":44,"playtime":3536,"items_purged":[],"score":627,"play_id":"2dd1d754-c946-46c3-928b-15806230a1aa","local_time":"20201215224018","is_ascension_mode":true,"campfire_choices":[{"floor":1.0,"key":"RECALL"},{"data":"Blind","floor":3.0,"key":"SMITH"},{"data":"Slimebound:DuplicatedForm","floor":10,"key":"SMITH"},{"data":"Slimebound:MassFeed","floor":18,"key":"SMITH"},{"data":"Slimebound:GrowthPunch","floor":25,"key":"SMITH"},{"data":"Slimebound:LivingWall","floor":27,"key":"SMITH"},{"data":"Slimebound:Gluttony","floor":35,"key":"SMITH"},{"data":"Slimebound:Teamwork","floor":43,"key":"SMITH"}],"circlet_count":0,"master_deck":["Slimebound:Defend_Slimebound","Slimebound:Defend_Slimebound","Slimebound:Defend_Slimebound","Slimebound:Split+1","Slimebound:CorrosiveSpit","Blind+1","Slimebound:Repurpose","Slimebound:GrowthPunch+1","Slimebound:Schlurp","Slimebound:DuplicatedForm+1","Slimebound:LeadByExample","Slimebound:LevelUp","Slimebound:SplitAcid","Slimebound:Gluttony+1","Slimebound:Repurpose","Slimebound:MassFeed+1","Slimebound:SamplingLick+1","Slimebound:LivingWall+1","Slimebound:SplitMire","Slimebound:SpikyOuterGoop","Slimebound:SplitLeeching+1","Slimebound:RallyTheTroops+1","Slimebound:Equalize","Slimebound:GrowthPunch","Slimebound:GrowthPunch","Slimebound:Teamwork+1","Slimebound:SlimeSpikes+1","Slimebound:TongueLash+1","Slimebound:AcidTongue+1"],"relics":["Slimebound:AbsorbEndCombatUpgraded","downfall:HeartBlessingRed","Torii","StrikeDummy","downfall:HeartBlessingBlue","Slimebound:GreedOozeRelic","Boot","Darkstone Periapt","Empty Cage","MealTicket","Happy Flower","Pocketwatch"],"acts_visited":["Exordium","TheCity","TheBeyond"],"potions_floor_usage":[9,9,16,20,26,36,39,44],"damage_taken":[{"damage":7.0,"enemies":"downfall:FleeingMerchant","floor":2.0,"turns":4.0},{"damage":6.0,"enemies":"Jaw Worm","floor":4.0,"turns":4.0},{"damage":32.0,"enemies":"downfall:Heads","floor":5.0,"turns":6.0},{"damage":36.0,"enemies":"3 Sentries","floor":6.0,"turns":8.0},{"damage":23.0,"enemies":"Cultist","floor":8.0,"turns":5.0},{"damage":35,"enemies":"Gremlin Nob","floor":9,"turns":3},{"damage":8,"enemies":"2 Louse","floor":11,"turns":3},{"damage":4,"enemies":"Exordium Wildlife","floor":14,"turns":3},{"damage":12,"enemies":"2 Fungi Beasts","floor":15,"turns":3},{"damage":58,"enemies":"downfall:Silent","floor":16,"turns":6},{"damage":32,"enemies":"3 Byrds","floor":20,"turns":4},{"damage":13,"enemies":"Chosen","floor":21,"turns":4},{"damage":30,"enemies":"downfall:FleeingMerchant","floor":22,"turns":4},{"damage":55,"enemies":"Snecko","floor":26,"turns":6},{"damage":45,"enemies":"Snake Plant","floor":28,"turns":4},{"damage":23,"enemies":"downfall:FleeingMerchant","floor":29,"turns":4},{"damage":15,"enemies":"downfall:FleeingMerchant","floor":30,"turns":4},{"damage":59,"enemies":"Cultist and Chosen","floor":31,"turns":6},{"damage":46,"enemies":"Shelled Parasite and Fungi","floor":32,"turns":4},{"damage":68,"enemies":"downfall:Watcher","floor":33,"turns":10},{"damage":81,"enemies":"Reptomancer","floor":36,"turns":8},{"damage":48,"enemies":"downfall:FleeingMerchant","floor":38,"turns":4},{"damage":43,"enemies":"3 Shapes","floor":39,"turns":3},{"damage":29,"enemies":"3 Darklings","floor":40,"turns":5},{"damage":16,"enemies":"Mind Bloom Boss Battle","floor":42,"turns":3},{"damage":109,"enemies":"Giant Head","floor":44,"turns":8}],"seed_played":"7248346802798582377","potions_obtained":[{"floor":4.0,"key":"Regen Potion"},{"floor":6.0,"key":"Slimebound:ThreeZeroPotion"},{"floor":8.0,"key":"SneckoOil"},{"floor":9,"key":"SpeedPotion"},{"floor":11,"key":"hexamod:EctoCoolerPotion"},{"floor":16,"key":"hexamod:EctoCoolerPotion"},{"floor":20,"key":"FearPotion"},{"floor":31,"key":"Explosive Potion"},{"floor":32,"key":"Regen Potion"},{"floor":33,"key":"DuplicationPotion"},{"floor":39,"key":"BlessingOfTheForge"},{"floor":42,"key":"Ancient Potion"}],"is_trial":false,"path_per_floor":["R","$","R","M","?","E","T","M","E","R","M","?","T","M","M","B",null,"R","?","M","M","$","?","T","R","M","R","M","$","$","M","M","B",null,"R","E","?","$","M","M","T","?","R","E"],"character_chosen":"SLIMEBOUND","items_purchased":["Slimebound:SpikyOuterGoop","Slimebound:Equalize"],"campfire_rested":0,"item_purchase_floors":[22,29],"current_hp_per_floor":[54,55,55,57,49,31,31,37,35,45,47,47,47,55,59,46,64,64,64,50,65,78,78,78,78,62,62,56,65,74,62,60,78,78,78,46,46,52,38,45,45,57,57,0,0],"gold":177,"neow_bonus":"RANDOM_COLORLESS","is_daily":false,"chose_seed":false,"campfire_upgraded":7,"win_rate":0.0,"timestamp":1608068418,"path_taken":["R","$","R","M","?","E","T","M","E","R","M","?","?","?","M","BOSS","R","?","?","M","?","?","T","R","M","R","M","$","$","?","M","BOSS","R","E","?","$","M","?","T","?","R","E"],"items_purchased_type":["Card","Card"],"build_version":"2020-12-13","purchased_purges":0,"victory":false,"max_hp_per_floor":[60,60,60,60,60,60,60,60,60,70,70,70,70,70,70,70,70,70,70,74,78,78,78,78,78,78,78,78,78,78,78,78,78,78,78,78,78,78,78,78,78,78,78,78,78],"card_choices":[{"not_picked":["expansioncontent:TimeRipple","expansioncontent:BronzeBeam"],"picked":"Blind","floor":0.0},{"not_picked":["Slimebound:LeechingTouch","Slimebound:GoopSpray","Slimebound:ServeAndProtect"],"picked":"SKIP","floor":2.0},{"not_picked":["Slimebound:BestDefense","Slimebound:ServeAndProtect"],"picked":"Slimebound:Repurpose","floor":4.0},{"not_picked":["Slimebound:RollThrough","Slimebound:Grow"],"picked":"Slimebound:GrowthPunch","floor":5.0},{"not_picked":["Slimebound:Recollect","Slimebound:LivingWall"],"picked":"Slimebound:DuplicatedForm","floor":6.0},{"not_picked":["Slimebound:Recollect","Slimebound:SplitBruiser"],"picked":"Slimebound:LeadByExample","floor":8.0},{"not_picked":["Slimebound:Chomp","Slimebound:FlameTackle"],"picked":"Slimebound:LevelUp","floor":9},{"not_picked":["Slimebound:DivideAndConquer","Slimebound:LeadByExample"],"picked":"Slimebound:SplitAcid","floor":11},{"not_picked":["Slimebound:MegaLick","Slimebound:SplitMire"],"picked":"Slimebound:Gluttony","floor":14},{"not_picked":["Slimebound:ServeAndProtect","Slimebound:Chomp"],"picked":"Slimebound:Repurpose","floor":15},{"not_picked":["Slimebound:TagTeam","Slimebound:DouseInSlime"],"picked":"Slimebound:MassFeed","floor":16},{"not_picked":["Slimebound:Chomp","Slimebound:FinishingTackle"],"picked":"Slimebound:SamplingLick+1","floor":20},{"not_picked":["Slimebound:LeadByExample","Slimebound:PressTheAttack+1"],"picked":"Slimebound:LivingWall","floor":21},{"not_picked":["Slimebound:ComboTackle","Slimebound:SplitAcid"],"picked":"Slimebound:SplitMire","floor":22},{"not_picked":["Slimebound:SamplingLick","Slimebound:Schlurp","Slimebound:RollThrough+1"],"picked":"SKIP","floor":26},{"not_picked":["Slimebound:FirmFortitude","Slimebound:SlimeTap"],"picked":"Slimebound:SplitLeeching+1","floor":28},{"not_picked":["Slimebound:LeechLife","Slimebound:LeechEnergy"],"picked":"Slimebound:RallyTheTroops","floor":29},{"not_picked":["Slimebound:BestDefense","Slimebound:Schlurp","Slimebound:FinishingTackle+1"],"picked":"SKIP","floor":30},{"not_picked":["Slimebound:PressTheAttack","Slimebound:LeechEnergy"],"picked":"Slimebound:GrowthPunch","floor":31},{"not_picked":["Slimebound:WasteNot","Slimebound:SlimeSpikes"],"picked":"Slimebound:GrowthPunch","floor":32},{"not_picked":["Slimebound:Darklings","Slimebound:RallyTheTroops"],"picked":"Slimebound:Teamwork","floor":33},{"not_picked":["Slimebound:ComboTackle","Slimebound:DivideAndConquer","Slimebound:Chomp+1"],"picked":"SKIP","floor":36},{"not_picked":["Slimebound:GrowthPunch","Slimebound:SplitLeeching+1","Slimebound:DivideAndConquer+1"],"picked":"SKIP","floor":38},{"not_picked":["Slimebound:RollThrough","Slimebound:SamplingLick"],"picked":"Slimebound:SlimeSpikes+1","floor":39},{"not_picked":["Slimebound:ProtectTheBoss+1","Slimebound:HungryTackle+1"],"picked":"Slimebound:TongueLash+1","floor":40},{"not_picked":["Slimebound:LeadByExample","Slimebound:ServeAndProtect+1"],"picked":"Slimebound:AcidTongue+1","floor":42}],"player_experience":1619373,"relics_obtained":[{"floor":6.0,"key":"Torii"},{"floor":9,"key":"StrikeDummy"},{"floor":13,"key":"Boot"},{"floor":24,"key":"Darkstone Periapt"},{"floor":36,"key":"MealTicket"},{"floor":41,"key":"Happy Flower"},{"floor":42,"key":"Pocketwatch"}],"event_choices":[{"cards_removed":["Slimebound:Strike_Slimebound"],"damage_healed":0,"gold_gain":0,"player_choice":"Offered Basic","damage_taken":0,"max_hp_gain":0,"max_hp_loss":0,"event_name":"Bonfire Elementals","floor":19,"gold_loss":0},{"damage_healed":0,"gold_gain":0,"player_choice":"Ignored","damage_taken":0,"max_hp_gain":0,"max_hp_loss":0,"event_name":"Ghosts","floor":23,"gold_loss":0},{"damage_healed":0,"gold_gain":0,"player_choice":"Upgraded","damage_taken":0,"max_hp_gain":0,"max_hp_loss":0,"event_name":"Upgrade Shrine","floor":37,"gold_loss":0,"cards_upgraded":["Slimebound:RallyTheTroops"]}],"is_beta":false,"boss_relics":[{"not_picked":["Velvet Choker","Philosopher\u0027s Stone"],"picked":"Slimebound:AbsorbEndCombatUpgraded"},{"not_picked":["Snecko Eye","Tiny House"],"picked":"Empty Cage"}],"items_purged_floors":[],"is_endless":false,"potions_floor_spawned":[4,6,8,9,11,16,20,31,32,33,39,42],"killed_by":"Giant Head","ascension_level":7}}