{"host":"oeeu8njhzvf3llor","time":1608073741,"event":{"mods":["BaseMod","Better Match","Better Note","Better Skull","Better Third Choice","Hubris","Minty Spire (QoL Compilation)","Rare Cards Sparkle","Replay The Spire","Shop Mod","Spicy Shops","StSLib","Swap Starting Deck Mod"],"gold_per_floor":[118,118,129,139,151,176,176,176,231,264,276,290,290,315,315,445,445,460,38,54,66,82,82,82],"floor_reached":23,"playtime":1227,"items_purged":[],"score":217,"play_id":"e42fa279-eb71-4593-9f23-d62aad93cf0a","local_time":"20201215180901","is_ascension_mode":true,"campfire_choices":[{"data":"Zap","floor":7,"key":"SMITH"},{"data":"Storm","floor":15,"key":"SMITH"}],"circlet_count":0,"master_deck":["Strike_B","Strike_B","Strike_B","Strike_B","Defend_B","Defend_B","Defend_B","Defend_B","Zap+1","Dualcast","Go for the Eyes","Static Discharge","Conserve Battery","Ball Lightning","Conserve Battery","Storm+1","Echo Form","Hello World+1","ReplayUltimateDefense","Amplify"],"relics":["Cracked Core","hubris:Towel","Quantum Egg","Replay:Rubber Ducky","hubris:SoftwareUpdate","Inserter","MerchantsRug","Oddly Smooth Stone"],"acts_visited":["Exordium","TheCity"],"potions_floor_usage":[1,6,16,22],"damage_taken":[{"damage":0,"enemies":"2 Louse","floor":1,"turns":2},{"damage":10,"enemies":"Small Slimes","floor":3,"turns":3},{"damage":1,"enemies":"Cultist","floor":4,"turns":3},{"damage":5,"enemies":"3 Louse","floor":5,"turns":4},{"damage":13,"enemies":"Replay:BlueRogue","floor":6,"turns":7},{"damage":16,"enemies":"Lagavulin","floor":10,"turns":6},{"damage":3,"enemies":"Looter","floor":11,"turns":3},{"damage":5,"enemies":"2 Fungi Beasts","floor":12,"turns":3},{"damage":12,"enemies":"Exordium Thugs","floor":14,"turns":5},{"damage":25,"enemies":"Hexaghost","floor":16,"turns":8},{"damage":18,"enemies":"2 Thieves","floor":18,"turns":4},{"damage":0,"enemies":"Chosen","floor":20,"turns":5},{"damage":7,"enemies":"Snake Plant","floor":21,"turns":5},{"damage":12,"enemies":"Centurion and Healer","floor":22,"turns":8},{"damage":48,"enemies":"Gremlin Leader","floor":23,"turns":7}],"seed_played":"-371955119162873912","potions_obtained":[{"floor":1,"key":"Fruit Juice"},{"floor":4,"key":"SpeedPotion"},{"floor":5,"key":"DuplicationPotion"},{"floor":11,"key":"AttackPotion"},{"floor":14,"key":"Energy Potion"},{"floor":16,"key":"Adrenaline Potion"},{"floor":18,"key":"ColorlessPotion"},{"floor":21,"key":"PowerPotion"}],"is_trial":false,"path_per_floor":["M","?","M","M","M","E","R","?","T","E","M","M","?","M","R","B",null,"M","$","M","M","M","E"],"character_chosen":"DEFECT","items_purchased":["ReplayUltimateDefense","MerchantsRug","Oddly Smooth Stone"],"campfire_rested":0,"item_purchase_floors":[19,19,19],"current_hp_per_floor":[85,85,75,74,69,56,56,85,85,69,66,61,61,49,49,24,79,61,61,61,54,42,0,0],"gold":82,"neow_bonus":"RANDOM_EVENT","is_daily":false,"chose_seed":false,"campfire_upgraded":2,"win_rate":0.0,"timestamp":1608073741,"path_taken":["M","?","M","M","M","E","R","?","T","E","?","M","?","M","R","BOSS","M","$","M","M","M","E"],"items_purchased_type":["Card","Relic","Relic"],"build_version":"2020-12-13","purchased_purges":0,"victory":false,"max_hp_per_floor":[85,85,85,85,85,85,85,85,85,85,85,85,79,79,79,79,79,79,79,79,79,79,79,79],"card_choices":[{"not_picked":["Leap","Streamline"],"picked":"Go for the Eyes","floor":1},{"not_picked":["Barrage","Consume"],"picked":"Static Discharge","floor":3},{"not_picked":["Leap","Hologram"],"picked":"Conserve Battery","floor":4},{"not_picked":["Recycle","Compile Driver","Sunder"],"picked":"SKIP","floor":5},{"not_picked":["Scrape","Rebound"],"picked":"Undo","floor":6},{"not_picked":["Streamline","Skim"],"picked":"Ball Lightning","floor":10},{"not_picked":["Compile Driver","Panic Button","BasicCrystalCard"],"picked":"SKIP","floor":11},{"not_picked":["Sunder","Redo"],"picked":"Conserve Battery","floor":12},{"not_picked":["BasicCrystalCard","Steam Power"],"picked":"Storm","floor":14},{"not_picked":["Biased Cognition","hubris:DoWhile"],"picked":"Echo Form","floor":16},{"not_picked":["Hologram","Turbo"],"picked":"Hello World+1","floor":18},{"not_picked":["Hologram","Rebound","Compile Driver"],"picked":"SKIP","floor":20},{"not_picked":["Hologram","Crystallizer+1"],"picked":"Amplify","floor":21},{"not_picked":["Turbo","Hologram+1","Sweeping Beam"],"picked":"SKIP","floor":22}],"player_experience":464450,"relics_obtained":[{"floor":6,"key":"Quantum Egg"},{"floor":9,"key":"Replay:Rubber Ducky"},{"floor":10,"key":"hubris:SoftwareUpdate"}],"event_choices":[{"damage_healed":0,"gold_gain":0,"player_choice":"Donut","damage_taken":0,"max_hp_gain":5,"max_hp_loss":0,"event_name":"Big Fish","floor":0,"gold_loss":0},{"cards_removed":["Undo"],"damage_healed":29,"gold_gain":0,"player_choice":"Offered Uncommon","damage_taken":0,"max_hp_gain":0,"max_hp_loss":0,"event_name":"Bonfire Elementals","floor":8,"gold_loss":0},{"damage_healed":0,"gold_gain":0,"player_choice":"Lose Max HP","damage_taken":0,"relics_obtained":["Golden Idol"],"max_hp_gain":0,"max_hp_loss":6,"event_name":"Golden Idol","floor":13,"gold_loss":0}],"is_beta":false,"boss_relics":[{"not_picked":["Busted Crown","Empty Cage"],"picked":"Inserter"}],"items_purged_floors":[],"is_endless":false,"potions_floor_spawned":[1,4,5,11,14,16,18,21],"killed_by":"Gremlin Leader","ascension_level":1}}