{"host":"9ndbo4kgsfoemf7y","time":1608027894,"event":{"mods":["AchievementEnabler","BaseMod","Colored Map","DeckTracker","Keyboard Shortcuts","Minty Spire (QoL Compilation)","Permanent Neow","Quick Restart","Relic Stats","StSLib","SuperFastMode"],"gold_per_floor":[110,35,35,35,35,35,70,70,70,70,70,86,97,172,172,172,172],"floor_reached":16,"playtime":287,"items_purged":[],"score":173,"play_id":"b8821805-8599-4a12-8366-22886e7f2e64","local_time":"20201215192454","is_ascension_mode":true,"campfire_choices":[{"data":"Neutralize","floor":6.0,"key":"SMITH"},{"data":"Corpse Explosion","floor":8,"key":"SMITH"},{"data":"Backstab","floor":10,"key":"SMITH"},{"floor":15,"key":"REST"}],"circlet_count":0,"master_deck":["AscendersBane","Strike_G","Strike_G","Strike_G","Strike_G","Defend_G","Defend_G","Defend_G","Defend_G","Defend_G","Survivor","Neutralize+1","Corpse Explosion+1","Heel Hook","Backstab+1","Blur"],"relics":["Ring of the Snake","Pen Nib","Torii","Du-Vu Doll"],"acts_visited":["Exordium"],"potions_floor_usage":[7,16],"damage_taken":[{"damage":0.0,"enemies":"Small Slimes","floor":1.0,"turns":3.0},{"damage":23,"enemies":"Lagavulin","floor":7,"turns":7},{"damage":7,"enemies":"Jaw Worm","floor":12,"turns":2},{"damage":0,"enemies":"2 Louse","floor":13,"turns":2},{"damage":43,"enemies":"Slime Boss","floor":16,"turns":10}],"seed_played":"-1553904642183779620","potions_obtained":[{"floor":1.0,"key":"Fire Potion"},{"floor":12,"key":"Block Potion"}],"is_trial":false,"path_per_floor":["M","?","$","?","?","R","E","R","T","R","?","M","M","?","R","B"],"character_chosen":"THE_SILENT","items_purchased":[],"campfire_rested":1,"item_purchase_floors":[],"current_hp_per_floor":[59,59,59,52,57,57,34,34,34,34,29,22,22,11,32,0,0],"gold":172,"neow_bonus":"THREE_RARE_CARDS","is_daily":false,"chose_seed":false,"campfire_upgraded":3,"win_rate":0.0,"timestamp":1608027894,"path_taken":["M","?","$","?","?","R","E","R","T","R","?","M","?","?","R","BOSS"],"items_purchased_type":[],"build_version":"2020-12-13","purchased_purges":0,"victory":false,"max_hp_per_floor":[66,66,66,66,71,71,71,71,71,71,71,71,71,71,71,71,71],"relic_stats":{"Torii":2,"counters":[5,24],"Pen Nib":[2],"obtain_stats":[{"Du-Vu Doll":11,"Torii":9,"Pen Nib":7,"Ring of the Snake":0},{"Du-Vu Doll":2,"Torii":2,"Pen Nib":2,"Ring of the Snake":0},{"Du-Vu Doll":10,"Torii":10,"Pen Nib":10,"Ring of the Snake":0}],"Ring of the Snake":[10]},"card_choices":[{"not_picked":["Unload","Phantasmal Killer"],"picked":"Corpse Explosion","floor":0.0},{"not_picked":["Dagger Spray","Quick Slash"],"picked":"Heel Hook","floor":1.0},{"not_picked":["Flying Knee","Dash","Backstab"],"picked":"SKIP","floor":7},{"not_picked":["Flying Knee","Dash"],"picked":"Backstab","floor":7},{"not_picked":["Flying Knee","Sucker Punch"],"picked":"Blur","floor":12},{"not_picked":["Acrobatics","Riddle With Holes","Quick Slash"],"picked":"SKIP","floor":13}],"player_experience":677606,"relics_obtained":[{"floor":7,"key":"Pen Nib"},{"floor":9,"key":"Torii"}],"event_choices":[{"cards_removed":["Regret"],"damage_healed":0.0,"max_hp_gain":0.0,"max_hp_loss":0.0,"gold_gain":0.0,"event_name":"The Cleric","player_choice":"Card Removal","floor":2.0,"gold_loss":75.0,"damage_taken":0.0},{"cards_removed":["Strike_G"],"damage_healed":0.0,"max_hp_gain":0.0,"max_hp_loss":0.0,"gold_gain":0.0,"event_name":"Golden Wing","player_choice":"Card Removal","floor":4.0,"gold_loss":0.0,"damage_taken":7.0},{"damage_healed":0.0,"max_hp_gain":5.0,"max_hp_loss":0.0,"gold_gain":0.0,"event_name":"Big Fish","player_choice":"Donut","floor":5.0,"gold_loss":0.0,"damage_taken":0.0},{"damage_healed":0,"gold_gain":0,"player_choice":"Success","damage_taken":5,"relics_obtained":["Du-Vu Doll"],"max_hp_gain":0,"max_hp_loss":0,"event_name":"Scrap Ooze","floor":11,"gold_loss":0},{"damage_healed":0,"gold_gain":75,"player_choice":"Gather Gold","damage_taken":11,"max_hp_gain":0,"max_hp_loss":0,"event_name":"World of Goop","floor":14,"gold_loss":0}],"is_beta":false,"boss_relics":[],"items_purged_floors":[],"is_endless":false,"potions_floor_spawned":[1,12],"killed_by":"Slime Boss","ascension_level":16}}