{"host":"vzugls1u57eppbds","time":1608067882,"event":{"mods":["AchievementEnabler","BaseMod","Better Third Choice","Minty Spire (QoL Compilation)","Relic Stats","Shop Mod","StSLib","The IronCluck"],"gold_per_floor":[113,113,76,91,107,107,127,127,154,174,174,194,194,37,37,136,136,150,150,150,167,177,203,203,214,214,232,232,232,248,258,258,354,354,365,341,387,387,387,387,398,398,398,398,398,398],"floor_reached":45,"playtime":1089,"items_purged":[],"score":450,"play_id":"68d10b2c-ffa3-4c25-be86-1f318d267476","local_time":"20201215223122","is_ascension_mode":false,"campfire_choices":[{"floor":6,"key":"REST"},{"floor":8,"key":"REST"},{"floor":13,"key":"REST"},{"data":"Electrodynamics","floor":15,"key":"SMITH"},{"floor":24,"key":"REST"},{"floor":32,"key":"REST"},{"data":"Creative AI","floor":40,"key":"SMITH"},{"floor":42,"key":"REST"}],"circlet_count":0,"master_deck":["Defend_B","Defend_B","Defend_B","Defend_B","Electrodynamics+1","Static Discharge","Storm","Sweeping Beam","Glacier","Ball Lightning","Skim","Capacitor+1","Sweeping Beam","Capacitor+1","Bite","Bite","Bite","Bite","Bite","Streamline+1","Creative AI+1","Leap","Skim","Defragment"],"relics":["Cracked Core","Boot","Pen Nib","Tiny Chest","Velvet Choker","Thread and Needle","PreservedInsect","Blue Candle","Inserter","The Courier","Letter Opener"],"acts_visited":["TheCity","TheBeyond"],"potions_floor_usage":[16,21,23,23,23,33,45],"damage_taken":[{"damage":5,"enemies":"2 Louse","floor":1,"turns":2},{"damage":5,"enemies":"Cultist","floor":4,"turns":3},{"damage":8,"enemies":"Small Slimes","floor":5,"turns":2},{"damage":9,"enemies":"Blue Slaver","floor":7,"turns":3},{"damage":1,"enemies":"Looter","floor":10,"turns":4},{"damage":12,"enemies":"Exordium Thugs","floor":12,"turns":3},{"damage":46,"enemies":"Slime Boss","floor":16,"turns":7},{"damage":10,"enemies":"Spheric Guardian","floor":18,"turns":4},{"damage":6,"enemies":"3 Byrds","floor":21,"turns":3},{"damage":6,"enemies":"Cultist and Chosen","floor":22,"turns":4},{"damage":33,"enemies":"Slavers","floor":23,"turns":3},{"damage":11,"enemies":"Shelled Parasite and Fungi","floor":25,"turns":7},{"damage":10,"enemies":"Centurion and Healer","floor":27,"turns":4},{"damage":6,"enemies":"Cultist and Chosen","floor":30,"turns":4},{"damage":1,"enemies":"Chosen and Byrds","floor":31,"turns":4},{"damage":58,"enemies":"Automaton","floor":33,"turns":10},{"damage":20,"enemies":"Orb Walker","floor":35,"turns":4},{"damage":8,"enemies":"3 Shapes","floor":41,"turns":3},{"damage":57,"enemies":"Giant Head","floor":45,"turns":7}],"seed_played":"4120229795685342583","potions_obtained":[{"floor":1,"key":"SpeedPotion"},{"floor":4,"key":"GamblersBrew"},{"floor":10,"key":"PotionOfCapacity"},{"floor":16,"key":"Regen Potion"},{"floor":21,"key":"Block Potion"},{"floor":23,"key":"Block Potion"},{"floor":41,"key":"Energy Potion"}],"is_trial":false,"path_per_floor":["M","?","$","M","M","R","M","R","T","M","?","M","R","$","R","B",null,"M","$","?","M","M","E","R","M","T","M","?","?","M","M","R","B",null,"M","$","T","?","?","R","M","R","T","T","E"],"character_chosen":"DEFECT","items_purchased":["Storm","Tiny Chest","Leap"],"campfire_rested":6,"item_purchase_floors":[3,14,36],"current_hp_per_floor":[49,49,49,44,36,58,49,71,71,70,58,46,68,68,68,22,75,65,65,65,59,53,29,51,40,40,30,30,30,32,39,52,10,52,38,38,38,38,38,38,30,45,45,45,0,0],"gold":398,"neow_bonus":"TRANSFORM_TWO_CARDS","is_daily":false,"chose_seed":false,"campfire_upgraded":2,"win_rate":0.0,"timestamp":1608067882,"path_taken":["M","?","$","?","M","R","?","R","T","M","?","M","R","$","R","BOSS","M","$","?","M","M","E","R","M","T","M","?","?","M","M","R","BOSS","M","$","?","?","?","R","?","R","T","?","E"],"items_purchased_type":["Card","Relic","Card"],"build_version":"2020-12-13","purchased_purges":0,"victory":false,"max_hp_per_floor":[75,75,75,75,75,75,75,75,75,75,75,75,75,75,75,75,75,75,75,75,75,75,75,75,75,75,75,75,52,52,52,52,52,52,52,52,52,52,52,52,52,52,52,52,52,52],"relic_stats":{"Inserter":[4],"counters":[19,81],"Blue Candle":[0],"Tiny Chest":2,"Pen Nib":[10],"PreservedInsect":125,"Letter Opener":[5],"Boot":[17],"obtain_stats":[{"Inserter":34,"Blue Candle":26,"Velvet Choker":17,"Tiny Chest":14,"Thread and Needle":20,"Pen Nib":11,"PreservedInsect":23,"The Courier":43,"Letter Opener":44,"Cracked Core":0,"Boot":9},{"Inserter":16,"Blue Candle":12,"Velvet Choker":7,"Tiny Chest":6,"Thread and Needle":8,"Pen Nib":5,"PreservedInsect":11,"The Courier":18,"Letter Opener":18,"Cracked Core":0,"Boot":4},{"Inserter":67,"Blue Candle":45,"Velvet Choker":24,"Tiny Chest":17,"Thread and Needle":28,"Pen Nib":14,"PreservedInsect":38,"The Courier":74,"Letter Opener":74,"Cracked Core":0,"Boot":10}]},"card_choices":[{"not_picked":["Go for the Eyes","Darkness"],"picked":"Static Discharge","floor":1},{"not_picked":["Doom and Gloom","Go for the Eyes","Coolheaded"],"picked":"SKIP","floor":4},{"not_picked":["Steam","Rebound"],"picked":"Sweeping Beam","floor":5},{"not_picked":["Go for the Eyes","Sunder"],"picked":"Glacier","floor":7},{"not_picked":["Turbo","Gash"],"picked":"Ball Lightning","floor":10},{"not_picked":["Coolheaded","Redo"],"picked":"Skim","floor":12},{"not_picked":["Cold Snap","Hologram"],"picked":"Capacitor+1","floor":18},{"not_picked":["Coolheaded","Rebound","Redo+1"],"picked":"SKIP","floor":21},{"not_picked":["Steam","Go for the Eyes+1"],"picked":"Sweeping Beam","floor":22},{"not_picked":["Turbo+1","Steam Power","Coolheaded+1"],"picked":"SKIP","floor":23},{"not_picked":["Coolheaded","BootSequence"],"picked":"Capacitor+1","floor":25},{"not_picked":["All For One","Gash","Steam"],"picked":"SKIP","floor":27},{"not_picked":["Beam Cell","Coolheaded"],"picked":"Streamline+1","floor":30},{"not_picked":["Capacitor","Streamline","Scrape"],"picked":"SKIP","floor":31},{"not_picked":["Biased Cognition","Thunder Strike"],"picked":"Creative AI","floor":33},{"not_picked":["Ball Lightning+1","Streamline+1","Compile Driver+1"],"picked":"SKIP","floor":35},{"not_picked":["Heatsinks+1","Hello World"],"picked":"Defragment","floor":41}],"player_experience":215905,"relics_obtained":[{"floor":9,"key":"Boot"},{"floor":23,"key":"PreservedInsect"},{"floor":26,"key":"Blue Candle"},{"floor":43,"key":"The Courier"},{"floor":44,"key":"Letter Opener"}],"event_choices":[{"cards_removed":["Fission"],"damage_healed":0,"gold_gain":0,"player_choice":"Purged","damage_taken":0,"max_hp_gain":0,"max_hp_loss":0,"event_name":"Purifier","floor":2,"gold_loss":0},{"damage_healed":0,"gold_gain":0,"player_choice":"Relic ","damage_taken":12,"max_hp_gain":0,"max_hp_loss":0,"event_name":"betterThird:BetterScrap","floor":11,"gold_loss":0,"cards_obtained":["Venomology"]},{"damage_healed":0,"gold_gain":0,"player_choice":"Opened","damage_taken":0,"relics_obtained":["Thread and Needle"],"max_hp_gain":0,"max_hp_loss":0,"event_name":"The Mausoleum","floor":20,"gold_loss":0},{"damage_healed":0,"gold_gain":0,"player_choice":"Ignored","damage_taken":0,"max_hp_gain":0,"max_hp_loss":0,"event_name":"Ghosts","floor":28,"gold_loss":0},{"damage_healed":0,"gold_gain":0,"player_choice":"Became a vampire","damage_taken":0,"max_hp_gain":0,"max_hp_loss":23,"event_name":"Vampires","floor":29,"gold_loss":0,"cards_obtained":["Bite","Bite","Bite","Bite","Bite"]},{"damage_healed":0,"gold_gain":0,"player_choice":"Memory 1","damage_taken":0,"max_hp_gain":0,"max_hp_loss":0,"event_name":"SensoryStone","floor":38,"gold_loss":0},{"damage_healed":0,"gold_gain":0,"player_choice":"Copied","damage_taken":0,"max_hp_gain":0,"max_hp_loss":0,"event_name":"Duplicator","floor":39,"gold_loss":0,"cards_obtained":["Skim"]}],"is_beta":false,"boss_relics":[{"not_picked":["Busted Crown","Pandora\u0027s Box"],"picked":"Velvet Choker"},{"not_picked":["Empty Cage","Fusion Hammer"],"picked":"Inserter"}],"items_purged_floors":[],"is_endless":false,"potions_floor_spawned":[1,4,10,12,16,18,21,23,41],"killed_by":"Giant Head","ascension_level":0}}