{"host":"ad1lywlk73qplbjq","time":1608054176,"event":{"mods":["AchievementEnabler","BaseMod","Curses Come First","Downfall","Minty Spire (QoL Compilation)","StSLib","The Necromancer"],"gold_per_floor":[99,99,131,131,131,165,188,46,46,77,97,107,121,121,131,229,229,229,229,246,261,292,292,292,25,63,88,88,88,98,98,115,218,218,143,178,228,256,23,23,48,66,66,66,113,113,8,27,44,44],"floor_reached":51,"playtime":8906,"items_purged":["Slimebound:Strike_Slimebound"],"score":807,"play_id":"950f020e-c2a7-4b8c-8b4c-f698796e6b10","local_time":"20201215184256","is_ascension_mode":false,"campfire_choices":[{"data":"Slimebound:Split","floor":1.0,"key":"SMITH"},{"data":"Slimebound:LeadByExample","floor":9.0,"key":"SMITH"},{"data":"Slimebound:Overexert","floor":18.0,"key":"SMITH"},{"floor":23.0,"key":"REST"},{"data":"Slimebound:SlimeBrawl","floor":35.0,"key":"SMITH"},{"floor":40.0,"key":"RECALL"},{"data":"Slimebound:Overexert","floor":44.0,"key":"SMITH"}],"circlet_count":0,"master_deck":["Slimebound:Defend_Slimebound","Slimebound:Defend_Slimebound","Slimebound:Defend_Slimebound","Slimebound:Defend_Slimebound","Slimebound:Split+1","Slimebound:CorrosiveSpit","Slimebound:LeadByExample+1","Slimebound:LevelUp+1","Slimebound:SplitMire","Slimebound:Repurpose","Slimebound:RallyTheTroops+1","Slimebound:SplitAcid","Slimebound:SplitBruiser","Slimebound:Overexert+1","Slimebound:SlimeBrawl+1","Slimebound:SplitMire+1","Slimebound:SplitAcid+1","Ghostly+1","Ghostly+1","Ghostly+1","Ghostly+1","Ghostly+1","Slimebound:DisruptingSlam","Slimebound:RejuvenatingLick+1","Slimebound:LivingWall+1","Slimebound:OneTwoCombo","Slimebound:SlimeTap+1","Slimebound:Overexert+1","Slimebound:MassRepurpose+1","Slimebound:SplitMire+1","Slimebound:SplitAcid+1","Slimebound:Replication+1"],"relics":["Slimebound:AbsorbEndCombat","downfall:HeartsMalice","InkBottle","Slimebound:AggressiveSlimeRelic","Dream Catcher","Singing Bowl","Black Star","Kunai","Sundial","MealTicket","Gremlin Horn","Toxic Egg 2","Whetstone","Eternal Feather","Ice Cream","Sozu","downfall:HeartBlessingGreen","Blood Vial","Toy Ornithopter","Mummified Hand","Pen Nib","Vajra","Shovel"],"acts_visited":["TheCity","TheBeyond"],"potions_floor_usage":[],"damage_taken":[{"damage":0.0,"enemies":"Small Slimes","floor":2.0,"turns":1.0},{"damage":0.0,"enemies":"3 Sentries","floor":3.0,"turns":1.0},{"damage":0.0,"enemies":"Jaw Worm","floor":4.0,"turns":1.0},{"damage":37.0,"enemies":"Gremlin Nob","floor":6.0,"turns":4.0},{"damage":19.0,"enemies":"downfall:FleeingMerchant","floor":8.0,"turns":4.0},{"damage":42.0,"enemies":"Lagavulin","floor":10.0,"turns":5.0},{"damage":17.0,"enemies":"Cultist","floor":11.0,"turns":3.0},{"damage":25.0,"enemies":"Lots of Slimes","floor":12.0,"turns":3.0},{"damage":28.0,"enemies":"Blue Slaver","floor":13.0,"turns":3.0},{"damage":30.0,"enemies":"Large Slime","floor":15.0,"turns":3.0},{"damage":43.0,"enemies":"downfall:Ironclad","floor":16.0,"turns":6.0},{"damage":29.0,"enemies":"Spheric Guardian","floor":20.0,"turns":3.0},{"damage":41.0,"enemies":"3 Cultists","floor":21.0,"turns":3.0},{"damage":70.0,"enemies":"Book of Stabbing","floor":22.0,"turns":5.0},{"damage":34.0,"enemies":"downfall:FleeingMerchant","floor":25.0,"turns":4.0},{"damage":8.0,"enemies":"downfall:FleeingMerchant","floor":26.0,"turns":1.0},{"damage":71.0,"enemies":"Slavers","floor":27.0,"turns":4.0},{"damage":12.0,"enemies":"Sentry and Sphere","floor":30.0,"turns":3.0},{"damage":23.0,"enemies":"Chosen and Byrds","floor":32.0,"turns":3.0},{"damage":40.0,"enemies":"downfall:Silent","floor":33.0,"turns":6.0},{"damage":19.0,"enemies":"Nemesis","floor":36.0,"turns":5.0},{"damage":18.0,"enemies":"Reptomancer","floor":38.0,"turns":2.0},{"damage":13.0,"enemies":"3 Shapes","floor":42.0,"turns":2.0},{"damage":15.0,"enemies":"2 Orb Walkers","floor":45.0,"turns":2.0},{"damage":7,"enemies":"3 Darklings","floor":48,"turns":2},{"damage":25,"enemies":"Jaw Worm Horde","floor":49,"turns":3},{"damage":32,"enemies":"downfall:Watcher","floor":50,"turns":3}],"seed_played":"17483317498833068","potions_obtained":[{"floor":6.0,"key":"Slimebound:ThreeZeroPotion"},{"floor":10.0,"key":"BlessingOfTheForge"},{"floor":11.0,"key":"Guardian:BlockOnCardUsePotion"},{"floor":15.0,"key":"AttackPotion"},{"floor":21.0,"key":"Dexterity Potion"},{"floor":22.0,"key":"Swift Potion"},{"floor":33.0,"key":"Fire Potion"}],"is_trial":false,"path_per_floor":["R","M","E","M","?","E","T","$","R","E","M","M","M","?","M","B",null,"R","?","M","M","E","R","T","$","$","E","?","?","M","T","M","B",null,"R","E","?","E","$","R","T","M","?","R","?","?","$","M","M","B",null],"character_chosen":"SLIMEBOUND","items_purchased":["Slimebound:SplitAcid","Gremlin Horn","Toxic Egg 2","Slimebound:SplitMire+1","Slimebound:Overexert","Slimebound:MassRepurpose+1","Slimebound:SplitAcid+1","Slimebound:Replication+1"],"campfire_rested":1,"item_purchase_floors":[8,25,26,26,39,39,47,47],"current_hp_per_floor":[60,60,60,60,60,39,39,56,56,45,44,41,33,33,31,22,66,66,66,61,54,16,37,37,44,61,16,16,16,32,32,40,32,40,40,42,42,42,42,42,42,44,44,44,44,44,44,46,48,46],"gold":44,"neow_bonus":"THREE_ENEMY_KILL","is_daily":false,"chose_seed":false,"campfire_upgraded":5,"win_rate":0.0,"timestamp":1608054176,"path_taken":["R","M","E","M","?","E","T","?","R","E","M","M","M","?","M","BOSS","R","?","M","?","E","R","T","?","$","E","?","?","M","?","M","BOSS","R","E","?","E","$","R","T","M","?","R","?","?","$","M","M","BOSS"],"items_purchased_type":["Card","Relic","Relic","Card","Card","Card","Card","Card"],"build_version":"2020-12-13","purchased_purges":1,"victory":true,"max_hp_per_floor":[60,60,60,60,60,60,60,60,60,62,62,62,64,64,66,66,66,66,66,68,70,72,72,72,74,76,76,38,38,38,38,40,40,40,40,42,42,42,42,42,42,44,44,44,44,44,44,46,48,48],"card_choices":[{"not_picked":["Slimebound:SplitLeeching","Slimebound:LeechingTouch"],"picked":"Slimebound:LeadByExample","floor":2.0},{"not_picked":["Slimebound:SplitMire","Slimebound:SplitBruiser"],"picked":"Slimebound:LevelUp","floor":3.0},{"not_picked":["Slimebound:TongueLash","Slimebound:ForwardTackle"],"picked":"Slimebound:SplitMire","floor":4.0},{"not_picked":["Slimebound:SplitAcid","Slimebound:AcidTongue"],"picked":"Slimebound:Repurpose","floor":6.0},{"not_picked":["Slimebound:Dissolve","Slimebound:SlimeSpikes"],"picked":"Slimebound:RallyTheTroops","floor":8.0},{"not_picked":["Slimebound:OozeBath","Slimebound:ComboTackle","Slimebound:ViciousTackle"],"picked":"Singing Bowl","floor":10.0},{"not_picked":["Slimebound:Grow","Slimebound:ComboTackle"],"picked":"Slimebound:LeadByExample","floor":11.0},{"not_picked":["Slimebound:LeechEnergy","Slimebound:ProtectTheBoss"],"picked":"Slimebound:SplitBruiser","floor":12.0},{"not_picked":["Slimebound:Gluttony","Slimebound:GoopSpray","Slimebound:FinishingTackle"],"picked":"Singing Bowl","floor":13.0},{"not_picked":["Slimebound:AcidTongue","Slimebound:FlameTackle","Slimebound:PressTheAttack"],"picked":"Singing Bowl","floor":15.0},{"not_picked":["Slimebound:DouseInSlime","Slimebound:LeechLife"],"picked":"Slimebound:Overexert","floor":16.0},{"not_picked":["Slimebound:GrowthPunch","Slimebound:Dissolve","Slimebound:ItLooksTasty"],"picked":"Singing Bowl","floor":20.0},{"not_picked":["Slimebound:HauntingLick+1","Slimebound:SplitLeeching","Slimebound:ViciousTackle+1"],"picked":"Singing Bowl","floor":21.0},{"not_picked":["Slimebound:LeechingTouch","Slimebound:ForwardTackle+1","Slimebound:PressTheAttack"],"picked":"Singing Bowl","floor":22.0},{"not_picked":["Slimebound:Chomp","Slimebound:RollThrough"],"picked":"Slimebound:SlimeBrawl","floor":23.0},{"not_picked":["Slimebound:PrepareCrush","Slimebound:SlimeSpikes+1","Slimebound:LevelUp"],"picked":"Singing Bowl","floor":25.0},{"not_picked":["Slimebound:Equalize","Slimebound:FinishingTackle+1","Slimebound:Gluttony"],"picked":"Singing Bowl","floor":26.0},{"not_picked":["Slimebound:GrowthPunch","Slimebound:Schlurp+1"],"picked":"Slimebound:SplitAcid+1","floor":27.0},{"not_picked":["Slimebound:GoopSpray+1","Slimebound:RainOfGoop+1"],"picked":"Slimebound:LivingWall+1","floor":30.0},{"not_picked":["Slimebound:RainOfGoop+1","Slimebound:SamplingLick+1","Slimebound:ViciousTackle"],"picked":"Singing Bowl","floor":32.0},{"not_picked":["Slimebound:MinionMaster","Slimebound:DuplicatedForm"],"picked":"Slimebound:OneTwoCombo","floor":33.0},{"not_picked":["Slimebound:SlimeSpikes+1","Slimebound:ComboTackle","Slimebound:LeechEnergy+1"],"picked":"Singing Bowl","floor":36.0},{"not_picked":["Slimebound:ComboTackle","Slimebound:Schlurp+1"],"picked":"Slimebound:SlimeTap+1","floor":38.0},{"not_picked":["Slimebound:PressTheAttack","Slimebound:FinishingTackle","Slimebound:SlimeSpikes+1"],"picked":"Singing Bowl","floor":42.0},{"not_picked":["Slimebound:SelfFormingGoo","Slimebound:RollThrough"],"picked":"Slimebound:SplitMire+1","floor":45.0},{"not_picked":["Slimebound:AcidTongue+1","Slimebound:LeechEnergy","Slimebound:DisruptingSlam+1"],"picked":"Singing Bowl","floor":48},{"not_picked":["Slimebound:LeechEnergy","Slimebound:ForwardTackle","Slimebound:LeechingTouch+1"],"picked":"Singing Bowl","floor":49}],"player_experience":158981,"relics_obtained":[{"floor":3.0,"key":"InkBottle"},{"floor":6.0,"key":"Slimebound:AggressiveSlimeRelic"},{"floor":7.0,"key":"Dream Catcher"},{"floor":10.0,"key":"Singing Bowl"},{"floor":22.0,"key":"Kunai"},{"floor":22.0,"key":"Sundial"},{"floor":24.0,"key":"MealTicket"},{"floor":27.0,"key":"Whetstone"},{"floor":27.0,"key":"Eternal Feather"},{"floor":31.0,"key":"Ice Cream"},{"floor":36.0,"key":"Blood Vial"},{"floor":36.0,"key":"Toy Ornithopter"},{"floor":38.0,"key":"Mummified Hand"},{"floor":38.0,"key":"Pen Nib"},{"floor":41.0,"key":"Vajra"},{"floor":45.0,"key":"Shovel"}],"event_choices":[{"cards_removed":["Slimebound:Strike_Slimebound"],"damage_healed":0.0,"max_hp_gain":0.0,"max_hp_loss":0.0,"gold_gain":0.0,"event_name":"The Cleric","player_choice":"Card Removal","floor":5.0,"gold_loss":0.0,"damage_taken":0.0},{"damage_healed":0.0,"max_hp_gain":0.0,"max_hp_loss":0.0,"gold_gain":0.0,"event_name":"Living Wall","player_choice":"Grow","floor":14.0,"gold_loss":0.0,"damage_taken":0.0,"cards_upgraded":["Slimebound:LeadByExample"]},{"damage_healed":0.0,"max_hp_gain":0.0,"max_hp_loss":0.0,"gold_gain":0.0,"event_name":"Accursed Blacksmith","player_choice":"Forge","floor":19.0,"gold_loss":0.0,"damage_taken":0.0,"cards_upgraded":["Slimebound:LevelUp"]},{"damage_healed":0.0,"max_hp_gain":0.0,"max_hp_loss":38.0,"gold_gain":0.0,"event_name":"Ghosts","player_choice":"Became a Ghost","floor":28.0,"gold_loss":0.0,"damage_taken":0.0,"cards_obtained":["Ghostly","Ghostly","Ghostly","Ghostly","Ghostly"]},{"damage_healed":0.0,"max_hp_gain":0.0,"max_hp_loss":0.0,"gold_gain":0.0,"cards_transformed":["Slimebound:Tackle","Slimebound:LeadByExample"],"event_name":"Drug Dealer","player_choice":"Became Test Subject","floor":29.0,"gold_loss":0.0,"damage_taken":0.0,"cards_obtained":["Slimebound:DisruptingSlam","Slimebound:RejuvenatingLick"]},{"damage_healed":0.0,"max_hp_gain":0.0,"max_hp_loss":0.0,"gold_gain":0.0,"event_name":"Mysterious Sphere","player_choice":"Fight","floor":45.0,"gold_loss":0.0,"damage_taken":0.0},{"cards_removed":["Slimebound:Strike_Slimebound"],"damage_healed":0.0,"max_hp_gain":0.0,"max_hp_loss":0.0,"gold_gain":0.0,"event_name":"Falling","player_choice":"Removed Attack","floor":46.0,"gold_loss":0.0,"damage_taken":0.0}],"is_beta":false,"boss_relics":[{"not_picked":["Coffee Dripper","Calling Bell"],"picked":"Black Star"},{"not_picked":["Snecko Eye","Fusion Hammer"],"picked":"Sozu"}],"items_purged_floors":[8],"is_endless":false,"potions_floor_spawned":[6,10,11,15,21,22,33,36,38,45],"ascension_level":0}}