{"host":"jak4ncvfzor9mys0","time":1608021200,"event":{"mods":["2.2 Compatiblity","AchievementEnabler","BaseMod","Better Altar","Better Match","Better Note","Better Sensory Stone","Better Skull","Better Third Choice","BetterRewards","Block Reminder","Colored Map","Colored Powertips","Energized Spire","Gold Saver","Hubris","Infinite Spire","Key Reminder","Minty Spire (QoL Compilation)","Rare Cards Sparkle","Red Circlet Mod","Relic Sorter","Relic Stats","Replay The Spire","Retaliation","StSLib","SuperFastMode","The Blue Laboratory"],"gold_per_floor":[449,449,461,386,386,88,88,119,119,119,137,154,154,170,170,274,274,242,242,254,264,277,277,290,290,317,331,342,342,342],"floor_reached":29,"playtime":870,"items_purged":["Bash"],"score":229,"play_id":"0039d22c-a6ff-454d-9104-081b122d5d95","local_time":"20201215003320","is_ascension_mode":false,"campfire_choices":[{"data":"DDmod:SpikeMailSkill","floor":10,"key":"SMITH"},{"data":"Shrug It Off","floor":15,"key":"SMITH"},{"data":"Body Slam","floor":23,"key":"SMITH"}],"circlet_count":0,"master_deck":["Strike_R","Strike_R","Strike_R","Strike_R","Strike_R","Defend_R","Defend_R","Defend_R","Defend_R","Trip","DDmod:SpikeMailSkill+1","Shrug It Off+1","Body Slam+1","DDmod:SpikedSkill"],"relics":["Burning Blood","Happy Flower","DDmod:BarbedSlagRelic","hubris:Zylophone","hubris:GlazedTorus","Sozu","hubris:ChampionShield"],"acts_visited":["Exordium","TheCity"],"potions_floor_usage":[12],"damage_taken":[{"damage":5,"enemies":"Jaw Worm","floor":1,"turns":4},{"damage":0,"enemies":"2 Louse","floor":3,"turns":3},{"damage":31,"enemies":"3 Sentries","floor":8,"turns":10},{"damage":1,"enemies":"Cultist","floor":11,"turns":4},{"damage":3,"enemies":"Lots of Slimes","floor":12,"turns":4},{"damage":0,"enemies":"Looter","floor":14,"turns":4},{"damage":27,"enemies":"Hexaghost","floor":16,"turns":9},{"damage":0,"enemies":"2 Thieves","floor":18,"turns":5},{"damage":4,"enemies":"Spheric Guardian","floor":20,"turns":5},{"damage":22,"enemies":"Cultist and Chosen","floor":21,"turns":6},{"damage":23,"enemies":"Sentry and Sphere","floor":22,"turns":7},{"damage":0,"enemies":"Snecko","floor":24,"turns":6},{"damage":38,"enemies":"Cultist and Chosen","floor":27,"turns":6},{"damage":10,"enemies":"Centurion and Healer","floor":28,"turns":6},{"damage":17,"enemies":"Shelled Parasite and Fungi","floor":29,"turns":3}],"seed_played":"-8976116533263697594","potions_obtained":[{"floor":8,"key":"LiquidMemories"},{"floor":11,"key":"Flashbang"}],"is_trial":false,"path_per_floor":["M","?","M","$","?","$","$","E","T","R","M","M","?","M","R","B",null,"M","?","M","M","M","R","M","?","T","M","M","M"],"character_chosen":"IRONCLAD","items_purchased":["hubris:Zylophone"],"campfire_rested":0,"item_purchase_floors":[6],"current_hp_per_floor":[80,80,80,80,80,80,80,55,55,55,60,63,63,69,69,48,80,80,80,80,64,47,47,53,53,53,21,17,0,0],"gold":342,"neow_bonus":"RANDOM_COLORLESS","is_daily":false,"chose_seed":false,"campfire_upgraded":3,"win_rate":0.0,"timestamp":1608021200,"path_taken":["M","?","M","$","?","?","$","E","T","R","?","M","?","M","R","BOSS","M","?","M","M","M","R","M","?","T","?","M","M"],"items_purchased_type":["Relic"],"build_version":"2020-12-13","purchased_purges":1,"victory":false,"max_hp_per_floor":[80,80,80,80,80,80,80,80,80,80,80,80,80,80,80,80,80,80,80,80,80,80,80,80,80,80,80,80,80,80],"relic_stats":{"Sozu":3,"Happy Flower":[21],"counters":[15,82],"obtain_stats":[{"hubris:Zylophone":6,"Sozu":17,"Happy Flower":9,"hubris:ChampionShield":26,"DDmod:BarbedSlagRelic":2,"Burning Blood":0,"hubris:GlazedTorus":8},{"hubris:Zylophone":2,"Sozu":7,"Happy Flower":3,"hubris:ChampionShield":12,"DDmod:BarbedSlagRelic":1,"Burning Blood":0,"hubris:GlazedTorus":3},{"hubris:Zylophone":7,"Sozu":38,"Happy Flower":17,"hubris:ChampionShield":67,"DDmod:BarbedSlagRelic":4,"Burning Blood":0,"hubris:GlazedTorus":17}],"Burning Blood":69},"card_choices":[{"not_picked":["Specialist","ReplayTheSpireMod:Trickstab"],"picked":"Trip","floor":0},{"not_picked":["Armaments","Spot Weakness","ReplayTheSpireMod:Strike From Hell"],"picked":"SKIP","floor":1},{"not_picked":["Warcry","Defy Death"],"picked":"DDmod:SpikeMailSkill","floor":3},{"not_picked":["Thunderclap","Armaments","Iron Wave"],"picked":"SKIP","floor":8},{"not_picked":["Second Wind","Twin Strike","Spot Weakness"],"picked":"SKIP","floor":11},{"not_picked":["Infernal Blade","Pommel Strike","Twin Strike"],"picked":"SKIP","floor":12},{"not_picked":["Run Through","DDmod:PokeAttack"],"picked":"Shrug It Off","floor":14},{"not_picked":["Sword Boomerang","infinitespire:OneForAll","ReplayTheSpireMod:Corrosion Curse+1"],"picked":"SKIP","floor":18},{"not_picked":["Clash","Havoc+1","DDmod:CallousedSkill"],"picked":"SKIP","floor":20},{"not_picked":["Twin Strike+1","Sword Boomerang+1","Feel No Pain+1"],"picked":"SKIP","floor":21},{"not_picked":["Heavy Blade","hubris:ReadiedAction"],"picked":"Body Slam","floor":22},{"not_picked":["Bloodletting","Immolate","DDmod:BurningFumesPowerCard"],"picked":"SKIP","floor":24},{"not_picked":["Iron Wave","Perfected Strike"],"picked":"DDmod:SpikedSkill","floor":25},{"not_picked":["Defy Death+1","DDmod:PokeAttack+1","Searing Blow"],"picked":"SKIP","floor":27},{"not_picked":["Sentinel","Combust+1","Cleave"],"picked":"SKIP","floor":28}],"player_experience":2607796,"relics_obtained":[{"floor":8,"key":"hubris:GlazedTorus"},{"floor":9,"key":"Happy Flower"},{"floor":26,"key":"hubris:ChampionShield"}],"event_choices":[{"damage_healed":0,"gold_gain":0,"player_choice":"Ignored","damage_taken":386,"max_hp_gain":0,"max_hp_loss":0,"event_name":"betterThird:BetterSerpent","floor":5,"gold_loss":0},{"damage_healed":0,"gold_gain":0,"player_choice":"Leave","damage_taken":0,"max_hp_gain":0,"max_hp_loss":0,"event_name":"FaceTrader","floor":13,"gold_loss":0},{"cards_removed":["Strike_R"],"damage_healed":0,"gold_gain":0,"player_choice":"Give","damage_taken":0,"max_hp_gain":0,"max_hp_loss":0,"event_name":"betterNote:BetterNote","floor":19,"gold_loss":0,"cards_obtained":["Strike_R"]},{"damage_healed":0,"gold_gain":0,"player_choice":"1","damage_taken":0,"max_hp_gain":0,"max_hp_loss":0,"event_name":"betterMatch:BetterMatch","floor":25,"gold_loss":0,"cards_obtained":["betterMatch:UncommonCard","betterMatch:ColorlessUncommonCard","betterMatch:CommonCard"]}],"is_beta":false,"boss_relics":[{"not_picked":["energizedSpire:OgreHead","Ring of Chaos"],"picked":"Sozu"}],"items_purged_floors":[4],"is_endless":false,"potions_floor_spawned":[8,11,21,22,24],"killed_by":"Shelled Parasite and Fungi","ascension_level":0}}