{"host":"f6tqpspb2ou2a4h5","time":1608022907,"event":{"mods":["2.2 Compatiblity","Ascension Unlocker","BaseMod","Colored Map","DeckTracker","Hermit","Highlight Path","KOR Keyword Fix","Keyboard Shortcuts","Minty Spire (QoL Compilation)","Permanent Neow","Quick Restart","Random Character Button","StSLib","SuperFastMode","The Poker Player","everything is the same but u backflip on backflip"],"gold_per_floor":[12,32,47,3,23,23,48,48,48,48,123,123,48,75,75,154,154,170,170,63,73,73,73,83,83,107,136,136,136,148,11,11,90,90,100,110,162,162,181,181,199,199,270,48,0,0,10,23,23,23],"floor_reached":51,"playtime":3809,"items_purged":["Defend_G","Strike_G","Defend_G"],"score":1246,"play_id":"bcf3bde8-0b00-4e11-8598-91bcd4821a12","local_time":"20201215180147","is_ascension_mode":true,"campfire_choices":[{"data":"Prepared","floor":6.0,"key":"SMITH"},{"data":"Noxious Fumes","floor":8.0,"key":"SMITH"},{"data":"Tactician","floor":10.0,"key":"SMITH"},{"data":"Concentrate","floor":12.0,"key":"SMITH"},{"floor":15.0,"key":"REST"},{"data":"Footwork","floor":23.0,"key":"SMITH"},{"data":"Reflex","floor":25.0,"key":"SMITH"},{"floor":29.0,"key":"REST"},{"data":"Skewer","floor":32.0,"key":"SMITH"},{"floor":40.0,"key":"REST"},{"data":"Well Laid Plans","floor":42.0,"key":"SMITH"},{"data":"Acrobatics","floor":49.0,"key":"SMITH"}],"circlet_count":0,"master_deck":["AscendersBane","Defend_G","Defend_G","Defend_G","Survivor","Neutralize","Noxious Fumes+1","Skewer+1","Prepared+1","Underhanded Strike","Concentrate+1","Tactician+1","Acrobatics+1","Acrobatics+1","Footwork+1","Dagger Throw","After Image","Reflex+1","Corpse Explosion","Well Laid Plans+1"],"relics":["Ring of the Snake","Smiling Mask","Pen Nib","Bottled Tornado","HoveringKite","Orichalcum","Strawberry","Empty Cage","The Specimen","Mummified Hand","ClockworkSouvenir","Red Mask"],"acts_visited":["Exordium","TheCity","TheBeyond"],"potions_floor_usage":[50],"damage_taken":[{"damage":2.0,"enemies":"Jaw Worm","floor":1.0,"turns":4.0},{"damage":1.0,"enemies":"2 Louse","floor":2.0,"turns":3.0},{"damage":0.0,"enemies":"Cultist","floor":3.0,"turns":3.0},{"damage":0.0,"enemies":"2 Fungi Beasts","floor":5.0,"turns":4.0},{"damage":6.0,"enemies":"Gremlin Nob","floor":7.0,"turns":3.0},{"damage":23.0,"enemies":"Lagavulin","floor":14.0,"turns":7.0},{"damage":20.0,"enemies":"The Guardian","floor":16.0,"turns":10.0},{"damage":14.0,"enemies":"Chosen","floor":18.0,"turns":6.0},{"damage":0.0,"enemies":"Spheric Guardian","floor":21.0,"turns":6.0},{"damage":0.0,"enemies":"Snake Plant","floor":24.0,"turns":3.0},{"damage":17.0,"enemies":"Gremlin Leader","floor":27.0,"turns":6.0},{"damage":0.0,"enemies":"Centurion and Healer","floor":30.0,"turns":4.0},{"damage":3.0,"enemies":"Champ","floor":33.0,"turns":10.0},{"damage":29.0,"enemies":"3 Darklings","floor":35.0,"turns":5.0},{"damage":7.0,"enemies":"Orb Walker","floor":36.0,"turns":4.0},{"damage":3.0,"enemies":"2 Orb Walkers","floor":37.0,"turns":3.0},{"damage":4.0,"enemies":"Sphere and 2 Shapes","floor":39.0,"turns":4.0},{"damage":0.0,"enemies":"Writhing Mass","floor":41.0,"turns":3.0},{"damage":0.0,"enemies":"Maw","floor":47.0,"turns":5.0},{"damage":0.0,"enemies":"4 Shapes","floor":48.0,"turns":4.0},{"damage":47,"enemies":"Time Eater","floor":50,"turns":10}],"seed_played":"2637187523963799553","potions_obtained":[{"floor":3.0,"key":"Poison Potion"},{"floor":5.0,"key":"Explosive Potion"},{"floor":14.0,"key":"SteroidPotion"},{"floor":18.0,"key":"Dexterity Potion"},{"floor":27.0,"key":"CunningPotion"},{"floor":36.0,"key":"SpeedPotion"},{"floor":48.0,"key":"Fruit Juice"}],"is_trial":false,"path_per_floor":["M","M","M","$","M","R","E","R","T","R","?","R","$","E","R","B",null,"M","?","$","M","?","R","M","R","T","E","?","R","M","$","R","B",null,"M","M","?","?","M","R","M","R","T","$","?","?","M","M","R","B",null],"character_chosen":"THE_SILENT","items_purchased":["Tactician","Footwork","SteroidPotion","Corpse Explosion","ClockworkSouvenir"],"campfire_rested":3,"item_purchase_floors":[4,13,20,31,44],"current_hp_per_floor":[57,56,56,56,56,56,50,50,50,50,39,39,39,16,35,15,53,39,39,39,39,39,39,39,39,39,29,29,50,50,50,50,47,67,38,31,28,28,24,44,44,44,44,44,44,44,44,49,49,2],"gold":23,"neow_bonus":"TRANSFORM_TWO_CARDS","is_daily":false,"chose_seed":false,"campfire_upgraded":9,"win_rate":0.0,"timestamp":1608022907,"path_taken":["M","M","M","$","M","R","E","R","T","R","?","R","$","E","R","BOSS","M","?","?","M","?","R","?","R","T","E","?","R","?","$","R","BOSS","M","M","?","?","M","R","M","R","T","$","?","?","?","M","R","BOSS"],"items_purchased_type":["Card","Card","Potion","Card","Relic"],"build_version":"2020-12-13","purchased_purges":3,"victory":true,"max_hp_per_floor":[66,66,66,66,66,66,66,66,66,66,66,66,66,66,66,66,66,66,66,66,66,66,66,66,66,66,73,73,73,73,73,73,73,73,73,73,73,69,69,69,69,69,69,69,69,66,66,71,71,71],"card_choices":[{"not_picked":["Slice","Calculated Gamble"],"picked":"Prepared","floor":1.0},{"not_picked":["Accuracy","Slice"],"picked":"Underhanded Strike","floor":2.0},{"not_picked":["Underhanded Strike","Calculated Gamble"],"picked":"Concentrate","floor":3.0},{"not_picked":["Reflex","Flechettes"],"picked":"Acrobatics","floor":5.0},{"not_picked":["Deflect","Cloak And Dagger"],"picked":"Acrobatics","floor":7.0},{"not_picked":["Calculated Gamble","Tools of the Trade"],"picked":"Dagger Throw","floor":14.0},{"not_picked":["Envenom","Burst"],"picked":"After Image","floor":16.0},{"not_picked":["Cloak And Dagger","Endless Agony","Dagger Spray"],"picked":"SKIP","floor":18.0},{"not_picked":["Setup","Caltrops"],"picked":"Reflex","floor":21.0},{"not_picked":["Deflect","Endless Agony","Dash+1"],"picked":"SKIP","floor":24.0},{"not_picked":["Quick Slash","Dagger Throw","Sucker Punch"],"picked":"SKIP","floor":27.0},{"not_picked":["Poisoned Stab","Bane","Dagger Spray"],"picked":"SKIP","floor":30.0},{"not_picked":["Dash","Deadly Poison","Dagger Spray"],"picked":"SKIP","floor":35.0},{"not_picked":["Predator","PiercingWail","All Out Attack"],"picked":"SKIP","floor":36.0},{"not_picked":["Infinite Blades+1","All Out Attack"],"picked":"Well Laid Plans","floor":39.0},{"not_picked":["Blade Dance","Bouncing Flask+1","Malaise"],"picked":"SKIP","floor":41.0},{"not_picked":["Backflip","Dagger Spray+1","PiercingWail"],"picked":"SKIP","floor":47.0},{"not_picked":["Backflip","Dagger Spray+1","PiercingWail"],"picked":"SKIP","floor":47.0},{"not_picked":["Poisoned Stab+1","Prepared","Predator"],"picked":"SKIP","floor":48.0}],"player_experience":20297,"relics_obtained":[{"floor":7.0,"key":"Smiling Mask"},{"floor":9.0,"key":"Pen Nib"},{"floor":14.0,"key":"Bottled Tornado"},{"floor":26.0,"key":"Orichalcum"},{"floor":27.0,"key":"Strawberry"},{"floor":37.0,"key":"The Specimen"},{"floor":43.0,"key":"Mummified Hand"}],"event_choices":[{"damage_healed":0.0,"max_hp_gain":0.0,"max_hp_loss":0.0,"gold_gain":75.0,"event_name":"World of Goop","player_choice":"Gather Gold","floor":11.0,"gold_loss":0.0,"damage_taken":11.0},{"damage_healed":0.0,"max_hp_gain":0.0,"max_hp_loss":0.0,"gold_gain":0.0,"event_name":"Accursed Blacksmith","player_choice":"Forge","floor":19.0,"gold_loss":0.0,"damage_taken":0.0,"cards_upgraded":["Acrobatics"]},{"damage_healed":0.0,"max_hp_gain":0.0,"max_hp_loss":0.0,"gold_gain":0.0,"event_name":"Match and Keep!","player_choice":"0 cards matched","floor":28.0,"gold_loss":0.0,"damage_taken":0.0,"cards_obtained":[]},{"damage_healed":0.0,"max_hp_gain":0.0,"max_hp_loss":0.0,"gold_gain":0.0,"event_name":"Mysterious Sphere","player_choice":"Fight","floor":37.0,"gold_loss":0.0,"damage_taken":0.0},{"damage_healed":0.0,"max_hp_gain":0.0,"max_hp_loss":4.0,"gold_gain":0.0,"event_name":"Winding Halls","player_choice":"Max HP","floor":38.0,"gold_loss":0.0,"damage_taken":0.0},{"damage_healed":0.0,"max_hp_gain":0.0,"max_hp_loss":0.0,"gold_gain":0.0,"event_name":"Tomb of Lord Red Mask","player_choice":"Paid","floor":45.0,"gold_loss":48.0,"damage_taken":0.0,"relics_obtained":["Red Mask"]},{"cards_removed":["Parasite"],"damage_healed":0.0,"max_hp_gain":0.0,"max_hp_loss":0.0,"gold_gain":0.0,"event_name":"Fountain of Cleansing","player_choice":"Removed Curses","floor":46.0,"gold_loss":0.0,"damage_taken":0.0}],"is_beta":false,"boss_relics":[{"not_picked":["Calling Bell","Astrolabe"],"picked":"HoveringKite"},{"not_picked":["Sozu","Velvet Choker"],"picked":"Empty Cage"}],"items_purged_floors":[20,31,44],"is_endless":false,"potions_floor_spawned":[3,5,14,18,27,36,48],"ascension_level":20}}