{"host":"wbdldanbffix1hn8","time":1608024533,"event":{"mods":["Act Like it!","BaseMod","BetterRewards","Colored Map","Colored Powertips","Downfall","Hallownest","Hermit","Infinite Spire","Mad Scientist","Minty Spire (QoL Compilation)","Rare Cards Sparkle","Replay The Spire","Shop Mod","Somnambulant","StSLib","The Bug Knight","The Cursed","The Forsaken","The Hierophant","The Necromancer","The Poker Player","The Runesmith"],"gold_per_floor":[99,99,131,131,142,242,324,351,336,336,336,355,355,368,387,387,387],"floor_reached":16,"playtime":800,"items_purged":[],"score":133,"play_id":"6c02abe1-20c7-456e-add8-40a55a2ef6ca","local_time":"20201215042853","is_ascension_mode":false,"campfire_choices":[{"floor":1,"key":"DIG"},{"floor":10,"key":"REST"}],"circlet_count":0,"master_deck":["hexamod:Strike","hexamod:Strike","hexamod:Strike","hexamod:Strike","hexamod:Defend","hexamod:Defend","hexamod:Defend","hexamod:Defend","hexamod:Sear","hexamod:Float","hexamod:SpectersWail","hexamod:SecondSeal","hexamod:SwordOfDarkness+1","hexamod:FifthSeal","hexamod:SixthSeal","hexamod:GhostflameInferno","hexamod:ThirdSeal","hexamod:VolcanoVisage","hexamod:FourthSeal","hexamod:GhostflameBarrier","hexamod:FastForward","hexamod:FirstSeal","hexamod:NightmareGuise","hexamod:ChargedBarrage","hexamod:TimeOfNeed"],"relics":["hexamod:SpiritBrand","downfall:HeartsMalice","Bag of Marbles","WingedGreaves","Matryoshka","Strawberry"],"acts_visited":["Exordium"],"potions_floor_usage":[15,16,16],"damage_taken":[{"damage":0,"enemies":"Cultist","floor":2,"turns":1},{"damage":0,"enemies":"Lagavulin","floor":3,"turns":1},{"damage":0,"enemies":"2 Louse","floor":4,"turns":1},{"damage":4,"enemies":"Small Slimes","floor":5,"turns":2},{"damage":40,"enemies":"3 Sentries","floor":8,"turns":10},{"damage":10,"enemies":"downfall:FleeingMerchant","floor":9,"turns":4},{"damage":26,"enemies":"Exordium Thugs","floor":12,"turns":5},{"damage":12,"enemies":"2 Fungi Beasts","floor":14,"turns":4},{"damage":2,"enemies":"Gremlin Gang","floor":15,"turns":3},{"damage":6,"enemies":"downfall:Ironclad","floor":16,"turns":1}],"seed_played":"2171389613790810380","potions_obtained":[{"floor":3,"key":"infinitespire:BlackPotion"},{"floor":5,"key":"GamblersBrew"},{"floor":8,"key":"Languid Potion"},{"floor":15,"key":"Strength Potion"}],"is_trial":false,"path_per_floor":["R_BF","M","E","M","M","?","T","E","$","R","?","M","?","M","M","B"],"character_chosen":"THE_SPIRIT","items_purchased":[],"campfire_rested":1,"item_purchase_floors":[],"current_hp_per_floor":[70,70,70,70,66,66,66,33,23,46,46,20,20,8,6,0,0],"gold":387,"neow_bonus":"THREE_ENEMY_KILL","is_daily":false,"chose_seed":false,"campfire_upgraded":0,"win_rate":0.0,"timestamp":1608024533,"path_taken":["R_BF","M","E","M","M","?","T","E","$","R","?","M","?","?","M","BOSS"],"items_purchased_type":[],"build_version":"2020-12-13","purchased_purges":0,"victory":false,"max_hp_per_floor":[70,70,70,70,70,70,70,77,77,77,77,77,77,77,77,77,77],"card_choices":[{"not_picked":["hexamod:GhostLash","hexamod:RainOfEmbers"],"picked":"hexamod:SpectersWail","floor":2},{"not_picked":["hexamod:SpectersWail","hexamod:FirstSeal"],"picked":"hexamod:SecondSeal","floor":3},{"not_picked":["hexamod:FastForward","hexamod:InspiringFlames"],"picked":"hexamod:SwordOfDarkness","floor":4},{"not_picked":["hexamod:CatchUp","hexamod:GhostShield"],"picked":"hexamod:FifthSeal","floor":5},{"not_picked":["hexamod:SecondSeal","hexamod:FirstSeal"],"picked":"hexamod:SixthSeal","floor":8},{"not_picked":["hexamod:SpectersWail","hexamod:Incineration"],"picked":"hexamod:GhostflameInferno","floor":8},{"not_picked":["hexamod:SixthSeal","hexamod:FirstSeal"],"picked":"hexamod:ThirdSeal","floor":9},{"not_picked":["hexamod:Firestarter","hexamod:TurnItUp"],"picked":"hexamod:VolcanoVisage","floor":9},{"not_picked":["hexamod:SecondSeal","hexamod:FirstSeal"],"picked":"hexamod:FourthSeal","floor":12},{"not_picked":["hexamod:Haunt","hexamod:AdvancingGuard"],"picked":"hexamod:GhostflameBarrier","floor":12},{"not_picked":["hexamod:Hexaguard","hexamod:RainOfEmbers"],"picked":"hexamod:FastForward","floor":14},{"not_picked":["hexamod:SixthSeal","hexamod:FourthSeal"],"picked":"hexamod:FirstSeal","floor":14},{"not_picked":["hexamod:GhostOfSpirePast","hexamod:NecessarySacrifice"],"picked":"hexamod:NightmareGuise","floor":14},{"not_picked":["hexamod:AdvancingGuard","hexamod:RetreatToShadows"],"picked":"hexamod:ChargedBarrage","floor":15},{"not_picked":["hexamod:FourthSeal","hexamod:Firestarter"],"picked":"hexamod:TimeOfNeed","floor":15}],"player_experience":143713,"relics_obtained":[{"floor":1,"key":"Bag of Marbles"},{"floor":3,"key":"WingedGreaves"},{"floor":7,"key":"Matryoshka"},{"floor":8,"key":"Strawberry"}],"event_choices":[{"damage_healed":0,"gold_gain":0,"player_choice":"Ignored","damage_taken":0,"max_hp_gain":0,"max_hp_loss":0,"event_name":"Purifier","floor":13,"gold_loss":0}],"is_beta":false,"boss_relics":[],"items_purged_floors":[],"is_endless":false,"potions_floor_spawned":[3,5,8,15],"killed_by":"downfall:Ironclad","ascension_level":0}}