{"host":"exlsoi54q6pc3sri","time":1608064650,"event":{"mods":["2.2 Compatiblity","AchievementEnabler","Act Like it!","Aspiration","BaseMod","Beaked The Cultist","Better Altar","Better Match","Better Note","Better Sensory Stone","Better Skull","Better Third Choice","BetterRewards","CCEM","Colored Map","Colored Powertips","Conspire","Downfall","Friendly Minions","GifTheSpireLib","Halation","Highlight Path","Hubris","Infinite Spire","Jedi Mod","Jorbs\u0027s Wanderer Trilogy","Marisa????????","Mimic Mod","Minty Spire (QoL Compilation)","Permanent Neow","Rare Cards Sparkle","Replay The Spire","Shop Mod","Spicy Shops","StSLib","Stuff the Spire","Unceasing Turn Reminder"],"gold_per_floor":[399,410,429,464,45,59,59],"floor_reached":6,"playtime":592,"items_purged":["conspire:Blindness"],"score":46,"play_id":"58d4e560-1084-4df8-b347-7bd0105faebf","local_time":"20201215203730","is_ascension_mode":true,"campfire_choices":[{"floor":1,"key":"RECALL"}],"circlet_count":0,"master_deck":["Guardian:Strike_Guardian","Guardian:Strike_Guardian","Guardian:Strike_Guardian","Guardian:Strike_Guardian","Guardian:Defend_Guardian","Guardian:Defend_Guardian","Guardian:Defend_Guardian","Guardian:Defend_Guardian","Guardian:CurlUp","Guardian:TwinSlam","Guardian:Gem_Crimson","Guardian:Gem_White","Guardian:FloatingOrbs","Guardian:FloatingOrbs"],"relics":["Guardian:ModeShifter","Old Coin","Juzu Bracelet","MerchantsRug","Replay:Bandana"],"acts_visited":["Exordium"],"potions_floor_usage":[4],"damage_taken":[{"damage":0,"enemies":"Cultist","floor":2,"turns":4},{"damage":4,"enemies":"2 Louse","floor":3,"turns":3},{"damage":45,"enemies":"Gremlin Nob","floor":4,"turns":5},{"damage":0,"enemies":"downfall:FleeingMerchant","floor":5,"turns":4},{"damage":33,"enemies":"Lagavulin","floor":6,"turns":8}],"seed_played":"-7683720741005300005","potions_obtained":[{"floor":2,"key":"Elixir"},{"floor":4,"key":"BlessingOfTheForge"}],"is_trial":false,"path_per_floor":["R_BF","M","M","E","$","E"],"character_chosen":"GUARDIAN","items_purchased":["Guardian:FloatingOrbs","MerchantsRug","Replay:Bandana"],"campfire_rested":0,"item_purchase_floors":[5,5,5],"current_hp_per_floor":[80,80,76,31,31,0,0],"gold":59,"neow_bonus":"ONE_RARE_RELIC","is_daily":false,"chose_seed":false,"campfire_upgraded":0,"win_rate":0.0,"timestamp":1608064650,"path_taken":["R_BF","M","?","E","$","E"],"items_purchased_type":["Card","Relic","Relic"],"build_version":"2020-12-13","purchased_purges":1,"victory":false,"max_hp_per_floor":[80,80,80,80,80,80,80],"card_choices":[{"not_picked":["Guardian:ChargeCore","Guardian:Gem_Lightblue"],"picked":"Guardian:Gem_Crimson","floor":2},{"not_picked":["Guardian:ChargeCore","Guardian:MultiBeam","Guardian:GuardianWhirl"],"picked":"SKIP","floor":3},{"not_picked":["Guardian:WalkerClaw","Guardian:TimeCapacitor"],"picked":"Guardian:Gem_White","floor":4},{"not_picked":["Guardian:Planning","Guardian:VentSteam"],"picked":"Guardian:FloatingOrbs","floor":5}],"player_experience":83074,"relics_obtained":[{"floor":4,"key":"Juzu Bracelet"}],"event_choices":[],"is_beta":false,"boss_relics":[],"items_purged_floors":[5],"is_endless":false,"potions_floor_spawned":[2,4],"killed_by":"Lagavulin","ascension_level":1}}