{"host":"c5zi7xii2asw1e3y","time":1608033470,"event":{"mods":["AchievementEnabler","BaseMod","Block Reminder","Colored Powertips","Downfall","Highlight Path","Hubris","Infinite Spire","Jorbs\u0027s Wanderer Trilogy","Minty Spire (QoL Compilation)","Permanent Neow","Quick Restart","Random Character Button","Replay The Spire","StSLib","The Blue Laboratory","The Cursed","The Jungle"],"gold_per_floor":[116,16,28,39,39,39,54,54,54,79,95,109,119,140,140,241,241,254,254,265,298,298,298,362,420,420,436,462,377,377,439,439,571,571,623,1622,1622,1622,1743,1743,1965,1965,1965,1965,1965,1965],"floor_reached":45,"playtime":4338,"items_purged":["Strike_R","Defend_R"],"score":690,"play_id":"073dac32-cddb-455f-b2c6-ed858b3b0775","local_time":"20201215125750","is_ascension_mode":false,"campfire_choices":[{"data":"Thunderclap","floor":6,"key":"SMITH"},{"data":"Hemogenesis","floor":8,"key":"SMITH"},{"data":"Defend_R","floor":15,"key":"PURGE"},{"data":"infinitespire:UltimateForm","floor":23,"key":"SMITH"},{"floor":30,"key":"REST"},{"data":"hubris:Fate","floor":40,"key":"SMITH"},{"floor":42,"key":"REST"},{"floor":44,"key":"REST"}],"circlet_count":0,"master_deck":["Strike_R","Strike_R","Strike_R","Strike_R","Defend_R","Defend_R","Bash","Cleave","Pummel","Run Through","Thunderclap+1","Clash","Hemogenesis+1","Flex","Iron Wave","Anger","Brutality+1","Cleave","hubris:StunningStrike","CurseOfTheBell","Heavy Blade","infinitespire:UltimateForm+1","ReplayTheSpireMod:Muscle Training","Pummel+1","Hallucinations","Rupture","hubris:ReadiedAction","Shrug It Off","Clash","ReplayTheSpireMod:Muscle Training","Warcry+1","Replay:Many Hands","Rampage+1","Normality","Normality","hubris:Fate+1","Metallicize","Whirlwind","Seeing Red+1"],"relics":["Burning Blood","Bag of Preparation","Blood Vial","Odd Mushroom","Calling Bell","Replay:Mystery Machine","Replay:Ringing Soul","Charon\u0027s Ashes","Iron Hammer","Red Mask","ReplayTheSpireMod:Ring of Challenge","ReplayTheSpireMod:Ring of Sloth","Replay:Bottled Steam","Dream Catcher","Red Skull","infinitespire:EvilPickle","Replay:Fungal Core","Paper Frog","Bag of Marbles"],"acts_visited":["Exordium","TheCity","TheBeyond"],"potions_floor_usage":[16,20,24,31,45,45],"damage_taken":[{"damage":6,"enemies":"Cultist","floor":1,"turns":3},{"damage":0,"enemies":"Small Slimes","floor":3,"turns":3},{"damage":11,"enemies":"Jaw Worm","floor":4,"turns":2},{"damage":0,"enemies":"3 Louse","floor":7,"turns":2},{"damage":6,"enemies":"Gremlin Nob","floor":10,"turns":3},{"damage":7,"enemies":"Blue Slaver","floor":11,"turns":2},{"damage":10,"enemies":"Looter","floor":12,"turns":2},{"damage":0,"enemies":"2 Fungi Beasts","floor":13,"turns":2},{"damage":28,"enemies":"The Mushroom Lair","floor":14,"turns":4},{"damage":38,"enemies":"Hexaghost","floor":16,"turns":6},{"damage":25,"enemies":"Spheric Guardian","floor":18,"turns":5},{"damage":2,"enemies":"2 Thieves","floor":20,"turns":3},{"damage":12,"enemies":"Masked Bandits","floor":21,"turns":3},{"damage":16,"enemies":"Snake Plant","floor":24,"turns":3},{"damage":45,"enemies":"Centurion and Healer","floor":25,"turns":6},{"damage":22,"enemies":"Snecko","floor":27,"turns":5},{"damage":57,"enemies":"3 Cultists","floor":31,"turns":6},{"damage":68,"enemies":"Pondfish","floor":33,"turns":10},{"damage":18,"enemies":"Orb Walker","floor":35,"turns":2},{"damage":25,"enemies":"3 Shapes","floor":39,"turns":4},{"damage":147,"enemies":"Nightmare","floor":45,"turns":7}],"seed_played":"-4948755240322245260","potions_obtained":[{"floor":3,"key":"SpeedPotion"},{"floor":7,"key":"blueLaboratory:BottleOfVodka"},{"floor":12,"key":"blueLaboratory:PhilterOfMotion"},{"floor":13,"key":"infinitespire:BlackPotion"},{"floor":18,"key":"LiquidMemories"},{"floor":24,"key":"Dexterity Potion"},{"floor":27,"key":"blueLaboratory:ArtificerPotion"},{"floor":35,"key":"blueLaboratory:RecallPotion"},{"floor":39,"key":"Block Potion"}],"is_trial":false,"path_per_floor":["M","$","M","M","$","R","M","R","T","E","M","M","M","?","R","B",null,"M","AVR","M","?","?","R","M","M","T","M","T","?","R","M","R","B",null,"M","?","?","T","M","R","?","R","T","R","NM"],"character_chosen":"IRONCLAD","items_purchased":["Run Through"],"campfire_rested":3,"item_purchase_floors":[2],"current_hp_per_floor":[80,80,80,75,75,75,80,80,80,80,79,76,80,69,69,50,80,72,75,89,86,89,89,84,50,50,50,50,50,84,38,74,25,116,107,110,83,83,80,80,80,121,121,134,0,0],"gold":1965,"neow_bonus":"THREE_CARDS","is_daily":false,"chose_seed":false,"campfire_upgraded":4,"win_rate":0.0,"timestamp":1608033470,"path_taken":["M","?","M","?","$","R","M","R","T","E","M","M","M","?","R","BOSS","M","AVR","M","?","?","R","M","M","T","M","?","?","R","M","R","BOSS","M","?","?","?","M","R","?","R","T","R","NM"],"items_purchased_type":["Card"],"build_version":"2020-12-13","purchased_purges":2,"victory":false,"max_hp_per_floor":[80,80,80,80,80,80,80,80,80,80,80,80,80,80,80,80,80,83,86,89,92,95,95,98,101,101,104,104,104,107,110,113,116,116,119,122,125,125,128,128,128,131,131,134,134,134],"card_choices":[{"not_picked":["Sword Boomerang","Iron Wave"],"picked":"Cleave","floor":0},{"not_picked":["Shrug It Off","Perfected Strike"],"picked":"Pummel","floor":1},{"not_picked":["Power Through","Headbutt"],"picked":"Thunderclap","floor":3},{"not_picked":["Hemokinesis","Body Slam"],"picked":"Clash","floor":4},{"not_picked":["Reckless Charge","Body Slam"],"picked":"Hemogenesis","floor":7},{"not_picked":["Disarm","Shockwave"],"picked":"Flex","floor":10},{"not_picked":["Perfected Strike","Armaments"],"picked":"Iron Wave","floor":11},{"not_picked":["Clothesline","Body Slam"],"picked":"Anger","floor":12},{"not_picked":["Anger","Warcry"],"picked":"Brutality","floor":13},{"not_picked":["Run Through","Burning Pact"],"picked":"Cleave","floor":14},{"not_picked":["Demonic Infusion","Barricade"],"picked":"hubris:StunningStrike","floor":16},{"not_picked":["Perfected Strike","Clothesline"],"picked":"Heavy Blade","floor":18},{"not_picked":["Clothesline","Feel No Pain"],"picked":"ReplayTheSpireMod:Muscle Training","floor":20},{"not_picked":["Impervious","Perfected Strike"],"picked":"Pummel+1","floor":21},{"not_picked":["Clothesline","ReplayTheSpireMod:Muscle Training"],"picked":"Rupture","floor":24},{"not_picked":["Dark Embrace","Heavy Blade"],"picked":"hubris:ReadiedAction","floor":25},{"not_picked":["Cleave","Dark Embrace"],"picked":"Shrug It Off","floor":27},{"not_picked":["Warcry","Searing Blow+1"],"picked":"Clash","floor":30},{"not_picked":["Shrug It Off","ReplayTheSpireMod:LeadingStrike+1"],"picked":"ReplayTheSpireMod:Muscle Training","floor":31},{"not_picked":["Headbutt","ReplayTheSpireMod:Strike From Hell"],"picked":"Warcry+1","floor":32},{"not_picked":["Fiend Fire","Offering"],"picked":"Replay:Many Hands","floor":33},{"not_picked":["True Grit+1","ReplayTheSpireMod:Strike From Hell+1"],"picked":"Rampage+1","floor":35},{"not_picked":["infinitespire:Fortify","ReplayTheSpireMod:Book of Names"],"picked":"hubris:Fate","floor":37},{"not_picked":["ReplayReversal+1","Rampage"],"picked":"Metallicize","floor":39},{"not_picked":["Replay:Undeath\u0027s Touch+1","Clothesline"],"picked":"Whirlwind","floor":42},{"not_picked":["Dual Wield+1","Clash"],"picked":"Seeing Red+1","floor":44}],"player_experience":45538,"relics_obtained":[{"floor":9,"key":"Bag of Preparation"},{"floor":10,"key":"Blood Vial"},{"floor":14,"key":"Odd Mushroom"},{"floor":17,"key":"Replay:Mystery Machine"},{"floor":17,"key":"Replay:Ringing Soul"},{"floor":17,"key":"Charon\u0027s Ashes"},{"floor":21,"key":"Red Mask"},{"floor":22,"key":"ReplayTheSpireMod:Ring of Challenge"},{"floor":22,"key":"ReplayTheSpireMod:Ring of Sloth"},{"floor":26,"key":"Replay:Bottled Steam"},{"floor":28,"key":"Dream Catcher"},{"floor":38,"key":"Paper Frog"},{"floor":43,"key":"Bag of Marbles"}],"event_choices":[{"damage_healed":0,"gold_gain":0,"player_choice":"Fought Mushrooms","damage_taken":0,"max_hp_gain":0,"max_hp_loss":0,"event_name":"Mushrooms","floor":14,"gold_loss":0},{"damage_healed":0,"gold_gain":0,"player_choice":"Fought Bandits","damage_taken":0,"max_hp_gain":0,"max_hp_loss":0,"event_name":"Masked Bandits","floor":21,"gold_loss":0},{"damage_healed":0,"gold_gain":0,"player_choice":"Obtained Relic","damage_taken":0,"relics_obtained":["Red Skull"],"max_hp_gain":0,"max_hp_loss":0,"event_name":"Addict","floor":29,"gold_loss":85},{"damage_healed":0,"gold_gain":999,"player_choice":"Gold","damage_taken":0,"max_hp_gain":0,"max_hp_loss":0,"event_name":"MindBloom","floor":36,"gold_loss":0,"cards_obtained":["Normality","Normality"]},{"damage_healed":0,"gold_gain":222,"player_choice":"Wore Mask","damage_taken":0,"max_hp_gain":0,"max_hp_loss":0,"event_name":"Tomb of Lord Red Mask","floor":41,"gold_loss":0}],"is_beta":false,"boss_relics":[{"not_picked":["hubris:CrackedHourglass","Mark of Pain"],"picked":"Calling Bell"},{"not_picked":["Snecko Eye","Replay:Grab Bag"],"picked":"Replay:Fungal Core"}],"items_purged_floors":[2,19],"is_endless":false,"potions_floor_spawned":[3,7,12,13,18,24,27,35,39],"killed_by":"Nightmare","ascension_level":0}}