{"host":"g8zw5beq5mqt80bj","time":1608026222,"event":{"mods":["2.2 Compatiblity","AchievementEnabler","BaseMod","Colored Map","Colored Powertips","DeckTracker","Highlight Path","Minty Spire (QoL Compilation)","Quick Restart","Random Character Button","Rare Cards Sparkle"],"gold_per_floor":[116,130,130,130,130,164,164,179,179,206,218,218,244,263,263,364,364,379,397,397,416,140,170,170,182,182,182,198,216,216,236,236,236,236],"floor_reached":33,"playtime":2521,"items_purged":[],"score":339,"play_id":"9600e487-4039-462d-926b-9b1c2b9209c7","local_time":"20201215105702","is_ascension_mode":false,"campfire_choices":[{"floor":7,"key":"REST"},{"data":"Body Slam","floor":12,"key":"SMITH"},{"floor":15,"key":"REST"},{"data":"Demon Form","floor":24,"key":"SMITH"},{"data":"Finesse","floor":30,"key":"SMITH"},{"floor":32,"key":"REST"}],"circlet_count":0,"master_deck":["Strike_R+1","Strike_R","Strike_R","Strike_R","Strike_R","Defend_R","Defend_R","Defend_R","Defend_R","Bash","Shrug It Off","Iron Wave+1","Headbutt","Entrench","Impervious","Body Slam+1","Demon Form+1","Dropkick","Immolate+1","Anger","Dual Wield","Sword Boomerang","Flex","Finesse+1","Sword Boomerang","Thunderclap","Shrug It Off+1","Flex"],"relics":["Burning Blood","Lantern","Meat on the Bone","Art of War","Self Forming Clay","PreservedInsect","Nunchaku","Busted Crown","Vajra","Gambling Chip","MealTicket"],"acts_visited":["Exordium","TheCity"],"potions_floor_usage":[10,13,28,33,33,33],"damage_taken":[{"damage":0,"enemies":"Small Slimes","floor":1,"turns":3},{"damage":4,"enemies":"2 Louse","floor":2,"turns":2},{"damage":52,"enemies":"Lagavulin","floor":6,"turns":10},{"damage":0,"enemies":"Jaw Worm","floor":8,"turns":3},{"damage":29,"enemies":"3 Sentries","floor":10,"turns":10},{"damage":0,"enemies":"Exordium Wildlife","floor":11,"turns":7},{"damage":0,"enemies":"Gremlin Nob","floor":13,"turns":2},{"damage":6,"enemies":"Red Slaver","floor":14,"turns":2},{"damage":57,"enemies":"The Guardian","floor":16,"turns":9},{"damage":8,"enemies":"2 Thieves","floor":18,"turns":3},{"damage":5,"enemies":"Chosen","floor":19,"turns":4},{"damage":15,"enemies":"Snecko","floor":21,"turns":4},{"damage":0,"enemies":"Gremlin Leader","floor":23,"turns":4},{"damage":16,"enemies":"Centurion and Healer","floor":25,"turns":4},{"damage":17,"enemies":"Sentry and Sphere","floor":28,"turns":5},{"damage":15,"enemies":"Shelled Parasite and Fungi","floor":29,"turns":3},{"damage":25,"enemies":"Snake Plant","floor":31,"turns":3},{"damage":82,"enemies":"Collector","floor":33,"turns":6}],"seed_played":"1387659920563928192","potions_obtained":[{"floor":1,"key":"Swift Potion"},{"floor":6,"key":"ElixirPotion"},{"floor":13,"key":"Fruit Juice"},{"floor":16,"key":"SpeedPotion"},{"floor":23,"key":"AttackPotion"},{"floor":29,"key":"Weak Potion"}],"is_trial":false,"path_per_floor":["M","M","?","?","?","E","R","M","T","E","M","R","E","M","R","B",null,"M","M","?","M","$","E","R","M","T","?","M","M","R","M","R","B"],"character_chosen":"IRONCLAD","items_purchased":["Flex","Vajra","Finesse"],"campfire_rested":3,"item_purchase_floors":[22,22,22],"current_hp_per_floor":[80,80,85,68,61,27,52,58,58,47,53,53,64,64,90,51,90,88,89,80,71,71,77,77,67,67,67,56,59,59,52,79,0,0],"gold":236,"neow_bonus":"RANDOM_COMMON_RELIC","is_daily":false,"chose_seed":false,"campfire_upgraded":3,"win_rate":0.0,"timestamp":1608026222,"path_taken":["M","M","?","?","?","E","R","?","T","E","M","R","E","M","R","BOSS","M","M","?","?","$","E","R","M","T","?","?","M","R","M","R","BOSS"],"items_purchased_type":["Card","Relic","Card"],"build_version":"2020-12-13","purchased_purges":0,"victory":false,"max_hp_per_floor":[80,80,85,85,85,85,85,85,85,85,85,85,90,90,90,90,90,90,90,90,90,90,90,90,90,90,90,90,90,90,90,90,90,90],"card_choices":[{"not_picked":["Cleave","Sword Boomerang"],"picked":"Shrug It Off","floor":1},{"not_picked":["Cleave","Body Slam"],"picked":"Iron Wave","floor":2},{"not_picked":["Feel No Pain","Body Slam"],"picked":"Headbutt","floor":6},{"not_picked":["Havoc","True Grit"],"picked":"Entrench","floor":8},{"not_picked":["Exhume","Bludgeon"],"picked":"Impervious","floor":10},{"not_picked":["Second Wind","Whirlwind"],"picked":"Body Slam","floor":11},{"not_picked":["Perfected Strike","Warcry"],"picked":"Demon Form","floor":13},{"not_picked":["Clothesline","Warcry"],"picked":"Dropkick","floor":14},{"not_picked":["Double Tap","Juggernaut"],"picked":"Immolate","floor":16},{"not_picked":[],"picked":"Anger","floor":18},{"not_picked":[],"picked":"Dual Wield","floor":19},{"not_picked":[],"picked":"Sword Boomerang","floor":21},{"not_picked":["Second Wind"],"picked":"SKIP","floor":23},{"not_picked":[],"picked":"Sword Boomerang","floor":25},{"not_picked":[],"picked":"Thunderclap","floor":28},{"not_picked":[],"picked":"Shrug It Off+1","floor":29},{"not_picked":[],"picked":"Flex","floor":31}],"player_experience":92799,"relics_obtained":[{"floor":6,"key":"Art of War"},{"floor":9,"key":"Self Forming Clay"},{"floor":10,"key":"PreservedInsect"},{"floor":13,"key":"Nunchaku"},{"floor":23,"key":"Gambling Chip"},{"floor":26,"key":"MealTicket"}],"event_choices":[{"damage_healed":0,"gold_gain":0,"player_choice":"Donut","damage_taken":0,"max_hp_gain":5,"max_hp_loss":0,"event_name":"Big Fish","floor":3,"gold_loss":0},{"damage_healed":0,"gold_gain":0,"player_choice":"Entered Light","damage_taken":17,"max_hp_gain":0,"max_hp_loss":0,"event_name":"Shining Light","floor":4,"gold_loss":0,"cards_upgraded":["Strike_R","Iron Wave"]},{"damage_healed":0,"gold_gain":0,"player_choice":"Success","damage_taken":7,"relics_obtained":["Meat on the Bone"],"max_hp_gain":0,"max_hp_loss":0,"event_name":"Scrap Ooze","floor":5,"gold_loss":0},{"damage_healed":0,"gold_gain":0,"player_choice":"Damaged","damage_taken":9,"max_hp_gain":0,"max_hp_loss":0,"event_name":"Wheel of Change","floor":20,"gold_loss":0},{"damage_healed":0,"gold_gain":0,"player_choice":"Upgraded","damage_taken":0,"max_hp_gain":0,"max_hp_loss":0,"event_name":"Upgrade Shrine","floor":27,"gold_loss":0,"cards_upgraded":["Immolate"]}],"is_beta":false,"boss_relics":[{"not_picked":["Black Star","Velvet Choker"],"picked":"Busted Crown"}],"items_purged_floors":[],"is_endless":false,"potions_floor_spawned":[1,6,13,16,23,25,29],"killed_by":"Collector","ascension_level":0}}