{"host":"jak4ncvfzor9mys0","time":1608073757,"event":{"mods":["2.2 Compatiblity","AchievementEnabler","BaseMod","Better Altar","Better Match","Better Note","Better Sensory Stone","Better Skull","Better Third Choice","BetterRewards","Block Reminder","Colored Map","Colored Powertips","Energized Spire","Gold Saver","Hubris","Infinite Spire","Key Reminder","Minty Spire (QoL Compilation)","Rare Cards Sparkle","Red Circlet Mod","Relic Sorter","Relic Stats","Replay The Spire","Retaliation","StSLib","SuperFastMode","The Blue Laboratory"],"gold_per_floor":[281,281,323,342,342,386,401,424,424,43,43,43,87,101,101,230,230,200,57,82,95,113,113,113],"floor_reached":23,"playtime":828,"items_purged":["Strike_R"],"score":301,"play_id":"83a3b251-10d1-4387-b801-d004f6c961a5","local_time":"20201215150917","is_ascension_mode":false,"campfire_choices":[{"floor":12,"key":"REST"}],"circlet_count":0,"master_deck":["Strike_R","Strike_R","Strike_R","Strike_R","Defend_R","Defend_R","Defend_R","Defend_R","Bash","Shrug It Off+1","DDmod:SpikedSkill","Iron Wave","DDmod:ScaleUpSkill","Twin Strike"],"relics":["Burning Blood","DDmod:StuhbiRelic","Replay:WaspNest","Red Skull","Golden Idol","Champion Belt","PreservedInsect","DDmod:BarbedSlagRelic","Shovel","hubris:ScarierMask","Membership Card"],"acts_visited":["Exordium","TheCity"],"potions_floor_usage":[4,16,16,22,23],"damage_taken":[{"damage":1,"enemies":"2 Louse","floor":1,"turns":2},{"damage":1,"enemies":"Jaw Worm","floor":4,"turns":3},{"damage":35,"enemies":"3 Sentries","floor":6,"turns":7},{"damage":4,"enemies":"Small Slimes","floor":7,"turns":3},{"damage":14,"enemies":"Exordium Thugs","floor":8,"turns":5},{"damage":18,"enemies":"Lagavulin","floor":13,"turns":7},{"damage":3,"enemies":"Exordium Wildlife","floor":14,"turns":6},{"damage":12,"enemies":"Hexaghost","floor":16,"turns":9},{"damage":0,"enemies":"2 Thieves","floor":18,"turns":4},{"damage":26,"enemies":"Spheric Guardian","floor":20,"turns":7},{"damage":11,"enemies":"Shelled Parasite and Fungi","floor":21,"turns":7},{"damage":12,"enemies":"Centurion and Healer","floor":22,"turns":4},{"damage":51,"enemies":"Nightmare","floor":23,"turns":6}],"seed_played":"-1407245835551312487","potions_obtained":[{"floor":3,"key":"Toxic Potion"},{"floor":6,"key":"Strength Potion"},{"floor":13,"key":"Block Potion"},{"floor":14,"key":"Venom Potion"},{"floor":21,"key":"blueLaboratory:FrostheartPotion"}],"is_trial":false,"path_per_floor":["M","?","?","M","?","E","M","M","T","$","?","R","E","M","R","B",null,"M","$","M","M","M","NM"],"character_chosen":"IRONCLAD","items_purchased":["Replay:WaspNest","DDmod:StuhbiRelic","Membership Card"],"campfire_rested":1,"item_purchase_floors":[0,10,19],"current_hp_per_floor":[80,80,80,80,60,31,33,25,25,25,25,49,37,40,40,34,80,80,80,60,55,49,0,0],"gold":113,"neow_bonus":"","is_daily":false,"chose_seed":false,"campfire_upgraded":0,"win_rate":0.0,"timestamp":1608073757,"path_taken":["M","?","?","?","?","E","M","M","T","$","?","R","E","M","R","BOSS","M","$","M","M","M","NM"],"items_purchased_type":["Relic","Relic","Relic"],"build_version":"2020-12-13","purchased_purges":1,"victory":false,"max_hp_per_floor":[80,80,80,80,80,80,80,80,80,80,80,80,80,80,80,80,80,80,80,80,80,80,80,80],"relic_stats":{"Shovel":0,"counters":[37,202],"Golden Idol":67,"PreservedInsect":103,"Champion Belt":[12],"obtain_stats":[{"hubris:Metronome":9,"hubris:CrystalStatue":19,"Blue Doll":5,"Bottled Tornado":28,"Burning Blood":0,"ClockworkSouvenir":3,"Shovel":13,"hubris:Stopwatch":17,"hubris:ScarierMask":17,"Tiny Chest":9,"Replay:Bottled Eggs":26,"energizedSpire:DecayingSkull":17,"Red Skull":3,"hubris:DisguiseKit":11,"NeowsBlessing":0,"infinitespire:CursedDice":7,"Golden Idol":5,"Ring of Chaos":25,"Replay:WaspNest":0,"PreservedInsect":9,"infinitespire:Lucky Rock":7,"Akabeko":5,"Cauldron":25,"DDmod:StuhbiRelic":10,"betterThird:SlimedRelic":2,"hubris:ToyBattleship":24,"Membership Card":0,"Champion Belt":6,"DDmod:BarbedSlagRelic":11},{"hubris:Metronome":3,"hubris:CrystalStatue":8,"Blue Doll":16,"Bottled Tornado":12,"Burning Blood":0,"ClockworkSouvenir":15,"Shovel":30,"hubris:Stopwatch":7,"hubris:ScarierMask":32,"Tiny Chest":17,"Replay:Bottled Eggs":11,"energizedSpire:DecayingSkull":20,"Red Skull":25,"hubris:DisguiseKit":4,"NeowsBlessing":0,"infinitespire:CursedDice":17,"Golden Idol":26,"Ring of Chaos":11,"Replay:WaspNest":24,"PreservedInsect":29,"infinitespire:Lucky Rock":3,"Akabeko":2,"Cauldron":11,"DDmod:StuhbiRelic":29,"betterThird:SlimedRelic":1,"hubris:ToyBattleship":11,"Membership Card":14,"Champion Belt":27,"DDmod:BarbedSlagRelic":29},{"hubris:Metronome":3,"hubris:CrystalStatue":35,"Blue Doll":82,"Bottled Tornado":59,"Burning Blood":0,"ClockworkSouvenir":78,"Shovel":159,"hubris:Stopwatch":26,"hubris:ScarierMask":174,"Tiny Chest":89,"Replay:Bottled Eggs":55,"energizedSpire:DecayingSkull":106,"Red Skull":134,"hubris:DisguiseKit":5,"NeowsBlessing":0,"infinitespire:CursedDice":89,"Golden Idol":137,"Ring of Chaos":55,"Replay:WaspNest":132,"PreservedInsect":152,"infinitespire:Lucky Rock":3,"Akabeko":2,"Cauldron":55,"DDmod:StuhbiRelic":152,"betterThird:SlimedRelic":1,"hubris:ToyBattleship":55,"Membership Card":75,"Champion Belt":144,"DDmod:BarbedSlagRelic":152}],"Burning Blood":174},"card_choices":[{"not_picked":["Sword Boomerang","Perfected Strike"],"picked":"Shrug It Off","floor":1},{"not_picked":["Run Through","Pommel Strike"],"picked":"DDmod:SpikedSkill","floor":3},{"not_picked":["Warcry","ReplayTheSpireMod:Strike From Hell","Rampage"],"picked":"SKIP","floor":4},{"not_picked":["Hemokinesis","ReplayTheSpireMod:Corrosion Curse","Eclipse"],"picked":"SKIP","floor":6},{"not_picked":["DDmod:CallousedSkill","Reckless Charge","Rampage"],"picked":"SKIP","floor":7},{"not_picked":["ReplayTheSpireMod:LeadingStrike","Defy Death"],"picked":"Iron Wave","floor":8},{"not_picked":["DDmod:SpikeShotSkill","Rupture","Cleave"],"picked":"SKIP","floor":13},{"not_picked":["Flex","Perfected Strike","Blood for Blood"],"picked":"SKIP","floor":14},{"not_picked":["infinitespire:OneForAll","Sword Boomerang","Metallicize"],"picked":"SKIP","floor":18},{"not_picked":["Rage","infinitespire:OneForAll+1"],"picked":"DDmod:ScaleUpSkill","floor":20},{"not_picked":["Anger","ReplayTheSpireMod:Strike From Hell","Havoc"],"picked":"SKIP","floor":21},{"not_picked":["DDmod:PokeAttack","Warcry+1"],"picked":"Twin Strike","floor":22}],"player_experience":2611260,"relics_obtained":[{"floor":3,"key":"Red Skull"},{"floor":6,"key":"Champion Belt"},{"floor":9,"key":"PreservedInsect"},{"floor":13,"key":"Shovel"}],"event_choices":[{"damage_healed":0,"gold_gain":0,"player_choice":"Take Damage","damage_taken":20,"relics_obtained":["Golden Idol"],"max_hp_gain":0,"max_hp_loss":0,"event_name":"Golden Idol","floor":5,"gold_loss":0}],"is_beta":false,"boss_relics":[{"not_picked":["Replay:Drink Me","Fusion Hammer"],"picked":"hubris:ScarierMask"}],"items_purged_floors":[10],"is_endless":false,"potions_floor_spawned":[6,7,13,14,21],"killed_by":"Nightmare","ascension_level":0}}