{"host":"p7j7o00jacnw7qzt","time":1608047772,"event":{"mods":["BaseMod","Colored Map","Colored Powertips","DeckTracker","Highlight Path","Minty Spire (QoL Compilation)","Relic Stats"],"gold_per_floor":[115,134,150,168,6,6,40,50,101,101,116,116,191,225,225,296,296,310,310,51,51,64,90,90,90,90,100,126,126,143,162,162,162,162],"floor_reached":33,"playtime":1526,"items_purged":["Strike_G"],"score":694,"play_id":"ee50ce04-eaf0-4b8e-b979-0e0a6b2081ee","local_time":"20201215105612","is_ascension_mode":true,"campfire_choices":[{"data":"Noxious Fumes","floor":6.0,"key":"SMITH"},{"data":"Double Energy","floor":10.0,"key":"SMITH"},{"data":"Storm of Steel","floor":15.0,"key":"SMITH"},{"data":"Purity","floor":25.0,"key":"SMITH"},{"data":"Scrawl","floor":29.0,"key":"SMITH"},{"data":"Scrawl","floor":32.0,"key":"SMITH"}],"circlet_count":0,"master_deck":["AscendersBane","Strike_G","Strike_G","Strike_G","Strike_G","Defend_G","Defend_G","Defend_G","Defend_G","Defend_G","Survivor","Neutralize","Noxious Fumes+1","Terror","Endless Agony","Double Energy+1","Storm of Steel+1","Scrawl+1","Ghostly","Ghostly","Ghostly","Blade Dance","Scrawl+1","Blade Dance","Purity+1","Self Repair+1"],"relics":["Runic Pyramid","PrismaticShard","Blue Candle","Art of War","Shuriken","Sozu","DollysMirror","Happy Flower","Pear","Akabeko"],"acts_visited":["Exordium","TheCity"],"potions_floor_usage":[],"damage_taken":[{"damage":0.0,"enemies":"Cultist","floor":1.0,"turns":4.0},{"damage":0.0,"enemies":"Jaw Worm","floor":2.0,"turns":5.0},{"damage":1.0,"enemies":"2 Louse","floor":3.0,"turns":3.0},{"damage":4.0,"enemies":"Blue Slaver","floor":4.0,"turns":5.0},{"damage":21.0,"enemies":"Gremlin Nob","floor":7.0,"turns":4.0},{"damage":2.0,"enemies":"Large Slime","floor":8.0,"turns":6.0},{"damage":12.0,"enemies":"Exordium Wildlife","floor":11.0,"turns":4.0},{"damage":2.0,"enemies":"Lagavulin","floor":14.0,"turns":6.0},{"damage":5.0,"enemies":"Hexaghost","floor":16.0,"turns":8.0},{"damage":0.0,"enemies":"Chosen","floor":18.0,"turns":4.0},{"damage":1.0,"enemies":"Shell Parasite","floor":22.0,"turns":2.0},{"damage":0.0,"enemies":"Gremlin Leader","floor":23.0,"turns":1.0},{"damage":4.0,"enemies":"Snake Plant","floor":27.0,"turns":2.0},{"damage":21.0,"enemies":"Slavers","floor":28.0,"turns":4.0},{"damage":2.0,"enemies":"Centurion and Healer","floor":30.0,"turns":4.0},{"damage":2.0,"enemies":"Shelled Parasite and Fungi","floor":31.0,"turns":2.0},{"damage":0,"enemies":"Automaton","floor":33,"turns":1}],"seed_played":"5742262251839856805","potions_obtained":[{"floor":1.0,"key":"Swift Potion"},{"floor":4.0,"key":"Energy Potion"},{"floor":7.0,"key":"AttackPotion"},{"floor":11.0,"key":"SteroidPotion"}],"is_trial":false,"path_per_floor":["M","M","M","M","$","R","E","M","T","R","M","?","?","E","R","B",null,"M","?","$","?","M","E","$","R","T","M","E","R","M","M","R","B"],"character_chosen":"THE_SILENT","items_purchased":["PrismaticShard","Blade Dance","DollysMirror"],"campfire_rested":0,"item_purchase_floors":[5,20,20],"current_hp_per_floor":[59,59,58,54,54,54,33,31,31,31,19,19,8,6,6,1,50,50,33,33,33,32,32,32,32,42,38,17,17,15,23,23,23,23],"gold":162,"neow_bonus":"BOSS_RELIC","is_daily":false,"chose_seed":false,"campfire_upgraded":6,"win_rate":0.0,"timestamp":1608047772,"path_taken":["M","M","?","M","$","R","E","?","T","R","M","?","?","E","R","BOSS","M","?","$","?","M","E","?","R","T","M","E","R","M","?","R","BOSS"],"items_purchased_type":["Relic","Card","Relic"],"build_version":"2020-12-13","purchased_purges":1,"victory":false,"max_hp_per_floor":[66,66,66,66,66,66,66,66,66,66,66,66,66,66,66,66,66,66,33,33,33,33,33,33,33,43,43,43,43,43,43,43,43,43],"relic_stats":{"Sozu":3,"Happy Flower":[4],"counters":[17,65],"Shuriken":[37],"Blue Candle":[2],"Art of War":[5],"obtain_stats":[{"Sozu":17,"Pear":26,"Happy Flower":23,"Shuriken":14,"DollysMirror":20,"Blue Candle":7,"Art of War":9,"PrismaticShard":5,"Akabeko":28,"Ring of the Snake":0,"Runic Pyramid":0},{"Sozu":9,"Pear":12,"Happy Flower":12,"Shuriken":8,"DollysMirror":10,"Blue Candle":5,"Art of War":6,"PrismaticShard":4,"Akabeko":14,"Ring of the Snake":0,"Runic Pyramid":0},{"Sozu":45,"Pear":52,"Happy Flower":52,"Shuriken":37,"DollysMirror":49,"Blue Candle":21,"Art of War":27,"PrismaticShard":17,"Akabeko":58,"Ring of the Snake":0,"Runic Pyramid":0}]},"card_choices":[{"not_picked":["Endless Agony","Deadly Poison","Poisoned Stab"],"picked":"SKIP","floor":1.0},{"not_picked":["Flying Knee","Outmaneuver"],"picked":"Noxious Fumes","floor":2.0},{"not_picked":["Flying Knee","Slice"],"picked":"Terror","floor":3.0},{"not_picked":["Predator","Deflect"],"picked":"Endless Agony","floor":4.0},{"not_picked":["Tempest","Accuracy","Fusion"],"picked":"SKIP","floor":7.0},{"not_picked":["Battle Trance","Dodge and Roll"],"picked":"Double Energy","floor":8.0},{"not_picked":["Rebound","Lockon","Warcry"],"picked":"SKIP","floor":11.0},{"not_picked":["Metallicize","Dagger Spray"],"picked":"Storm of Steel","floor":14.0},{"not_picked":["Sadistic Nature","Metamorphosis"],"picked":"Scrawl","floor":16.0},{"not_picked":["PathToVictory","Steam","Underhanded Strike"],"picked":"SKIP","floor":18.0},{"not_picked":["ClearTheMind","Scrape"],"picked":"Purity","floor":22.0},{"not_picked":["ClearTheMind","Outmaneuver","Infernal Blade"],"picked":"SKIP","floor":23.0},{"not_picked":["Body Slam","Purity","Barrage"],"picked":"SKIP","floor":27.0},{"not_picked":["Dodge and Roll+1","Tempest","Dagger Throw+1"],"picked":"SKIP","floor":28.0},{"not_picked":["Clash","Steam"],"picked":"Self Repair+1","floor":30.0},{"not_picked":["Quick Slash","Steam","Blood for Blood"],"picked":"SKIP","floor":31.0}],"player_experience":865975,"relics_obtained":[{"floor":7.0,"key":"Blue Candle"},{"floor":9.0,"key":"Art of War"},{"floor":14.0,"key":"Shuriken"},{"floor":23.0,"key":"Happy Flower"},{"floor":26.0,"key":"Pear"},{"floor":28.0,"key":"Akabeko"}],"event_choices":[{"damage_healed":0.0,"max_hp_gain":0.0,"max_hp_loss":0.0,"gold_gain":0.0,"event_name":"Scrap Ooze","player_choice":"Fled","floor":12.0,"gold_loss":0.0,"damage_taken":0.0},{"damage_healed":0.0,"max_hp_gain":0.0,"max_hp_loss":0.0,"gold_gain":75.0,"event_name":"World of Goop","player_choice":"Gather Gold","floor":13.0,"gold_loss":0.0,"damage_taken":11.0},{"damage_healed":0.0,"max_hp_gain":0.0,"max_hp_loss":33.0,"gold_gain":0.0,"event_name":"Ghosts","player_choice":"Became a Ghost","floor":19.0,"gold_loss":0.0,"damage_taken":0.0,"cards_obtained":["Ghostly","Ghostly","Ghostly"]},{"damage_healed":0.0,"max_hp_gain":0.0,"max_hp_loss":0.0,"gold_gain":0.0,"event_name":"The Library","player_choice":"Read","floor":21.0,"gold_loss":0.0,"damage_taken":0.0,"cards_obtained":["Blade Dance"]}],"is_beta":false,"boss_relics":[{"not_picked":["WristBlade","Calling Bell"],"picked":"Sozu"}],"items_purged_floors":[20],"is_endless":false,"potions_floor_spawned":[1,4,7,11,14,22,28,30],"killed_by":"Automaton","ascension_level":20}}