{"host":"g1wmg2w41xhsnw8g","time":1608006270,"event":{"mods":["2.2 Compatiblity","Act Like it!","BaseMod","Better Altar","Better Match","Better Note","Better Sensory Stone","Better Skull","Better Third Choice","BetterRewards","Booster Modes","CapriCore","ChefMod","Colored Map","Colored Powertips","Curses Come First","Defuse TimeMaze Blight","Displayed Cursed Tome","Friendly Minions","GifTheSpireLib","Googly Eyes","Hubris","Infinite Spire","Minty Spire (QoL Compilation)","Red Circlet Mod","Relic Sorter","SCP261 Mod","Shop Mod","Spicy Shops","StSLib","The Poker Player","The Sage","TheLocksmith","TheSwordswoman","Transform Curses","Wandering Minibosses","????"],"gold_per_floor":[116,126,126,126,149,183,183,210,283,298,298,142,156,172,172,296,296,312,312,161,136,205,205,223,254,305,305,305],"floor_reached":27,"playtime":1613,"items_purged":[],"score":383,"play_id":"ba8ee250-cf6e-4f62-b063-c32e950c6d85","local_time":"20201214232429","is_ascension_mode":false,"campfire_choices":[{"floor":7,"key":"REST"},{"data":"blazmod:GlasswingWaltz","floor":15,"key":"SMITH"},{"data":"blazmod:DevilDivine","floor":23,"key":"SMITH"}],"circlet_count":0,"master_deck":["PokerPlayerMod:Overdeal+1","blazmod:Strike","blazmod:Strike","blazmod:Strike","blazmod:Strike","blazmod:Defend","blazmod:Defend","blazmod:Defend","blazmod:Defend","blazmod:ButterflyEffect","blazmod:Kyokasuigetsu","blazmod:StanceChange+1","blazmod:ApexLegends","blazmod:KatanaStrike","blazmod:Trasient","blazmod:MyEverything","blazmod:GlasswingWaltz+1","blazmod:DawnflutterDance","PokerPlayerMod:Overdeal+1","blazmod:PhysicalEndurance","blazmod:LoveAndHonor","blazmod:MirrorImage+1","blazmod:DevilDivine+1","blazmod:DevilDivine"],"relics":["blazmod:Venustas","hubris:Icosahedron","MerchantsRug","Golden Idol","PreservedInsect","hubris:ToyBattleship","hubris:SphereOfDissonance","hubris:HerbalPaste","blazmod:Vyxaba","SsserpentHead","Akabeko","Centennial Puzzle","CeramicFish"],"acts_visited":["Exordium","TheCity"],"potions_floor_usage":[2,2,6,10,16,24,24],"damage_taken":[{"damage":7,"enemies":"Jaw Worm","floor":1,"turns":3},{"damage":10,"enemies":"Small Slimes","floor":2,"turns":5},{"damage":5,"enemies":"Cultist","floor":5,"turns":3},{"damage":2,"enemies":"Lagavulin","floor":6,"turns":6},{"damage":0,"enemies":"2 Fungi Beasts","floor":10,"turns":2},{"damage":1,"enemies":"Blue Slaver","floor":13,"turns":2},{"damage":0,"enemies":"Lots of Slimes","floor":14,"turns":1},{"damage":1,"enemies":"Slime Boss","floor":16,"turns":6},{"damage":12,"enemies":"Shell Parasite","floor":18,"turns":3},{"damage":0,"enemies":"3 Byrds","floor":22,"turns":3},{"damage":7,"enemies":"Shelled Parasite and Fungi","floor":24,"turns":3},{"damage":22,"enemies":"Slavers","floor":25,"turns":3},{"damage":57,"enemies":"Centurion and Healer","floor":27,"turns":5}],"seed_played":"5631639798506344877","potions_obtained":[{"floor":1,"key":"PowerPotion"},{"floor":5,"key":"EssenceOfSteel"},{"floor":6,"key":"Fire Potion"},{"floor":13,"key":"Fire Potion"},{"floor":16,"key":"Block Potion"},{"floor":22,"key":"PowerPotion"},{"floor":25,"key":"SCP261:AppleJuicePotion"}],"is_trial":false,"path_per_floor":["M","M","?","?","M","E","R","T","T","M","?","R","M","M","R","B",null,"M","?","$","?","M","R","M","E","T","M"],"character_chosen":"THE_SWORDSWOMAN","items_purchased":["MerchantsRug","blazmod:StanceChange","SCP261:ThunderBarPotion","hubris:HerbalPaste","Akabeko","blazmod:LoveAndHonor"],"campfire_rested":1,"item_purchase_floors":[0,0,0,12,20,20],"current_hp_per_floor":[33,23,23,13,9,7,19,19,19,19,19,19,24,24,24,29,40,30,30,30,30,35,35,33,16,16,0,0],"gold":305,"neow_bonus":"","is_daily":false,"chose_seed":false,"campfire_upgraded":2,"win_rate":0.0,"timestamp":1608006269,"path_taken":["M","M","?","?","M","E","R","?","T","M","?","R","M","?","R","BOSS","M","?","$","?","?","R","M","E","T","M"],"items_purchased_type":["Relic","Card","Potion","Relic","Relic","Card"],"build_version":"2020-12-13","purchased_purges":0,"victory":false,"max_hp_per_floor":[40,40,40,40,40,40,40,40,40,40,40,40,40,40,40,40,40,40,40,40,40,40,40,40,40,40,40,40],"card_choices":[{"not_picked":["blazmod:SidewaySolace","blazmod:FleetOfFoot","blazmod:Crosscut"],"picked":"SKIP","floor":1},{"not_picked":["blazmod:FancifulFlutter","blazmod:WildButterfly"],"picked":"blazmod:ApexLegends","floor":2},{"not_picked":["blazmod:MentalFocus","blazmod:Valiance"],"picked":"blazmod:KatanaStrike","floor":5},{"not_picked":["blazmod:SecondSight","blazmod:DanceOfTheGods"],"picked":"blazmod:Trasient","floor":6},{"not_picked":["blazmod:ClearTheMind","blazmod:PureOfSoul"],"picked":"blazmod:MyEverything","floor":10},{"not_picked":["blazmod:PhysicalEndurance","blazmod:MentalFocus"],"picked":"blazmod:GlasswingWaltz","floor":13},{"not_picked":["blazmod:ButterFlutter","blazmod:SidewaySolace","blazmod:KatanaStrike"],"picked":"SKIP","floor":14},{"not_picked":["blazmod:Setsuna","blazmod:MindAtPeace"],"picked":"blazmod:DawnflutterDance","floor":16},{"not_picked":["blazmod:KatanaStrike","blazmod:ButterFlutter"],"picked":"blazmod:PhysicalEndurance","floor":18},{"not_picked":["blazmod:VisionsOfButterflies+1","blazmod:OneWithNature+1"],"picked":"blazmod:MirrorImage+1","floor":21},{"not_picked":["blazmod:BladeOfEnlightenment+1","blazmod:OpenSpirit"],"picked":"blazmod:DevilDivine","floor":22},{"not_picked":["blazmod:TandenKatsu","blazmod:Crosscut"],"picked":"blazmod:DevilDivine","floor":24},{"not_picked":["blazmod:MyEverything","blazmod:MentalFocus+1","blazmod:KatanaStrike"],"picked":"SKIP","floor":25}],"player_experience":1175409,"relics_obtained":[{"floor":6,"key":"PreservedInsect"},{"floor":8,"key":"hubris:ToyBattleship"},{"floor":9,"key":"hubris:SphereOfDissonance"},{"floor":25,"key":"Centennial Puzzle"},{"floor":26,"key":"CeramicFish"}],"event_choices":[{"damage_healed":0,"gold_gain":0,"player_choice":"Take Damage","damage_taken":10,"relics_obtained":["Golden Idol"],"max_hp_gain":0,"max_hp_loss":0,"event_name":"Golden Idol","floor":4,"gold_loss":0},{"damage_healed":0,"gold_gain":0,"player_choice":"Forge","damage_taken":0,"max_hp_gain":0,"max_hp_loss":0,"event_name":"Accursed Blacksmith","floor":11,"gold_loss":0,"cards_upgraded":["blazmod:StanceChange"]},{"damage_healed":0,"gold_gain":0,"player_choice":"Trade","damage_taken":0,"relics_obtained":["SsserpentHead"],"max_hp_gain":0,"max_hp_loss":0,"event_name":"FaceTrader","floor":19,"gold_loss":0},{"damage_healed":0,"gold_gain":0,"player_choice":"2","damage_taken":0,"max_hp_gain":0,"max_hp_loss":0,"event_name":"betterMatch:BetterMatch","floor":21,"gold_loss":0,"cards_obtained":["betterMatch:RareCard"]}],"is_beta":false,"boss_relics":[{"not_picked":["hubris:RunicObelisk","hubris:VirtuousBlindfold"],"picked":"blazmod:Vyxaba"}],"items_purged_floors":[],"is_endless":false,"potions_floor_spawned":[1,5,6,13,16,22,25],"killed_by":"Centurion and Healer","ascension_level":0}}