{"host":"3mdjmozz5rahgtdc","time":1608007796,"event":{"mods":["AchievementEnabler","BaseMod","Better Silent Start","Better-Laid Plans","Colored Map","Colored Powertips","Custom Start","DeckTracker","Emptier Cage","KOR Keyword Fix","Keyboard Shortcuts","Minty Spire (QoL Compilation)","Permanent Neow","Quick Restart","StSLib","SuperFastMode"],"gold_per_floor":[113,132,60,74,87,115,115,135,159,171,183,215,227,21,21,122,122,135,60,78,5,15,46,46,46,96,96,96,122,122,140,140,245,245,264,264,275,289,289,289,289,320,347,68,84,84,103,113,113,113],"floor_reached":51,"playtime":1879,"items_purged":["Strike_B","Strike_B"],"score":784,"play_id":"732c20cf-b1ad-4d8c-b8c3-a8a4855cc9a8","local_time":"20201215134956","is_ascension_mode":true,"campfire_choices":[{"data":"Zap","floor":7.0,"key":"SMITH"},{"data":"Thunder Strike","floor":11.0,"key":"SMITH"},{"data":"Ball Lightning","floor":13.0,"key":"SMITH"},{"data":"Self Repair","floor":15.0,"key":"SMITH"},{"data":"Defragment","floor":24.0,"key":"SMITH"},{"data":"Defragment","floor":27.0,"key":"SMITH"},{"data":"Seek","floor":30.0,"key":"SMITH"},{"data":"Auto Shields","floor":32.0,"key":"SMITH"},{"data":"Electrodynamics","floor":40.0,"key":"SMITH"},{"data":"Capacitor","floor":46,"key":"SMITH"},{"data":"Storm","floor":49,"key":"SMITH"}],"circlet_count":0,"master_deck":["Defend_B","Defend_B","Defend_B","Defend_B","Zap+1","Dualcast","Thunder Strike+1","Chill","Rip and Tear","Self Repair+1","Ball Lightning+1","Auto Shields+1","Sweeping Beam","Conserve Battery","Seek+1","Defragment+1","Ball Lightning","Defragment+1","Glacier","Cold Snap+1","Coolheaded+1","Electrodynamics+1","Redo+1","FTL+1","Glacier+1","Skim","Storm+1","Capacitor+1","Defragment","Tempest","Lockon"],"relics":["Cracked Core","Darkstone Periapt","MawBank","Lee\u0027s Waffle","Black Star","PreservedInsect","Toy Ornithopter","Smiling Mask","InkBottle","Anchor","Philosopher\u0027s Stone","The Courier","Bottled Tornado","Happy Flower"],"acts_visited":["Exordium","TheCity","TheBeyond"],"potions_floor_usage":[42,45,45],"damage_taken":[{"damage":10.0,"enemies":"2 Louse","floor":1.0,"turns":2.0},{"damage":7.0,"enemies":"Small Slimes","floor":2.0,"turns":4.0},{"damage":0.0,"enemies":"Cultist","floor":4.0,"turns":4.0},{"damage":21.0,"enemies":"Exordium Wildlife","floor":5.0,"turns":5.0},{"damage":13.0,"enemies":"Lagavulin","floor":6.0,"turns":8.0},{"damage":0.0,"enemies":"2 Fungi Beasts","floor":8.0,"turns":4.0},{"damage":7.0,"enemies":"Looter","floor":12.0,"turns":3.0},{"damage":41.0,"enemies":"The Guardian","floor":16.0,"turns":10.0},{"damage":15.0,"enemies":"Shell Parasite","floor":18.0,"turns":7.0},{"damage":16.0,"enemies":"Spheric Guardian","floor":20.0,"turns":4.0},{"damage":25.0,"enemies":"Shelled Parasite and Fungi","floor":22.0,"turns":5.0},{"damage":26.0,"enemies":"Gremlin Leader","floor":23.0,"turns":6.0},{"damage":25.0,"enemies":"Slavers","floor":29.0,"turns":5.0},{"damage":3.0,"enemies":"Snake Plant","floor":31.0,"turns":5.0},{"damage":22.0,"enemies":"Champ","floor":33.0,"turns":13.0},{"damage":11.0,"enemies":"3 Darklings","floor":35.0,"turns":5.0},{"damage":15.0,"enemies":"3 Shapes","floor":37.0,"turns":4.0},{"damage":13.0,"enemies":"Sphere and 2 Shapes","floor":38.0,"turns":4.0},{"damage":10,"enemies":"Nemesis","floor":42,"turns":7},{"damage":0,"enemies":"Jaw Worm Horde","floor":45,"turns":1},{"damage":0,"enemies":"3 Darklings","floor":47,"turns":2},{"damage":6,"enemies":"Maw","floor":48,"turns":6},{"damage":18,"enemies":"Awakened One","floor":50,"turns":19}],"seed_played":"-4419988339023596293","potions_obtained":[{"floor":1.0,"key":"LiquidMemories"},{"floor":4.0,"key":"Explosive Potion"},{"floor":5.0,"key":"Ancient Potion"},{"floor":20.0,"key":"FocusPotion"},{"floor":23.0,"key":"Weak Potion"},{"floor":29.0,"key":"Explosive Potion"},{"floor":31.0,"key":"SteroidPotion"},{"floor":37.0,"key":"SkillPotion"},{"floor":45,"key":"Fire Potion"}],"is_trial":false,"path_per_floor":["M","M","$","M","M","E","R","M","T","?","R","M","R","$","R","B",null,"M","?","M","$","M","E","R","$","T","R","?","E","R","M","R","B",null,"M","?","M","M","?","R","?","E","T","$","M","R","M","M","R","B",null],"character_chosen":"DEFECT","items_purchased":["Self Repair","Lee\u0027s Waffle","Defragment","Skim","Storm","Capacitor","Defragment"],"campfire_rested":0,"item_purchase_floors":[3,14,21,44,44,44,44],"current_hp_per_floor":[65,58,58,65,51,45,45,52,52,45,45,45,45,82,82,51,82,77,77,71,71,56,40,40,40,40,40,40,35,35,42,42,30,82,71,71,66,63,63,63,63,68,68,68,78,78,78,78,78,70],"gold":113,"neow_bonus":"ONE_RANDOM_RARE_CARD","is_daily":false,"chose_seed":false,"campfire_upgraded":11,"win_rate":0.0,"timestamp":1608007796,"path_taken":["M","M","$","M","M","E","R","M","T","?","R","M","R","$","R","BOSS","M","?","M","$","M","E","R","$","T","R","?","E","R","M","R","BOSS","M","?","M","M","?","R","?","E","T","$","M","R","M","M","R","BOSS"],"items_purchased_type":["Card","Relic","Card","Card","Card","Card","Card"],"build_version":"2020-12-13","purchased_purges":2,"victory":true,"max_hp_per_floor":[75,75,75,75,75,75,75,75,75,75,75,75,75,82,82,82,82,82,82,82,82,82,82,82,82,82,82,82,82,82,82,82,82,82,82,82,82,82,78,78,78,78,78,78,78,78,78,78,78,78],"card_choices":[{"not_picked":["Gash","Steam Power"],"picked":"Chill","floor":1.0},{"not_picked":["Rebound","Barrage"],"picked":"Rip and Tear","floor":2.0},{"not_picked":["Cold Snap","Lockon"],"picked":"Ball Lightning","floor":4.0},{"not_picked":["Gash","Stack"],"picked":"Auto Shields","floor":5.0},{"not_picked":["Turbo","Rebound","Reprogram"],"picked":"SKIP","floor":6.0},{"not_picked":["Undo","Rebound"],"picked":"Sweeping Beam","floor":8.0},{"not_picked":["Thunder Strike","Stack"],"picked":"Conserve Battery","floor":12.0},{"not_picked":["Thunder Strike","Fission"],"picked":"Seek","floor":16.0},{"not_picked":["Undo","Go for the Eyes"],"picked":"Defragment","floor":18.0},{"not_picked":["Stack","Streamline"],"picked":"Ball Lightning","floor":20.0},{"not_picked":["Ball Lightning","Beam Cell+1","Gash"],"picked":"SKIP","floor":22.0},{"not_picked":["Doom and Gloom","Stack"],"picked":"Glacier","floor":23.0},{"not_picked":["Conserve Battery","Recycle"],"picked":"Cold Snap+1","floor":29.0},{"not_picked":["Barrage","Multi-Cast"],"picked":"Coolheaded+1","floor":31.0},{"not_picked":["Amplify","Multi-Cast"],"picked":"Electrodynamics","floor":33.0},{"not_picked":["Lockon","Ball Lightning"],"picked":"Redo+1","floor":35.0},{"not_picked":["Scrape+1","Gash+1"],"picked":"FTL+1","floor":37.0},{"not_picked":["Hello World+1","Rebound"],"picked":"Glacier+1","floor":38.0},{"not_picked":["Conserve Battery","Consume+1","Redo"],"picked":"SKIP","floor":42},{"not_picked":["Coolheaded","Stack+1"],"picked":"Tempest","floor":45},{"not_picked":["Go for the Eyes","Recycle"],"picked":"Lockon","floor":48}],"player_experience":291790,"relics_obtained":[{"floor":6.0,"key":"Darkstone Periapt"},{"floor":9.0,"key":"MawBank"},{"floor":23.0,"key":"PreservedInsect"},{"floor":23.0,"key":"Toy Ornithopter"},{"floor":26.0,"key":"Smiling Mask"},{"floor":29.0,"key":"InkBottle"},{"floor":29.0,"key":"Anchor"},{"floor":42,"key":"The Courier"},{"floor":42,"key":"Bottled Tornado"},{"floor":43,"key":"Happy Flower"}],"event_choices":[{"cards_removed":["Strike_B"],"damage_healed":0.0,"max_hp_gain":0.0,"max_hp_loss":0.0,"gold_gain":0.0,"event_name":"Golden Wing","player_choice":"Card Removal","floor":10.0,"gold_loss":0.0,"damage_taken":7.0},{"cards_removed":["Strike_B"],"damage_healed":0.0,"max_hp_gain":0.0,"max_hp_loss":0.0,"gold_gain":0.0,"event_name":"Beggar","player_choice":"Gave Gold","floor":19.0,"gold_loss":75.0,"damage_taken":0.0},{"damage_healed":0.0,"max_hp_gain":0.0,"max_hp_loss":0.0,"gold_gain":0.0,"event_name":"NoteForYourself","player_choice":"Ignored","floor":28.0,"gold_loss":0.0,"damage_taken":0.0},{"damage_healed":0.0,"max_hp_gain":0.0,"max_hp_loss":0.0,"gold_gain":0.0,"event_name":"Mysterious Sphere","player_choice":"Ignored","floor":36.0,"gold_loss":0.0,"damage_taken":0.0},{"damage_healed":0.0,"max_hp_gain":0.0,"max_hp_loss":4.0,"gold_gain":0.0,"event_name":"Winding Halls","player_choice":"Max HP","floor":39.0,"gold_loss":0.0,"damage_taken":0.0},{"damage_healed":0.0,"max_hp_gain":0.0,"max_hp_loss":0.0,"gold_gain":0.0,"event_name":"Tomb of Lord Red Mask","player_choice":"Ignored","floor":41.0,"gold_loss":0.0,"damage_taken":0.0}],"is_beta":false,"boss_relics":[{"not_picked":["Runic Pyramid","Snecko Eye"],"picked":"Black Star"},{"not_picked":["Empty Cage","Nuclear Battery"],"picked":"Philosopher\u0027s Stone"}],"items_purged_floors":[14,44],"is_endless":false,"potions_floor_spawned":[1,4,5,20,23,29,31,37,45],"ascension_level":2}}