{"host":"6115i7kcvmx8jari","time":1608065115,"event":{"mods":["AchievementEnabler","Act Like it!","Aspiration","Bard","BaseMod","Beaked The Cultist","BetterRewards","Challenge The Spire","Colored Map","Colored Powertips","Conspire","Downfall","Glutton Mod","Halation","Hermit","Highlight Path","Hubris","Infinite Spire","Jedi Mod","Jorbs\u0027s Wanderer Trilogy","Lobotomy","Mad Scientist","Marisa????????","Mimic Mod","Minty Spire (QoL Compilation)","Quick Restart","Rare Cards Sparkle","Relic Sorter","Replay The Spire","Shop Mod","StSLib","The Animator","The Construct","The Cursed","The Disciple","The Hierophant","The Jungle","The Mystic","The Necromancer","The Runesmith","vexMod"],"gold_per_floor":[99,99,99,99,20,39,78,108,123,123,143,35,35,52,65,65,65],"floor_reached":16,"playtime":1156,"items_purged":[],"score":100,"play_id":"19b149e2-b715-44d4-a862-1be653de35e7","local_time":"20201215204515","is_ascension_mode":false,"campfire_choices":[{"floor":1.0,"key":"DIG"},{"data":"Guardian:Repulse","floor":3.0,"key":"SMITH"},{"floor":10.0,"key":"REST"}],"circlet_count":0,"master_deck":["Guardian:Strike_Guardian","Guardian:Strike_Guardian","Guardian:Strike_Guardian","Guardian:Strike_Guardian","Guardian:Defend_Guardian","Guardian:Defend_Guardian","Guardian:Defend_Guardian","Guardian:Defend_Guardian","Guardian:CurlUp","Guardian:TwinSlam","Guardian:Repulse+1","Guardian:Gem_Purple","Guardian:PrimingBeam","Guardian:MultiBeam","Guardian:Gem_Crimson","Guardian:WalkerClaw","Guardian:FastForward","Guardian:BronzeOrb","Guardian:PrismaticBarrier","Guardian:TemporalStrike","Guardian:SpikerProtocol","Guardian:Suspension","Guardian:Gem_Orange","Guardian:ChargeCore"],"relics":["Guardian:ModeShifter","downfall:HeartsMalice","Ice Cream","PreservedInsect"],"acts_visited":["Exordium"],"potions_floor_usage":[14,15,15],"damage_taken":[{"damage":0.0,"enemies":"Small Slimes","floor":2.0,"turns":1.0},{"damage":0.0,"enemies":"Jaw Worm","floor":4.0,"turns":1.0},{"damage":0.0,"enemies":"downfall:FleeingMerchant","floor":5.0,"turns":1.0},{"damage":0.0,"enemies":"2 Louse","floor":6.0,"turns":3.0},{"damage":15.0,"enemies":"Exordium Wildlife","floor":7.0,"turns":6.0},{"damage":32.0,"enemies":"Gremlin Nob","floor":8.0,"turns":6.0},{"damage":11.0,"enemies":"Exordium Wildlife","floor":9.0,"turns":2.0},{"damage":7.0,"enemies":"3 Louse","floor":11.0,"turns":2.0},{"damage":8.0,"enemies":"downfall:FleeingMerchant","floor":12.0,"turns":4.0},{"damage":11,"enemies":"Lots of Slimes","floor":14,"turns":2},{"damage":3,"enemies":"Gremlin Gang","floor":15,"turns":2},{"damage":88,"enemies":"downfall:Ironclad","floor":16,"turns":9}],"seed_played":"4940804737309440360","potions_obtained":[{"floor":6.0,"key":"Regen Potion"},{"floor":8.0,"key":"Explosive Potion"},{"floor":9.0,"key":"Venom Potion"},{"floor":11.0,"key":"SneckoOil"},{"floor":14,"key":"Energy Potion"}],"is_trial":false,"path_per_floor":["R_BF","M","R","M","$","M","MIM","E","M","R","M","$","?","M","M","B"],"character_chosen":"GUARDIAN","items_purchased":["Guardian:MultiBeam","Guardian:SpikerProtocol","Guardian:Suspension"],"campfire_rested":1,"item_purchase_floors":[5,12,12],"current_hp_per_floor":[80,80,80,80,80,80,65,48,37,61,54,46,70,59,56,0,0],"gold":65,"neow_bonus":"THREE_ENEMY_KILL","is_daily":false,"chose_seed":false,"campfire_upgraded":1,"win_rate":0.0,"timestamp":1608065115,"path_taken":["R_BF","M","R","M","$","M","MIM","E","M","R","M","$","?","M","M","BOSS"],"items_purchased_type":["Card","Card","Card"],"build_version":"2020-12-13","purchased_purges":0,"victory":false,"max_hp_per_floor":[80,80,80,80,80,80,80,80,80,80,80,80,80,80,80,80,80],"card_choices":[{"not_picked":["Guardian:Incinerate","Guardian:Gem_Red"],"picked":"Guardian:Repulse","floor":2.0},{"not_picked":["Guardian:Gem_Cyan","Guardian:ConstructionForm"],"picked":"Guardian:Gem_Purple","floor":4.0},{"not_picked":["Guardian:Gem_Cyan","Guardian:Preprogram"],"picked":"Guardian:PrimingBeam","floor":5.0},{"not_picked":["Guardian:Suspension","Guardian:Incinerate"],"picked":"Guardian:Gem_Crimson","floor":6.0},{"not_picked":["Guardian:PiercingHide","Guardian:VentSteam"],"picked":"Guardian:WalkerClaw","floor":7.0},{"not_picked":["Guardian:DonusPower","Guardian:PiercingHide"],"picked":"Guardian:FastForward","floor":8.0},{"not_picked":["Guardian:Gem_Red","Guardian:WalkerClaw"],"picked":"Guardian:BronzeOrb","floor":9.0},{"not_picked":["Guardian:FloatingOrbs","Guardian:Gem_Cyan"],"picked":"Guardian:PrismaticBarrier","floor":11.0},{"not_picked":["Guardian:VentSteam","Guardian:Repulse"],"picked":"Guardian:TemporalStrike","floor":12.0},{"not_picked":["Guardian:ShieldCharger","Guardian:Recover"],"picked":"Guardian:Gem_Orange","floor":14},{"not_picked":["Guardian:Gem_Green","Guardian:ShieldCharger"],"picked":"Guardian:ChargeCore","floor":15}],"player_experience":49474,"relics_obtained":[{"floor":1.0,"key":"Ice Cream"},{"floor":8.0,"key":"PreservedInsect"}],"event_choices":[],"is_beta":false,"boss_relics":[],"items_purged_floors":[],"is_endless":false,"potions_floor_spawned":[6,8,9,11,14],"killed_by":"downfall:Ironclad","ascension_level":0}}