{"host":"etmsduvleanb5j7c","time":1608054888,"event":{"mods":["2.2 Compatiblity","BaseMod","Downfall","Minty Spire (QoL Compilation)","StSLib"],"gold_per_floor":[99,99,99,116,116,5,29,61,71,101,120,130,148,168,181,277,327,252,269,289,302,322,322,322],"floor_reached":23,"playtime":7164,"items_purged":[],"score":207,"play_id":"f3cbbde5-5e7e-480b-90b6-3644f1d3247b","local_time":"20201215185448","is_ascension_mode":false,"campfire_choices":[{"floor":1,"key":"RECALL"},{"data":"expansioncontent:DefensiveStance","floor":3,"key":"SMITH"},{"data":"hexamod:Sear","floor":5,"key":"SMITH"},{"data":"hexamod:VolcanoVisage","floor":18,"key":"SMITH"}],"circlet_count":0,"master_deck":["hexamod:Strike","hexamod:Strike+1","hexamod:Strike","hexamod:Defend","hexamod:Defend","hexamod:Defend","hexamod:Defend","hexamod:Sear+1","hexamod:Float","expansioncontent:DefensiveStance+1","hexamod:Hexaguard","hexamod:EmpoweringStance","hexamod:BacktrackSmack","hexamod:GhostOfSpirePresent","hexamod:EmpoweredFlame","hexamod:TimeWarp","hexamod:CatchUp+1","hexamod:BurningTouch+1","hexamod:ShieldOfDarkness+1","hexamod:ParanormalForm","hexamod:HauntingEcho","hexamod:NightmareStrike","hexamod:VolcanoVisage+1","hexamod:SpectralAdrenaline+1","hexamod:SpectersWail","hexamod:GhostShield+1","hexamod:ThermalTransfer","hexamod:PhantomCloak"],"relics":["hexamod:SpiritBrand","Pen Nib","FossilizedHelix","Toxic Egg 2","Tiny House","downfall:HeartBlessingRed"],"acts_visited":["Exordium","TheCity"],"potions_floor_usage":[12],"damage_taken":[{"damage":3,"enemies":"Small Slimes","floor":4,"turns":6},{"damage":0,"enemies":"downfall:FleeingMerchant","floor":6,"turns":4},{"damage":14,"enemies":"Gremlin Nob","floor":8,"turns":5},{"damage":0,"enemies":"Cultist","floor":9,"turns":5},{"damage":20,"enemies":"3 Sentries","floor":10,"turns":9},{"damage":0,"enemies":"Jaw Worm","floor":11,"turns":5},{"damage":0,"enemies":"Blue Slaver","floor":12,"turns":3},{"damage":0,"enemies":"2 Fungi Beasts","floor":13,"turns":5},{"damage":0,"enemies":"Exordium Thugs","floor":14,"turns":5},{"damage":0,"enemies":"Red Slaver","floor":15,"turns":3},{"damage":7,"enemies":"downfall:Watcher","floor":16,"turns":8},{"damage":5,"enemies":"Spheric Guardian","floor":19,"turns":5},{"damage":2,"enemies":"Snecko","floor":20,"turns":5},{"damage":18,"enemies":"Shelled Parasite and Fungi","floor":21,"turns":4},{"damage":38,"enemies":"3 Cultists","floor":22,"turns":6},{"damage":20,"enemies":"Slavers","floor":23,"turns":1}],"seed_played":"4892885159953291457","potions_obtained":[{"floor":10,"key":"EssenceOfSteel"},{"floor":11,"key":"sneckomod:MuddlingPotion"},{"floor":13,"key":"GamblersBrew"},{"floor":14,"key":"Fire Potion"}],"is_trial":false,"path_per_floor":["R","?","R","M","R","$","T","E","M","E","M","M","M","M","M","B",null,"R","M","M","M","M","E"],"character_chosen":"THE_SPIRIT","items_purchased":["hexamod:BacktrackSmack","hexamod:GhostOfSpirePresent"],"campfire_rested":0,"item_purchase_floors":[6,6],"current_hp_per_floor":[70,70,70,67,67,67,67,53,53,33,33,33,33,33,33,26,75,75,70,68,50,12,0,0],"gold":322,"neow_bonus":"RANDOM_COLORLESS","is_daily":false,"chose_seed":false,"campfire_upgraded":3,"win_rate":0.0,"timestamp":1608054888,"path_taken":["R","?","R","?","R","?","T","E","M","E","M","M","M","M","M","BOSS","R","M","M","M","M","E"],"items_purchased_type":["Card","Card"],"build_version":"2020-12-13","purchased_purges":0,"victory":false,"max_hp_per_floor":[70,70,70,70,70,70,70,70,70,70,70,70,70,70,70,70,75,75,75,75,75,75,75,75],"card_choices":[{"not_picked":["Finesse","expansioncontent:BronzeBeam"],"picked":"expansioncontent:DefensiveStance","floor":0},{"not_picked":["hexamod:RainOfEmbers","hexamod:FastForward"],"picked":"hexamod:Hexaguard","floor":4},{"not_picked":["hexamod:Incineration","hexamod:RainOfEmbers"],"picked":"hexamod:EmpoweringStance","floor":6},{"not_picked":["hexamod:BacktrackSmack","hexamod:SwordOfDarkness"],"picked":"hexamod:EmpoweredFlame","floor":8},{"not_picked":["hexamod:ThermalTransfer","hexamod:HauntingEcho"],"picked":"hexamod:TimeWarp","floor":9},{"not_picked":["hexamod:SwordOfDarkness","hexamod:NightmareStrike"],"picked":"hexamod:CatchUp+1","floor":10},{"not_picked":["hexamod:PhantomCloak","hexamod:RadiantFlame"],"picked":"hexamod:BurningTouch+1","floor":11},{"not_picked":["hexamod:GhostLash","hexamod:BacktrackSmack"],"picked":"hexamod:ShieldOfDarkness+1","floor":12},{"not_picked":["hexamod:ShieldOfDarkness+1","hexamod:RainOfEmbers"],"picked":"hexamod:ParanormalForm","floor":13},{"not_picked":["hexamod:BacktrackSmack","hexamod:Incineration"],"picked":"hexamod:HauntingEcho","floor":14},{"not_picked":["hexamod:GhostflameBarrier+1","hexamod:EmpoweredFlame"],"picked":"hexamod:NightmareStrike","floor":15},{"not_picked":["hexamod:SixthSeal","hexamod:WildfireWeapon"],"picked":"hexamod:VolcanoVisage","floor":16},{"not_picked":["hexamod:SwordOfDarkness","hexamod:RecurringNightmare+1"],"picked":"hexamod:SpectralAdrenaline+1","floor":17},{"not_picked":["hexamod:Hexaguard+1","hexamod:Incineration"],"picked":"hexamod:SpectersWail","floor":19},{"not_picked":["hexamod:BacktrackSmack","hexamod:HauntingEcho+1"],"picked":"hexamod:GhostShield+1","floor":20},{"not_picked":["hexamod:CatchUp+1","hexamod:NecessarySacrifice+1"],"picked":"hexamod:ThermalTransfer","floor":21},{"not_picked":["hexamod:RainOfEmbers","hexamod:InspiringFlames+1"],"picked":"hexamod:PhantomCloak","floor":22}],"player_experience":114649,"relics_obtained":[{"floor":7,"key":"Pen Nib"},{"floor":8,"key":"FossilizedHelix"},{"floor":10,"key":"Toxic Egg 2"}],"event_choices":[{"cards_removed":["hexamod:Strike"],"damage_healed":0,"gold_gain":0,"player_choice":"Offered Basic","damage_taken":0,"max_hp_gain":0,"max_hp_loss":0,"event_name":"Bonfire Elementals","floor":2,"gold_loss":0}],"is_beta":false,"boss_relics":[{"not_picked":["Snecko Eye","Astrolabe"],"picked":"Tiny House"}],"items_purged_floors":[],"is_endless":false,"potions_floor_spawned":[10,11,13,14,15,21],"killed_by":"Slavers","ascension_level":0}}