{"host":"hfvpa4llnnjpeawn","time":1608076029,"event":{"mods":["2.2 Compatiblity","Act Like it!","BaseMod","Better Skull","Better Third Choice","BetterRewards","CapriCore","Conspire","Downfall","Elementarium","Hermit","Hubris","Koishi","Lobotomy","Mad Scientist","Minty Spire (QoL Compilation)","Replay The Spire","Shade Mod","Somnambulant","StSLib","The Bladedancer","The Factory","The Jungle","Waifu the Spire"],"gold_per_floor":[366,366,366,9,9,9,26,46,46,124,134,168,168,181,181,282,282,297,524,12,26,43,43,76,76,76,76,76,76,76,94,94,190,190,204,52,70,70,170,199,199,199,199],"floor_reached":42,"playtime":2773,"items_purged":["Defend_B"],"score":492,"play_id":"508dc398-0a96-4dcb-b9b5-8a56f39b18e4","local_time":"20201215184709","is_ascension_mode":false,"campfire_choices":[{"floor":6,"key":"REST"},{"floor":15,"key":"DIG"},{"floor":23,"key":"REST"},{"data":"Doom and Gloom","floor":25,"key":"SMITH"},{"data":"Replay:SS_forest_2","floor":28,"key":"SMITH"},{"data":"Gash","floor":32,"key":"SMITH"},{"floor":41,"key":"REST"}],"circlet_count":0,"master_deck":["Strike_B","Strike_B","Strike_B","Strike_B","Defend_B","Defend_B","Defend_B","Zap","Dualcast+1","Slimebound:Defend_Slimebound","m_Survivalism","Ball Lightning+1","expansioncontent:QuickStudy+1","hubris:Insight","Replay:SS_forest_2+1","Lockon","Recycle","Hyperbeam+1","Stack","Gash+1","Doom and Gloom+1","Turbo+1","Buffer","BasicCrystalCard"],"relics":["Cracked Core","hubris:OldNail","ReplayTheSpireMod:ShopPack","Replay:Rubber Ducky","Ancient Tea Set","Pantograph","hubris:BundleOfHerbs","hubris:SphereOfDissonance","Potion Belt","Busted Crown","hubris:CrystalStatue","Guide Book","conspire:IceCreamScoop","Torii","Elementarium:FlickeringLantern","Elementarium:ElementariumTrophy","ChewingGum","Anchor","hubris:Icosahedron","Centennial Puzzle"],"acts_visited":["Exordium","Exordium","TheBeyond"],"potions_floor_usage":[11,12,16,22,24,24,33,33],"damage_taken":[{"damage":0,"enemies":"2 Louse","floor":1,"turns":2},{"damage":0,"enemies":"Small Slimes","floor":7,"turns":2},{"damage":2,"enemies":"conspire:RoseBush","floor":8,"turns":2},{"damage":0,"enemies":"Gremlin Gang","floor":11,"turns":2},{"damage":0,"enemies":"Replay:BlueRogue","floor":12,"turns":4},{"damage":0,"enemies":"Blue Slaver","floor":14,"turns":2},{"damage":42,"enemies":"The Guardian","floor":16,"turns":8},{"damage":0,"enemies":"Elementarium:2_ELEMENTALS","floor":18,"turns":4},{"damage":9,"enemies":"Elementarium:Cyclone","floor":21,"turns":1},{"damage":8,"enemies":"Elementarium:Hydrostalker","floor":22,"turns":3},{"damage":21,"enemies":"Elementarium:FIRE_NOBILITY","floor":24,"turns":2},{"damage":2,"enemies":"Elementarium:CYCLONE_AND_LIVING_STORMCLOUD","floor":31,"turns":3},{"damage":29,"enemies":"Elementarium:GolemEmperor","floor":33,"turns":11},{"damage":10,"enemies":"3 Shapes","floor":35,"turns":2},{"damage":0,"enemies":"Orb Walker","floor":37,"turns":3},{"damage":53,"enemies":"Reptomancer","floor":40,"turns":6},{"damage":46,"enemies":"Nemesis","floor":42,"turns":4}],"seed_played":"1883154655895219177","potions_obtained":[{"floor":1,"key":"Dexterity Potion"},{"floor":7,"key":"Explosive Potion"},{"floor":11,"key":"Block Potion"},{"floor":16,"key":"Toxic Potion"},{"floor":21,"key":"Elixir"},{"floor":22,"key":"Swift Potion"},{"floor":31,"key":"PotionOfCapacity"}],"is_trial":false,"path_per_floor":["M","?","?","$","?","R","M","M","T","?","M","E","?","M","R","B",null,"M","?","$","M","M","R","E","R","T","?","R","$","?","M","R","B",null,"M","$","M","?","?","E","R","E"],"character_chosen":"DEFECT","items_purchased":["hubris:OldNail","ReplayTheSpireMod:ShopPack","hubris:CrystalStatue","Guide Book","BlessingOfTheForge","FearPotion","Anchor"],"campfire_rested":3,"item_purchase_floors":[4,4,20,20,20,20,36],"current_hp_per_floor":[75,75,75,75,40,62,62,60,60,60,60,60,48,48,48,33,75,75,57,57,48,40,62,41,41,41,41,41,41,49,47,47,43,83,73,73,73,73,73,20,44,0,0],"gold":199,"neow_bonus":"TWO_FIFTY_GOLD","is_daily":false,"chose_seed":false,"campfire_upgraded":3,"win_rate":0.0,"timestamp":1608076029,"path_taken":["M","?","?","$","?","R","M","?","T","?","M","E","?","M","R","BOSS","M","?","$","?","M","R","E","R","T","?","R","$","?","M","R","BOSS","M","$","M","?","?","E","R","E"],"items_purchased_type":["Relic","Relic","Relic","Relic","Potion","Potion","Relic"],"build_version":"2020-12-13","purchased_purges":1,"victory":false,"max_hp_per_floor":[75,75,75,75,75,75,75,75,75,75,75,75,75,75,75,75,75,75,75,75,75,75,75,75,75,75,75,75,75,83,83,83,83,83,83,83,83,83,83,83,83,83,83],"card_choices":[{"not_picked":["Storm","Skim"],"picked":"Ball Lightning","floor":1},{"not_picked":["Secret Weapon","Sadistic Nature"],"picked":"expansioncontent:QuickStudy","floor":4},{"not_picked":["Jack Of All Trades","expansioncontent:DonusPower"],"picked":"hubris:Insight","floor":4},{"not_picked":["expansioncontent:TimeRipple","expansioncontent:Torchfire"],"picked":"Replay:SS_forest_2","floor":4},{"not_picked":["Ball Lightning","hubris:Ukulele","Coolheaded"],"picked":"SKIP","floor":7},{"not_picked":["Barrage","Go for the Eyes","Coolheaded"],"picked":"SKIP","floor":8},{"not_picked":["Compile Driver","Gash","Go for the Eyes"],"picked":"SKIP","floor":11},{"not_picked":["Stack","Steam"],"picked":"Lockon","floor":12},{"not_picked":["Undo","Barrage"],"picked":"Recycle","floor":14},{"not_picked":["Machine Learning","ReplayRNGCard"],"picked":"Hyperbeam","floor":16},{"not_picked":[],"picked":"Stack","floor":18},{"not_picked":[],"picked":"Gash","floor":21},{"not_picked":[],"picked":"Doom and Gloom","floor":22},{"not_picked":["Blizzard"],"picked":"SKIP","floor":24},{"not_picked":[],"picked":"Turbo+1","floor":31},{"not_picked":[],"picked":"Buffer","floor":33},{"not_picked":["Rip and Tear"],"picked":"SKIP","floor":35},{"not_picked":[],"picked":"BasicCrystalCard","floor":37},{"not_picked":["ReplayTheSpireMod:System Scan"],"picked":"SKIP","floor":40}],"player_experience":215706,"relics_obtained":[{"floor":9,"key":"Pantograph"},{"floor":12,"key":"hubris:BundleOfHerbs"},{"floor":15,"key":"Potion Belt"},{"floor":24,"key":"conspire:IceCreamScoop"},{"floor":26,"key":"Torii"},{"floor":40,"key":"Centennial Puzzle"}],"event_choices":[{"damage_healed":0,"gold_gain":0,"player_choice":"Grow","damage_taken":0,"max_hp_gain":0,"max_hp_loss":0,"event_name":"Living Wall","floor":2,"gold_loss":0,"cards_upgraded":["Dualcast"]},{"damage_healed":0,"gold_gain":0,"player_choice":"RE RE ","damage_taken":39,"relics_obtained":["Replay:Rubber Ducky","Ancient Tea Set"],"max_hp_gain":0,"max_hp_loss":0,"event_name":"betterSkull:BetterSkull","floor":5,"gold_loss":0,"cards_upgraded":[]},{"damage_healed":0,"gold_gain":78,"player_choice":"Gained Gold","damage_taken":0,"max_hp_gain":0,"max_hp_loss":0,"event_name":"Golden Wing","floor":10,"gold_loss":0},{"damage_healed":0,"gold_gain":0,"player_choice":"Relic ","damage_taken":12,"max_hp_gain":0,"max_hp_loss":0,"event_name":"betterThird:BetterScrap","floor":13,"gold_loss":0,"cards_obtained":["Skewer"]},{"damage_healed":0,"gold_gain":227,"player_choice":"GO GO ","damage_taken":20,"relics_obtained":[],"max_hp_gain":0,"max_hp_loss":0,"event_name":"betterSkull:BetterSkull","floor":19,"gold_loss":0,"cards_upgraded":[]},{"damage_healed":0,"gold_gain":0,"player_choice":"Take","damage_taken":0,"relics_obtained":["Elementarium:FlickeringLantern"],"max_hp_gain":0,"max_hp_loss":0,"event_name":"Elementarium:HeartOfTheVoid","floor":27,"gold_loss":0},{"damage_healed":0,"gold_gain":0,"player_choice":"Graft","damage_taken":0,"max_hp_gain":8,"max_hp_loss":0,"event_name":"Elementarium:SculptureGarden","floor":30,"gold_loss":0},{"damage_healed":0,"gold_gain":100,"player_choice":"Pray","damage_taken":0,"max_hp_gain":0,"max_hp_loss":0,"event_name":"Golden Shrine","floor":39,"gold_loss":0}],"is_beta":false,"boss_relics":[{"not_picked":["Fusion Hammer","hubris:VirtuousBlindfold"],"picked":"Busted Crown"},{"not_picked":["SacredBark","Replay:Wanted Poster"],"picked":"ChewingGum"}],"items_purged_floors":[4],"is_endless":false,"potions_floor_spawned":[1,7,11,16,21,22,31],"killed_by":"Nemesis","ascension_level":0}}