{"host":"5pvsezzv96u4cz40","time":1608063629,"event":{"mods":["Act Like it!","BaseMod","BetterRewards","CapriCore","Colored Map","Colored Powertips","GifTheSpireLib","Hermit","Hubris","Infinite Spire","Marisa????????","Menagerie","Minty Spire (QoL Compilation)","Remilia??????","Replay The Spire","Shop Mod","StSLib","The Construct","The Necromancer","The Servant 0.9.4","The Vixen","??????REMEMod"],"gold_per_floor":[119,119,44,44,63,63,103,103,151,175,41,1,1,39,39,163,163,187,39,53,53,53,53,68,68,68,68,95,45,59,59,74,74,74,197,197,217,232,245,245,280,280,280,280,280,309,309,343,383,410,410,330],"floor_reached":53,"playtime":5695,"items_purged":["Injury"],"score":494,"play_id":"fb4574fc-fc90-4776-be95-77f07a9b1e3a","local_time":"20201215212029","is_ascension_mode":false,"campfire_choices":[{"data":"hermit:Snapshot","floor":6,"key":"SMITH"},{"floor":8,"key":"DIG"},{"floor":15,"key":"REST"},{"data":"hermit:GoldenBullet","floor":25,"key":"SMITH"},{"data":"hermit:GoldenBullet","floor":27,"key":"SMITH"},{"floor":34,"key":"RECALL"},{"floor":42,"key":"REST"},{"floor":44,"key":"REST"}],"circlet_count":0,"master_deck":["hermit:Strike_Hermit","hermit:Strike_Hermit","hermit:Strike_Hermit","hermit:Strike_Hermit","hermit:Defend_Hermit","hermit:Defend_Hermit+1","hermit:Snapshot+1","hermit:Covet","hermit:BodyArmor","hermit:BodyArmor+1","hermit:HighCaliber","hermit:GoldenBullet+1","hermit:Glare","hermit:GoldenBullet+1","hermit:Quickdraw+1","hermit:Dissolve+1","hermit:Glare+1","hermit:Desperado+1","hermit:PistolWhip","hermit:Headshot+1","hermit:FullyLoaded","hermit:HeroicBravado","hermit:Misfire+1","Parasite","hermit:Dive+1","infinitespire:Gouge","Mind Blast+1","hermit:GoldenBullet+1","hermit:HighCaliber","hermit:TakeCover+1"],"relics":["hermit:Momento","REME_ComplimentaryCards","NeowsBlessing","Golden Idol","Replay:Multitool","hermit:RyeStalk","infinitespire:Lucky Rock","Nunchaku","hubris:ScarierMask","Vajra","Unceasing Top","REME_LowDesire","MealTicket","Replay:Baseball","Replay:Bandana","Snack Pack"],"acts_visited":["Exordium","TheCity","TheBeyond"],"potions_floor_usage":[16,26,39,39,50,52,52],"damage_taken":[{"damage":0,"enemies":"Jaw Worm","floor":1,"turns":1},{"damage":0,"enemies":"2 Louse","floor":5,"turns":1},{"damage":0,"enemies":"Gremlin Nob","floor":7,"turns":1},{"damage":0,"enemies":"Cultist","floor":10,"turns":3},{"damage":13,"enemies":"Lagavulin","floor":14,"turns":6},{"damage":8,"enemies":"Slime Boss","floor":16,"turns":8},{"damage":14,"enemies":"3 Byrds","floor":18,"turns":7},{"damage":0,"enemies":"Spheric Guardian","floor":20,"turns":3},{"damage":0,"enemies":"Cultist and Chosen","floor":24,"turns":3},{"damage":0,"enemies":"Snake Plant","floor":26,"turns":1},{"damage":0,"enemies":"3 Cultists","floor":30,"turns":4},{"damage":0,"enemies":"Centurion and Healer","floor":32,"turns":4},{"damage":0,"enemies":"Champ","floor":35,"turns":1},{"damage":0,"enemies":"3 Shapes","floor":37,"turns":2},{"damage":0,"enemies":"Orb Walker","floor":38,"turns":2},{"damage":16,"enemies":"Writhing Mass","floor":39,"turns":6},{"damage":24,"enemies":"Maw","floor":41,"turns":7},{"damage":1,"enemies":"Sphere and 2 Shapes","floor":46,"turns":3},{"damage":11,"enemies":"4 Shapes","floor":48,"turns":4},{"damage":0,"enemies":"Maw","floor":49,"turns":5},{"damage":0,"enemies":"3 Darklings","floor":50,"turns":2},{"damage":87,"enemies":"infinitespire:MassOfShapes","floor":52,"turns":10}],"seed_played":"-5131960618648177272","potions_obtained":[{"floor":10,"key":"Fire Potion"},{"floor":16,"key":"Ancient Potion"},{"floor":20,"key":"SmokeBomb"},{"floor":46,"key":"Swift Potion"},{"floor":49,"key":"ColorlessPotion"},{"floor":50,"key":"DistilledChaos"}],"is_trial":false,"path_per_floor":["M","?","$","?","M","R","E","R","T","M","$","$","T","E","R","B",null,"M","$","M","PTL","PTL","?","M","R","M","R","T","$","M","?","M","AVR","R","B",null,"M","M","M","AVR","M","R","?","R","T","M","?","M","M","M","R","B",null],"character_chosen":"HERMIT","items_purchased":["hermit:Glare","hermit:GoldenBullet","hermit:Quickdraw+1","FairyPotion","Adrenaline Potion","Dexterity Potion"],"campfire_rested":3,"item_purchase_floors":[11,11,12,19,19,29],"current_hp_per_floor":[75,75,75,75,75,75,75,75,75,75,75,75,75,62,75,67,75,61,61,61,61,61,61,61,61,61,61,61,61,61,85,85,85,85,85,85,85,85,69,69,45,70,49,74,74,73,73,64,72,76,85,6],"gold":330,"neow_bonus":"THREE_ENEMY_KILL","is_daily":false,"chose_seed":false,"campfire_upgraded":3,"win_rate":0.0,"timestamp":1608063629,"path_taken":["M","?","$","?","M","R","E","R","T","M","?","$","?","E","R","BOSS","M","$","M","PTL","PTL","?","M","R","M","R","T","?","M","?","?","AVR","R","BOSS","M","M","M","AVR","M","R","?","R","T","M","?","M","?","M","R","BOSS"],"items_purchased_type":["Card","Card","Card","Potion","Potion","Potion"],"build_version":"2020-12-13","purchased_purges":1,"victory":true,"max_hp_per_floor":[75,75,75,75,75,75,75,75,75,75,75,75,75,75,75,75,75,75,75,75,75,75,75,75,75,75,75,75,75,75,85,85,85,85,85,85,85,85,85,85,85,85,85,85,85,85,85,85,85,85,85,85],"card_choices":[{"not_picked":["hermit:CalledShot","hermit:Feint"],"picked":"hermit:BodyArmor","floor":1},{"not_picked":["hermit:Ricochet","hermit:Dive"],"picked":"hermit:HighCaliber","floor":5},{"not_picked":["hermit:CursedWeapon","hermit:Snipe","hermit:HighNoon"],"picked":"SKIP","floor":7},{"not_picked":["hermit:Spite","hermit:Snipe"],"picked":"hermit:GoldenBullet","floor":10},{"not_picked":["hermit:DeadMansHand","hermit:Desperado","hermit:FinalCanter"],"picked":"SKIP","floor":14},{"not_picked":["hermit:Gambit","hermit:FromBeyond"],"picked":"hermit:Dissolve","floor":16},{"not_picked":["hermit:CalledShot+1","hermit:Feint"],"picked":"hermit:Glare+1","floor":18},{"not_picked":["hermit:Spite","hermit:Combo"],"picked":"hermit:Desperado+1","floor":20},{"not_picked":["hermit:Ricochet+1","hermit:CursedWeapon+1"],"picked":"hermit:Headshot+1","floor":24},{"not_picked":["hermit:BodyArmor","hermit:Vantage+1","hermit:Showdown"],"picked":"SKIP","floor":30},{"not_picked":["hermit:Showdown+1","hermit:LoneWolf"],"picked":"hermit:FullyLoaded","floor":32},{"not_picked":["hermit:Adapt","hermit:FinalCanter"],"picked":"hermit:HeroicBravado","floor":35},{"not_picked":["hermit:DeadMansHand","hermit:TakeAim","Replay:BasicMightCard+1"],"picked":"hermit:Misfire+1","floor":37},{"not_picked":["hermit:SprayPray","hermit:EternalForm","hermit:HoleUp","Replay:Parry+1"],"picked":"SKIP","floor":38},{"not_picked":["hermit:BodyArmor+1","hermit:LowProfile","hermit:Shortfuse+1","Panacea+1"],"picked":"SKIP","floor":39},{"not_picked":["hermit:SprayPray+1","hermit:TrackingShot","REME_AllRoundStrike"],"picked":"hermit:Dive+1","floor":41},{"not_picked":["Replay:Fractal Strike","infinitespire:Punishment"],"picked":"infinitespire:Gouge","floor":43},{"not_picked":["hermit:Desperado","hermit:Dive+1","hermit:Feint"],"picked":"Mind Blast+1","floor":46},{"not_picked":["hermit:SprayPray","hermit:EternalForm","hermit:Malice","Forethought"],"picked":"SKIP","floor":48},{"not_picked":["hermit:Roulette+1","hermit:Dive+1","Poisoned Strike"],"picked":"hermit:HighCaliber","floor":49},{"not_picked":["hermit:Roulette+1","hermit:FullyLoaded","Transmutation"],"picked":"hermit:TakeCover+1","floor":50}],"player_experience":160830,"relics_obtained":[{"floor":7,"key":"Replay:Multitool"},{"floor":8,"key":"hermit:RyeStalk"},{"floor":9,"key":"infinitespire:Lucky Rock"},{"floor":14,"key":"Nunchaku"},{"floor":28,"key":"Vajra"},{"floor":36,"key":"MealTicket"},{"floor":36,"key":"Replay:Baseball"},{"floor":45,"key":"Snack Pack"}],"event_choices":[{"damage_healed":0,"gold_gain":0,"player_choice":"Take Wound","damage_taken":0,"relics_obtained":["Golden Idol"],"max_hp_gain":0,"max_hp_loss":0,"event_name":"Golden Idol","floor":2,"gold_loss":0,"cards_obtained":["Injury"]},{"damage_healed":0,"gold_gain":0,"cards_transformed":["hermit:Defend_Hermit"],"player_choice":"Transformed","damage_taken":0,"max_hp_gain":0,"max_hp_loss":0,"event_name":"Transmorgrifier","floor":23,"gold_loss":0,"cards_obtained":["hermit:PistolWhip"]},{"cards_removed":["LessonLearned"],"damage_healed":14,"gold_gain":0,"player_choice":"Offered Rare","damage_taken":0,"max_hp_gain":10,"max_hp_loss":0,"event_name":"Bonfire Elementals","floor":31,"gold_loss":0},{"damage_healed":0,"gold_gain":0,"player_choice":"Copied","damage_taken":0,"max_hp_gain":0,"max_hp_loss":0,"event_name":"Duplicator","floor":47,"gold_loss":0,"cards_obtained":["hermit:GoldenBullet"]}],"is_beta":false,"boss_relics":[{"not_picked":["Runic Pyramid","hubris:HollowSoul"],"picked":"hubris:ScarierMask"},{"not_picked":["hubris:VirtuousBlindfold","hubris:BlackHole"],"picked":"REME_LowDesire"}],"items_purged_floors":[3],"is_endless":false,"potions_floor_spawned":[10,16,20,26,38,46,49,50],"ascension_level":0}}