{"host":"1tl36azeqm6yhdgj","time":1608069859,"event":{"mods":["AchievementEnabler","BaseMod","Minty Spire (QoL Compilation)","StSLib","The IronCluck","everything is the same but u backflip on backflip"],"gold_per_floor":[116,127,127,127,54,54,87,87,87,87,112,128,167,191,191,285,285,300,399,599,622,649,649,649],"floor_reached":23,"playtime":625,"items_purged":[],"score":370,"play_id":"2a8741f0-d18c-46e6-9546-690c25c32cb1","local_time":"20201215170419","is_ascension_mode":true,"campfire_choices":[{"data":"Dark Embrace","floor":6.0,"key":"SMITH"},{"floor":8.0,"key":"RECALL"},{"data":"Warcry","floor":10.0,"key":"SMITH"},{"data":"Double Tap","floor":15.0,"key":"SMITH"}],"circlet_count":0,"master_deck":["AscendersBane","Strike_R","Strike_R","Strike_R","Strike_R","Strike_R","Defend_R","Defend_R","Defend_R","Defend_R","Bash","Anger","Dark Embrace+1","Feel No Pain","Warcry+1","Flex","Seeing Red","Double Tap+1","Havoc","Immolate","CurseOfTheBell","Uppercut"],"relics":["Burning Blood","NeowsBlessing","Golden Idol","CultistMask","PreservedInsect","Charon\u0027s Ashes","Paper Frog","Calling Bell","Tiny Chest","HornCleat","FossilizedHelix","Orichalcum"],"acts_visited":["Exordium","TheCity"],"potions_floor_usage":[23],"damage_taken":[{"damage":0.0,"enemies":"Jaw Worm","floor":1.0,"turns":1.0},{"damage":0.0,"enemies":"Small Slimes","floor":2.0,"turns":1.0},{"damage":0.0,"enemies":"Gremlin Nob","floor":7.0,"turns":1.0},{"damage":3.0,"enemies":"Cultist","floor":11.0,"turns":3.0},{"damage":2.0,"enemies":"Blue Slaver","floor":12.0,"turns":4.0},{"damage":10.0,"enemies":"3 Sentries","floor":13.0,"turns":6.0},{"damage":18.0,"enemies":"Lots of Slimes","floor":14.0,"turns":4.0},{"damage":29.0,"enemies":"Slime Boss","floor":16.0,"turns":9.0},{"damage":37.0,"enemies":"Shell Parasite","floor":18.0,"turns":7.0},{"damage":11,"enemies":"2 Thieves","floor":21,"turns":3},{"damage":33,"enemies":"Book of Stabbing","floor":23,"turns":4}],"seed_played":"8134916448912754204","potions_obtained":[{"floor":2.0,"key":"Strength Potion"},{"floor":7.0,"key":"DistilledChaos"},{"floor":12.0,"key":"GamblersBrew"},{"floor":18.0,"key":"GamblersBrew"}],"is_trial":false,"path_per_floor":["M","M","?","?","$","R","E","R","T","R","M","M","E","M","R","B",null,"M","?","?","M","T","E"],"character_chosen":"IRONCLAD","items_purchased":["Feel No Pain"],"campfire_rested":0,"item_purchase_floors":[5],"current_hp_per_floor":[78,80,60,60,60,60,66,66,66,66,69,73,69,57,57,34,69,38,38,38,33,33,0,0],"gold":649,"neow_bonus":"THREE_ENEMY_KILL","is_daily":false,"chose_seed":false,"campfire_upgraded":3,"win_rate":0.0,"timestamp":1608069859,"path_taken":["M","M","?","?","$","R","E","R","T","R","M","?","E","M","R","BOSS","M","?","?","?","?","E"],"items_purchased_type":["Card"],"build_version":"2020-12-13","purchased_purges":0,"victory":false,"max_hp_per_floor":[80,80,80,80,80,80,80,80,80,80,80,80,80,80,80,80,80,80,80,80,80,80,80,80],"card_choices":[{"not_picked":["Havoc","Wild Strike"],"picked":"Anger","floor":1.0},{"not_picked":["Havoc","Twin Strike"],"picked":"Dark Embrace","floor":2.0},{"not_picked":["Havoc","Iron Wave"],"picked":"Warcry","floor":7.0},{"not_picked":["Body Slam","Iron Wave"],"picked":"Flex","floor":11.0},{"not_picked":["Wild Strike","Flex"],"picked":"Seeing Red","floor":12.0},{"not_picked":["Thunderclap","Combust"],"picked":"Double Tap","floor":13.0},{"not_picked":["Twin Strike","Anger"],"picked":"Havoc","floor":14.0},{"not_picked":["Double Tap","Berserk"],"picked":"Immolate","floor":16.0},{"not_picked":["Flex","Power Through"],"picked":"Uppercut","floor":18.0},{"not_picked":["Entrench+1","Twin Strike","Armaments"],"picked":"SKIP","floor":21}],"player_experience":1949881,"relics_obtained":[{"floor":7.0,"key":"PreservedInsect"},{"floor":9.0,"key":"Charon\u0027s Ashes"},{"floor":13.0,"key":"Paper Frog"},{"floor":17.0,"key":"Tiny Chest"},{"floor":17.0,"key":"HornCleat"},{"floor":17.0,"key":"FossilizedHelix"},{"floor":22,"key":"Orichalcum"}],"event_choices":[{"damage_healed":0.0,"max_hp_gain":0.0,"max_hp_loss":0.0,"gold_gain":0.0,"event_name":"Golden Idol","player_choice":"Take Damage","floor":3.0,"gold_loss":0.0,"damage_taken":20.0,"relics_obtained":["Golden Idol"]},{"damage_healed":0.0,"max_hp_gain":0.0,"max_hp_loss":0.0,"gold_gain":0.0,"event_name":"FaceTrader","player_choice":"Trade","floor":4.0,"gold_loss":0.0,"damage_taken":0.0,"relics_obtained":["CultistMask"]},{"damage_healed":0.0,"max_hp_gain":0.0,"max_hp_loss":0.0,"gold_gain":99.0,"event_name":"Nest","player_choice":"Stole From Cult","floor":19.0,"gold_loss":0.0,"damage_taken":0.0},{"damage_healed":0,"gold_gain":250,"player_choice":"Bet on Owner","damage_taken":0,"max_hp_gain":0,"max_hp_loss":0,"event_name":"The Joust","floor":20,"gold_loss":50}],"is_beta":false,"boss_relics":[{"not_picked":["SacredBark","Mark of Pain"],"picked":"Calling Bell"}],"items_purged_floors":[],"is_endless":false,"potions_floor_spawned":[2,7,12,18],"killed_by":"Book of Stabbing","ascension_level":13}}