{"host":"ifd7sfhtlbe34qll","time":1608015221,"event":{"mods":["2.2 Compatiblity","BaseMod","Block Reminder","Colored Map","Downfall","Highlight Path","Minty Spire (QoL Compilation)","Potion Indicator Mod","Quick Restart","Random Character Button","Relic Stats","StSLib"],"gold_per_floor":[99,9,25,36,51,86,110,122,183,183,183,183,199,199,214,317,317,317,342,376,395,395,425,425,425,454,304,315,326,344,76,86,184,184,184,198,232,252,269,296,296,311,340,265,155,173,190,190,206,206,206,241,2,2,2],"floor_reached":56,"playtime":4116,"items_purged":["Normality","Pain"],"score":1980,"play_id":"04539d6e-e5a2-4025-8f99-2581fd9bde3d","local_time":"20201215005341","is_ascension_mode":true,"campfire_choices":[{"data":"champ:Taunt","floor":1,"key":"SMITH"},{"floor":10,"key":"REST"},{"data":"champ:Backstep","floor":18,"key":"SMITH"},{"data":"champ:TornadoPunch","floor":22,"key":"SMITH"},{"floor":27,"key":"REST"},{"floor":35,"key":"RECALL"},{"data":"champ:Circumvent","floor":44,"key":"SMITH"},{"data":"champ:PerfectForm","floor":54,"key":"SMITH"}],"circlet_count":0,"master_deck":["champ:Strike","champ:Strike","champ:Strike","champ:Strike","champ:Defend","champ:Defend","champ:Defend","champ:Defend","champ:Execute","champ:Taunt+1","champ:HeavySlash+1","champ:Backstep+1","champ:EndlessRage","champ:BringItOn","champ:IronFortress","champ:TornadoPunch+1","champ:AdrenalArmor","champ:FaceSlap","champ:Circumvent+1","champ:DancingMaster","champ:Encircle+1","champ:FlashCut+1","champ:Improvising","champ:SkillfulDodge+1","champ:Control+1","champ:Duel+1","champ:VampiricStrike+1","champ:BerserkersShout+1","champ:Circumvent+1","champ:DefensiveShout+1","champ:EnGarde+1","champ:Improvising","champ:PerfectForm+1","champ:MurderStrike+1","champ:FocusedBerserking","champ:CrookedStrike+1","champ:FocusedDefense+1","expansioncontent:QuickStudy"],"relics":["champ:ChampionCrown","Bag of Marbles","Regal Pillow","Mummified Hand","Lantern","Mercury Hourglass","WarpedTongs","Philosopher\u0027s Stone","sneckomod:BlankCard","Molten Egg 2","Omamori","Du-Vu Doll","downfall:HeartBlessingGreen","downfall:HeartBlessingBlue","OrangePellets","sneckomod:SneckoTalon","Ancient Tea Set","Art of War","InkBottle","Strawberry","downfall:HeartBlessingRed","DollysMirror","TungstenRod","PreservedInsect"],"acts_visited":["Exordium","TheCity","TheBeyond","TheEnding"],"potions_floor_usage":[16,21,37,52],"damage_taken":[{"damage":10,"enemies":"downfall:FleeingMerchant","floor":2,"turns":4},{"damage":5,"enemies":"Cultist","floor":3,"turns":4},{"damage":5,"enemies":"Jaw Worm","floor":4,"turns":4},{"damage":0,"enemies":"2 Louse","floor":5,"turns":3},{"damage":39,"enemies":"Gremlin Nob","floor":6,"turns":6},{"damage":0,"enemies":"Red Slaver","floor":8,"turns":2},{"damage":19,"enemies":"3 Sentries","floor":9,"turns":8},{"damage":2,"enemies":"Blue Slaver","floor":13,"turns":3},{"damage":0,"enemies":"Gremlin Gang","floor":15,"turns":2},{"damage":69,"enemies":"downfall:Defect","floor":16,"turns":9},{"damage":7,"enemies":"Gremlin Leader","floor":20,"turns":6},{"damage":12,"enemies":"3 Byrds","floor":21,"turns":3},{"damage":62,"enemies":"Slavers","floor":23,"turns":7},{"damage":41,"enemies":"Gremlin Leader","floor":26,"turns":5},{"damage":9,"enemies":"Shelled Parasite and Fungi","floor":28,"turns":3},{"damage":5,"enemies":"Cultist and Chosen","floor":29,"turns":3},{"damage":0,"enemies":"Centurion and Healer","floor":30,"turns":4},{"damage":5,"enemies":"downfall:FleeingMerchant","floor":31,"turns":4},{"damage":10,"enemies":"Snake Plant","floor":32,"turns":2},{"damage":17,"enemies":"downfall:Watcher","floor":33,"turns":8},{"damage":20,"enemies":"3 Shapes","floor":36,"turns":3},{"damage":52,"enemies":"Nemesis","floor":37,"turns":5},{"damage":22,"enemies":"Orb Walker","floor":38,"turns":2},{"damage":10,"enemies":"Sphere and 2 Shapes","floor":39,"turns":4},{"damage":65,"enemies":"Reptomancer","floor":40,"turns":4},{"damage":18,"enemies":"Spire Growth","floor":42,"turns":3},{"damage":44,"enemies":"Giant Head","floor":43,"turns":8},{"damage":17,"enemies":"downfall:FleeingMerchant","floor":45,"turns":3},{"damage":0,"enemies":"3 Darklings","floor":46,"turns":2},{"damage":8,"enemies":"Jaw Worm Horde","floor":47,"turns":2},{"damage":19,"enemies":"Transient","floor":49,"turns":5},{"damage":53,"enemies":"downfall:Ironclad","floor":50,"turns":8},{"damage":40,"enemies":"downfall:CharBossMerchant","floor":52,"turns":6},{"damage":85,"enemies":"downfall:NeowBoss","floor":55,"turns":22}],"seed_played":"-4233766803912490896","potions_obtained":[{"floor":3,"key":"Ancient Potion"},{"floor":8,"key":"SkillPotion"},{"floor":15,"key":"Fire Potion"},{"floor":20,"key":"champ:UltimateStancePotion"},{"floor":28,"key":"EssenceOfSteel"},{"floor":36,"key":"LiquidMemories"},{"floor":39,"key":"FearPotion"},{"floor":43,"key":"PowerPotion"}],"is_trial":false,"path_per_floor":["R","$","M","M","M","E","T","M","?","R","?","T","M","?","M","B",null,"R","T","E","M","R","E","T","?","E","R","M","M","M","$","M","B",null,"R","M","E","M","M","E","T","M","E","R","$","M","M","?","M","B",null,"E","$","R","B",null],"character_chosen":"THE_CHAMP","items_purchased":["OrangePellets","DollysMirror","TungstenRod","expansioncontent:QuickStudy","GamblersBrew"],"campfire_rested":2,"item_purchase_floors":[31,45,45,53,53],"current_hp_per_floor":[90,85,85,86,86,53,53,53,43,85,78,78,78,78,78,30,90,90,90,90,90,90,50,50,50,26,81,77,76,76,73,73,76,100,100,100,73,94,97,68,68,91,107,107,107,107,107,107,107,71,107,107,107,107,107],"gold":2,"neow_bonus":"THREE_RARE_CARDS","is_daily":false,"chose_seed":false,"campfire_upgraded":5,"win_rate":0.0,"timestamp":1608015221,"path_taken":["R","$","M","M","M","E","T","M","?","R","?","?","?","?","M","BOSS","R","?","E","M","R","E","T","?","E","R","M","?","M","$","M","BOSS","R","M","E","M","?","E","T","M","E","R","$","M","M","?","M","BOSS","E","$","R","BOSS"],"items_purchased_type":["Relic","Relic","Relic","Card","Potion"],"build_version":"2020-12-13","purchased_purges":2,"victory":true,"max_hp_per_floor":[90,90,90,90,90,90,90,90,90,90,90,90,90,90,90,90,90,90,90,90,90,90,90,90,90,90,100,100,100,100,100,100,100,100,100,100,100,100,100,100,100,100,107,107,107,107,107,107,107,107,107,107,107,107,107],"relic_stats":{"OrangePellets":[9],"Regal Pillow":30,"counters":[34,166],"Mummified Hand":[86],"PreservedInsect":0,"Art of War":[8],"obtain_stats":[{"Regal Pillow":7,"Lantern":11,"downfall:HeartBlessingRed":44,"sneckomod:BlankCard":19,"champ:ChampionCrown":0,"downfall:HeartBlessingGreen":27,"PreservedInsect":52,"Omamori":23,"sneckomod:SneckoTalon":34,"Ancient Tea Set":37,"Mercury Hourglass":12,"WarpedTongs":14,"Du-Vu Doll":26,"OrangePellets":31,"Mummified Hand":9,"downfall:HeartBlessingBlue":27,"DollysMirror":45,"Strawberry":43,"Philosopher\u0027s Stone":17,"Molten Egg 2":20,"Bag of Marbles":6,"Art of War":40,"InkBottle":41,"TungstenRod":45},{"Regal Pillow":5,"Lantern":7,"downfall:HeartBlessingRed":27,"sneckomod:BlankCard":10,"champ:ChampionCrown":0,"downfall:HeartBlessingGreen":14,"PreservedInsect":33,"Omamori":13,"sneckomod:SneckoTalon":20,"Ancient Tea Set":22,"Mercury Hourglass":7,"WarpedTongs":8,"Du-Vu Doll":14,"OrangePellets":18,"Mummified Hand":7,"downfall:HeartBlessingBlue":14,"DollysMirror":28,"Strawberry":27,"Philosopher\u0027s Stone":10,"Molten Egg 2":11,"Bag of Marbles":5,"Art of War":25,"InkBottle":25,"TungstenRod":28},{"Regal Pillow":21,"Lantern":31,"downfall:HeartBlessingRed":118,"sneckomod:BlankCard":45,"champ:ChampionCrown":0,"downfall:HeartBlessingGreen":66,"PreservedInsect":144,"Omamori":61,"sneckomod:SneckoTalon":90,"Ancient Tea Set":98,"Mercury Hourglass":31,"WarpedTongs":34,"Du-Vu Doll":66,"OrangePellets":80,"Mummified Hand":31,"downfall:HeartBlessingBlue":66,"DollysMirror":121,"Strawberry":118,"Philosopher\u0027s Stone":45,"Molten Egg 2":51,"Bag of Marbles":21,"Art of War":107,"InkBottle":107,"TungstenRod":121}],"InkBottle":[31],"TungstenRod":65,"Mercury Hourglass":[420],"WarpedTongs":[124]},"card_choices":[{"not_picked":["champ:CrownThrow","champ:ShieldThrow"],"picked":"champ:HeavySlash","floor":0},{"not_picked":["champ:ViciousMockery","champ:BerserkersShout"],"picked":"champ:Backstep","floor":2},{"not_picked":["champ:FalseCounter","champ:Backstep"],"picked":"champ:EndlessRage","floor":3},{"not_picked":["champ:GladiatorStyle","champ:CalledShot"],"picked":"champ:BringItOn","floor":4},{"not_picked":["champ:BringItOn","champ:EnGarde"],"picked":"champ:IronFortress","floor":5},{"not_picked":["champ:GladiatorStyle","champ:Aggression"],"picked":"champ:TornadoPunch","floor":6},{"not_picked":["champ:FocusedBerserking","champ:IronFortress"],"picked":"champ:AdrenalArmor","floor":8},{"not_picked":["champ:CrookedStrike","champ:FlashCut"],"picked":"champ:FaceSlap","floor":9},{"not_picked":["champ:Balance","champ:Haymaker","champ:BladeFlurry"],"picked":"SKIP","floor":13},{"not_picked":["champ:AdrenalArmor","champ:GladiatorsShout"],"picked":"champ:Circumvent","floor":15},{"not_picked":["champ:VampiricStrike","champ:CrownThrow"],"picked":"champ:DancingMaster","floor":16},{"not_picked":["champ:BringItOn","champ:AdrenalArmor","champ:FightOn"],"picked":"SKIP","floor":20},{"not_picked":["champ:Haymaker+1","champ:FanOfKnives+1"],"picked":"champ:Encircle+1","floor":21},{"not_picked":["champ:ViciousMockery","champ:Circumvent"],"picked":"champ:FlashCut+1","floor":23},{"not_picked":["champ:FanOfKnives+1","champ:PerfectedStrike+1","champ:ViciousMockery+1"],"picked":"SKIP","floor":26},{"not_picked":["champ:StanceDance","champ:FocusedBerserking+1"],"picked":"champ:Improvising","floor":28},{"not_picked":["champ:PerfectedStrike+1","champ:ShieldWall"],"picked":"champ:SkillfulDodge+1","floor":29},{"not_picked":["champ:AdrenalArmor","champ:Circumvent"],"picked":"champ:Control+1","floor":30},{"not_picked":["champ:EnragedBash+1","champ:StanceDance","champ:Control"],"picked":"SKIP","floor":31},{"not_picked":["champ:Haymaker+1","champ:Shatter+1"],"picked":"champ:Duel+1","floor":32},{"not_picked":["champ:PerfectForm","champ:ShieldSlam+1"],"picked":"champ:VampiricStrike+1","floor":33},{"not_picked":["champ:RisingSlash+1","champ:Control","champ:BringItOn+1"],"picked":"SKIP","floor":36},{"not_picked":["champ:RisingSlash+1","champ:Control","champ:BringItOn+1"],"picked":"SKIP","floor":36},{"not_picked":["champ:CalledShot","champ:EnragedBash+1"],"picked":"champ:BerserkersShout+1","floor":37},{"not_picked":["champ:FlashCut+1","champ:EndlessRage","champ:BerserkersShout+1"],"picked":"SKIP","floor":38},{"not_picked":["champ:Circumvent","champ:Riposte+1","champ:BerserkersShout+1"],"picked":"SKIP","floor":39},{"not_picked":["champ:EnragedBash+1","champ:Haymaker+1","champ:Shatter+1"],"picked":"SKIP","floor":40},{"not_picked":["champ:GladiatorsShout","champ:PerfectedStrike+1"],"picked":"champ:Circumvent+1","floor":42},{"not_picked":["champ:Riposte","champ:Backstep+1"],"picked":"champ:DefensiveShout+1","floor":43},{"not_picked":["champ:BladeFlurry+1","champ:Balance"],"picked":"champ:EnGarde+1","floor":45},{"not_picked":["champ:StanceDance+1","champ:BladeFlurry+1"],"picked":"champ:PerfectForm","floor":46},{"not_picked":["champ:Shatter+1","champ:BladeFlurry+1","champ:AdrenalArmor"],"picked":"SKIP","floor":47},{"not_picked":["champ:Circumvent","champ:BringItOn+1"],"picked":"champ:CrookedStrike+1","floor":49},{"not_picked":["champ:DancingMaster","champ:TornadoPunch+1"],"picked":"champ:FocusedDefense+1","floor":52}],"player_experience":1549757,"relics_obtained":[{"floor":6,"key":"Bag of Marbles"},{"floor":7,"key":"Regal Pillow"},{"floor":9,"key":"Mummified Hand"},{"floor":12,"key":"Mercury Hourglass"},{"floor":19,"key":"sneckomod:BlankCard"},{"floor":20,"key":"Molten Egg 2"},{"floor":23,"key":"Omamori"},{"floor":26,"key":"Du-Vu Doll"},{"floor":37,"key":"Ancient Tea Set"},{"floor":40,"key":"Art of War"},{"floor":41,"key":"InkBottle"},{"floor":43,"key":"Strawberry"},{"floor":52,"key":"PreservedInsect"}],"event_choices":[{"damage_healed":0,"gold_gain":0,"player_choice":"Success","damage_taken":7,"relics_obtained":["Lantern"],"max_hp_gain":0,"max_hp_loss":0,"event_name":"Scrap Ooze","floor":11,"gold_loss":0},{"damage_healed":0,"gold_gain":0,"player_choice":"Rummage","damage_taken":0,"relics_obtained":["WarpedTongs"],"max_hp_gain":0,"max_hp_loss":0,"event_name":"Accursed Blacksmith","floor":14,"gold_loss":0,"cards_obtained":["Pain"]},{"damage_healed":0,"gold_gain":0,"player_choice":"Upgraded","damage_taken":0,"max_hp_gain":0,"max_hp_loss":0,"event_name":"Upgrade Shrine","floor":25,"gold_loss":0,"cards_upgraded":["champ:HeavySlash"]}],"is_beta":false,"boss_relics":[{"not_picked":["expansioncontent:StudyCardRelic","champ:ChampionCrownUpgraded"],"picked":"Philosopher\u0027s Stone"},{"not_picked":["Snecko Eye","Velvet Choker"],"picked":"sneckomod:SneckoTalon"}],"items_purged_floors":[2,31],"is_endless":false,"potions_floor_spawned":[3,8,15,20,28,33,36,39,43,47,49],"ascension_level":1}}