{"host":"f5h077e5av00giy4","time":1608037457,"event":{"mods":["Aspiration","BaseMod","Colored Powertips","Decade(王小明)","Hermit","Hunter 猎人","Koishi","KomeijiMod","Luminous","Marisa（F雨　魔理沙）","Minty Spire (QoL Compilation)","MostiFishMod","Quick Restart","Reimu（博丽灵梦）","Relic Stats","Remilia（蕾米莉亚）","Replay The Spire","RumiaBox-露米娅的神秘盒子","Shop Mod","Spicy Shops","StSLib","TestMod","The Gatherer","The Mystic","The Poker Player","The Runesmith","The Servant 0.9.4","Youmu（魂魄妖梦）","Yuyuko","noobMod","vexMod","【东方二次创作】八云紫mod","【功能Mod】聪明的最终Boss","【遗物卡牌】REMEMod"],"gold_per_floor":[140,140,140,156,170,230,293,293,319,333,351,50,50,50,50,178,178,188,188,188,188,11,11,44,86,86,86,114,124,124,184,184,284,284,299,299,343,360,25,53,71,86,86,86,102,142,171,185,185,215,215,215,19,45,75],"floor_reached":56,"playtime":2979,"items_purged":["Ready_Giant+1","Clumsy"],"score":1667,"play_id":"de50730a-cf8f-4af1-8a0a-abc6f9905c64","local_time":"20201215210417","is_ascension_mode":false,"campfire_choices":[{"data":"Combo Form","floor":13.0,"key":"SMITH"},{"floor":15.0,"key":"DIG"},{"floor":23.0,"key":"DIG"},{"floor":30.0,"key":"DIG"},{"floor":32.0,"key":"DIG"},{"floor":49.0,"key":"RECALL"},{"floor":52,"key":"DIG"}],"circlet_count":0,"master_deck":["Strike_Giant+1","Strike_Giant+1","Defend_Giant+1","Defend_Giant+1","Defend_Giant+1","Defend_Giant+1","CultistPetCall","EagleFirst+1","EagleFirst+1","MostiFishMod:FrostNova","MostiFishMod:WinterMarkForm","Echo Form","Death Prophecy","Retain Combo","Resurrection Giant","MultiTurn_Giant","Drunk Grant","Combo Form+1","Beast Master","ByrdPetCall+1","Echo Form","Backflip Giant","Duplicate Hand","GremlinTsunderePetCall","GremlinNobPetCall","Fanatic Cultist+1","Random Death Rattle+1","Bloody Giant","Meditate Giant+1","SpikerPetCall","Infinite Combo+1","Combo Recycle+1","TakeAction_Giant+1","Mana Growth+1","Echo Defend Giant+1","Double Mana","Resurrection Giant"],"relics":["GiantSoulBox","testmod-TestBox","ice","DaveBox","REME_ComplimentaryCards","testmod-NegativeEmotionEnhancer","FrostBlade","NeowsBlessing","Question Card","Shuriken","testmod-ArcanaOfDestiny","Runesmith:AutoHammer","ChaoDraw","Shovel","ImportantClient","RhineCircuit","Enchiridion","testmod-Register","Dodecahedron","Art of War","GiantSoulStone","MagicDraw1","Pen Nib","testmod-TurbochargingSystem","Replay:Arrowhead","RhineSuit","MerchantsRug","Blue Doll","Bag of Preparation","BrkXgEgg","DaCapo","REME_PuzzleBoxRelic"],"acts_visited":["Exordium","TheCity","TheBeyond","TheEnding"],"potions_floor_usage":[50,55],"damage_taken":[{"damage":0.0,"enemies":"2 Louse","floor":1.0,"turns":1.0},{"damage":0.0,"enemies":"Jaw Worm","floor":4.0,"turns":1.0},{"damage":0.0,"enemies":"Small Slimes","floor":5.0,"turns":2.0},{"damage":0.0,"enemies":"Gremlin Nob","floor":6.0,"turns":3.0},{"damage":6.0,"enemies":"Blue Slaver","floor":10.0,"turns":2.0},{"damage":0.0,"enemies":"Looter","floor":11.0,"turns":1.0},{"damage":0.0,"enemies":"Fading Forest","floor":16.0,"turns":6.0},{"damage":11.0,"enemies":"2 Thieves","floor":18.0,"turns":2.0},{"damage":0.0,"enemies":"Slavers","floor":24.0,"turns":2.0},{"damage":14.0,"enemies":"Chosen","floor":25.0,"turns":3.0},{"damage":1.0,"enemies":"REME_1_Revenger","floor":28.0,"turns":4.0},{"damage":8.0,"enemies":"Centurion and Healer","floor":29.0,"turns":4.0},{"damage":24.0,"enemies":"Replay:Snechameleon","floor":31.0,"turns":3.0},{"damage":0.0,"enemies":"Collector","floor":33.0,"turns":5.0},{"damage":0.0,"enemies":"Orb Walker","floor":35.0,"turns":1.0},{"damage":6.0,"enemies":"3 Shapes","floor":37.0,"turns":1.0},{"damage":0.0,"enemies":"Jaw Worm Horde","floor":38.0,"turns":2.0},{"damage":0.0,"enemies":"R_Hoarder","floor":40.0,"turns":3.0},{"damage":0.0,"enemies":"4 Shapes","floor":41.0,"turns":3.0},{"damage":1.0,"enemies":"Sphere and 2 Shapes","floor":42.0,"turns":3.0},{"damage":0.0,"enemies":"Writhing Mass","floor":45.0,"turns":2.0},{"damage":0.0,"enemies":"Spire Growth","floor":46.0,"turns":2.0},{"damage":1.0,"enemies":"Reptomancer","floor":47.0,"turns":2.0},{"damage":0.0,"enemies":"Sphere and 2 Shapes","floor":48.0,"turns":3.0},{"damage":26,"enemies":"Awakened One","floor":50,"turns":5},{"damage":1,"enemies":"Shield and Spear","floor":54,"turns":4},{"damage":19,"enemies":"The Heart","floor":55,"turns":5}],"seed_played":"-6602165704305049678","potions_obtained":[{"floor":5.0,"key":"Fire Potion"},{"floor":6.0,"key":"Explosive Potion"},{"floor":7.0,"key":"SpiritPotion Giant"},{"floor":7.0,"key":"LifebloodPotion"},{"floor":16.0,"key":"LiquidBronze"},{"floor":18.0,"key":"AttackPotion"},{"floor":24.0,"key":"GrandPatriotsElixir:ReiMu"},{"floor":25.0,"key":"Fire Potion"},{"floor":31.0,"key":"Swift Potion"},{"floor":33.0,"key":"SpeedPotion"},{"floor":40.0,"key":"Weak Potion"},{"floor":42.0,"key":"SpeedPotion"},{"floor":45.0,"key":"Death Potion"},{"floor":46.0,"key":"Regen Potion"},{"floor":47.0,"key":"ColorlessPotion"}],"is_trial":false,"path_per_floor":["M","?","T","M","M","E","?","?","T","M","M","$","R","?","R","B",null,"M","?","?","?","$","R","E","M","T","?","E","M","R","E","R","B",null,"M","?","M","M","$","E","M","M","T","?","M","M","E","M","R","B",null,"R","$","E","B",null],"character_chosen":"Giant","items_purchased":["ChaoDraw","testmod-Register","Dodecahedron","MerchantsRug","Meditate Giant+1","Blue Doll","BrkXgEgg","DaCapo"],"campfire_rested":0,"item_purchase_floors":[12,22,22,39,39,39,53,53],"current_hp_per_floor":[66,66,66,67,68,74,56,84,84,80,82,82,82,82,82,92,92,84,93,93,77,77,77,81,74,74,74,75,70,70,54,54,60,109,110,110,111,115,115,117,119,120,120,120,121,127,128,129,129,122,135,135,135,136,132],"gold":75,"neow_bonus":"THREE_ENEMY_KILL","is_daily":false,"chose_seed":false,"campfire_upgraded":1,"win_rate":0.0,"timestamp":1608037457,"path_taken":["M","?","?","M","M","E","?","?","T","M","?","$","R","?","R","BOSS","M","?","?","?","?","R","E","M","T","?","E","?","R","E","R","BOSS","M","?","M","M","$","E","M","M","T","?","?","M","E","M","R","BOSS","R","$","E","BOSS"],"items_purchased_type":["Relic","Relic","Relic","Relic","Card","Relic","Relic","Relic"],"build_version":"2020-12-13","purchased_purges":2,"victory":true,"max_hp_per_floor":[66,66,66,67,68,74,74,84,84,85,86,86,86,86,86,92,92,93,93,93,93,93,93,94,100,100,100,101,102,102,108,108,109,109,110,110,116,117,117,118,119,120,120,120,121,127,128,129,129,135,135,135,135,136,142],"relic_stats":{"Shovel":5,"counters":[27,75],"Shuriken":[28],"Pen Nib":[8],"Art of War":[7],"Bag of Preparation":[7],"Question Card":25,"obtain_stats":[{"Replay:Accelerometer":52,"DaveBox":0,"Enchiridion":21,"RhineSuit":34,"Blue Doll":39,"ice":0,"testmod-NegativeEmotionEnhancer":0,"Bag of Preparation":43,"MagicDraw1":28,"Blood Vial":40,"Shovel":15,"DaCapo":53,"testmod-ArcanaOfDestiny":6,"ImportantClient":16,"MerchantsRug":39,"testmod-TestBox":0,"NeowsBlessing":0,"Dodecahedron":22,"testmod-Register":22,"Pen Nib":30,"BrkXgEgg":53,"testmod-TurbochargingSystem":31,"Question Card":1,"ChaoDraw":12,"Replay:Arrowhead":32,"RhineCircuit":17,"FrostBlade":0,"Shuriken":3,"GiantSoulStone":25,"Turnip":47,"Art of War":24,"GiantSoulBox":0,"Runesmith:AutoHammer":9,"REME_PuzzleBoxRelic":54,"REME_ComplimentaryCards":0},{"Replay:Accelerometer":25,"DaveBox":0,"Enchiridion":8,"RhineSuit":14,"Blue Doll":17,"ice":0,"testmod-NegativeEmotionEnhancer":0,"Bag of Preparation":20,"MagicDraw1":11,"Blood Vial":18,"Shovel":6,"DaCapo":25,"testmod-ArcanaOfDestiny":4,"ImportantClient":7,"MerchantsRug":17,"testmod-TestBox":0,"NeowsBlessing":0,"Dodecahedron":8,"testmod-Register":8,"Pen Nib":12,"BrkXgEgg":25,"testmod-TurbochargingSystem":13,"Question Card":1,"ChaoDraw":6,"Replay:Arrowhead":13,"RhineCircuit":7,"FrostBlade":0,"Shuriken":1,"GiantSoulStone":10,"Turnip":23,"Art of War":9,"GiantSoulBox":0,"Runesmith:AutoHammer":4,"REME_PuzzleBoxRelic":26,"REME_ComplimentaryCards":0},{"Replay:Accelerometer":66,"DaveBox":0,"Enchiridion":18,"RhineSuit":39,"Blue Doll":43,"ice":0,"testmod-NegativeEmotionEnhancer":0,"Bag of Preparation":52,"MagicDraw1":27,"Blood Vial":46,"Shovel":10,"DaCapo":66,"testmod-ArcanaOfDestiny":7,"ImportantClient":16,"MerchantsRug":43,"testmod-TestBox":0,"NeowsBlessing":0,"Dodecahedron":18,"testmod-Register":18,"Pen Nib":31,"BrkXgEgg":66,"testmod-TurbochargingSystem":34,"Question Card":1,"ChaoDraw":10,"Replay:Arrowhead":34,"RhineCircuit":16,"FrostBlade":0,"Shuriken":1,"GiantSoulStone":23,"Turnip":58,"Art of War":20,"GiantSoulBox":0,"Runesmith:AutoHammer":7,"REME_PuzzleBoxRelic":70,"REME_ComplimentaryCards":0}]},"card_choices":[{"not_picked":["Combo Recycle","Ready_Giant"],"picked":"Death Prophecy","floor":1.0},{"not_picked":["Seek Combo","Protect_Giant","EagleSecond"],"picked":"Retain Combo","floor":4.0},{"not_picked":["Combo Defend","Seek Combo","Trace_Giant"],"picked":"Resurrection Giant","floor":5.0},{"not_picked":["Revenge Attack","Combo Recycle","EagleThird"],"picked":"MultiTurn_Giant","floor":6.0},{"not_picked":["Duplicate Hand","TakeAction_Giant","HPGrowth_Giant"],"picked":"One Blood","floor":7.0},{"not_picked":["Clone Minion","Combo Connect","EagleSecond"],"picked":"Drunk Grant","floor":10.0},{"not_picked":["Trace_Giant","Death Explode","Mana Growth"],"picked":"Combo Form","floor":11.0},{"not_picked":["Recover HP","SnakeForm","Upgrade_Giant"],"picked":"Beast Master","floor":16.0},{"not_picked":["Seek Combo","Burning Pact Giant+1","Protect_Giant+1"],"picked":"Ready_Giant+1","floor":18.0},{"not_picked":["LeftHookFist","Protect_Giant","Burning Pact Giant"],"picked":"ByrdPetCall+1","floor":24.0},{"not_picked":["Trace_Giant+1","Protect_Giant+1","Revenge Attack+1"],"picked":"Combo Form","floor":25.0},{"not_picked":["Combo Defend+1","CultistPetCall","AttackPoison_Giant"],"picked":"Backflip Giant","floor":28.0},{"not_picked":["Resurrection Giant","Protect_Giant","Echo Defend Giant"],"picked":"Duplicate Hand","floor":29.0},{"not_picked":["Encourage_Giant","ByrdPetCall","Random Death Rattle"],"picked":"GremlinTsunderePetCall","floor":31.0},{"not_picked":["Recover HP","Time Travel","Double Mana"],"picked":"GremlinNobPetCall","floor":33.0},{"not_picked":["ByrdPetCall+1","Random Death Rattle","Echo Defend Giant"],"picked":"Fanatic Cultist+1","floor":35.0},{"not_picked":["TakeAction_Giant+1","GremlinTsunderePetCall","AttackPoison_Giant"],"picked":"Random Death Rattle+1","floor":37.0},{"not_picked":["Heal Wind+1","Fanatic Cultist+1","Backflip Giant"],"picked":"Bloody Giant","floor":38.0},{"not_picked":["Combo Defend","LeftHookFist+1","Spirit Of Beast+1"],"picked":"SpikerPetCall","floor":40.0},{"not_picked":["CultistPetCall+1","HPGrowth_Giant","Seek Pet+1"],"picked":"Infinite Combo+1","floor":41.0},{"not_picked":["Burning Pact Giant","Seek Pet+1","Trace_Giant"],"picked":"Combo Recycle+1","floor":42.0},{"not_picked":["Encourage_Giant+1","Protect_Giant","Pummel Giant+1"],"picked":"TakeAction_Giant+1","floor":45.0},{"not_picked":["Ready_Giant","Echo Defend Giant","SpikerPetCall+1"],"picked":"Mana Growth+1","floor":46.0},{"not_picked":["Spirit Of Beast","Struggle Attack","Bloody Giant"],"picked":"Echo Defend Giant+1","floor":47.0},{"not_picked":["Random Death Rattle+1","EagleSecond","Protect_Giant"],"picked":"Double Mana","floor":48.0},{"not_picked":["EagleThird+1","Ready_Giant+1","Combo Defend+1"],"picked":"Resurrection Giant","floor":54}],"player_experience":245110,"relics_obtained":[{"floor":1.0,"key":"Question Card"},{"floor":3.0,"key":"Shuriken"},{"floor":6.0,"key":"testmod-ArcanaOfDestiny"},{"floor":9.0,"key":"Runesmith:AutoHammer"},{"floor":15.0,"key":"Shovel"},{"floor":16.0,"key":"ImportantClient"},{"floor":21.0,"key":"Enchiridion"},{"floor":24.0,"key":"Art of War"},{"floor":25.0,"key":"GiantSoulStone"},{"floor":28.0,"key":"MagicDraw1"},{"floor":30.0,"key":"Pen Nib"},{"floor":31.0,"key":"testmod-TurbochargingSystem"},{"floor":32.0,"key":"Replay:Arrowhead"},{"floor":40.0,"key":"Blood Vial"},{"floor":43.0,"key":"Bag of Preparation"},{"floor":47.0,"key":"Turnip"},{"floor":52,"key":"Replay:Accelerometer"},{"floor":54,"key":"REME_PuzzleBoxRelic"}],"event_choices":[{"cards_removed":["One Blood"],"damage_healed":18.0,"max_hp_gain":10.0,"max_hp_loss":0.0,"gold_gain":0.0,"event_name":"Bonfire Elementals","player_choice":"Offered Rare","floor":8.0,"gold_loss":0.0,"damage_taken":0.0},{"damage_healed":0.0,"max_hp_gain":0.0,"max_hp_loss":0.0,"gold_gain":0.0,"event_name":"Golden Wing","player_choice":"Ignored","floor":14.0,"gold_loss":0.0,"damage_taken":0.0},{"damage_healed":0.0,"max_hp_gain":0.0,"max_hp_loss":0.0,"gold_gain":0.0,"event_name":"Back to Basics","player_choice":"Simplicity","floor":20.0,"gold_loss":0.0,"damage_taken":0.0,"cards_upgraded":["Strike_Giant","Strike_Giant","Defend_Giant","Defend_Giant","Defend_Giant","EagleFirst","EagleFirst"]},{"damage_healed":0.0,"max_hp_gain":0.0,"max_hp_loss":0.0,"gold_gain":0.0,"event_name":"Cursed Tome","player_choice":"Obtained Book","floor":21.0,"gold_loss":0.0,"damage_taken":16.0},{"damage_healed":0.0,"max_hp_gain":0.0,"max_hp_loss":0.0,"gold_gain":0.0,"event_name":"Duplicator","player_choice":"Copied","floor":27.0,"gold_loss":0.0,"damage_taken":0.0,"cards_obtained":["Echo Form"]},{"cards_removed":["EagleSecond"],"damage_healed":0.0,"max_hp_gain":0.0,"max_hp_loss":0.0,"gold_gain":0.0,"event_name":"Falling","player_choice":"Removed Attack","floor":36.0,"gold_loss":0.0,"damage_taken":0.0},{"cards_removed":["Combo Form"],"damage_healed":0.0,"max_hp_gain":0.0,"max_hp_loss":0.0,"gold_gain":0.0,"event_name":"Purifier","player_choice":"Purged","floor":44.0,"gold_loss":0.0,"damage_taken":0.0}],"is_beta":false,"boss_relics":[{"not_picked":["Abe\u0027s Treasure","aspiration:IroncladSkillbook"],"picked":"RhineCircuit"},{"not_picked":["Replay:Wanted Poster","REME_DuelDisc"],"picked":"RhineSuit"}],"items_purged_floors":[39,53],"is_endless":false,"potions_floor_spawned":[5,6,10,16,18,24,25,31,33,40,42,45,46,47],"ascension_level":0}}