{"host":"j0a1jfichhxu8b8p","time":1608032465,"event":{"mods":["BaseMod","Colored Map","DeckTracker","Keyboard Shortcuts","Minty Spire (QoL Compilation)","Permanent Neow","StSLib"],"gold_per_floor":[114,130,100,119,137,137,166,19,19,38,38,38,38,8,8,108,108,118,118,133,133,151,151,177,177,203,203,203,230,257,288,300,312,312],"floor_reached":33,"playtime":1863,"items_purged":[],"score":413,"play_id":"b09f4e9c-079d-4c79-8bb4-6be58f92c15a","local_time":"20201215204105","is_ascension_mode":true,"campfire_choices":[{"data":"Neutralize","floor":6.0,"key":"SMITH"},{"data":"A Thousand Cuts","floor":11,"key":"SMITH"},{"data":"After Image","floor":15,"key":"SMITH"},{"data":"Backflip","floor":23,"key":"SMITH"},{"data":"Blur","floor":25,"key":"SMITH"},{"data":"Flechettes","floor":32,"key":"SMITH"}],"circlet_count":0,"master_deck":["Strike_G","Strike_G","Strike_G","Strike_G","Strike_G","Defend_G","Defend_G","Defend_G","Survivor","Neutralize+1","PiercingWail","Prepared","Blade Dance","Escape Plan","After Image+1","A Thousand Cuts+1","Backflip+1","Bullet Time","Blade Dance+1","Blur+1","Terror+1","Deflect","Malaise","Flechettes+1"],"relics":["Runic Pyramid","Sundial","Peace Pipe","Matryoshka","Empty Cage","Thread and Needle","Potion Belt","Regal Pillow","Vajra","Ancient Tea Set","Lantern","MawBank"],"acts_visited":["Exordium","TheCity"],"potions_floor_usage":[7,24,24,24],"damage_taken":[{"damage":0.0,"enemies":"Cultist","floor":1.0,"turns":4.0},{"damage":1.0,"enemies":"Small Slimes","floor":2.0,"turns":4.0},{"damage":2.0,"enemies":"Jaw Worm","floor":4.0,"turns":5.0},{"damage":7.0,"enemies":"3 Louse","floor":5.0,"turns":4.0},{"damage":15,"enemies":"Lagavulin","floor":7,"turns":9},{"damage":0,"enemies":"2 Fungi Beasts","floor":10,"turns":4},{"damage":1,"enemies":"Looter","floor":14,"turns":4},{"damage":21,"enemies":"Hexaghost","floor":16,"turns":12},{"damage":4,"enemies":"Shell Parasite","floor":18,"turns":5},{"damage":2,"enemies":"3 Byrds","floor":20,"turns":3},{"damage":0,"enemies":"Shelled Parasite and Fungi","floor":22,"turns":4},{"damage":12,"enemies":"Slavers","floor":24,"turns":5},{"damage":3,"enemies":"Gremlin Leader","floor":29,"turns":6},{"damage":0,"enemies":"Snake Plant","floor":30,"turns":6},{"damage":0,"enemies":"Sentry and Sphere","floor":31,"turns":4},{"damage":32,"enemies":"Champ","floor":33,"turns":12}],"seed_played":"7080852473289442173","potions_obtained":[{"floor":1.0,"key":"Ancient Potion"},{"floor":2.0,"key":"AttackPotion"},{"floor":3.0,"key":"Strength Potion"},{"floor":7,"key":"EssenceOfSteel"},{"floor":20,"key":"Ancient Potion"},{"floor":22,"key":"AttackPotion"}],"is_trial":false,"path_per_floor":["M","M","?","M","M","R","E","$","T","M","R","T","?","M","R","B",null,"M","?","M","?","M","R","E","R","T","?","T","E","M","M","R","B"],"character_chosen":"THE_SILENT","items_purchased":["After Image"],"campfire_rested":0,"item_purchase_floors":[8],"current_hp_per_floor":[63,62,62,60,53,53,38,38,38,38,38,38,38,37,37,16,57,53,40,38,38,38,38,26,26,26,26,26,23,23,23,23,0,0],"gold":312,"neow_bonus":"BOSS_RELIC","is_daily":false,"chose_seed":false,"campfire_upgraded":6,"win_rate":0.0,"timestamp":1608032465,"path_taken":["M","M","?","M","M","R","E","$","T","?","R","?","?","M","R","BOSS","M","?","M","?","M","R","E","R","T","?","?","E","M","M","R","BOSS"],"items_purchased_type":["Card"],"build_version":"2020-12-13","purchased_purges":0,"victory":false,"max_hp_per_floor":[70,70,70,70,70,70,70,70,70,70,70,70,70,70,70,70,70,70,75,75,75,75,75,75,75,75,75,75,75,75,75,75,75,75],"card_choices":[{"not_picked":["Heel Hook","Calculated Gamble"],"picked":"PiercingWail","floor":1.0},{"not_picked":["Deflect","Sucker Punch"],"picked":"Prepared","floor":2.0},{"not_picked":["Prepared","Quick Slash"],"picked":"Blade Dance","floor":4.0},{"not_picked":["Slice","Bane","Dodge and Roll"],"picked":"SKIP","floor":5.0},{"not_picked":["Blade Dance","Deadly Poison"],"picked":"Escape Plan","floor":7},{"not_picked":["Flying Knee","Quick Slash"],"picked":"A Thousand Cuts","floor":10},{"not_picked":["Slice","Deflect"],"picked":"Backflip","floor":14},{"not_picked":["Die Die Die","Malaise"],"picked":"Bullet Time","floor":16},{"not_picked":["Poisoned Stab+1","Caltrops"],"picked":"Blade Dance+1","floor":18},{"not_picked":["Skewer+1","Terror"],"picked":"Blur","floor":20},{"not_picked":["Dagger Spray","Sucker Punch"],"picked":"Terror+1","floor":22},{"not_picked":["Masterful Stab+1","Riddle With Holes"],"picked":"Deflect","floor":24},{"not_picked":["Skewer","Dagger Spray"],"picked":"Malaise","floor":29},{"not_picked":["Bane","Sucker Punch+1"],"picked":"Flechettes","floor":30},{"not_picked":["Backflip","Prepared","Riddle With Holes"],"picked":"SKIP","floor":31}],"player_experience":312522,"relics_obtained":[{"floor":7,"key":"Sundial"},{"floor":9,"key":"Peace Pipe"},{"floor":12,"key":"Matryoshka"},{"floor":24,"key":"Potion Belt"},{"floor":26,"key":"Regal Pillow"},{"floor":26,"key":"Vajra"},{"floor":28,"key":"Ancient Tea Set"},{"floor":28,"key":"Lantern"},{"floor":29,"key":"MawBank"}],"event_choices":[{"damage_healed":0.0,"max_hp_gain":0.0,"max_hp_loss":0.0,"gold_gain":0.0,"event_name":"The Woman in Blue","player_choice":"Bought 2 Potions","floor":3.0,"gold_loss":0.0,"damage_taken":0.0},{"damage_healed":0,"gold_gain":0,"player_choice":"Leave","damage_taken":0,"max_hp_gain":0,"max_hp_loss":0,"event_name":"The Cleric","floor":13,"gold_loss":0},{"damage_healed":0,"gold_gain":0,"player_choice":"Shed Blood","damage_taken":18,"max_hp_gain":5,"max_hp_loss":0,"event_name":"Forgotten Altar","floor":19,"gold_loss":0},{"damage_healed":0,"gold_gain":0,"player_choice":"Opened","damage_taken":0,"relics_obtained":["Thread and Needle"],"max_hp_gain":0,"max_hp_loss":0,"event_name":"The Mausoleum","floor":21,"gold_loss":0},{"damage_healed":0,"gold_gain":0,"player_choice":"Ignored","damage_taken":0,"max_hp_gain":0,"max_hp_loss":0,"event_name":"Cursed Tome","floor":27,"gold_loss":0}],"is_beta":false,"boss_relics":[{"not_picked":["Philosopher\u0027s Stone","SacredBark"],"picked":"Empty Cage"}],"items_purged_floors":[],"is_endless":false,"potions_floor_spawned":[1,2,7,20,22],"killed_by":"Champ","ascension_level":9}}