{"host":"ea1gz0s8chhg5p89","time":1608012375,"event":{"mods":["Act Like it!","BaseMod","Gensokyo","Marisa£®ÏF”Í°°ƒß¿Ì…≥£©","Minty Spire (QoL Compilation)","Pale of the Ancients","Remilia£®¿Ÿ√◊¿Ú—«£©","Replay The Spire","StSLib"],"gold_per_floor":[111,111,61,79,95,130,130,142,211,240,29,57,57,92,92,193,193,212,212,232,232,232,232,263,275,275,308,322,337,366,381,381,486,486,503,503,513,513,61,86,114,134,134,134,166,48,82,1,1,1,1,14,91,166,166,186,186,186,186,186],"floor_reached":61,"playtime":2268,"items_purged":["Strike_RM","Defend_RM"],"score":2021,"play_id":"e34c2192-cb4e-4cf3-b3ed-5a50556f1fc6","local_time":"20201215140615","is_ascension_mode":true,"campfire_choices":[{"data":"BloodySeventeenLaser","floor":7.0,"key":"SMITH"},{"data":"EternalNight","floor":13.0,"key":"SMITH"},{"data":"NightLord","floor":15.0,"key":"SMITH"},{"data":"BloodyMagicSquare","floor":23.0,"key":"SMITH"},{"data":"BloodyTrap","floor":32.0,"key":"SMITH"},{"data":"CurseOfVladTepes","floor":44,"key":"SMITH"},{"data":"BloodAndWine","floor":49,"key":"SMITH"},{"data":"ScarletImprint","floor":55,"key":"SMITH"},{"data":"ScarletImprint","floor":57,"key":"SMITH"}],"circlet_count":0,"master_deck":["RedMoon","ScarletShoot","NightLord+1","RedRainbow","Regret","RedMagic","StarOfDavid","BloodySeventeenLaser+1","EternalNight+1","VampireKiss","ChainGang","SuperhumanBloodyKnife+1","HunterOfTheNight","VampireKiss","CurseOfVladTepes+1","Replay:Sluggish","Spreading Infection","Ultimatum","DevilSight+1","RedMagic+1","BloodyMagicSquare+1","SuperhumanBloodyKnife","VampireSweep","ScarletDevilSign","NightLord","BloodyTrap+1","MillenniumVampire","ForbiddenFruit+1","ScarletDevilSign","VampireFantasy","NightDance","BloodyMagicSquare+1","CeilingFear","Septette","ScarletImprint+1","RedRainbow+1","ScarletDevilSign+1","UnstableMagic+1","BloodyMagicSquare+1","ScarletNetherworld","BloodHunter","BloodAndWine+1","NightLord","VampireKiss","RedRainbow+1","ScarletImprint+1","MillenniumVampire+1","ScarletSymphony+1"],"relics":["ScarletHat","Gambling Chip","Pen Nib","Iron Hammer","Letter Opener","Boot","Replay:Rubber Ducky","Kintsugi","Lantern","Garlic","RedBat","Gremlin Food","Black Star","WingedGreaves","Lee\u0027s Waffle","Oddly Smooth Stone","Mango","Divine Protection","Thread and Needle","Eternal Feather","TypeBBloodRedTea","ReplayTheSpireMod:Ninjato","Snack Pack","Pocketwatch","paleoftheancients:Timepiece","Coffee Dripper","CultistMask","paleoftheancients:SoulOfTheWokeBloke","Orichalcum","White Beast Statue","Pear"],"acts_visited":["Exordium","TheCity","TheBeyond","paleoftheancients:PaleOfTheAncients"],"potions_floor_usage":[50,50,60,60],"damage_taken":[{"damage":0.0,"enemies":"Small Slimes","floor":1.0,"turns":3.0},{"damage":1.0,"enemies":"2 Louse","floor":4.0,"turns":3.0},{"damage":2.0,"enemies":"Cultist","floor":5.0,"turns":5.0},{"damage":18.0,"enemies":"Lagavulin","floor":6.0,"turns":5.0},{"damage":9.0,"enemies":"Large Slime","floor":8.0,"turns":7.0},{"damage":1.0,"enemies":"3 Sentries","floor":10.0,"turns":3.0},{"damage":6.0,"enemies":"Gremlin Nob","floor":12.0,"turns":3.0},{"damage":12.0,"enemies":"3 Sentries","floor":14.0,"turns":3.0},{"damage":32.0,"enemies":"Slime Boss","floor":16.0,"turns":8.0},{"damage":0.0,"enemies":"Spheric Guardian","floor":18.0,"turns":2.0},{"damage":9.0,"enemies":"Shell Parasite","floor":20.0,"turns":2.0},{"damage":22.0,"enemies":"Book of Stabbing","floor":24.0,"turns":3.0},{"damage":15.0,"enemies":"3 Cultists","floor":25.0,"turns":3.0},{"damage":7.0,"enemies":"Slavers","floor":27.0,"turns":1.0},{"damage":4.0,"enemies":"Chosen and Byrds","floor":28.0,"turns":2.0},{"damage":6.0,"enemies":"Snake Plant","floor":29.0,"turns":2.0},{"damage":6.0,"enemies":"Replay:Snechameleon","floor":30.0,"turns":3.0},{"damage":12.0,"enemies":"Shelled Parasite and Fungi","floor":31.0,"turns":2.0},{"damage":16.0,"enemies":"Automaton","floor":33.0,"turns":4.0},{"damage":32.0,"enemies":"Orb Walker","floor":35.0,"turns":1.0},{"damage":19,"enemies":"3 Darklings","floor":37,"turns":1},{"damage":73,"enemies":"Reptomancer","floor":40,"turns":1},{"damage":31,"enemies":"Nemesis","floor":41,"turns":1},{"damage":9,"enemies":"Spire Growth","floor":42,"turns":3},{"damage":38,"enemies":"Giant Head","floor":45,"turns":1},{"damage":94,"enemies":"Reptomancer","floor":47,"turns":2},{"damage":35,"enemies":"Replay:Hell Engine","floor":50,"turns":2},{"damage":95,"enemies":"Replay:Hell Engine","floor":51,"turns":3},{"damage":97,"enemies":"Replay:Hell Engine","floor":52,"turns":5},{"damage":65,"enemies":"Replay:Hell Engine","floor":56,"turns":3},{"damage":141,"enemies":"paleoftheancients:N","floor":60,"turns":5}],"seed_played":"7078770737170543155","potions_obtained":[{"floor":4.0,"key":"Toxic Potion"},{"floor":5.0,"key":"Elixir"},{"floor":6.0,"key":"GamblersBrew"},{"floor":16.0,"key":"Energy Potion"},{"floor":18.0,"key":"Fire Potion"},{"floor":28.0,"key":"SpeedPotion"},{"floor":29.0,"key":"Block Potion"},{"floor":30.0,"key":"Reflective Coating"},{"floor":33.0,"key":"Dexterity Potion"},{"floor":40,"key":"EssenceOfSteel"},{"floor":42,"key":"Swift Potion"},{"floor":52,"key":"EssenceOfSteel"},{"floor":56,"key":"EssenceOfSteel"}],"is_trial":false,"path_per_floor":["M","?","?","M","M","E","R","M","T","E","$","E","R","E","R","B",null,"M","?","M","?","?","R","E","M","T","E","M","M","E","M","R","B",null,"M","?","M","?","$","E","E","M","T","R","E","$","E","$","R","B","M","M","?","T","R","M","R","T","?","B",null],"character_chosen":"REMILIA","items_purchased":["ChainGang","SuperhumanBloodyKnife+1","Lee\u0027s Waffle","CeilingFear","Septette","ScarletImprint","ScarletNetherworld","BloodHunter","NightLord"],"campfire_rested":0,"item_purchase_floors":[11,11,39,39,39,39,46,46,48],"current_hp_per_floor":[68,68,68,69,67,50,50,43,43,44,44,44,44,32,32,11,59,59,59,51,51,37,37,23,14,14,7,11,11,24,26,26,17,64,38,38,35,90,97,41,29,34,34,55,106,106,15,15,39,87,111,84,40,40,67,84,111,121,121,88],"gold":186,"neow_bonus":"THREE_CARDS","is_daily":false,"chose_seed":false,"campfire_upgraded":9,"win_rate":0.0,"timestamp":1608012375,"path_taken":["M","?","?","M","M","E","R","M","T","E","$","E","R","E","R","BOSS","M","?","?","?","?","R","E","M","T","E","M","M","E","M","R","BOSS","M","?","?","?","$","E","E","?","T","R","E","$","E","?","R","BOSS","M","M","?","T","R","M","R","T","?","BOSS"],"items_purchased_type":["Card","Card","Relic","Card","Card","Card","Card","Card","Card"],"build_version":"2020-12-13","purchased_purges":2,"victory":true,"max_hp_per_floor":[75,75,75,75,75,75,75,75,75,75,75,75,75,75,75,75,75,75,75,75,75,80,80,80,80,80,80,80,80,80,80,80,80,80,80,80,80,90,97,111,111,111,111,111,111,111,111,111,111,111,111,111,111,111,111,111,111,121,121,121],"card_choices":[{"not_picked":["StarOfDavid","ScarletSymphony"],"picked":"NightLord","floor":0.0},{"not_picked":["FavorOfDestiny","StarOfDavid"],"picked":"RedRainbow","floor":1.0},{"not_picked":["BadLadyScramble","ScarletImprint"],"picked":"RedMagic","floor":4.0},{"not_picked":["EndlessAdversity","FavorOfDestiny"],"picked":"StarOfDavid","floor":5.0},{"not_picked":["DiffusionOfMisfortune","CharismaGuard"],"picked":"BloodySeventeenLaser","floor":6.0},{"not_picked":["BlasphemousPunishment","ScarletDream"],"picked":"EternalNight","floor":8.0},{"not_picked":["BloodHunter","FavorOfDestiny"],"picked":"VampireKiss","floor":10.0},{"not_picked":["UnstableMagic","MillenniumVampire"],"picked":"HunterOfTheNight","floor":12.0},{"not_picked":["Stigmanizer","VampireClaw"],"picked":"VampireKiss","floor":14.0},{"not_picked":["DemonKingCradle","HeartBreak"],"picked":"CurseOfVladTepes","floor":16.0},{"not_picked":["TwelveNightmare+1","EmergencyRegeneration"],"picked":"Ultimatum","floor":18.0},{"not_picked":["EndlessAdversity","ScarletGensokyo"],"picked":"DevilSight+1","floor":20.0},{"not_picked":["BombardNight","ScarletDream"],"picked":"RedMagic+1","floor":20.0},{"not_picked":["ScarletImprint","Stigmanizer"],"picked":"SuperhumanBloodyKnife","floor":24.0},{"not_picked":["BadLadyScramble+1","AfternoonTea+1"],"picked":"VampireSweep","floor":24.0},{"not_picked":["UnderTheZenith","VampireKiss"],"picked":"ScarletDevilSign","floor":25.0},{"not_picked":["MastersStateliness","UltimateOffering"],"picked":"NightLord","floor":27.0},{"not_picked":["MastersStateliness","ForbiddenFruit"],"picked":"BloodyTrap","floor":28.0},{"not_picked":["UnstableMagic","BloodySeventeenLaser"],"picked":"MillenniumVampire","floor":29.0},{"not_picked":["BombardNight+1","VampireSweep"],"picked":"ForbiddenFruit+1","floor":30.0},{"not_picked":["StarOfDavid","VampireClaw"],"picked":"ScarletDevilSign","floor":31.0},{"not_picked":["BlasphemousPunishment","DiffusionOfMisfortune"],"picked":"VampireFantasy","floor":31.0},{"not_picked":["ScarletCoffin","BloodySeventeenLaser"],"picked":"BatForm","floor":33.0},{"not_picked":["UnderTheZenith","ScarletSymphony+1"],"picked":"NightDance","floor":35.0},{"not_picked":["MastersStateliness","Ultimatum+1"],"picked":"BloodyMagicSquare+1","floor":37},{"not_picked":["BloodAndWine","ForecastOfChange"],"picked":"RedRainbow+1","floor":40},{"not_picked":["ScarletImprint","UnstableMagic"],"picked":"ScarletDevilSign+1","floor":41},{"not_picked":["BloodHunter","VampireKiss+1"],"picked":"UnstableMagic+1","floor":42},{"not_picked":["Septette","RedMagic+1"],"picked":"BloodyMagicSquare+1","floor":45},{"not_picked":["FavorOfDestiny","VampireKiss"],"picked":"BloodAndWine","floor":47},{"not_picked":["BloodHunter","MastersStateliness"],"picked":"VampireKiss","floor":52},{"not_picked":["EndlessAdversity","ForbiddenFruit"],"picked":"RedRainbow+1","floor":53},{"not_picked":["RedNightlessCastle","MastersStateliness+1"],"picked":"ScarletImprint","floor":53},{"not_picked":["BadLadyScramble+1","ScarletDevil+1"],"picked":"MillenniumVampire+1","floor":56},{"not_picked":["LeisurelyOfLord+1","StarOfDavid"],"picked":"ScarletSymphony+1","floor":56}],"player_experience":373883,"relics_obtained":[{"floor":6.0,"key":"Pen Nib"},{"floor":9.0,"key":"Iron Hammer"},{"floor":10.0,"key":"Letter Opener"},{"floor":12.0,"key":"Boot"},{"floor":14.0,"key":"Replay:Rubber Ducky"},{"floor":24.0,"key":"Lantern"},{"floor":26.0,"key":"Garlic"},{"floor":27.0,"key":"RedBat"},{"floor":30.0,"key":"Gremlin Food"},{"floor":40,"key":"Oddly Smooth Stone"},{"floor":40,"key":"Mango"},{"floor":41,"key":"Divine Protection"},{"floor":41,"key":"Thread and Needle"},{"floor":43,"key":"Eternal Feather"},{"floor":45,"key":"TypeBBloodRedTea"},{"floor":45,"key":"ReplayTheSpireMod:Ninjato"},{"floor":47,"key":"Snack Pack"},{"floor":47,"key":"Pocketwatch"},{"floor":52,"key":"paleoftheancients:SoulOfTheWokeBloke"},{"floor":53,"key":"Orichalcum"},{"floor":54,"key":"White Beast Statue"},{"floor":58,"key":"Pear"}],"event_choices":[{"damage_healed":0.0,"max_hp_gain":0.0,"max_hp_loss":0.0,"gold_gain":0.0,"event_name":"Big Fish","player_choice":"Box","floor":2.0,"gold_loss":0.0,"damage_taken":0.0,"relics_obtained":["Gambling Chip"],"cards_obtained":["Regret"]},{"cards_removed":["Strike_RM"],"damage_healed":0.0,"max_hp_gain":0.0,"max_hp_loss":0.0,"gold_gain":0.0,"event_name":"The Cleric","player_choice":"Card Removal","floor":3.0,"gold_loss":50.0,"damage_taken":0.0},{"damage_healed":0.0,"max_hp_gain":0.0,"max_hp_loss":0.0,"gold_gain":0.0,"event_name":"Fountain of Cleansing","player_choice":"Ignored","floor":19.0,"gold_loss":0.0,"damage_taken":0.0},{"damage_healed":0.0,"max_hp_gain":0.0,"max_hp_loss":0.0,"gold_gain":0.0,"event_name":"The Library","player_choice":"Read","floor":21.0,"gold_loss":0.0,"damage_taken":0.0,"cards_obtained":["BloodyMagicSquare"]},{"damage_healed":0.0,"max_hp_gain":5.0,"max_hp_loss":0.0,"gold_gain":0.0,"event_name":"Forgotten Altar","player_choice":"Shed Blood","floor":22.0,"gold_loss":0.0,"damage_taken":19.0},{"damage_healed":0.0,"max_hp_gain":0.0,"max_hp_loss":0.0,"gold_gain":0.0,"event_name":"WeMeetAgain","player_choice":"Gave Potion","floor":36.0,"gold_loss":0.0,"damage_taken":0.0,"relics_obtained":["WingedGreaves"]},{"cards_removed":["BatForm"],"damage_healed":45,"gold_gain":0,"player_choice":"Offered Rare","damage_taken":0,"max_hp_gain":10,"max_hp_loss":0,"event_name":"Bonfire Elementals","floor":38,"gold_loss":0}],"is_beta":false,"boss_relics":[{"not_picked":["Fusion Hammer","Pandora\u0027s Box"],"picked":"Kintsugi"},{"not_picked":["Painkiller Herb","Replay:Wanted Poster"],"picked":"Black Star"}],"items_purged_floors":[11,39],"is_endless":false,"potions_floor_spawned":[4,5,6,16,18,28,29,30,33,40,42,52,56,60],"ascension_level":7}}