{"host":"h8bshyl4dp77d6d9","time":1608059352,"event":{"mods":["AchievementEnabler","Aspiration","BaseMod","Better Altar","Better Match","Better Note","Better Sensory Stone","Better Skull","Better Third Choice","BetterRewards","CCEM","Colored Map","Downfall","GifTheSpireLib","Halation","Highlight Path","Hubris","Minty Spire (QoL Compilation)","Permanent Neow","Replay The Spire","Spicy Shops","StSLib","Stuff the Spire","Unceasing Turn Reminder"],"gold_per_floor":[99,99,37,37,70,139,139,139,172,172,172,14,33,46,58,180,180,180,180,180,26,48,48,48,93,109,34,49,63,78,103,124,228,228,153,194,44,73,89,105,105,105,124,153,153,78,14,27,48,52],"floor_reached":51,"playtime":5318,"items_purged":["Guardian:Strike_Guardian","Guardian:Defend_Guardian","Guardian:Strike_Guardian"],"score":885,"play_id":"aa12beb0-d99d-47e9-b548-1f70b2c9738a","local_time":"20201215210912","is_ascension_mode":false,"campfire_choices":[{"data":"Guardian:CurlUp","floor":1,"key":"SMITH"},{"floor":8,"key":"REST"},{"data":"Guardian:Emergency","floor":10,"key":"SMITH"},{"floor":18,"key":"DIG"},{"floor":23,"key":"RECALL"},{"data":"Guardian:DonusPower","floor":27,"key":"SMITH"},{"floor":42,"key":"REST"}],"circlet_count":0,"master_deck":["Guardian:Strike_Guardian+1","Guardian:Defend_Guardian","Guardian:Defend_Guardian","Guardian:CurlUp+1","Guardian:TwinSlam","Guardian:DonusPower+1","Guardian:Suspension","Guardian:Recover","Guardian:FloatingOrbs+1","Guardian:Emergency+1","Guardian:PiercingHide+1","expansioncontent:Corrupt+1","Guardian:Reroute","Replay:Sssssssssshield+1","Guardian:ShieldCharger","expansioncontent:Hexaburn+1","Guardian:ChargeCore","Guardian:StasisField","Cold Snap+1","Guardian:TimeCapacitor+1","Guardian:TimeSifter+1","Guardian:BronzeOrb","Rebound","Hologram+1","Darkness+1","Guardian:EvasiveProtocol+1","Guardian:TemporalStrike","Slimebound:Darklings","Guardian:PiercingHide","Guardian:Recover+1","Guardian:BronzeOrb","StuffTheSpire:LoadUp+1","StuffTheSpire:Plugnplay+1","Guardian:SphericShield","Guardian:PiercingHide","StuffTheSpire:Coldhearted","Static Discharge+1","Coolheaded+1","Guardian:Gem_Red","Guardian:FloatingOrbs+1","Guardian:Gem_Cyan","Guardian:ArmoredProtocol+1","Guardian:Gem_Crimson","Static Discharge+1","Guardian:SpikerProtocol+1"],"relics":["Guardian:ModeShifter","StuffTheSpire:OldFever","Frozen Egg 2","halation:IllGainedPizza","Gremlin Food","CCEMRelics:FestiveHat","aspiration:DefectSkillbook","Nunchaku","InkBottle","halation:PrussianBluePaint","downfall:HeartBlessingRed","StuffTheSpire:Kangaroo","downfall:HeartBlessingBlue","Prayer Wheel","Letter Opener","hubris:Metronome","CCEMRelics:SpiritsEdge","hubris:SlimyHat","halation:Sosunser"],"acts_visited":["Exordium","TheCity","TheBeyond"],"potions_floor_usage":[25,25,33],"damage_taken":[{"damage":0,"enemies":"downfall:FleeingMerchant","floor":3,"turns":4},{"damage":35,"enemies":"Gremlin Nob","floor":5,"turns":5},{"damage":2,"enemies":"Lagavulin Event","floor":6,"turns":9},{"damage":14,"enemies":"Lagavulin","floor":9,"turns":7},{"damage":0,"enemies":"downfall:FleeingMerchant","floor":12,"turns":4},{"damage":5,"enemies":"2 Louse","floor":13,"turns":4},{"damage":1,"enemies":"Cultist","floor":14,"turns":3},{"damage":1,"enemies":"Jaw Worm","floor":15,"turns":4},{"damage":48,"enemies":"downfall:Defect","floor":16,"turns":9},{"damage":4,"enemies":"downfall:FleeingMerchant","floor":21,"turns":4},{"damage":14,"enemies":"Spheric Guardian","floor":22,"turns":5},{"damage":0,"enemies":"Book of Stabbing","floor":25,"turns":5},{"damage":6,"enemies":"Snecko","floor":26,"turns":4},{"damage":13,"enemies":"Shelled Parasite and Fungi","floor":28,"turns":3},{"damage":14,"enemies":"3 Cultists","floor":29,"turns":4},{"damage":0,"enemies":"Centurion and Healer","floor":30,"turns":6},{"damage":1,"enemies":"Cultist and Chosen","floor":32,"turns":4},{"damage":0,"enemies":"downfall:Ironclad","floor":33,"turns":8},{"damage":52,"enemies":"Giant Head","floor":36,"turns":8},{"damage":0,"enemies":"downfall:FleeingMerchant","floor":37,"turns":4},{"damage":3,"enemies":"3 Shapes","floor":38,"turns":4},{"damage":0,"enemies":"Orb Walker","floor":39,"turns":2},{"damage":7,"enemies":"3 Darklings","floor":40,"turns":4},{"damage":0,"enemies":"Writhing Mass","floor":43,"turns":4},{"damage":0,"enemies":"Nemesis","floor":44,"turns":3},{"damage":0,"enemies":"downfall:FleeingMerchant","floor":47,"turns":1},{"damage":5,"enemies":"4 Shapes","floor":48,"turns":3},{"damage":24,"enemies":"Maw","floor":49,"turns":6},{"damage":0,"enemies":"downfall:Watcher","floor":50,"turns":4}],"seed_played":"8091368917545059851","potions_obtained":[{"floor":6,"key":"LiquidMemories"},{"floor":14,"key":"Languid Potion"},{"floor":22,"key":"EssenceOfSteel"},{"floor":25,"key":"Strength Potion"},{"floor":30,"key":"BlessingOfTheForge"},{"floor":33,"key":"champ:CounterPotion"},{"floor":49,"key":"Regen Potion"}],"is_trial":false,"path_per_floor":["R","?","$","?","E","?","T","R","E","R","?","$","M","M","M","B",null,"R_BF","?","?","$","M","R","T","E","M","R","M","M","M","T","M","B",null,"R_BF","E","$","M","M","M","T","R","M","E","?","?","$","M","M","B",null],"character_chosen":"GUARDIAN","items_purchased":["Guardian:Suspension","Guardian:Gem_Lightblue","Guardian:TimeCapacitor+1","Guardian:BronzeOrb","hubris:SlimyHat","halation:Sosunser"],"campfire_rested":2,"item_purchase_floors":[3,12,21,37,47,47],"current_hp_per_floor":[80,80,80,80,45,43,43,67,53,53,61,61,56,69,68,20,80,80,80,80,76,76,76,76,76,70,70,57,43,43,43,42,42,80,90,50,50,47,47,40,40,67,67,67,67,67,67,62,50,50],"gold":52,"neow_bonus":"RANDOM_COMMON_RELIC","is_daily":false,"chose_seed":false,"campfire_upgraded":3,"win_rate":0.0,"timestamp":1608059352,"path_taken":["R","?","?","?","E","?","T","R","E","R","?","$","M","?","M","BOSS","R_BF","?","?","$","M","R","T","E","M","R","M","M","?","?","M","BOSS","R_BF","E","$","M","M","M","T","R","M","E","?","?","$","M","M","BOSS"],"items_purchased_type":["Card","Card","Card","Card","Relic","Relic"],"build_version":"2020-12-13","purchased_purges":3,"victory":true,"max_hp_per_floor":[80,80,80,80,80,80,80,80,80,80,80,80,80,80,80,80,80,80,80,80,80,80,80,80,80,80,80,80,80,80,80,80,80,80,90,90,90,90,90,90,90,90,90,90,90,90,90,90,90,90],"card_choices":[{"not_picked":["Guardian:ShieldSpikes","Guardian:Reroute"],"picked":"Guardian:DonusPower","floor":3},{"not_picked":["Guardian:TemporalShield","Guardian:Gem_Cyan"],"picked":"Guardian:Recover","floor":5},{"not_picked":["Guardian:DecasProtection","Guardian:Orbwalk+1"],"picked":"Guardian:FloatingOrbs+1","floor":6},{"not_picked":["Guardian:DonusPower","Guardian:AncientConstruct+1"],"picked":"Guardian:Emergency","floor":9},{"not_picked":["Guardian:PolyBeam","Guardian:SentryBeam"],"picked":"Guardian:PiercingHide","floor":12},{"not_picked":["Thinking Ahead+1","Swift Strike+1"],"picked":"expansioncontent:Corrupt+1","floor":13},{"not_picked":["Guardian:Gem_Lightblue","Guardian:Gem_Green"],"picked":"Guardian:Reroute","floor":13},{"not_picked":["expansioncontent:QuickStudy+1","Trip+1"],"picked":"Replay:Sssssssssshield+1","floor":14},{"not_picked":["Guardian:WalkerClaw","Guardian:PiercingHide"],"picked":"Guardian:ShieldCharger","floor":14},{"not_picked":["ReplayTheSpireMod:Uncanny Aura+1","Replay:Parry+1"],"picked":"expansioncontent:Hexaburn+1","floor":15},{"not_picked":["Guardian:Gem_Green","Guardian:VentSteam"],"picked":"Guardian:ChargeCore","floor":15},{"not_picked":["Guardian:Gem_Orange","Guardian:ExploitGems"],"picked":"Guardian:StasisField","floor":16},{"not_picked":["Ball Lightning","Guardian:Gem_Lightblue","Stack"],"picked":"Cold Snap+1","floor":21},{"not_picked":["Guardian:TimeCapacitor+1","Guardian:Incinerate+1","Compile Driver+1"],"picked":"Guardian:TimeSifter+1","floor":22},{"not_picked":["Defragment+1","Guardian:MultiBeam","Undo"],"picked":"Guardian:BronzeOrb","floor":25},{"not_picked":["Guardian:Gem_Fragmented","Sunder+1","Guardian:ShieldCharger"],"picked":"Rebound","floor":26},{"not_picked":["Hello World+1","Genetic Algorithm","Guardian:DonusPower+1"],"picked":"Hologram+1","floor":28},{"not_picked":["Barrage+1","ReplayTheSpireMod:Repulse","StuffTheSpire:Plugnplay+1"],"picked":"Darkness+1","floor":29},{"not_picked":["Coolheaded","Beam Cell","Reprogram"],"picked":"Guardian:EvasiveProtocol+1","floor":30},{"not_picked":["Sweeping Beam+1","Guardian:ChargeUp+1","Guardian:PrimingBeam"],"picked":"Guardian:TemporalStrike","floor":32},{"not_picked":["hubris:Prefetch","Multi-Cast","Machine Learning+1"],"picked":"ReplayTheSpireMod:Fabricate Wheel","floor":33},{"not_picked":["Storm+1","Hologram","Melter+1"],"picked":"Guardian:PiercingHide","floor":36},{"not_picked":["Beam Cell+1","Guardian:AncientConstruct+1","Guardian:CrystalBeam"],"picked":"Guardian:Recover+1","floor":37},{"not_picked":["Guardian:DonusPower+1","BootSequence+1","Guardian:TemporalShield+1"],"picked":"Guardian:Gem_White","floor":38},{"not_picked":["Guardian:SpikerProtocol+1","Reinforced Body+1","Hologram"],"picked":"StuffTheSpire:LoadUp+1","floor":38},{"not_picked":["Rebound","Guardian:Gem_Red","Guardian:CrystalBeam+1"],"picked":"StuffTheSpire:Plugnplay+1","floor":39},{"not_picked":["Stack","Guardian:Reroute","StuffTheSpire:Plugnplay+1"],"picked":"Guardian:SphericShield","floor":39},{"not_picked":["Guardian:PrimingBeam+1","Stack","StuffTheSpire:LoadUp"],"picked":"Guardian:PiercingHide","floor":40},{"not_picked":["hubris:PowerSurge+1","Guardian:Gem_Green","Guardian:TemporalStrike+1"],"picked":"Guardian:Gem_Red","floor":40},{"not_picked":["Guardian:WalkerClaw+1","Panic Button","Blizzard"],"picked":"StuffTheSpire:Coldhearted","floor":43},{"not_picked":["Guardian:Reroute+1","Sweeping Beam+1","Guardian:Recover"],"picked":"Static Discharge+1","floor":43},{"not_picked":["Sweeping Beam","Blizzard+1","Guardian:Repulse+1"],"picked":"Coolheaded+1","floor":44},{"not_picked":["Guardian:Gem_Lightblue","Rebound","Guardian:ChargeCore"],"picked":"Guardian:Gem_Red","floor":46},{"not_picked":["StuffTheSpire:Coldhearted","Skim","Reprogram"],"picked":"Guardian:FloatingOrbs","floor":46},{"not_picked":["Panic Button","Conserve Battery","Guardian:ChargeUp"],"picked":"Guardian:Gem_Cyan","floor":47},{"not_picked":["Guardian:TimeBomb","Sweeping Beam","Redo"],"picked":"Guardian:ArmoredProtocol+1","floor":48},{"not_picked":["Guardian:RollAttack+1","Heatsinks+1","aspiration:Polymerization+1"],"picked":"Guardian:Gem_Crimson","floor":48},{"not_picked":["Guardian:RollAttack","Fusion+1","Rebound"],"picked":"Static Discharge+1","floor":49},{"not_picked":["Consume+1","Hologram","StuffTheSpire:ForEach"],"picked":"Guardian:SpikerProtocol+1","floor":49}],"player_experience":25356,"relics_obtained":[{"floor":5,"key":"Frozen Egg 2"},{"floor":7,"key":"Gremlin Food"},{"floor":9,"key":"CCEMRelics:FestiveHat"},{"floor":18,"key":"Nunchaku"},{"floor":24,"key":"InkBottle"},{"floor":25,"key":"halation:PrussianBluePaint"},{"floor":36,"key":"Letter Opener"},{"floor":41,"key":"hubris:Metronome"},{"floor":44,"key":"CCEMRelics:SpiritsEdge"}],"event_choices":[{"cards_removed":["Guardian:FloatingOrbs"],"damage_healed":0,"gold_gain":0,"player_choice":"Give","damage_taken":0,"max_hp_gain":0,"max_hp_loss":0,"event_name":"betterNote:BetterNote","floor":19,"gold_loss":0,"cards_obtained":["None"]},{"cards_removed":["Guardian:Strike_Guardian"],"damage_healed":0,"gold_gain":0,"player_choice":"Offered Basic","damage_taken":0,"max_hp_gain":0,"max_hp_loss":0,"event_name":"Bonfire Elementals","floor":20,"gold_loss":0},{"damage_healed":0,"gold_gain":0,"player_choice":"1","damage_taken":0,"max_hp_gain":0,"max_hp_loss":0,"event_name":"betterMatch:BetterMatch","floor":46,"gold_loss":0,"cards_obtained":["betterMatch:CommonCard","betterMatch:UncommonCard"]}],"is_beta":false,"boss_relics":[{"not_picked":["hubris:HollowSoul","SlaversCollar"],"picked":"aspiration:DefectSkillbook"},{"not_picked":["SacredBark","hubris:Stopwatch"],"picked":"StuffTheSpire:Kangaroo"}],"items_purged_floors":[12,37,47],"is_endless":false,"potions_floor_spawned":[6,14,22,25,30,33,39,43,48,49],"ascension_level":0}}