{"host":"k6qwgpygxbgz06bg","time":1608068921,"event":{"mods":["BaseMod","Beaked The Cultist","Better Third Choice","BetterRewards","Clockwork Mod","Colored Map","Downfall","Friendly Minions","Infinite Spire","Marisa????????","Minty Spire (QoL Compilation)","Replay The Spire","StSLib","The Administrix","The Bug Knight","The Cursed","The Gatherer","The Mystic","The Witch"],"gold_per_floor":[99,14,14,29,46,81,81,91,91,124,124,138,48,48,63,166,166,91,102,102,129,139,139,162,190,190,225,225,35,35,35,49,151,151,151,168,168,168],"floor_reached":37,"playtime":2165,"items_purged":["Slimebound:Strike_Slimebound","Normality","Slimebound:Strike_Slimebound"],"score":458,"play_id":"69f14f6f-b413-4209-a175-bbeac5e7dd48","local_time":"20201215224841","is_ascension_mode":false,"campfire_choices":[{"data":"Slimebound:Split","floor":1,"key":"SMITH"},{"data":"Slimebound:RainOfGoop","floor":3,"key":"SMITH"},{"data":"Replay:SS_hec_1","floor":9,"key":"SMITH"},{"data":"Slimebound:OozeBath","floor":18,"key":"SMITH"},{"data":"Slimebound:DouseInSlime","floor":20,"key":"SMITH"},{"data":"Slimebound:DisruptingSlam","floor":23,"key":"SMITH"},{"data":"Slimebound:RainOfGoop","floor":26,"key":"SMITH"},{"data":"Replay:Fractal Strike","floor":35,"key":"SMITH"}],"circlet_count":0,"master_deck":["Slimebound:Tackle","Slimebound:Defend_Slimebound+1","Slimebound:Defend_Slimebound+1","Slimebound:Defend_Slimebound+1","Slimebound:Defend_Slimebound+1","Slimebound:Split+1","Slimebound:CorrosiveSpit","Slimebound:RainOfGoop+1","Slimebound:AcidTongue","Slimebound:ViciousTackle","Slimebound:ProtectTheBoss","Slimebound:FirmFortitude","Slimebound:Replication","Slimebound:DisruptingSlam+1","Guardian:AncientConstruct+1","Slimebound:SplitAcid","Slimebound:DouseInSlime+1","Slimebound:RejuvenatingLick","Slimebound:OozeBath+1","Slimebound:SamplingLick+1","Slimebound:LeadByExample+1","Slimebound:LevelUp+1","Slimebound:RainOfGoop+1","Slimebound:SplitLeeching","Replay:Fractal Strike+1","Slimebound:SplitMire+1","Slimebound:Gluttony","Slimebound:Teamwork","Slimebound:SplitLeeching","Slimebound:SlimeSlap"],"relics":["Slimebound:AbsorbEndCombatUpgraded","infinitespire:CheckeredPen","Unceasing Top","Replay:Bottled Eggs","Cursed Key","downfall:HeartBlessingGreen","Pet Ghost","Toy Ornithopter","Replay:Mystery Machine","Bag of Preparation"],"acts_visited":["Exordium","TheCity","TheBeyond"],"potions_floor_usage":[25,27,27,37],"damage_taken":[{"damage":11,"enemies":"downfall:FleeingMerchant","floor":2,"turns":4},{"damage":9,"enemies":"Jaw Worm","floor":4,"turns":3},{"damage":11,"enemies":"Cultist","floor":5,"turns":2},{"damage":16,"enemies":"Lagavulin","floor":6,"turns":5},{"damage":11,"enemies":"2 Louse","floor":8,"turns":2},{"damage":27,"enemies":"Gremlin Nob","floor":10,"turns":4},{"damage":5,"enemies":"Blue Slaver","floor":12,"turns":3},{"damage":8,"enemies":"downfall:FleeingMerchant","floor":13,"turns":4},{"damage":13,"enemies":"Lots of Slimes","floor":15,"turns":3},{"damage":51,"enemies":"downfall:Silent","floor":16,"turns":6},{"damage":16,"enemies":"Chosen","floor":19,"turns":5},{"damage":12,"enemies":"Book of Stabbing","floor":21,"turns":3},{"damage":23,"enemies":"3 Cultists","floor":22,"turns":4},{"damage":39,"enemies":"Nightmare","floor":25,"turns":6},{"damage":14,"enemies":"Book of Stabbing","floor":27,"turns":4},{"damage":25,"enemies":"downfall:FleeingMerchant","floor":29,"turns":4},{"damage":25,"enemies":"Snecko","floor":32,"turns":4},{"damage":56,"enemies":"downfall:Watcher","floor":33,"turns":6},{"damage":19,"enemies":"Orb Walker","floor":36,"turns":2},{"damage":88,"enemies":"Nightmare","floor":37,"turns":6}],"seed_played":"-3861096767867690648","potions_obtained":[{"floor":4,"key":"hexamod:EctoCoolerPotion"},{"floor":5,"key":"Block Potion"},{"floor":10,"key":"Reflective Coating"},{"floor":16,"key":"ColorlessPotion"},{"floor":32,"key":"FearPotion"}],"is_trial":false,"path_per_floor":["R","$","R","M","M","E","T","M","R","E","?","M","$","?","M","B",null,"R","M","R","E","M","R","T","NM","R","E","AVR","$","?","?","M","B",null,"R","M","NM"],"character_chosen":"SLIMEBOUND","items_purchased":["Slimebound:AcidTongue","Slimebound:Gluttony"],"campfire_rested":0,"item_purchase_floors":[2,29],"current_hp_per_floor":[60,60,60,60,60,48,48,49,49,42,42,49,60,65,56,27,65,65,65,65,65,62,62,62,35,35,53,53,54,54,54,45,19,65,65,65,0,0],"gold":168,"neow_bonus":"RANDOM_COLORLESS","is_daily":false,"chose_seed":false,"campfire_upgraded":8,"win_rate":0.0,"timestamp":1608068921,"path_taken":["R","$","R","M","M","E","T","M","R","E","?","?","$","?","M","BOSS","R","M","R","E","M","R","T","NM","R","E","AVR","$","?","?","M","BOSS","R","M","NM"],"items_purchased_type":["Card","Card"],"build_version":"2020-12-13","purchased_purges":3,"victory":false,"max_hp_per_floor":[60,60,60,60,60,60,60,60,60,60,60,60,60,65,65,65,65,65,65,65,65,65,65,65,65,65,65,65,65,65,65,65,65,65,65,65,65,65],"card_choices":[{"not_picked":["Replay:Parry","Deep Breath"],"picked":"Replay:SS_hec_1","floor":0},{"not_picked":["Slimebound:DivideAndConquer","Slimebound:SplitBruiser"],"picked":"Slimebound:RainOfGoop","floor":2},{"not_picked":["Slimebound:PressTheAttack","Slimebound:ForwardTackle"],"picked":"Slimebound:ViciousTackle","floor":4},{"not_picked":["Slimebound:GoopSpray","Slimebound:LeechingTouch"],"picked":"Slimebound:ProtectTheBoss","floor":5},{"not_picked":["Slimebound:SplitAcid","Slimebound:BestDefense"],"picked":"Slimebound:FirmFortitude","floor":6},{"not_picked":["Slimebound:ServeAndProtect","Slimebound:LivingWall"],"picked":"Slimebound:Replication","floor":8},{"not_picked":["Slimebound:FirmFortitude","Slimebound:SplitBruiser"],"picked":"Slimebound:DisruptingSlam","floor":10},{"not_picked":["Slimebound:FirmFortitude","Slimebound:ComboTackle"],"picked":"Slimebound:SplitAcid","floor":12},{"not_picked":["Slimebound:LevelUp","Slimebound:LeechingTouch"],"picked":"Slimebound:DouseInSlime","floor":13},{"not_picked":["Slimebound:GoopSpray","Slimebound:AcidTongue"],"picked":"Slimebound:RejuvenatingLick","floor":15},{"not_picked":["Slimebound:OneTwoCombo","Slimebound:Overexert"],"picked":"Slimebound:OozeBath","floor":16},{"not_picked":["Slimebound:ComboTackle","Slimebound:DivideAndConquer"],"picked":"Slimebound:SamplingLick+1","floor":19},{"not_picked":["Slimebound:RollThrough","Slimebound:ServeAndProtect"],"picked":"Slimebound:LeadByExample+1","floor":21},{"not_picked":["Slimebound:SplitMire","Slimebound:LeechEnergy"],"picked":"Slimebound:LevelUp+1","floor":22},{"not_picked":["Slimebound:Nibble","Slimebound:ProtectTheBoss"],"picked":"Slimebound:RainOfGoop","floor":25},{"not_picked":["Slimebound:MassRepurpose","Slimebound:Replication+1"],"picked":"Slimebound:SplitLeeching","floor":27},{"not_picked":["Slimebound:LeechEnergy+1","Slimebound:ViciousTackle"],"picked":"Slimebound:SplitMire+1","floor":29},{"not_picked":["Slimebound:FinishingTackle","Slimebound:SlimeSpikes"],"picked":"Slimebound:SplitLeeching","floor":32},{"not_picked":["Slimebound:RallyTheTroops","Slimebound:LeechLife"],"picked":"Slimebound:SlimeSlap","floor":33},{"not_picked":["Slimebound:SlimeTap","Slimebound:LeechEnergy","Slimebound:RollThrough+1"],"picked":"SKIP","floor":36}],"player_experience":208825,"relics_obtained":[{"floor":6,"key":"infinitespire:CheckeredPen"},{"floor":7,"key":"Unceasing Top"},{"floor":10,"key":"Replay:Bottled Eggs"},{"floor":21,"key":"Pet Ghost"},{"floor":24,"key":"Toy Ornithopter"},{"floor":25,"key":"Replay:Mystery Machine"},{"floor":27,"key":"Bag of Preparation"}],"event_choices":[{"cards_removed":["Replay:SS_hec_1"],"damage_healed":0,"gold_gain":0,"player_choice":"Took Card","damage_taken":0,"max_hp_gain":0,"max_hp_loss":0,"event_name":"NoteForYourself","floor":11,"gold_loss":0,"cards_obtained":["Guardian:AncientConstruct"]},{"damage_healed":0,"gold_gain":0,"player_choice":"Donut","damage_taken":0,"max_hp_gain":5,"max_hp_loss":0,"event_name":"Big Fish","floor":14,"gold_loss":0},{"damage_healed":0,"gold_gain":0,"player_choice":"Read","damage_taken":0,"max_hp_gain":0,"max_hp_loss":0,"event_name":"The Library","floor":31,"gold_loss":0,"cards_obtained":["Slimebound:Teamwork"]}],"is_beta":false,"boss_relics":[{"not_picked":["ChewingGum","infinitespire:Cupcake"],"picked":"Cursed Key"},{"not_picked":["Runic Pyramid","Black Star"],"picked":"Slimebound:AbsorbEndCombatUpgraded"}],"items_purged_floors":[13,28,29],"is_endless":true,"potions_floor_spawned":[4,5,10,16,19,21,32],"killed_by":"Nightmare","ascension_level":0}}