{"host":"igi9xpgoc000gxf5","time":1608067420,"event":{"mods":["BaseMod","Colored Powertips","Downfall","Googly Eyes","Minty Spire (QoL Compilation)","StSLib"],"gold_per_floor":[99,159,173,173,183,108,108,127,127,127],"floor_reached":9,"playtime":367,"items_purged":[],"score":51,"play_id":"ab4cb34b-3e5d-41dc-9730-04ac77cfc36c","local_time":"20201215222340","is_ascension_mode":false,"campfire_choices":[{"floor":1,"key":"RECALL"},{"floor":6,"key":"REST"}],"circlet_count":0,"master_deck":["Slimebound:Strike_Slimebound","Slimebound:Strike_Slimebound","Slimebound:Strike_Slimebound","Slimebound:Tackle","Slimebound:Defend_Slimebound","Slimebound:Defend_Slimebound","Slimebound:Defend_Slimebound","Slimebound:Defend_Slimebound","Slimebound:Split","Slimebound:CorrosiveSpit","sneckomod:Bewildered","Slimebound:SamplingLick","Slimebound:SplitMire","Slimebound:SplitMire","Slimebound:RollThrough"],"relics":["Slimebound:AbsorbEndCombat","WingedGreaves","Ancient Tea Set","downfall:HeartBlessingRed","White Beast Statue"],"acts_visited":["Exordium"],"potions_floor_usage":[5,5,9,9],"damage_taken":[{"damage":51,"enemies":"Gremlin Nob","floor":2,"turns":5},{"damage":15,"enemies":"Jaw Worm","floor":3,"turns":4},{"damage":13,"enemies":"Cultist","floor":5,"turns":2},{"damage":8,"enemies":"2 Louse","floor":8,"turns":2},{"damage":34,"enemies":"3 Sentries","floor":9,"turns":3}],"seed_played":"7782186578941812085","potions_obtained":[{"floor":4,"key":"champ:CounterPotion"},{"floor":4,"key":"Explosive Potion"},{"floor":4,"key":"Strength Potion"},{"floor":5,"key":"Fruit Juice"},{"floor":8,"key":"ColorlessPotion"}],"is_trial":false,"path_per_floor":["R","?","M","?","M","R","T","M","E"],"character_chosen":"SLIMEBOUND","items_purchased":[],"campfire_rested":1,"item_purchase_floors":[],"current_hp_per_floor":[60,19,12,12,14,33,33,31,0,0],"gold":127,"neow_bonus":"ONE_RARE_RELIC","is_daily":false,"chose_seed":false,"campfire_upgraded":0,"win_rate":0.0,"timestamp":1608067420,"path_taken":["R","?","M","?","M","R","T","M","E"],"items_purchased_type":[],"build_version":"2020-12-13","purchased_purges":0,"victory":false,"max_hp_per_floor":[60,60,60,60,65,65,65,65,65,65],"card_choices":[{"not_picked":["Slimebound:PressTheAttack","Slimebound:DisruptingSlam"],"picked":"Slimebound:SamplingLick","floor":2},{"not_picked":["Slimebound:GoopSpray","Slimebound:ComboTackle"],"picked":"Slimebound:SplitMire","floor":3},{"not_picked":["Slimebound:DuplicatedForm","Slimebound:PressTheAttack"],"picked":"Slimebound:SplitMire","floor":5},{"not_picked":["Slimebound:LeechingTouch","Slimebound:ServeAndProtect"],"picked":"Slimebound:RollThrough","floor":8}],"player_experience":865083,"relics_obtained":[{"floor":2,"key":"Ancient Tea Set"},{"floor":7,"key":"White Beast Statue"}],"event_choices":[{"damage_healed":0,"gold_gain":0,"player_choice":"Got Potions","damage_taken":0,"max_hp_gain":0,"max_hp_loss":0,"event_name":"Lab","floor":4,"gold_loss":0}],"is_beta":false,"boss_relics":[],"items_purged_floors":[],"is_endless":false,"potions_floor_spawned":[5,8],"killed_by":"3 Sentries","ascension_level":0}}