{"host":"ek19s9symjhb78i2","time":1608072753,"event":{"mods":["BaseMod","Better Note","Downfall","Hero for Fun","Hubris","Infinite Spire","JesterMod","Mimic Mod","Minty Spire (QoL Compilation)","Quick Restart","Shop Mod","StSLib","SuperFastMode","The Animator","The Blackbeard","The Bladedancer","The Death Knight","The Necromancer","Thieving Mod","Unceasing Turn Reminder","Wandering Minibosses"],"gold_per_floor":[21,32,32,32,32,67,83,97,97,132,151,12,31,49,49,150,150,168,181,199,210,224,224,257,257,288,288,308,324,324,358,358,463,463,477,477,491,491,502,529,529,542,592,604,618,618,636,652,652,749,749,761,836,852,862,1037,1037,1074,1098,1098,1123,1140,1155,1155,1167,1167,1294,1294,1307,1307,1318,1336,1258,1292,1292,1308,1308,1308,952,1022,1072,1109,1109,1228,1228,1250,898,920,944,944,944,984,1004,1004,1004,1004,1051,1083,1095,1107,1244,1306,1330,1360,1535,1719,1806,1900,1912,1950,1987,2038,2050,2073,2095,2140,2152,2286,2361,2391,2535,2547,2474,1908,1908,1918,1953,1995,2034,2058,2095,2114,2129,2129,2256,2256,2318,2593,2060,2282,2305,2342,2392,2426,2468,2506,2530,2548,2548,2548,2548,2664,2664,2664,2258,2292,2405],"floor_reached":158,"playtime":2203,"items_purged":["hubris:Gluttony","Decay","Doubt","infinitespire:Pacifist","Normality","Guardian:Aged"],"score":6099,"play_id":"a3956d4f-bca7-4286-9f77-9d99cfbbde4a","local_time":"20201215155233","is_ascension_mode":true,"campfire_choices":[{"floor":15,"key":"RECALL"},{"data":"Wear_Disguise","floor":23,"key":"SMITH"},{"data":"infinitespire:Collect","floor":25,"key":"SMITH"},{"data":"Consecutive_Normal_Punch","floor":27,"key":"SMITH"},{"data":"Normal_Punch","floor":32,"key":"SMITH"},{"data":"infinitespire:DeathsTouch","floor":49,"key":"SMITH"},{"data":"Terrifying_Presence","floor":57,"key":"SMITH"},{"data":"Normal_Punch","floor":66,"key":"SMITH"},{"data":"Hip_Strike","floor":75,"key":"SMITH"},{"data":"Consecutive_Normal_Punch","floor":83,"key":"SMITH"},{"data":"Consecutive_Normal_Punch","floor":91,"key":"SMITH"},{"data":"Toss_Stone","floor":100,"key":"SMITH"},{"data":"Normal_Punch","floor":109,"key":"SMITH"},{"data":"Consecutive_Normal_Punch","floor":117,"key":"SMITH"},{"data":"Consecutive_Normal_Punch","floor":125,"key":"SMITH"},{"data":"Normal_Punch","floor":134,"key":"SMITH"},{"data":"infinitespire:Gouge","floor":143,"key":"SMITH"},{"data":"Normal_Punch","floor":149,"key":"SMITH"},{"data":"Normal_Punch","floor":151,"key":"SMITH"},{"data":"Toss_Stone","floor":154,"key":"SMITH"}],"circlet_count":0,"master_deck":["Normal_Punch+1","Guardian:TwinSlam+1","Normal_Punch+1","Yawn","Wear_Disguise+1","Normal_Punch+1","Oh","Slap","Normal_Punch+1","infinitespire:Collect+1","Consecutive_Normal_Punch+1","Normal_Punch+1","Consecutive_Normal_Punch+1","Consecutive_Normal_Punch+1","Hip_Strike+1","Wear_Disguise","Get_Hopes_Up","Toss_Stone+1","Serious_Side_Hops","Slap+1","Wear_Disguise","Side_Hop","Serious_Punch","Slap","Toss_Stone","Slap+1","Consecutive_Normal_Punch+1","infinitespire:DeathsTouch+1","Normal_Punch+1","Toss_Stone+1","Slap","Toss_Stone+1","Terrifying_Presence+1","Normal_Punch+1","Consecutive_Normal_Punch+1","Normal_Punch+1","Hip_Strike+1","hubris:Rewind","Consecutive_Normal_Punch+1","Wear_Disguise+1","Side_Hop+1","Hop","Hip_Strike+1","hexamod:Haunted","Ignore","hexamod:Haunted","Side_Hop","Hop","Do_Nothing","Oh+1","hubris:Wrath","Terrifying_Presence+1","Do_Nothing","Yawn","Hop","Wear_Disguise+1","Consecutive_Normal_Punch+1","Consecutive_Normal_Punch+1","Hop","Slap","Hop","Do_Nothing","Side_Hop+1","infinitespire:Gouge+1","Hop","blademaster:WrongfulFootwork","Hip_Strike","expansioncontent:AwakenDeath+1"],"relics":["SlaversCollar","Bag of Preparation","hubris:SlimyHat","MerchantsRug","Coffee Dripper","Sundial","infinitespire:FocusingShard","hubris:TenFootPole","Pandora\u0027s Box","Vajra","Cursed Key","Blood Vial","infinitespire:Lucky Rock","Darkstone Periapt","Frozen Egg 2","Golden Idol","hubris:TerracottaHorce","hubris:BottledHeart","Juzu Bracelet","hubris:TinFlute","hubris:MobiusCoin","Whetstone","Strawberry","Sozu","HornCleat","StoneCalendar","hubris:Icosahedron","infinitespire:Satchel","MawBank","hubris:BlackHole","Centennial Puzzle","infinitespire:CursedDice","infinitespire:PuzzleCube","Pear","Question Card","infinitespire:WardingShard","Tiny House","Red Mask","Nunchaku","Meat on the Bone","hubris:BottledRain","Omamori","Oddly Smooth Stone","Toy Ornithopter","Eternal Feather","Lantern","hubris:ScarierMask","Lee\u0027s Waffle","Bottled Flame","MealTicket","Smiling Mask","infinitespire:Midas Blood","Shuriken","hubris:HollowSoul","Toolbox","Bronze Scales","PreservedInsect"],"acts_visited":[],"potions_floor_usage":[],"damage_taken":[{"damage":0,"enemies":"Jaw Worm","floor":1,"turns":1},{"damage":0,"enemies":"Cultist","floor":2,"turns":1},{"damage":0,"enemies":"Lagavulin","floor":6,"turns":1},{"damage":0,"enemies":"infinitespire:Voidling","floor":7,"turns":1},{"damage":0,"enemies":"Exordium Wildlife","floor":8,"turns":1},{"damage":0,"enemies":"Gremlin Nob","floor":10,"turns":1},{"damage":0,"enemies":"Exordium Thugs","floor":11,"turns":1},{"damage":0,"enemies":"Looter","floor":13,"turns":1},{"damage":0,"enemies":"Blue Slaver","floor":14,"turns":1},{"damage":0,"enemies":"Hexaghost","floor":16,"turns":1},{"damage":0,"enemies":"2 Thieves","floor":18,"turns":1},{"damage":0,"enemies":"Shell Parasite","floor":19,"turns":1},{"damage":0,"enemies":"Snecko","floor":20,"turns":1},{"damage":0,"enemies":"Snake Plant","floor":21,"turns":1},{"damage":0,"enemies":"Shelled Parasite and Fungi","floor":22,"turns":1},{"damage":0,"enemies":"Nightmare","floor":24,"turns":1},{"damage":0,"enemies":"Cultist and Chosen","floor":26,"turns":2},{"damage":0,"enemies":"Cultist and Chosen","floor":28,"turns":1},{"damage":0,"enemies":"3 Cultists","floor":29,"turns":1},{"damage":0,"enemies":"Slavers","floor":31,"turns":1},{"damage":0,"enemies":"Collector","floor":33,"turns":1},{"damage":0,"enemies":"Orb Walker","floor":35,"turns":1},{"damage":0,"enemies":"3 Shapes","floor":37,"turns":1},{"damage":0,"enemies":"Maw","floor":39,"turns":1},{"damage":0,"enemies":"Giant Head","floor":40,"turns":1},{"damage":0,"enemies":"3 Darklings","floor":42,"turns":1},{"damage":0,"enemies":"Writhing Mass","floor":44,"turns":1},{"damage":0,"enemies":"Jaw Worm Horde","floor":45,"turns":1},{"damage":0,"enemies":"Sphere and 2 Shapes","floor":47,"turns":1},{"damage":0,"enemies":"4 Shapes","floor":48,"turns":2},{"damage":0,"enemies":"Awakened One","floor":50,"turns":2},{"damage":0,"enemies":"Cultist","floor":52,"turns":1},{"damage":0,"enemies":"Jaw Worm","floor":54,"turns":1},{"damage":0,"enemies":"Small Slimes","floor":55,"turns":1},{"damage":0,"enemies":"Looter","floor":58,"turns":1},{"damage":0,"enemies":"Nightmare","floor":59,"turns":1},{"damage":0,"enemies":"Gremlin Nob","floor":61,"turns":1},{"damage":0,"enemies":"Looter","floor":62,"turns":1},{"damage":0,"enemies":"Exordium Wildlife","floor":63,"turns":1},{"damage":0,"enemies":"2 Fungi Beasts","floor":65,"turns":1},{"damage":0,"enemies":"Hexaghost","floor":67,"turns":1},{"damage":0,"enemies":"Spheric Guardian","floor":69,"turns":1},{"damage":0,"enemies":"2 Thieves","floor":71,"turns":1},{"damage":0,"enemies":"Centurion and Healer","floor":72,"turns":1},{"damage":0,"enemies":"Slavers","floor":74,"turns":1},{"damage":0,"enemies":"Snake Plant","floor":76,"turns":1},{"damage":0,"enemies":"Snecko","floor":80,"turns":1},{"damage":0,"enemies":"Gremlin Leader","floor":82,"turns":1},{"damage":0,"enemies":"Champ","floor":84,"turns":1},{"damage":0,"enemies":"Orb Walker","floor":86,"turns":1},{"damage":0,"enemies":"3 Darklings","floor":88,"turns":1},{"damage":0,"enemies":"Spire Growth","floor":89,"turns":1},{"damage":0,"enemies":"Nemesis","floor":92,"turns":1},{"damage":0,"enemies":"Writhing Mass","floor":93,"turns":1},{"damage":0,"enemies":"Giant Head","floor":98,"turns":1},{"damage":0,"enemies":"Donu and Deca","floor":101,"turns":1},{"damage":0,"enemies":"Small Slimes","floor":103,"turns":1},{"damage":0,"enemies":"Cultist","floor":104,"turns":1},{"damage":0,"enemies":"2 Louse","floor":105,"turns":1},{"damage":0,"enemies":"Exordium Wildlife","floor":106,"turns":1},{"damage":0,"enemies":"Lagavulin","floor":108,"turns":1},{"damage":0,"enemies":"3 Sentries","floor":110,"turns":2},{"damage":0,"enemies":"Gremlin Nob","floor":112,"turns":1},{"damage":0,"enemies":"Large Slime","floor":114,"turns":1},{"damage":0,"enemies":"Lots of Slimes","floor":115,"turns":1},{"damage":0,"enemies":"Nightmare","floor":116,"turns":1},{"damage":0,"enemies":"Hexaghost","floor":118,"turns":1},{"damage":0,"enemies":"Shell Parasite","floor":120,"turns":1},{"damage":0,"enemies":"Masked Bandits","floor":121,"turns":1},{"damage":0,"enemies":"3 Byrds","floor":126,"turns":1},{"damage":0,"enemies":"Slavers","floor":127,"turns":2},{"damage":0,"enemies":"Snake Plant","floor":128,"turns":1},{"damage":0,"enemies":"Book of Stabbing","floor":129,"turns":1},{"damage":0,"enemies":"Snake Plant","floor":130,"turns":1},{"damage":0,"enemies":"Slavers","floor":131,"turns":1},{"damage":0,"enemies":"Chosen and Byrds","floor":132,"turns":1},{"damage":0,"enemies":"3 Cultists","floor":133,"turns":1},{"damage":0,"enemies":"Automaton","floor":135,"turns":1},{"damage":0,"enemies":"3 Shapes","floor":137,"turns":1},{"damage":0,"enemies":"3 Darklings","floor":141,"turns":1},{"damage":0,"enemies":"Nightmare","floor":142,"turns":1},{"damage":0,"enemies":"Reptomancer","floor":144,"turns":1},{"damage":0,"enemies":"Transient","floor":145,"turns":1},{"damage":0,"enemies":"Giant Head","floor":146,"turns":1},{"damage":0,"enemies":"Transient","floor":147,"turns":1},{"damage":0,"enemies":"Sphere and 2 Shapes","floor":148,"turns":1},{"damage":0,"enemies":"infinitespire:LordOfFortification","floor":152,"turns":1},{"damage":0,"enemies":"Shield and Spear","floor":156,"turns":1},{"damage":0,"enemies":"The Heart","floor":157,"turns":5}],"seed_played":"265422748713207220","potions_obtained":[{"floor":2,"key":"ThievingMod:ThievingPotion"},{"floor":8,"key":"Explosive Potion"},{"floor":10,"key":"champ:CounterPotion"},{"floor":13,"key":"champ:CounterPotion"},{"floor":14,"key":"Fire Potion"},{"floor":20,"key":"BlessingOfTheForge"},{"floor":76,"key":"Regen Potion"},{"floor":84,"key":"ColorlessPotion"}],"is_trial":false,"path_per_floor":["M","M","$","?","$","E","M","M","T","E","M","$","M","M","R","B",null,"M","M","M","M","M","R","NM","R","MIM","R","M","M","?","E","R","B",null,"M","?","M","?","M","E","?","M","T","M","M","AVR","M","M","R","B",null,"M","?","M","M","?","R","MIM","NM","T","E","M","M","?","M","R","B",null,"M","?","M","M","$","E","R","M","T","?","$","M","T","E","R","B",null,"M","$","M","M","?","R","E","M","T","?","?","T","E","?","R","B",null,"M","M","M","M","?","E","R","E","T","E","?","M","M","NM","R","B",null,"M","?","T","?","$","R","M","E","MIM","E","M","E","M","M","R","B",null,"M","?","$","?","M","NM","R","E","MIM","E","M","M","R","?","R","B",null,"R","$","E","B",null],"character_chosen":"OPM","items_purchased":["MerchantsRug","Normal_Punch","Hop","hubris:MobiusCoin","Hop","Do_Nothing","Oh+1","hubris:BottledRain","Omamori","Do_Nothing","Lee\u0027s Waffle","Bottled Flame","Toolbox","Bronze Scales","expansioncontent:AwakenDeath+1"],"campfire_rested":0,"item_purchase_floors":[12,12,73,79,87,87,87,124,124,124,139,139,155,155,155],"current_hp_per_floor":[999,999,999,999,999,999,999,999,999,999,999,999,999,999,999,999,999,999,999,999,999,999,999,999,999,999,999,999,999,999,999,999,999,999,999,949,949,949,949,949,949,949,949,949,949,949,949,949,949,949,949,949,949,949,949,949,949,949,949,949,949,949,949,949,949,949,949,949,949,1,1,1,1,1,1,1,1,1,1,1,1,1,1,1,1,1,1,1,1,1,1,1,1,1,1,1,1,1,1,1,1,1,1,1,1,1,1,1,1,1,1,1,1,1,1,1,1,1,1,1,1,1,1,1,1,1,1,1,1,1,1,1,1,1,1,1,1,1,1,1,1,1,1,1,1,1,1,1,1,1,1,1,1,1,1,1,1],"gold":2405,"neow_bonus":"BOSS_RELIC","is_daily":false,"chose_seed":false,"campfire_upgraded":19,"win_rate":0.0,"timestamp":1608072753,"path_taken":["M","M","$","?","$","E","M","M","T","E","M","$","M","M","R","BOSS","M","M","M","M","M","R","NM","R","MIM","R","M","?","?","E","R","BOSS","M","?","M","?","M","E","?","M","T","M","M","AVR","?","M","R","BOSS","M","?","M","M","?","R","?","NM","T","E","M","M","?","M","R","BOSS","M","?","M","M","$","E","R","M","T","?","$","M","?","E","R","BOSS","M","$","M","M","?","R","E","M","T","?","?","?","E","?","R","BOSS","M","M","M","M","?","E","R","E","T","E","?","M","M","NM","R","BOSS","M","?","?","?","$","R","M","E","MIM","E","M","E","M","M","R","BOSS","M","?","$","?","M","NM","R","E","MIM","E","M","M","R","?","R","BOSS","R","$","E","BOSS"],"items_purchased_type":["Relic","Card","Card","Relic","Card","Card","Card","Relic","Relic","Card","Relic","Relic","Relic","Relic","Card"],"build_version":"2020-12-13","purchased_purges":6,"victory":true,"max_hp_per_floor":[999,999,999,999,999,999,999,999,999,999,999,999,999,999,999,999,999,999,999,999,999,999,999,999,999,999,999,999,999,999,999,999,999,999,999,949,949,949,949,949,949,949,949,949,949,949,949,949,949,949,949,949,949,949,949,949,949,949,949,949,949,949,949,949,949,949,949,949,949,1,1,1,1,1,1,1,1,1,1,1,1,1,1,1,1,1,1,1,1,1,1,1,1,1,1,1,1,1,1,1,1,1,1,1,1,1,1,1,1,1,1,1,1,1,1,1,1,1,1,1,1,1,1,1,1,1,1,1,1,1,1,1,1,1,1,1,1,1,1,1,1,1,1,1,1,1,1,1,1,1,1,1,1,1,1,1,1],"card_choices":[{"not_picked":["Side_Hop","Ignore","Hop"],"picked":"SKIP","floor":1},{"not_picked":["Side_Hop","Slap"],"picked":"Normal_Punch","floor":2},{"not_picked":["Hop","Terrifying_Presence"],"picked":"Normal_Punch","floor":6},{"not_picked":["Hop","Ignore"],"picked":"Yawn","floor":7},{"not_picked":["Hop","Side_Hop","Ignore"],"picked":"SKIP","floor":8},{"not_picked":["Yawn","Hop"],"picked":"Wear_Disguise","floor":10},{"not_picked":["Do_Nothing","Side_Hop","Slap"],"picked":"SKIP","floor":11},{"not_picked":["Hop","Do_Nothing","Yawn"],"picked":"SKIP","floor":13},{"not_picked":["Ignore","Slap","Get_Hopes_Up"],"picked":"SKIP","floor":14},{"not_picked":["Get_Hopes_Up","Hip_Strike"],"picked":"Oh","floor":16},{"not_picked":["Ignore","Yawn"],"picked":"Slap","floor":18},{"not_picked":["Side_Hop","Hop","Do_Nothing+1"],"picked":"SKIP","floor":19},{"not_picked":["Yawn","Slap","Do_Nothing"],"picked":"SKIP","floor":20},{"not_picked":["Yawn","Slap","Do_Nothing"],"picked":"SKIP","floor":20},{"not_picked":["Slap","Side_Hop","Ignore+1"],"picked":"SKIP","floor":21},{"not_picked":["Ignore+1","Toss_Stone"],"picked":"Normal_Punch","floor":22},{"not_picked":["infinitespire:SevenWalls","infinitespire:Gouge"],"picked":"infinitespire:Collect","floor":24},{"not_picked":["Do_Nothing","Normal_Punch+1"],"picked":"Consecutive_Normal_Punch","floor":24},{"not_picked":["Slap","Do_Nothing+1"],"picked":"Normal_Punch","floor":26},{"not_picked":["Ignore+1","Side_Hop"],"picked":"Consecutive_Normal_Punch","floor":28},{"not_picked":["Ignore","Yawn"],"picked":"Consecutive_Normal_Punch","floor":29},{"not_picked":["Do_Nothing+1","Serious_Punch","Side_Hop"],"picked":"SKIP","floor":31},{"not_picked":["Serious_Punch","Serious_Side_Hops"],"picked":"Hip_Strike","floor":33},{"not_picked":["Wear_Disguise+1","Hop+1"],"picked":"Slap+1","floor":35},{"not_picked":["Ignore","Slap+1"],"picked":"Consecutive_Normal_Punch","floor":37},{"not_picked":["infinitespire:Oblivion","infinitespire:FinalStrike"],"picked":"infinitespire:DeathsTouch","floor":38},{"not_picked":["Hop+1","Side_Hop"],"picked":"Normal_Punch","floor":39},{"not_picked":["Yawn+1","Consecutive_Normal_Punch"],"picked":"Toss_Stone","floor":40},{"not_picked":["Hop","Side_Hop"],"picked":"Slap","floor":42},{"not_picked":["Serious_Side_Hops","Wear_Disguise","Slap+1"],"picked":"SKIP","floor":44},{"not_picked":["Side_Hop+1","Consecutive_Normal_Punch+1","Ignore+1"],"picked":"SKIP","floor":45},{"not_picked":["Wear_Disguise+1","Ignore","Slap"],"picked":"SKIP","floor":47},{"not_picked":["Hop","Slap"],"picked":"Toss_Stone+1","floor":48},{"not_picked":["Hip_Strike","Get_Hopes_Up"],"picked":"Terrifying_Presence","floor":50},{"not_picked":["Ignore","Side_Hop","Slap"],"picked":"SKIP","floor":52},{"not_picked":["Slap","Yawn"],"picked":"Normal_Punch","floor":54},{"not_picked":["Slap","Hop","Ignore"],"picked":"SKIP","floor":55},{"not_picked":["Yawn","Hop"],"picked":"Consecutive_Normal_Punch","floor":58},{"not_picked":["Serious_Side_Hops","Wear_Disguise"],"picked":"Normal_Punch","floor":59},{"not_picked":["Side_Hop","Ignore","Normal_Punch"],"picked":"SKIP","floor":61},{"not_picked":["Wear_Disguise+1","Hop","Ignore"],"picked":"SKIP","floor":62},{"not_picked":["Do_Nothing","Hop","Consecutive_Normal_Punch"],"picked":"SKIP","floor":63},{"not_picked":["Yawn","Side_Hop","Hop"],"picked":"SKIP","floor":65},{"not_picked":["Get_Hopes_Up","Oh+1"],"picked":"Hip_Strike","floor":67},{"not_picked":["infinitespire:Menacing","infinitespire:TheBestDefense"],"picked":"hubris:Rewind","floor":69},{"not_picked":["Side_Hop","Slap"],"picked":"Consecutive_Normal_Punch","floor":69},{"not_picked":["Wear_Disguise+1","Do_Nothing","Hop"],"picked":"SKIP","floor":71},{"not_picked":["Do_Nothing","Hop"],"picked":"Wear_Disguise+1","floor":71},{"not_picked":["Wear_Disguise+1","Normal_Punch+1"],"picked":"Side_Hop","floor":72},{"not_picked":["Slap","Yawn"],"picked":"Hip_Strike","floor":74},{"not_picked":["Normal_Punch","Toss_Stone","Side_Hop+1"],"picked":"SKIP","floor":76},{"not_picked":["Slap","Do_Nothing","Normal_Punch"],"picked":"SKIP","floor":80},{"not_picked":["Slap","Do_Nothing","Normal_Punch"],"picked":"SKIP","floor":80},{"not_picked":["Ignore","Yawn+1","Get_Hopes_Up"],"picked":"SKIP","floor":82},{"not_picked":["Yawn","Side_Hop","Slap+1"],"picked":"SKIP","floor":86},{"not_picked":["Yawn","Slap+1"],"picked":"Side_Hop","floor":86},{"not_picked":["Yawn","Consecutive_Normal_Punch","Side_Hop"],"picked":"SKIP","floor":88},{"not_picked":["Toss_Stone+1","Slap","Ignore+1"],"picked":"SKIP","floor":89},{"not_picked":["Hip_Strike","Serious_Side_Hops","Yawn"],"picked":"SKIP","floor":92},{"not_picked":["Normal_Punch","Yawn+1","Do_Nothing+1"],"picked":"SKIP","floor":93},{"not_picked":["Ignore+1","Hop+1","Slap"],"picked":"SKIP","floor":98},{"not_picked":["Serious_Side_Hops","Oh+1"],"picked":"Terrifying_Presence+1","floor":101},{"not_picked":["Hop","Side_Hop"],"picked":"Do_Nothing","floor":103},{"not_picked":["Wear_Disguise+1","Slap"],"picked":"Yawn","floor":104},{"not_picked":["Wear_Disguise+1","Ignore"],"picked":"Hop","floor":105},{"not_picked":["Yawn","Slap"],"picked":"Wear_Disguise+1","floor":106},{"not_picked":["Slap","Normal_Punch","Yawn"],"picked":"SKIP","floor":108},{"not_picked":["Slap","Serious_Punch","Hop"],"picked":"SKIP","floor":110},{"not_picked":["Ignore","Do_Nothing","Wear_Disguise+1"],"picked":"SKIP","floor":112},{"not_picked":["Wear_Disguise+1","Hop","Yawn"],"picked":"Consecutive_Normal_Punch","floor":114},{"not_picked":["Hop","Ignore","Normal_Punch","Toss_Stone"],"picked":"SKIP","floor":115},{"not_picked":["Do_Nothing","Wear_Disguise+1","Normal_Punch"],"picked":"Consecutive_Normal_Punch","floor":116},{"not_picked":["Side_Hop","Do_Nothing","Yawn"],"picked":"Hop","floor":119},{"not_picked":["Do_Nothing+1","Ignore","Yawn"],"picked":"Slap","floor":120},{"not_picked":["Get_Hopes_Up","Ignore","Do_Nothing"],"picked":"Hop","floor":121},{"not_picked":["Normal_Punch","Side_Hop","Ignore","Yawn"],"picked":"SKIP","floor":126},{"not_picked":["Ignore","Yawn","Side_Hop","Terrifying_Presence+1"],"picked":"SKIP","floor":127},{"not_picked":["Slap+1","Toss_Stone","Yawn","Ignore"],"picked":"SKIP","floor":129},{"not_picked":["Slap+1","Side_Hop","Hop+1","Normal_Punch"],"picked":"SKIP","floor":130},{"not_picked":["Normal_Punch","Hop","Side_Hop+1","Slap"],"picked":"SKIP","floor":131},{"not_picked":["Serious_Punch","Yawn","Side_Hop","Slap+1"],"picked":"SKIP","floor":132},{"not_picked":["Ignore","Normal_Punch","Wear_Disguise+1","Consecutive_Normal_Punch"],"picked":"SKIP","floor":133},{"not_picked":["Ignore+1","Do_Nothing+1","Toss_Stone"],"picked":"Side_Hop+1","floor":137},{"not_picked":["Wear_Disguise+1","Yawn+1","Side_Hop+1","Ignore"],"picked":"SKIP","floor":141},{"not_picked":["Wear_Disguise+1","Yawn+1","Side_Hop+1","Ignore"],"picked":"SKIP","floor":141},{"not_picked":["infinitespire:Starlight","hubris:Rewind"],"picked":"infinitespire:Gouge","floor":142},{"not_picked":["Consecutive_Normal_Punch","Do_Nothing+1","Side_Hop"],"picked":"Hop","floor":142},{"not_picked":["Side_Hop","Hip_Strike","Yawn","Hop"],"picked":"SKIP","floor":144},{"not_picked":["Slap","Hop+1","Oh+1","Toss_Stone+1"],"picked":"SKIP","floor":146},{"not_picked":["Yawn","Hop+1","Toss_Stone","Side_Hop"],"picked":"SKIP","floor":147},{"not_picked":["Ignore","Normal_Punch+1","Do_Nothing","Slap"],"picked":"SKIP","floor":148},{"not_picked":["Serious_Side_Hops","Oh+1","Terrifying_Presence+1"],"picked":"Hip_Strike","floor":152},{"not_picked":["Side_Hop","Hop+1","Do_Nothing","Normal_Punch+1"],"picked":"SKIP","floor":156}],"player_experience":166379,"relics_obtained":[{"floor":6,"key":"Bag of Preparation"},{"floor":9,"key":"hubris:SlimyHat"},{"floor":10,"key":"Whetstone"},{"floor":24,"key":"Sundial"},{"floor":26,"key":"infinitespire:FocusingShard"},{"floor":31,"key":"hubris:TenFootPole"},{"floor":40,"key":"Vajra"},{"floor":58,"key":"Blood Vial"},{"floor":59,"key":"infinitespire:Lucky Rock"},{"floor":60,"key":"Darkstone Periapt"},{"floor":61,"key":"Frozen Egg 2"},{"floor":74,"key":"Juzu Bracelet"},{"floor":77,"key":"hubris:TinFlute"},{"floor":81,"key":"Whetstone"},{"floor":82,"key":"Strawberry"},{"floor":92,"key":"HornCleat"},{"floor":94,"key":"StoneCalendar"},{"floor":97,"key":"infinitespire:Satchel"},{"floor":98,"key":"MawBank"},{"floor":108,"key":"Centennial Puzzle"},{"floor":110,"key":"infinitespire:CursedDice"},{"floor":111,"key":"infinitespire:PuzzleCube"},{"floor":112,"key":"Pear"},{"floor":116,"key":"infinitespire:WardingShard"},{"floor":121,"key":"Red Mask"},{"floor":122,"key":"Nunchaku"},{"floor":127,"key":"Oddly Smooth Stone"},{"floor":128,"key":"Toy Ornithopter"},{"floor":129,"key":"Eternal Feather"},{"floor":131,"key":"Lantern"},{"floor":142,"key":"MealTicket"},{"floor":144,"key":"Smiling Mask"},{"floor":145,"key":"infinitespire:Midas Blood"},{"floor":146,"key":"Shuriken"},{"floor":156,"key":"PreservedInsect"}],"event_choices":[{"damage_healed":0,"gold_gain":0,"player_choice":"Take","damage_taken":0,"max_hp_gain":0,"max_hp_loss":0,"event_name":"betterNote:BetterNote","floor":4,"gold_loss":0,"cards_obtained":["Guardian:TwinSlam"]},{"damage_healed":0,"gold_gain":0,"player_choice":"Max HP","damage_taken":0,"max_hp_gain":0,"max_hp_loss":50,"event_name":"Winding Halls","floor":36,"gold_loss":0},{"damage_healed":0,"gold_gain":0,"player_choice":"Full Heal","damage_taken":0,"max_hp_gain":0,"max_hp_loss":0,"event_name":"Wheel of Change","floor":41,"gold_loss":0},{"damage_healed":0,"gold_gain":75,"player_choice":"Gather Gold","damage_taken":11,"max_hp_gain":0,"max_hp_loss":0,"event_name":"World of Goop","floor":53,"gold_loss":0},{"damage_healed":0,"gold_gain":175,"player_choice":"AGREE","damage_taken":0,"max_hp_gain":0,"max_hp_loss":0,"event_name":"Liars Game","floor":56,"gold_loss":0,"cards_obtained":["Doubt"]},{"damage_healed":0,"gold_gain":0,"player_choice":"Take Damage","damage_taken":237,"relics_obtained":["Golden Idol"],"max_hp_gain":0,"max_hp_loss":0,"event_name":"Golden Idol","floor":64,"gold_loss":0},{"damage_healed":0,"gold_gain":0,"player_choice":"Got Potions","damage_taken":0,"max_hp_gain":0,"max_hp_loss":0,"event_name":"Lab","floor":90,"gold_loss":0},{"cards_removed":["Terrifying_Presence"],"damage_healed":0,"gold_gain":0,"player_choice":"Give","damage_taken":0,"max_hp_gain":0,"max_hp_loss":0,"event_name":"betterNote:BetterNote","floor":99,"gold_loss":0,"cards_obtained":["None"]},{"damage_healed":0,"gold_gain":75,"player_choice":"Gather Gold","damage_taken":11,"max_hp_gain":0,"max_hp_loss":0,"event_name":"World of Goop","floor":107,"gold_loss":0},{"damage_healed":0,"gold_gain":0,"player_choice":"Success","damage_taken":3,"relics_obtained":["Question Card"],"max_hp_gain":0,"max_hp_loss":0,"event_name":"Scrap Ooze","floor":113,"gold_loss":0},{"damage_healed":0,"gold_gain":0,"player_choice":"Fought Bandits","damage_taken":0,"max_hp_gain":0,"max_hp_loss":0,"event_name":"Masked Bandits","floor":121,"gold_loss":0},{"damage_healed":0,"gold_gain":0,"player_choice":"Obtained Relic","damage_taken":0,"relics_obtained":["Meat on the Bone"],"max_hp_gain":0,"max_hp_loss":0,"event_name":"Addict","floor":123,"gold_loss":85},{"damage_healed":0,"gold_gain":275,"player_choice":"Desecrate","damage_taken":0,"max_hp_gain":0,"max_hp_loss":0,"event_name":"Golden Shrine","floor":138,"gold_loss":0,"cards_obtained":["Regret"]},{"damage_healed":0,"gold_gain":222,"player_choice":"Wore Mask","damage_taken":0,"max_hp_gain":0,"max_hp_loss":0,"event_name":"Tomb of Lord Red Mask","floor":140,"gold_loss":0},{"damage_healed":0,"gold_gain":0,"player_choice":"Max HP","damage_taken":0,"max_hp_gain":0,"max_hp_loss":0,"event_name":"Winding Halls","floor":150,"gold_loss":0}],"is_beta":false,"boss_relics":[{"not_picked":["hubris:BlackHole","Ectoplasm"],"picked":"Coffee Dripper"},{"not_picked":["infinitespire:Cupcake","Fusion Hammer"],"picked":"Pandora\u0027s Box"},{"not_picked":["Philosopher\u0027s Stone","Busted Crown"],"picked":"Cursed Key"},{"not_picked":["hubris:VirtuousBlindfold","hubris:Stopwatch"],"picked":"hubris:TerracottaHorce"},{"not_picked":["Empty Cage","Runic Dome"],"picked":"Sozu"},{"not_picked":["Calling Bell","hubris:GrandSneckoEye"],"picked":"hubris:BlackHole"},{"not_picked":["hubris:Stopwatch","Runic Dome"],"picked":"Tiny House"},{"not_picked":["Velvet Choker","Runic Pyramid"],"picked":"hubris:ScarierMask"},{"not_picked":["hubris:RunicObelisk","Astrolabe"],"picked":"hubris:HollowSoul"}],"items_purged_floors":[73,79,87,124,139,155],"is_endless":true,"potions_floor_spawned":[2,8,10,11,13,14,20,28,29,33,37,39,42,47,48,50,54,62,63,65,71,72,76,84,86,89,93,101,104,108,110,115,116,127,129,131,132,135,137,144,147,152],"ascension_level":5}}