{"host":"6febr6iklru1ag3j","time":1608006525,"event":{"mods":["BaseMod","DeckTracker","Hermit","Hubris","Minty Spire (QoL Compilation)","Replay The Spire","Shop Mod","StSLib","The Cursed","The Jungle"],"gold_per_floor":[19,32,46,59,24,24,56,56,56,83,99,15,27,39,39,135,135,153,153,153,153,166,166,182,182,182],"floor_reached":25,"playtime":947,"items_purged":[],"score":247,"play_id":"35b9f591-6317-4d3c-9b74-def0ec0a2067","local_time":"20201214232845","is_ascension_mode":true,"campfire_choices":[{"data":"Eruption","floor":6.0,"key":"SMITH"},{"floor":8.0,"key":"RECALL"},{"floor":15.0,"key":"REST"}],"circlet_count":0,"master_deck":["Strike_P","Strike_P","Strike_P","Defend_P","Defend_P","Defend_P","Eruption+1","Vigilance","ReachHeaven","Crescendo","FlurryOfBlows","FlurryOfBlows","Adaptation+1","Prostrate+1"],"relics":["PureWater","Thread and Needle","Gambling Chip","hubris:MedicalManual","hubris:TenFootPole","Fusion Hammer"],"acts_visited":["Exordium","Exordium"],"potions_floor_usage":[],"damage_taken":[{"damage":7.0,"enemies":"Small Slimes","floor":1.0,"turns":3.0},{"damage":2.0,"enemies":"2 Louse","floor":2.0,"turns":3.0},{"damage":0.0,"enemies":"Cultist","floor":3.0,"turns":2.0},{"damage":7.0,"enemies":"Exordium Wildlife","floor":4.0,"turns":3.0},{"damage":2.0,"enemies":"Replay:BlueRogue","floor":7.0,"turns":4.0},{"damage":19.0,"enemies":"3 Sentries","floor":10.0,"turns":4.0},{"damage":0.0,"enemies":"2 Fungi Beasts","floor":11.0,"turns":2.0},{"damage":8.0,"enemies":"Gremlin Gang","floor":13.0,"turns":3.0},{"damage":0.0,"enemies":"Looter","floor":14.0,"turns":3.0},{"damage":32.0,"enemies":"Slime Boss","floor":16.0,"turns":5.0},{"damage":20.0,"enemies":"theJungle:MUSHROOMGANG","floor":18.0,"turns":2.0},{"damage":1.0,"enemies":"theJungle:GiantWrat","floor":22.0,"turns":3.0},{"damage":18.0,"enemies":"Snake Plant","floor":24.0,"turns":3.0},{"damage":0,"enemies":"theJungle:2_Phrogs","floor":25,"turns":1}],"seed_played":"2007304896252629650","potions_obtained":[{"floor":3.0,"key":"ColorlessPotion"},{"floor":10.0,"key":"Death Potion"},{"floor":11.0,"key":"Toxic Potion"},{"floor":13.0,"key":"SpeedPotion"},{"floor":18.0,"key":"Weak Potion"},{"floor":22.0,"key":"AttackPotion"}],"is_trial":false,"path_per_floor":["M","M","M","M","?","R","E","R","T","E","M","?","M","M","R","B",null,"M","?","PTL","PTL","M","?","M","E"],"character_chosen":"WATCHER","items_purchased":[],"campfire_rested":1,"item_purchase_floors":[],"current_hp_per_floor":[65,63,63,56,72,72,70,70,70,51,51,51,43,43,64,32,72,52,52,52,52,51,51,33,33,33],"gold":182,"neow_bonus":"TRANSFORM_TWO_CARDS","is_daily":false,"chose_seed":false,"campfire_upgraded":1,"win_rate":0.0,"timestamp":1608006525,"path_taken":["M","M","M","M","?","R","E","R","T","E","M","?","M","?","R","BOSS","M","?","PTL","PTL","M","?","M","E"],"items_purchased_type":[],"build_version":"2020-12-13","purchased_purges":0,"victory":false,"max_hp_per_floor":[72,72,72,72,72,72,72,72,72,72,72,72,72,72,72,72,72,72,77,77,77,77,77,77,77,77],"card_choices":[{"not_picked":["Crescendo","Prostrate"],"picked":"FlurryOfBlows","floor":1.0},{"not_picked":["Pray","Weave"],"picked":"FlurryOfBlows","floor":2.0},{"not_picked":["Protect","Vengeance","PathToVictory"],"picked":"SKIP","floor":3.0},{"not_picked":["Replay:BluntJabs","EmptyMind","Protect"],"picked":"SKIP","floor":4.0},{"not_picked":["PathToVictory","Wallop"],"picked":"Adaptation","floor":7.0},{"not_picked":["ConjureBlade","ClearTheMind","FlyingSleeves"],"picked":"SKIP","floor":10.0},{"not_picked":["Study","FollowUp","CrushJoints"],"picked":"SKIP","floor":11.0},{"not_picked":["Perseverance","Adaptation","Replay:AtTheReady"],"picked":"SKIP","floor":13.0},{"not_picked":["Replay:ManipulateFuture","TalkToTheHand","Conclude"],"picked":"SKIP","floor":14.0},{"not_picked":["Perseverance","EmptyBody+1","BowlingBash+1"],"picked":"SKIP","floor":18.0},{"not_picked":["FlyingSleeves","ThirdEye"],"picked":"Prostrate+1","floor":22.0},{"not_picked":["SashWhip+1","TalkToTheHand","EmptyBody"],"picked":"SKIP","floor":24.0}],"player_experience":363515,"relics_obtained":[{"floor":7.0,"key":"Thread and Needle"},{"floor":9.0,"key":"Gambling Chip"},{"floor":10.0,"key":"hubris:MedicalManual"}],"event_choices":[{"damage_healed":18.0,"max_hp_gain":0.0,"max_hp_loss":0.0,"gold_gain":0.0,"event_name":"The Cleric","player_choice":"Healed","floor":5.0,"gold_loss":35.0,"damage_taken":0.0},{"damage_healed":0.0,"max_hp_gain":0.0,"max_hp_loss":0.0,"gold_gain":0.0,"event_name":"WeMeetAgain","player_choice":"Paid Gold","floor":12.0,"gold_loss":84.0,"damage_taken":0.0,"relics_obtained":["hubris:TenFootPole"]},{"damage_healed":0.0,"max_hp_gain":0.0,"max_hp_loss":0.0,"gold_gain":0.0,"event_name":"Accursed Blacksmith","player_choice":"Forge","floor":23.0,"gold_loss":0.0,"damage_taken":0.0,"cards_upgraded":["Adaptation"]}],"is_beta":false,"boss_relics":[{"not_picked":["Kintsugi","Black Star"],"picked":"Fusion Hammer"}],"items_purged_floors":[],"is_endless":false,"potions_floor_spawned":[3,10,11,13,18,22],"killed_by":"theJungle:2_Phrogs","ascension_level":3}}