{"host":"l4kdldlios54gl54","time":1608014360,"event":{"mods":["AchievementEnabler","BaseMod","Colored Map","Colored Powertips","Minty Spire (QoL Compilation)","Random Character Button"],"gold_per_floor":[214,227,152,23,43,43,56,76,76,19,31,63,63,63,63,142,142,156,172,172,49,49,49,49],"floor_reached":23,"playtime":1026,"items_purged":["Strike_G","Strike_G"],"score":372,"play_id":"b1cdf350-6bed-47ec-83fd-0a350c67dc38","local_time":"20201215073920","is_ascension_mode":true,"campfire_choices":[{"data":"Blade Dance","floor":6,"key":"SMITH"},{"data":"Deadly Poison","floor":13,"key":"SMITH"},{"data":"Predator","floor":15,"key":"SMITH"}],"circlet_count":0,"master_deck":["AscendersBane","Strike_G","Strike_G","Defend_G","Defend_G","Defend_G","Defend_G","Defend_G","Survivor","Neutralize","Deflect","Endless Agony","Blade Dance+1","Endless Agony","Deadly Poison+1","PiercingWail","Deflect","Crippling Poison","Predator+1","Corpse Explosion","Footwork"],"relics":["Ring of the Snake","HornCleat","The Courier","Fusion Hammer","Nilry\u0027s Codex","MutagenicStrength"],"acts_visited":["Exordium","TheCity"],"potions_floor_usage":[12,18,23,23],"damage_taken":[{"damage":5,"enemies":"Jaw Worm","floor":1,"turns":6},{"damage":2,"enemies":"Small Slimes","floor":2,"turns":4},{"damage":0,"enemies":"2 Louse","floor":5,"turns":3},{"damage":8,"enemies":"2 Fungi Beasts","floor":7,"turns":4},{"damage":0,"enemies":"Blue Slaver","floor":8,"turns":3},{"damage":0,"enemies":"Looter","floor":11,"turns":3},{"damage":17,"enemies":"3 Sentries","floor":12,"turns":13},{"damage":11,"enemies":"The Guardian","floor":16,"turns":11},{"damage":2,"enemies":"3 Byrds","floor":18,"turns":4},{"damage":4,"enemies":"2 Thieves","floor":19,"turns":3},{"damage":29,"enemies":"Gremlin Leader","floor":23,"turns":8}],"seed_played":"7767541211664021892","potions_obtained":[{"floor":2,"key":"Block Potion"},{"floor":7,"key":"GhostInAJar"},{"floor":12,"key":"Swift Potion"}],"is_trial":false,"path_per_floor":["M","M","?","$","M","R","M","M","T","$","M","E","R","?","R","B",null,"M","M","?","$","?","E"],"character_chosen":"THE_SILENT","items_purchased":["Blade Dance","Deflect","Weak Potion"],"campfire_rested":0,"item_purchase_floors":[4,10,21],"current_hp_per_floor":[54,52,52,52,52,52,44,44,44,44,44,27,27,27,27,16,54,52,48,27,27,27,0,0],"gold":49,"neow_bonus":"HUNDRED_GOLD","is_daily":false,"chose_seed":false,"campfire_upgraded":3,"win_rate":0.0,"timestamp":1608014360,"path_taken":["M","M","?","$","M","R","M","M","T","$","M","E","R","?","R","BOSS","M","M","?","$","?","E"],"items_purchased_type":["Card","Card","Potion"],"build_version":"2020-12-13","purchased_purges":2,"victory":false,"max_hp_per_floor":[66,66,66,66,66,66,66,66,66,66,66,66,66,66,66,66,66,66,66,66,66,66,66,66],"card_choices":[{"not_picked":["Outmaneuver","Dodge and Roll"],"picked":"Deflect","floor":1},{"not_picked":["Dodge and Roll","Acrobatics"],"picked":"Endless Agony","floor":2},{"not_picked":["Quick Slash","Underhanded Strike"],"picked":"Endless Agony","floor":5},{"not_picked":["Distraction","Terror"],"picked":"Deadly Poison","floor":7},{"not_picked":["Bane","Glass Knife"],"picked":"PiercingWail","floor":8},{"not_picked":["Deadly Poison","Sucker Punch"],"picked":"Crippling Poison","floor":11},{"not_picked":["Flechettes","Masterful Stab"],"picked":"Predator","floor":12},{"not_picked":["Phantasmal Killer","Doppelganger"],"picked":"Corpse Explosion","floor":16},{"not_picked":["Deflect+1","Outmaneuver+1"],"picked":"Footwork","floor":18},{"not_picked":["Setup","All Out Attack","Blade Dance"],"picked":"SKIP","floor":19}],"player_experience":828731,"relics_obtained":[{"floor":9,"key":"HornCleat"},{"floor":12,"key":"The Courier"},{"floor":20,"key":"Nilry\u0027s Codex"}],"event_choices":[{"cards_removed":["Strike_G"],"damage_healed":0,"gold_gain":0,"player_choice":"Card Removal","damage_taken":0,"max_hp_gain":0,"max_hp_loss":0,"event_name":"The Cleric","floor":3,"gold_loss":75},{"damage_healed":0,"gold_gain":0,"player_choice":"Fled","damage_taken":0,"max_hp_gain":0,"max_hp_loss":0,"event_name":"Scrap Ooze","floor":14,"gold_loss":0},{"damage_healed":0,"gold_gain":0,"player_choice":"Obtained Book","damage_taken":21,"max_hp_gain":0,"max_hp_loss":0,"event_name":"Cursed Tome","floor":20,"gold_loss":0},{"damage_healed":0,"gold_gain":0,"player_choice":"Inject Mutagens","damage_taken":0,"relics_obtained":["MutagenicStrength"],"max_hp_gain":0,"max_hp_loss":0,"event_name":"Drug Dealer","floor":22,"gold_loss":0}],"is_beta":false,"boss_relics":[{"not_picked":["Black Star","Cursed Key"],"picked":"Fusion Hammer"}],"items_purged_floors":[4,21],"is_endless":false,"potions_floor_spawned":[2,7,11,12],"killed_by":"Gremlin Leader","ascension_level":19}}