{"host":"tkinv8gv6hgcc58b","time":1608012301,"event":{"mods":["BaseMod","Colored Map","Downfall","Googly Eyes","Hermit","Minty Spire (QoL Compilation)","READ ME - Guardian Mod","StSLib","The Cursed","The Disciple"],"gold_per_floor":[109,109,109,284,296,296,330,330,330,4,4,4,37,37,37,115,115,126,225,225,225,239,239,266,266,293,328,328,33,33,59,59,133,133,143,18,43,43,62,89,89,121,121,137,137,48,75,93,93,93],"floor_reached":51,"playtime":3387,"items_purged":["Doubt"],"score":1360,"play_id":"c1fabe74-5699-43d6-8479-9ecc978333ef","local_time":"20201215010501","is_ascension_mode":true,"campfire_choices":[{"floor":6.0,"key":"REST"},{"floor":8.0,"key":"REST"},{"floor":15.0,"key":"REST"},{"floor":23.0,"key":"REST"},{"floor":25.0,"key":"REST"},{"floor":28.0,"key":"REST"},{"data":"Storm of Steel","floor":30.0,"key":"SMITH"},{"floor":32.0,"key":"REST"},{"data":"Accuracy","floor":49,"key":"SMITH"}],"circlet_count":0,"master_deck":["AscendersBane","Strike_G","Strike_G","Strike_G","Strike_G","Strike_G","Defend_G","Defend_G","Defend_G","Defend_G","Defend_G","Survivor","Neutralize+1","Slice","Flying Knee","Infinite Blades","Blur","Storm of Steel+1","Acrobatics","Prepared+1","Infinite Blades+1","Flying Knee","Die Die Die","Noxious Fumes","Dash","PiercingWail+1","expansioncontent:AwakenDeath","Footwork","Accuracy+1"],"relics":["SlaversCollar","Lantern","The Courier","Bottled Tornado","Calipers","Peace Pipe","Dead Branch","Black Star","MutagenicStrength","Gambling Chip","Oddly Smooth Stone","MealTicket","Bird Faced Urn","Nunchaku","Guardian:GemstoneGun","Blood Vial","Bag of Marbles","Philosopher\u0027s Stone","Strawberry","The Specimen","Akabeko","Singing Bowl","Toy Ornithopter","Question Card","Regal Pillow","Tough Bandages","Pear"],"acts_visited":["Exordium","TheCity","TheBeyond"],"potions_floor_usage":[42,44,50],"damage_taken":[{"damage":4.0,"enemies":"Small Slimes","floor":1.0,"turns":4.0},{"damage":0.0,"enemies":"2 Louse","floor":5.0,"turns":3.0},{"damage":51.0,"enemies":"Lagavulin","floor":7.0,"turns":12.0},{"damage":10.0,"enemies":"3 Sentries","floor":13.0,"turns":7.0},{"damage":8.0,"enemies":"Hexaghost","floor":16.0,"turns":11.0},{"damage":19.0,"enemies":"Spheric Guardian","floor":18.0,"turns":4.0},{"damage":23.0,"enemies":"2 Thieves","floor":22.0,"turns":4.0},{"damage":46.0,"enemies":"Slavers","floor":24.0,"turns":4.0},{"damage":12.0,"enemies":"Gremlin Leader","floor":27.0,"turns":6.0},{"damage":20.0,"enemies":"Book of Stabbing","floor":31.0,"turns":4.0},{"damage":24.0,"enemies":"Automaton","floor":33.0,"turns":5.0},{"damage":0.0,"enemies":"3 Darklings","floor":35.0,"turns":3.0},{"damage":17.0,"enemies":"Mind Bloom Boss Battle","floor":37.0,"turns":4.0},{"damage":0.0,"enemies":"3 Shapes","floor":39.0,"turns":5.0},{"damage":32,"enemies":"Reptomancer","floor":40,"turns":5},{"damage":40,"enemies":"Nemesis","floor":42,"turns":5},{"damage":6,"enemies":"Writhing Mass","floor":44,"turns":6},{"damage":3,"enemies":"Reptomancer","floor":47,"turns":5},{"damage":0,"enemies":"Maw","floor":48,"turns":6},{"damage":104,"enemies":"Time Eater","floor":50,"turns":13}],"seed_played":"-628109073123290313","potions_obtained":[{"floor":1.0,"key":"Strength Potion"},{"floor":5.0,"key":"Slimebound:ThreeZeroPotion"},{"floor":13.0,"key":"DuplicationPotion"},{"floor":27.0,"key":"Ancient Potion"},{"floor":33.0,"key":"LiquidBronze"},{"floor":40,"key":"BlessingOfTheForge"},{"floor":42,"key":"Block Potion"},{"floor":44,"key":"sneckomod:MuddlingPotion"},{"floor":47,"key":"SkillPotion"}],"is_trial":false,"path_per_floor":["M","?","?","?","M","R","E","R","T","$","?","$","E","T","R","B",null,"M","?","?","?","M","R","E","R","T","E","R","$","R","E","R","B",null,"M","$","?","$","M","E","?","E","T","M","?","$","E","M","R","B",null],"character_chosen":"THE_SILENT","items_purchased":["Calipers","Blur","Guardian:GemstoneGun","Infinite Blades","Strawberry","Footwork","Accuracy"],"campfire_rested":7,"item_purchase_floors":[10,10,29,29,36,46,46],"current_hp_per_floor":[55,55,37,37,37,56,5,24,24,24,24,24,14,14,33,25,56,37,37,59,59,36,55,9,28,28,16,35,50,50,36,55,41,60,66,73,58,73,73,43,43,17,17,38,38,53,76,92,92,6],"gold":93,"neow_bonus":"BOSS_RELIC","is_daily":false,"chose_seed":false,"campfire_upgraded":2,"win_rate":0.0,"timestamp":1608012301,"path_taken":["M","?","?","?","M","R","E","R","T","$","?","$","E","?","R","BOSS","M","?","?","?","M","R","E","R","T","E","R","?","R","E","R","BOSS","M","?","?","?","M","E","?","E","T","M","?","$","E","M","R","BOSS"],"items_purchased_type":["Relic","Card","Relic","Card","Relic","Card","Card"],"build_version":"2020-12-13","purchased_purges":1,"victory":true,"max_hp_per_floor":[66,66,66,66,66,66,66,66,66,66,66,66,66,66,66,66,66,66,66,66,66,66,66,66,66,66,66,66,66,66,66,66,66,66,66,73,73,73,73,75,75,77,77,79,79,79,91,93,93,93],"card_choices":[{"not_picked":["Tactician","Prepared"],"picked":"Slice","floor":1.0},{"not_picked":["Deflect","Quick Slash"],"picked":"Flying Knee","floor":5.0},{"not_picked":["Acrobatics","Poisoned Stab"],"picked":"Infinite Blades","floor":7.0},{"not_picked":["Tactician","Setup","Bane"],"picked":"SKIP","floor":13.0},{"not_picked":["Tools of the Trade","Grand Finale"],"picked":"Storm of Steel","floor":16.0},{"not_picked":["Underhanded Strike","Caltrops","Well Laid Plans"],"picked":"SKIP","floor":18.0},{"not_picked":["Dodge and Roll","Tactician","Predator"],"picked":"SKIP","floor":22.0},{"not_picked":["Deflect","Deadly Poison"],"picked":"Acrobatics","floor":24.0},{"not_picked":["Bouncing Flask","Flying Knee"],"picked":"Prepared+1","floor":27.0},{"not_picked":["Slice","Acrobatics"],"picked":"Flying Knee","floor":31.0},{"not_picked":["Burst","Bullet Time"],"picked":"Die Die Die","floor":33.0},{"not_picked":["All Out Attack","Heel Hook+1"],"picked":"Noxious Fumes","floor":35.0},{"not_picked":["Bane","Dagger Spray"],"picked":"Dash","floor":37.0},{"not_picked":["Slice","Dodge and Roll"],"picked":"PiercingWail+1","floor":39.0},{"not_picked":["Deflect","Tactician","Poisoned Stab+1"],"picked":"Singing Bowl","floor":40},{"not_picked":["Dark Shackles","expansioncontent:GoopSpray"],"picked":"expansioncontent:AwakenDeath","floor":41},{"not_picked":["Deflect","Underhanded Strike+1","Dodge and Roll"],"picked":"Singing Bowl","floor":42},{"not_picked":["Caltrops","Sucker Punch","Flechettes+1","Quick Slash"],"picked":"Singing Bowl","floor":44},{"not_picked":["Finisher","PiercingWail","Underhanded Strike","Dagger Spray"],"picked":"Singing Bowl","floor":47},{"not_picked":["Bullet Time","PiercingWail+1","Sucker Punch","Slice"],"picked":"Singing Bowl","floor":48}],"player_experience":974516,"relics_obtained":[{"floor":7.0,"key":"The Courier"},{"floor":9.0,"key":"Bottled Tornado"},{"floor":13.0,"key":"Peace Pipe"},{"floor":14.0,"key":"Dead Branch"},{"floor":24.0,"key":"Gambling Chip"},{"floor":24.0,"key":"Oddly Smooth Stone"},{"floor":26.0,"key":"MealTicket"},{"floor":27.0,"key":"Bird Faced Urn"},{"floor":27.0,"key":"Nunchaku"},{"floor":31.0,"key":"Blood Vial"},{"floor":31.0,"key":"Bag of Marbles"},{"floor":37.0,"key":"The Specimen"},{"floor":40,"key":"Akabeko"},{"floor":40,"key":"Singing Bowl"},{"floor":42,"key":"Toy Ornithopter"},{"floor":42,"key":"Question Card"},{"floor":43,"key":"Regal Pillow"},{"floor":47,"key":"Tough Bandages"},{"floor":47,"key":"Pear"}],"event_choices":[{"damage_healed":0.0,"max_hp_gain":0.0,"max_hp_loss":0.0,"gold_gain":0.0,"event_name":"Living Wall","player_choice":"Grow","floor":2.0,"gold_loss":0.0,"damage_taken":0.0,"cards_upgraded":["Neutralize"]},{"damage_healed":0.0,"max_hp_gain":0.0,"max_hp_loss":0.0,"gold_gain":0.0,"event_name":"Scrap Ooze","player_choice":"Success","floor":3.0,"gold_loss":0.0,"damage_taken":18.0,"relics_obtained":["Lantern"]},{"damage_healed":0.0,"max_hp_gain":0.0,"max_hp_loss":0.0,"gold_gain":175.0,"event_name":"Liars Game","player_choice":"AGREE","floor":4.0,"gold_loss":0.0,"damage_taken":0.0,"cards_obtained":["Doubt"]},{"damage_healed":0.0,"max_hp_gain":0.0,"max_hp_loss":0.0,"gold_gain":0.0,"event_name":"Shining Light","player_choice":"Ignored","floor":11.0,"gold_loss":0.0,"damage_taken":0.0},{"damage_healed":0.0,"max_hp_gain":0.0,"max_hp_loss":0.0,"gold_gain":99.0,"event_name":"Nest","player_choice":"Stole From Cult","floor":19.0,"gold_loss":0.0,"damage_taken":0.0},{"damage_healed":22.0,"max_hp_gain":0.0,"max_hp_loss":0.0,"gold_gain":0.0,"event_name":"The Library","player_choice":"Heal","floor":20.0,"gold_loss":0.0,"damage_taken":0.0},{"damage_healed":0.0,"max_hp_gain":0.0,"max_hp_loss":0.0,"gold_gain":0.0,"event_name":"Drug Dealer","player_choice":"Inject Mutagens","floor":21.0,"gold_loss":0.0,"damage_taken":0.0,"relics_obtained":["MutagenicStrength"]},{"damage_healed":0.0,"max_hp_gain":0.0,"max_hp_loss":0.0,"gold_gain":0.0,"event_name":"MindBloom","player_choice":"Fight","floor":37.0,"gold_loss":0.0,"damage_taken":0.0},{"damage_healed":0,"gold_gain":0,"player_choice":"Memory 1","damage_taken":0,"max_hp_gain":0,"max_hp_loss":0,"event_name":"SensoryStone","floor":41,"gold_loss":0},{"damage_healed":0,"gold_gain":0,"player_choice":"Upgraded","damage_taken":0,"max_hp_gain":0,"max_hp_loss":0,"event_name":"Upgrade Shrine","floor":45,"gold_loss":0,"cards_upgraded":["Infinite Blades"]}],"is_beta":false,"boss_relics":[{"not_picked":["Coffee Dripper","Empty Cage"],"picked":"Black Star"},{"not_picked":["SacredBark","Velvet Choker"],"picked":"Philosopher\u0027s Stone"}],"items_purged_floors":[10],"is_endless":false,"potions_floor_spawned":[1,5,13,27,33,40,42,44,47],"ascension_level":14}}