{"host":"p245q48pmopyklqs","time":1608012398,"event":{"mods":["AchievementEnabler","BaseMod","DeckTracker","Minty Spire (QoL Compilation)","Relic Stats","StSLib","SuperFastMode"],"gold_per_floor":[114,126,136,148,148,148,158,171,171,183,209,221,221,239,239,316,316,293,60,60,70,81,81,116,126,126,126,144,162,162,182,182,261,261,296,308,318,55,55,85,101,101,101],"floor_reached":42,"playtime":2466,"items_purged":["Strike_R","Searing Blow"],"score":950,"play_id":"55565eb8-056d-4658-8443-742856eb6241","local_time":"20201215150638","is_ascension_mode":true,"campfire_choices":[{"data":"Armaments","floor":6.0,"key":"SMITH"},{"data":"Magnetism","floor":13.0,"key":"SMITH"},{"data":"Whirlwind","floor":15.0,"key":"SMITH"},{"data":"Demon Form","floor":23.0,"key":"SMITH"},{"floor":30.0,"key":"REST"},{"data":"Limit Break","floor":32.0,"key":"SMITH"}],"circlet_count":0,"master_deck":["AscendersBane","Bash","Magnetism+1","Whirlwind+1","Armaments+1","Shrug It Off","Blood for Blood","Pommel Strike","Demon Form+1","Shrug It Off+1","Limit Break+1","Reaper","Shrug It Off+1","Intimidate","Berserk","Feed","Pommel Strike","Evolve","Battle Trance","Seeing Red","Heavy Blade","Sword Boomerang+1"],"relics":["Burning Blood","HornCleat","Anchor","Sozu","Prayer Wheel","TungstenRod","Pandora\u0027s Box","Centennial Puzzle","MealTicket"],"acts_visited":["Exordium","TheCity","TheBeyond"],"potions_floor_usage":[],"damage_taken":[{"damage":2.0,"enemies":"Cultist","floor":1.0,"turns":4.0},{"damage":2.0,"enemies":"2 Louse","floor":2.0,"turns":3.0},{"damage":14.0,"enemies":"Jaw Worm","floor":3.0,"turns":5.0},{"damage":17.0,"enemies":"Blue Slaver","floor":4.0,"turns":6.0},{"damage":0.0,"enemies":"Lots of Slimes","floor":7.0,"turns":1.0},{"damage":34.0,"enemies":"Exordium Wildlife","floor":8.0,"turns":6.0},{"damage":9.0,"enemies":"Red Slaver","floor":10.0,"turns":4.0},{"damage":5.0,"enemies":"Looter","floor":12.0,"turns":4.0},{"damage":0.0,"enemies":"2 Fungi Beasts","floor":14.0,"turns":4.0},{"damage":40.0,"enemies":"The Guardian","floor":16.0,"turns":15.0},{"damage":5.0,"enemies":"2 Thieves","floor":18.0,"turns":4.0},{"damage":6.0,"enemies":"Shell Parasite","floor":21.0,"turns":4.0},{"damage":7.0,"enemies":"Centurion and Healer","floor":22.0,"turns":6.0},{"damage":37.0,"enemies":"Gremlin Leader","floor":24.0,"turns":6.0},{"damage":13.0,"enemies":"Chosen and Byrds","floor":25.0,"turns":6.0},{"damage":10.0,"enemies":"Shelled Parasite and Fungi","floor":28.0,"turns":6.0},{"damage":21.0,"enemies":"Snecko","floor":29.0,"turns":4.0},{"damage":11.0,"enemies":"Snake Plant","floor":31.0,"turns":5.0},{"damage":45.0,"enemies":"Collector","floor":33.0,"turns":8.0},{"damage":33.0,"enemies":"3 Shapes","floor":35.0,"turns":7.0},{"damage":10.0,"enemies":"Orb Walker","floor":36.0,"turns":4.0},{"damage":31.0,"enemies":"Transient","floor":37.0,"turns":6.0},{"damage":27.0,"enemies":"Giant Head","floor":40.0,"turns":5.0},{"damage":41.0,"enemies":"3 Darklings","floor":41.0,"turns":6.0},{"damage":47,"enemies":"4 Shapes","floor":42,"turns":3}],"seed_played":"8673425518943695619","potions_obtained":[{"floor":1.0,"key":"FearPotion"},{"floor":2.0,"key":"BloodPotion"}],"is_trial":false,"path_per_floor":["M","M","M","M","?","R","M","M","T","M","T","M","R","M","R","B",null,"M","$","?","M","M","R","E","M","T","?","M","M","R","M","R","B",null,"M","M","M","$","?","E","M","M"],"character_chosen":"IRONCLAD","items_purchased":["Limit Break","Centennial Puzzle"],"campfire_rested":1,"item_purchase_floors":[19,38],"current_hp_per_floor":[68,68,60,49,54,54,60,32,32,29,29,30,30,36,36,16,59,60,60,54,54,53,53,22,15,15,15,21,15,36,51,51,35,64,56,60,69,69,77,56,40,0,0],"gold":101,"neow_bonus":"RANDOM_COLORLESS_2","is_daily":false,"chose_seed":false,"campfire_upgraded":5,"win_rate":0.0,"timestamp":1608012398,"path_taken":["M","M","M","?","?","R","M","M","T","M","?","M","R","M","R","BOSS","M","$","?","?","M","R","E","M","T","?","M","M","R","M","R","BOSS","M","M","M","$","?","E","?","M"],"items_purchased_type":["Card","Relic"],"build_version":"2020-12-13","purchased_purges":2,"victory":false,"max_hp_per_floor":[68,68,68,68,73,73,73,73,73,73,73,73,73,73,73,73,73,73,73,73,73,73,73,73,73,73,73,73,73,73,73,73,73,73,73,77,77,77,77,77,81,81,81],"relic_stats":{"Sozu":6,"Centennial Puzzle":[9],"counters":[25,132],"Prayer Wheel":10,"Pandora\u0027s Box":["Second Wind","Feed","Searing Blow","Pommel Strike","Evolve","Battle Trance","Seeing Red"],"MealTicket":0,"obtain_stats":[{"Sozu":17,"Anchor":11,"Centennial Puzzle":38,"HornCleat":9,"Prayer Wheel":24,"Pandora\u0027s Box":34,"MealTicket":40,"Burning Blood":0,"TungstenRod":26},{"Sozu":10,"Anchor":7,"Centennial Puzzle":22,"HornCleat":6,"Prayer Wheel":14,"Pandora\u0027s Box":19,"MealTicket":23,"Burning Blood":0,"TungstenRod":15},{"Sozu":52,"Anchor":29,"Centennial Puzzle":118,"HornCleat":25,"Prayer Wheel":72,"Pandora\u0027s Box":101,"MealTicket":123,"Burning Blood":0,"TungstenRod":78}],"Burning Blood":136,"TungstenRod":28},"card_choices":[{"not_picked":["Transmutation","The Bomb"],"picked":"Magnetism","floor":0.0},{"not_picked":["Havoc","Flex"],"picked":"Whirlwind","floor":1.0},{"not_picked":["Sword Boomerang","Infernal Blade"],"picked":"Armaments","floor":2.0},{"not_picked":["Cleave","Clothesline","Heavy Blade"],"picked":"SKIP","floor":3.0},{"not_picked":["Fire Breathing","Ghostly Armor"],"picked":"Shrug It Off","floor":4.0},{"not_picked":["Entrench","Anger","Thunderclap"],"picked":"SKIP","floor":7.0},{"not_picked":["Anger","Clothesline","Entrench"],"picked":"SKIP","floor":8.0},{"not_picked":["Armaments","Carnage"],"picked":"Blood for Blood","floor":10.0},{"not_picked":["Perfected Strike","Clothesline","Brutality"],"picked":"SKIP","floor":12.0},{"not_picked":["Pummel","Feel No Pain"],"picked":"Pommel Strike","floor":14.0},{"not_picked":["Exhume","Impervious"],"picked":"Demon Form","floor":16.0},{"not_picked":["Anger+1","Thunderclap"],"picked":"Shrug It Off+1","floor":18.0},{"not_picked":["Clash","Headbutt","Perfected Strike"],"picked":"SKIP","floor":21.0},{"not_picked":["Body Slam","Whirlwind"],"picked":"Reaper","floor":22.0},{"not_picked":["Body Slam+1","Sword Boomerang"],"picked":"Shrug It Off+1","floor":24.0},{"not_picked":["Inflame","Anger+1","Clash"],"picked":"SKIP","floor":25.0},{"not_picked":["Headbutt","Carnage","Wild Strike"],"picked":"SKIP","floor":25.0},{"not_picked":["Havoc+1","Warcry","Juggernaut"],"picked":"SKIP","floor":28.0},{"not_picked":["Sword Boomerang","Clothesline","Cleave"],"picked":"SKIP","floor":28.0},{"not_picked":["Combust","Sever Soul"],"picked":"Intimidate","floor":29.0},{"not_picked":["Havoc","Clothesline","Infernal Blade"],"picked":"SKIP","floor":29.0},{"not_picked":["Twin Strike","Searing Blow","Body Slam"],"picked":"SKIP","floor":31.0},{"not_picked":["Armaments","Sword Boomerang","Anger"],"picked":"SKIP","floor":31.0},{"not_picked":["Brutality","Juggernaut"],"picked":"Berserk","floor":33.0},{"not_picked":["Havoc","Flex","Rupture"],"picked":"SKIP","floor":35.0},{"not_picked":["Perfected Strike","Fire Breathing","Uppercut"],"picked":"SKIP","floor":35.0},{"not_picked":["Perfected Strike","Evolve"],"picked":"Heavy Blade","floor":36.0},{"not_picked":["Havoc+1","Headbutt","Burning Pact+1"],"picked":"SKIP","floor":36.0},{"not_picked":["Havoc+1","Headbutt","Burning Pact+1"],"picked":"SKIP","floor":36.0},{"not_picked":["Iron Wave","Headbutt+1"],"picked":"Sword Boomerang+1","floor":37.0},{"not_picked":["Clothesline","True Grit","Warcry"],"picked":"SKIP","floor":37.0},{"not_picked":["Sentinel","Thunderclap+1","Battle Trance"],"picked":"SKIP","floor":40.0},{"not_picked":["Juggernaut","Dark Embrace","Shrug It Off"],"picked":"SKIP","floor":41.0},{"not_picked":["Pommel Strike","Sever Soul","Flex+1"],"picked":"SKIP","floor":41.0}],"player_experience":2264247,"relics_obtained":[{"floor":9.0,"key":"HornCleat"},{"floor":11.0,"key":"Anchor"},{"floor":24.0,"key":"Prayer Wheel"},{"floor":26.0,"key":"TungstenRod"},{"floor":40.0,"key":"MealTicket"}],"event_choices":[{"damage_healed":0.0,"max_hp_gain":5.0,"max_hp_loss":0.0,"gold_gain":0.0,"event_name":"Big Fish","player_choice":"Donut","floor":5.0,"gold_loss":0.0,"damage_taken":0.0},{"damage_healed":0.0,"max_hp_gain":0.0,"max_hp_loss":0.0,"gold_gain":0.0,"event_name":"Knowing Skull","player_choice":"","floor":20.0,"potions_obtained":[],"gold_loss":0.0,"damage_taken":6.0,"cards_obtained":[]},{"cards_removed":["Strike_R"],"damage_healed":0.0,"max_hp_gain":0.0,"max_hp_loss":0.0,"gold_gain":0.0,"event_name":"Back to Basics","player_choice":"Elegance","floor":27.0,"gold_loss":0.0,"damage_taken":0.0},{"cards_removed":["Second Wind"],"damage_healed":8.0,"max_hp_gain":0.0,"max_hp_loss":0.0,"gold_gain":0.0,"event_name":"Bonfire Elementals","player_choice":"Offered Uncommon","floor":39.0,"gold_loss":0.0,"damage_taken":0.0}],"is_beta":false,"boss_relics":[{"not_picked":["Busted Crown","Astrolabe"],"picked":"Sozu"},{"not_picked":["Runic Cube","Coffee Dripper"],"picked":"Pandora\u0027s Box"}],"items_purged_floors":[19,38],"is_endless":false,"potions_floor_spawned":[1,2,4,10,21,22,31,33,36,40],"killed_by":"4 Shapes","ascension_level":20}}