{"host":"8dhn6p16jorj0i1s","time":1608067869,"event":{"mods":["BaseMod","Colored Map","DeckTracker","Minty Spire (QoL Compilation)","Permanent Neow","Quick Restart"],"gold_per_floor":[109,59,75,0,15,15,28,60,60,60,84,84,118,136,136,231,231,247,247,49,64,82,82,115,147,147,181,196,209,242,38,38,141,141,154,429,449,462,473,502,502,518,518,518,529,751,782,15,15,15,15,15,15,41,41],"floor_reached":56,"playtime":4324,"items_purged":["Strike_R","Strike_R","Defend_R","Regret"],"score":1427,"play_id":"de9dcc1a-2ac4-446c-bf80-b0c96759346a","local_time":"20201215223109","is_ascension_mode":true,"campfire_choices":[{"data":"Body Slam","floor":6.0,"key":"SMITH"},{"data":"Body Slam","floor":10.0,"key":"SMITH"},{"data":"Flame Barrier","floor":15.0,"key":"SMITH"},{"data":"Body Slam","floor":23.0,"key":"SMITH"},{"data":"Exhume","floor":32.0,"key":"SMITH"},{"data":"Impervious","floor":41.0,"key":"SMITH"},{"data":"Battle Trance","floor":44.0,"key":"SMITH"},{"floor":49,"key":"RECALL"},{"data":"Metallicize","floor":52,"key":"SMITH"}],"circlet_count":0,"master_deck":["Defend_R","Defend_R","Defend_R","Bash+1","Body Slam+1","Flame Barrier+1","Body Slam+1","Impervious+1","Body Slam+1","Impatience","Flame Barrier","Exhume+1","Metallicize+1","Battle Trance+1","CurseOfTheBell","Armaments+1","Shockwave+1","Entrench+1"],"relics":["Burning Blood","MealTicket","Kunai","Odd Mushroom","Lizard Tail","Sozu","Torii","Red Mask","Darkstone Periapt","Whetstone","Calling Bell","Toy Ornithopter","Blue Candle","Pocketwatch","Sundial","The Courier","Letter Opener","Bottled Flame","Molten Egg 2","Calipers","Boot"],"acts_visited":["Exordium","TheCity","TheBeyond","TheEnding"],"potions_floor_usage":[],"damage_taken":[{"damage":9.0,"enemies":"Jaw Worm","floor":1.0,"turns":3.0},{"damage":7.0,"enemies":"Small Slimes","floor":3.0,"turns":4.0},{"damage":6.0,"enemies":"Cultist","floor":5.0,"turns":3.0},{"damage":1.0,"enemies":"Looter","floor":7.0,"turns":3.0},{"damage":25.0,"enemies":"Lagavulin","floor":8.0,"turns":6.0},{"damage":9.0,"enemies":"The Mushroom Lair","floor":11.0,"turns":5.0},{"damage":8.0,"enemies":"Gremlin Nob","floor":13.0,"turns":3.0},{"damage":0.0,"enemies":"Exordium Wildlife","floor":14.0,"turns":4.0},{"damage":16.0,"enemies":"Hexaghost","floor":16.0,"turns":10.0},{"damage":5.0,"enemies":"Shell Parasite","floor":18.0,"turns":4.0},{"damage":0.0,"enemies":"2 Thieves","floor":21.0,"turns":2.0},{"damage":0.0,"enemies":"Centurion and Healer","floor":22.0,"turns":3.0},{"damage":12.0,"enemies":"Book of Stabbing","floor":24.0,"turns":4.0},{"damage":8.0,"enemies":"Masked Bandits","floor":25.0,"turns":4.0},{"damage":0.0,"enemies":"Gremlin Leader","floor":27.0,"turns":4.0},{"damage":1.0,"enemies":"Cultist and Chosen","floor":28.0,"turns":4.0},{"damage":24.0,"enemies":"Sentry and Sphere","floor":29.0,"turns":7.0},{"damage":8.0,"enemies":"Book of Stabbing","floor":30.0,"turns":4.0},{"damage":28.0,"enemies":"Collector","floor":33.0,"turns":6.0},{"damage":0.0,"enemies":"Orb Walker","floor":35.0,"turns":3.0},{"damage":4.0,"enemies":"3 Shapes","floor":37.0,"turns":4.0},{"damage":2.0,"enemies":"3 Darklings","floor":38.0,"turns":4.0},{"damage":2.0,"enemies":"Writhing Mass","floor":39.0,"turns":4.0},{"damage":12.0,"enemies":"Nemesis","floor":40.0,"turns":5.0},{"damage":2.0,"enemies":"4 Shapes","floor":42.0,"turns":3.0},{"damage":11.0,"enemies":"3 Darklings","floor":45.0,"turns":4.0},{"damage":20,"enemies":"Reptomancer","floor":47,"turns":4},{"damage":29,"enemies":"Awakened One","floor":50,"turns":4},{"damage":3,"enemies":"Shield and Spear","floor":54,"turns":5},{"damage":89,"enemies":"The Heart","floor":55,"turns":12}],"seed_played":"-645598560130292847","potions_obtained":[{"floor":3.0,"key":"BlessingOfTheForge"},{"floor":5.0,"key":"ColorlessPotion"},{"floor":7.0,"key":"EssenceOfSteel"},{"floor":8.0,"key":"BlessingOfTheForge"}],"is_trial":false,"path_per_floor":["M","?","M","$","M","R","M","E","T","R","?","$","E","M","R","B",null,"M","?","$","M","M","R","E","?","T","E","M","M","E","$","R","B",null,"M","?","M","M","M","E","R","M","T","R","M","?","E","$","R","B",null,"R","$","E","B",null],"character_chosen":"IRONCLAD","items_purchased":["Impatience","Battle Trance","Bottled Flame","Molten Egg 2","Calipers"],"campfire_rested":0,"item_purchase_floors":[20,31,48,48,48],"current_hp_per_floor":[69,69,68,68,68,68,72,53,53,53,50,65,63,69,69,59,72,72,72,72,72,72,72,66,64,64,70,72,54,52,67,67,45,78,78,84,84,84,84,78,78,82,82,82,77,77,63,78,78,55,84,84,84,84,46],"gold":41,"neow_bonus":"REMOVE_TWO","is_daily":false,"chose_seed":false,"campfire_upgraded":8,"win_rate":0.0,"timestamp":1608067869,"path_taken":["M","?","M","$","M","R","M","E","T","R","?","?","E","M","R","BOSS","M","?","$","M","M","R","E","?","T","E","M","M","E","$","R","BOSS","M","?","M","M","?","E","R","M","T","R","M","?","E","$","R","BOSS","R","$","E","BOSS"],"items_purchased_type":["Card","Card","Relic","Relic","Relic"],"build_version":"2020-12-13","purchased_purges":4,"victory":true,"max_hp_per_floor":[72,72,72,72,72,72,72,72,72,72,72,72,72,72,72,72,72,72,72,72,72,72,72,72,72,72,72,72,72,72,72,72,72,78,78,84,84,84,84,84,84,84,84,84,84,84,84,84,84,84,84,84,84,84,84],"card_choices":[{"not_picked":["Intimidate","Heavy Blade"],"picked":"Body Slam","floor":1.0},{"not_picked":["Iron Wave","Flex"],"picked":"Flame Barrier","floor":3.0},{"not_picked":["Wild Strike","True Grit"],"picked":"Body Slam","floor":5.0},{"not_picked":["Sword Boomerang","Shrug It Off","True Grit"],"picked":"SKIP","floor":7.0},{"not_picked":["Perfected Strike","Berserk","Infernal Blade"],"picked":"SKIP","floor":8.0},{"not_picked":["Perfected Strike","Clash","Cleave"],"picked":"SKIP","floor":13.0},{"not_picked":["Flex","Intimidate","Power Through"],"picked":"SKIP","floor":14.0},{"not_picked":["Brutality","Bludgeon"],"picked":"Impervious","floor":16.0},{"not_picked":["Blood for Blood+1","Clothesline","Shrug It Off"],"picked":"SKIP","floor":18.0},{"not_picked":["Heavy Blade","Dark Embrace","Wild Strike"],"picked":"SKIP","floor":21.0},{"not_picked":["Heavy Blade","Havoc"],"picked":"Flame Barrier","floor":22.0},{"not_picked":["Twin Strike","Flex","Seeing Red"],"picked":"SKIP","floor":24.0},{"not_picked":["Perfected Strike","Uppercut"],"picked":"Exhume","floor":27.0},{"not_picked":["Shrug It Off+1","Armaments+1"],"picked":"Metallicize","floor":28.0},{"not_picked":["Armaments+1","Sever Soul","Rupture"],"picked":"SKIP","floor":29.0},{"not_picked":["Sword Boomerang","Disarm","Pommel Strike"],"picked":"SKIP","floor":30.0},{"not_picked":["Evolve","Thunderclap+1","Anger+1"],"picked":"SKIP","floor":35.0},{"not_picked":["Sword Boomerang","Rupture","Clothesline"],"picked":"SKIP","floor":37.0},{"not_picked":["Pommel Strike+1","Anger+1","Sword Boomerang"],"picked":"SKIP","floor":38.0},{"not_picked":["Sword Boomerang","Pommel Strike"],"picked":"Armaments+1","floor":39.0},{"not_picked":["Warcry","Thunderclap","Seeing Red"],"picked":"SKIP","floor":40.0},{"not_picked":["Reaper","Spot Weakness+1"],"picked":"Shockwave+1","floor":42.0},{"not_picked":["Uppercut","Pummel+1","Flex"],"picked":"SKIP","floor":45.0},{"not_picked":["Shrug It Off+1","Clash+1"],"picked":"Entrench+1","floor":47},{"not_picked":["Armaments+1","Corruption","Bludgeon+1"],"picked":"SKIP","floor":54}],"player_experience":287488,"relics_obtained":[{"floor":8.0,"key":"MealTicket"},{"floor":9.0,"key":"Kunai"},{"floor":11.0,"key":"Odd Mushroom"},{"floor":13.0,"key":"Lizard Tail"},{"floor":24.0,"key":"Torii"},{"floor":25.0,"key":"Red Mask"},{"floor":27.0,"key":"Darkstone Periapt"},{"floor":30.0,"key":"Whetstone"},{"floor":34.0,"key":"Toy Ornithopter"},{"floor":34.0,"key":"Blue Candle"},{"floor":34.0,"key":"Pocketwatch"},{"floor":40.0,"key":"Sundial"},{"floor":43.0,"key":"The Courier"},{"floor":47,"key":"Letter Opener"},{"floor":54,"key":"Boot"}],"event_choices":[{"cards_removed":["Strike_R"],"damage_healed":0.0,"max_hp_gain":0.0,"max_hp_loss":0.0,"gold_gain":0.0,"event_name":"The Cleric","player_choice":"Card Removal","floor":2.0,"gold_loss":50.0,"damage_taken":0.0},{"damage_healed":0.0,"max_hp_gain":0.0,"max_hp_loss":0.0,"gold_gain":0.0,"event_name":"Mushrooms","player_choice":"Fought Mushrooms","floor":11.0,"gold_loss":0.0,"damage_taken":0.0},{"damage_healed":0.0,"max_hp_gain":0.0,"max_hp_loss":0.0,"gold_gain":0.0,"event_name":"The Library","player_choice":"Read","floor":19.0,"gold_loss":0.0,"damage_taken":0.0,"cards_obtained":["Body Slam"]},{"damage_healed":0.0,"max_hp_gain":0.0,"max_hp_loss":0.0,"gold_gain":0.0,"event_name":"Masked Bandits","player_choice":"Fought Bandits","floor":25.0,"gold_loss":0.0,"damage_taken":0.0},{"damage_healed":0.0,"max_hp_gain":0.0,"max_hp_loss":0.0,"gold_gain":275.0,"event_name":"Golden Shrine","player_choice":"Desecrate","floor":36.0,"gold_loss":0.0,"damage_taken":0.0,"cards_obtained":["Regret"]},{"damage_healed":0.0,"max_hp_gain":0.0,"max_hp_loss":0.0,"gold_gain":222.0,"event_name":"Tomb of Lord Red Mask","player_choice":"Wore Mask","floor":46.0,"gold_loss":0.0,"damage_taken":0.0}],"is_beta":false,"boss_relics":[{"not_picked":["Black Star","Velvet Choker"],"picked":"Sozu"},{"not_picked":["Pandora\u0027s Box","SacredBark"],"picked":"Calling Bell"}],"items_purged_floors":[4,20,31,48],"is_endless":false,"potions_floor_spawned":[3,5,7,8,18,25,28,30,33,39,40,42],"ascension_level":3}}