{"host":"aeidq2c3auzxo1yh","time":1608000549,"event":{"mods":["AchievementEnabler","BaseMod","Colored Map","Colored Powertips","Downfall","Minty Spire (QoL Compilation)","Relic Stats","StSLib"],"gold_per_floor":[99,117,147,166,180,180,226,241,260,260,274,21,35,135,155,252,252,252,252,252,283,283,283,308,320,320,348,365,365,380,396,411,411,411],"floor_reached":33,"playtime":3447,"items_purged":["champ:Strike"],"score":316,"play_id":"5562a7b2-d3e2-4c72-b2be-7379380f9638","local_time":"20201215074909","is_ascension_mode":false,"campfire_choices":[{"data":"champ:Taunt","floor":1,"key":"SMITH"},{"data":"champ:PreciseThrust","floor":6,"key":"SMITH"},{"floor":10,"key":"REST"},{"data":"champ:IgnorePain","floor":18,"key":"SMITH"},{"data":"champ:DefensiveStyle","floor":20,"key":"SMITH"},{"data":"expansioncontent:DonusPower","floor":23,"key":"SMITH"},{"data":"champ:Haymaker","floor":26,"key":"SMITH"}],"circlet_count":0,"master_deck":["champ:Strike","champ:Strike","champ:Strike","champ:Defend","champ:Defend","champ:Defend","champ:Defend","champ:Execute","champ:Taunt+1","champ:ViciousMockery","champ:PreciseThrust+1","champ:FocusedDefense","champ:FlashCut","champ:RisingSlash","champ:DefensiveStyle+1","champ:BringItOn","expansioncontent:DonusPower+1","champ:Haymaker+1","champ:Riposte","champ:GladiatorsShout","champ:IgnorePain+1","expansioncontent:TimeRipple","champ:CrookedStrike","champ:Lariat","champ:EnGarde+1","Pain","champ:BringItOn+1"],"relics":["champ:ChampionCrown","Vajra","Centennial Puzzle","Membership Card","White Beast Statue","champ:ChampionCrownUpgraded","StrikeDummy","Oddly Smooth Stone","Bottled Tornado","WarpedTongs"],"acts_visited":["Exordium","TheCity"],"potions_floor_usage":[3,13,14,16,16,16,16,16,21,27,27,33,33,33],"damage_taken":[{"damage":11,"enemies":"Cultist","floor":2,"turns":4},{"damage":63,"enemies":"3 Sentries","floor":3,"turns":11},{"damage":4,"enemies":"Jaw Worm","floor":4,"turns":6},{"damage":5,"enemies":"Small Slimes","floor":5,"turns":2},{"damage":5,"enemies":"3 Louse","floor":8,"turns":5},{"damage":0,"enemies":"Large Slime","floor":9,"turns":5},{"damage":9,"enemies":"Red Slaver","floor":11,"turns":3},{"damage":15,"enemies":"downfall:FleeingMerchant","floor":12,"turns":4},{"damage":6,"enemies":"2 Fungi Beasts","floor":13,"turns":4},{"damage":19,"enemies":"downfall:LadyInBlue","floor":14,"turns":8},{"damage":11,"enemies":"Blue Slaver","floor":15,"turns":3},{"damage":35,"enemies":"downfall:Watcher","floor":16,"turns":8},{"damage":63,"enemies":"Slavers","floor":21,"turns":9},{"damage":3,"enemies":"Spheric Guardian","floor":25,"turns":4},{"damage":47,"enemies":"Book of Stabbing","floor":27,"turns":5},{"damage":22,"enemies":"3 Byrds","floor":28,"turns":5},{"damage":20,"enemies":"Centurion and Healer","floor":30,"turns":6},{"damage":22,"enemies":"Cultist and Chosen","floor":31,"turns":5},{"damage":16,"enemies":"Shelled Parasite and Fungi","floor":32,"turns":3},{"damage":23,"enemies":"downfall:Silent","floor":33,"turns":2}],"seed_played":"1621645179911613979","potions_obtained":[{"floor":2,"key":"Dexterity Potion"},{"floor":3,"key":"DistilledChaos"},{"floor":9,"key":"Swift Potion"},{"floor":11,"key":"Energy Potion"},{"floor":14,"key":"Fruit Juice"},{"floor":14,"key":"EntropicBrew"},{"floor":15,"key":"Strength Potion"},{"floor":16,"key":"Strength Potion"},{"floor":21,"key":"AttackPotion"},{"floor":25,"key":"Explosive Potion"},{"floor":27,"key":"DistilledChaos"},{"floor":28,"key":"FearPotion"},{"floor":30,"key":"Swift Potion"},{"floor":31,"key":"Guardian:BlockOnCardUsePotion"},{"floor":32,"key":"Weak Potion"}],"is_trial":false,"path_per_floor":["R","M","E","M","M","R","T","M","M","R","M","$","M","?","M","B",null,"R","?","R","E","?","R","T","M","R","E","M","?","M","M","M","B"],"character_chosen":"THE_CHAMP","items_purchased":["Membership Card","expansioncontent:DonusPower"],"campfire_rested":1,"item_purchase_floors":[12,12],"current_hp_per_floor":[81,80,37,33,33,33,33,33,33,65,61,56,55,51,42,24,113,113,113,113,60,60,60,60,60,60,36,22,22,20,19,12,0,0],"gold":411,"neow_bonus":"TWENTY_PERCENT_HP_BONUS","is_daily":false,"chose_seed":false,"campfire_upgraded":6,"win_rate":0.0,"timestamp":1608000549,"path_taken":["R","M","E","M","M","R","T","?","M","R","M","$","M","?","M","BOSS","R","?","R","E","?","R","T","?","R","E","M","?","?","?","M","BOSS"],"items_purchased_type":["Relic","Card"],"build_version":"2020-12-13","purchased_purges":1,"victory":false,"max_hp_per_floor":[108,108,108,108,108,108,108,108,108,108,108,108,108,113,113,113,113,113,113,113,113,113,113,113,113,113,113,113,113,113,113,113,113,113],"relic_stats":{"Centennial Puzzle":[45],"counters":[20,102],"obtain_stats":[{"Centennial Puzzle":7,"Vajra":3,"Oddly Smooth Stone":24,"champ:ChampionCrown":0,"champ:ChampionCrownUpgraded":17,"Membership Card":12,"Bottled Tornado":27,"StrikeDummy":21,"White Beast Statue":14,"WarpedTongs":29},{"Centennial Puzzle":4,"Vajra":2,"Oddly Smooth Stone":13,"champ:ChampionCrown":0,"champ:ChampionCrownUpgraded":12,"Membership Card":8,"Bottled Tornado":15,"StrikeDummy":13,"White Beast Statue":10,"WarpedTongs":16},{"Centennial Puzzle":23,"Vajra":15,"Oddly Smooth Stone":72,"champ:ChampionCrown":0,"champ:ChampionCrownUpgraded":63,"Membership Card":40,"Bottled Tornado":81,"StrikeDummy":72,"White Beast Statue":52,"WarpedTongs":86}],"WarpedTongs":[16]},"card_choices":[{"not_picked":["champ:FanOfKnives","champ:Riposte"],"picked":"champ:ViciousMockery","floor":2},{"not_picked":["champ:Shatter","champ:TornadoPunch"],"picked":"champ:PreciseThrust","floor":3},{"not_picked":["champ:FocusedBerserking","champ:BerserkersShout"],"picked":"champ:FocusedDefense","floor":4},{"not_picked":["champ:Circumvent","champ:SkillfulDodge"],"picked":"champ:FlashCut","floor":5},{"not_picked":["champ:GladiatorsShout","champ:RapidStrikes"],"picked":"champ:RisingSlash","floor":8},{"not_picked":["champ:FocusedBerserking","champ:AdrenalArmor"],"picked":"champ:DefensiveStyle","floor":9},{"not_picked":["champ:StanceDance","champ:RapidStrikes","champ:FanOfKnives"],"picked":"SKIP","floor":11},{"not_picked":["champ:ShieldSlam","champ:EnragedBash"],"picked":"champ:BringItOn","floor":12},{"not_picked":["champ:StanceDance","champ:BringItOn"],"picked":"champ:Haymaker","floor":13},{"not_picked":["champ:AdrenalArmor","champ:RecklessLeap"],"picked":"champ:Riposte","floor":14},{"not_picked":["champ:BringItOn","champ:CrookedStrike"],"picked":"champ:GladiatorsShout","floor":15},{"not_picked":["champ:PerfectForm","champ:HeavySlash"],"picked":"champ:IgnorePain","floor":16},{"not_picked":["champ:Encircle","champ:Circumvent","champ:BringItOn"],"picked":"SKIP","floor":21},{"not_picked":["champ:BerserkerStyle","champ:RapidStrikes+1"],"picked":"champ:CrookedStrike","floor":25},{"not_picked":["champ:RapidStrikes","champ:CrookedStrike"],"picked":"champ:Lariat","floor":27},{"not_picked":["champ:Shatter","champ:FlashCut"],"picked":"champ:EnGarde+1","floor":28},{"not_picked":["champ:Haymaker","champ:TornadoPunch","champ:Devastate"],"picked":"SKIP","floor":30},{"not_picked":["champ:Backstep","champ:FalseCounter","champ:BladeFlurry"],"picked":"SKIP","floor":31},{"not_picked":["champ:Circumvent","champ:BerserkersShout"],"picked":"champ:BringItOn+1","floor":32}],"player_experience":904167,"relics_obtained":[{"floor":3,"key":"Vajra"},{"floor":7,"key":"Centennial Puzzle"},{"floor":14,"key":"White Beast Statue"},{"floor":21,"key":"StrikeDummy"},{"floor":24,"key":"Oddly Smooth Stone"},{"floor":27,"key":"Bottled Tornado"}],"event_choices":[{"damage_healed":0,"gold_gain":0,"player_choice":"Ignored","damage_taken":0,"max_hp_gain":0,"max_hp_loss":0,"event_name":"Vampires","floor":19,"gold_loss":0},{"damage_healed":0,"gold_gain":0,"player_choice":"Rummage","damage_taken":0,"relics_obtained":["WarpedTongs"],"max_hp_gain":0,"max_hp_loss":0,"event_name":"Accursed Blacksmith","floor":29,"gold_loss":0,"cards_obtained":["Pain"]}],"is_beta":false,"boss_relics":[{"not_picked":["Astrolabe","SacredBark"],"picked":"champ:ChampionCrownUpgraded"}],"items_purged_floors":[12],"is_endless":false,"potions_floor_spawned":[2,3,9,11,15,16,21,25,27,28,30,31,32],"killed_by":"downfall:Silent","ascension_level":0}}