{"host":"usewcu4ohw2wtmxk","time":1608067752,"event":{"mods":["AchievementEnabler","BaseMod","BetterRewards","Colored Powertips","Minty Spire (QoL Compilation)","Permanent Neow","Quick Restart","Relic Sorter","Relic Stats","Shop Mod","StSLib"],"gold_per_floor":[109,184,81,81,92,123,123,140,140,140,151,151,184,8,8,85,85,101,26,26,43,59,86,100,100,100,100,126,126,158,191,191,265,265,275,289,308,20,20,20,49,41,78,109,121,145,157,169,181,193,193],"floor_reached":50,"playtime":1526,"items_purged":["Strike_G","Strike_G","Finisher+1"],"score":1172,"play_id":"573d6020-e4da-4c98-8f76-adb56bb54285","local_time":"20201216052912","is_ascension_mode":true,"campfire_choices":[{"floor":7.0,"key":"REST"},{"data":"Apotheosis","floor":10.0,"key":"SMITH"},{"floor":12.0,"key":"REST"},{"data":"Footwork","floor":15.0,"key":"SMITH"},{"floor":27.0,"key":"REST"},{"floor":32.0,"key":"REST"},{"floor":40.0,"key":"REST"},{"floor":47,"key":"REST"},{"floor":49,"key":"RECALL"}],"circlet_count":0,"master_deck":["AscendersBane","Defend_G","Defend_G+1","Defend_G","Defend_G+1","Survivor","Neutralize","Apotheosis+1","Blade Dance","Blade Dance","Acrobatics","Escape Plan","Footwork+1","Prepared","Accuracy+1","Caltrops","Phantasmal Killer","Concentrate"],"relics":["Ring of the Snake","Juzu Bracelet","Bag of Marbles","WristBlade","Nilry\u0027s Codex","Sundial","White Beast Statue","War Paint","Red Mask","Bottled Lightning","Empty Cage","ClockworkSouvenir","MawBank","Akabeko"],"acts_visited":["Exordium","TheCity","TheBeyond"],"potions_floor_usage":[50],"damage_taken":[{"damage":3.0,"enemies":"2 Louse","floor":1.0,"turns":4.0},{"damage":7.0,"enemies":"Small Slimes","floor":5.0,"turns":4.0},{"damage":0.0,"enemies":"Lagavulin","floor":6.0,"turns":7.0},{"damage":0.0,"enemies":"Cultist","floor":8.0,"turns":3.0},{"damage":10.0,"enemies":"3 Louse","floor":11.0,"turns":3.0},{"damage":29.0,"enemies":"Gremlin Nob","floor":13.0,"turns":4.0},{"damage":7.0,"enemies":"The Guardian","floor":16.0,"turns":13.0},{"damage":0.0,"enemies":"Chosen","floor":18.0,"turns":3.0},{"damage":6.0,"enemies":"2 Thieves","floor":21.0,"turns":5.0},{"damage":2.0,"enemies":"3 Cultists","floor":22.0,"turns":4.0},{"damage":15.0,"enemies":"Slavers","floor":23.0,"turns":3.0},{"damage":0.0,"enemies":"Sentry and Sphere","floor":24.0,"turns":4.0},{"damage":14.0,"enemies":"Book of Stabbing","floor":28.0,"turns":6.0},{"damage":0.0,"enemies":"Masked Bandits","floor":30.0,"turns":2.0},{"damage":0.0,"enemies":"Gremlin Leader","floor":31.0,"turns":2.0},{"damage":23.0,"enemies":"Automaton","floor":33.0,"turns":7.0},{"damage":0.0,"enemies":"Orb Walker","floor":35.0,"turns":1.0},{"damage":19.0,"enemies":"3 Darklings","floor":36.0,"turns":5.0},{"damage":13.0,"enemies":"4 Shapes","floor":37.0,"turns":10.0},{"damage":4.0,"enemies":"Nemesis","floor":41.0,"turns":5.0},{"damage":18.0,"enemies":"Sphere and 2 Shapes","floor":44.0,"turns":5.0},{"damage":6,"enemies":"Transient","floor":46,"turns":6},{"damage":72,"enemies":"Donu and Deca","floor":50,"turns":5}],"seed_played":"-8052133865983639976","potions_obtained":[{"floor":1.0,"key":"Fire Potion"},{"floor":8.0,"key":"DuplicationPotion"},{"floor":11.0,"key":"Swift Potion"},{"floor":28.0,"key":"SkillPotion"},{"floor":30.0,"key":"Block Potion"},{"floor":31.0,"key":"Fire Potion"},{"floor":33.0,"key":"SkillPotion"},{"floor":36.0,"key":"DistilledChaos"},{"floor":37.0,"key":"Explosive Potion"},{"floor":41.0,"key":"EntropicBrew"},{"floor":42.0,"key":"CultistPotion"},{"floor":46,"key":"LiquidMemories"}],"is_trial":false,"path_per_floor":["M","?","$","?","M","E","R","M","T","R","M","R","E","$","R","B",null,"M","?","?","M","M","E","M","?","T","R","E","?","?","E","R","B",null,"M","M","M","$","?","R","E","?","T","M","?","M","R","?","R","B"],"character_chosen":"THE_SILENT","items_purchased":["Slice","Footwork","ClockworkSouvenir"],"campfire_rested":6,"item_purchase_floors":[3,14,38],"current_hp_per_floor":[41,30,30,30,23,23,42,42,42,42,32,51,22,22,22,15,53,53,53,32,26,24,9,9,9,9,28,14,14,14,14,33,10,52,52,33,20,20,20,39,35,35,35,17,17,11,30,66,66,0,0],"gold":193,"neow_bonus":"RANDOM_COLORLESS_2","is_daily":false,"chose_seed":false,"campfire_upgraded":2,"win_rate":0.0,"timestamp":1608067752,"path_taken":["M","?","$","?","M","E","R","M","T","R","M","R","E","$","R","BOSS","M","?","?","M","M","E","M","?","T","R","E","?","?","E","R","BOSS","M","M","M","$","?","R","E","?","T","M","?","M","R","?","R","BOSS"],"items_purchased_type":["Card","Card","Relic"],"build_version":"2020-12-13","purchased_purges":3,"victory":false,"max_hp_per_floor":[66,66,66,66,66,66,66,66,66,66,66,66,66,66,66,66,66,66,66,66,66,66,66,66,66,66,66,66,66,66,66,66,66,66,66,66,66,66,66,66,66,66,66,66,66,66,66,66,66,66,66],"relic_stats":{"counters":[23,111],"Sundial":[12],"Juzu Bracelet":2,"War Paint":["Defend_G","Defend_G"],"MawBank":108,"obtain_stats":[{"Nilry\u0027s Codex":20,"Juzu Bracelet":6,"War Paint":28,"Empty Cage":34,"MawBank":41,"White Beast Statue":26,"Akabeko":43,"ClockworkSouvenir":38,"WristBlade":17,"Sundial":23,"Bag of Marbles":13,"Red Mask":30,"Bottled Lightning":31,"Ring of the Snake":0},{"Nilry\u0027s Codex":8,"Juzu Bracelet":3,"War Paint":13,"Empty Cage":16,"MawBank":20,"White Beast Statue":12,"Akabeko":20,"ClockworkSouvenir":19,"WristBlade":7,"Sundial":11,"Bag of Marbles":6,"Red Mask":14,"Bottled Lightning":15,"Ring of the Snake":0},{"Nilry\u0027s Codex":41,"Juzu Bracelet":15,"War Paint":63,"Empty Cage":74,"MawBank":95,"White Beast Statue":57,"Akabeko":95,"ClockworkSouvenir":90,"WristBlade":38,"Sundial":53,"Bag of Marbles":25,"Red Mask":65,"Bottled Lightning":67,"Ring of the Snake":0}],"Ring of the Snake":[46]},"card_choices":[{"not_picked":["Mayhem","Master of Strategy"],"picked":"Apotheosis","floor":0.0},{"not_picked":["Sucker Punch","Backflip"],"picked":"Dagger Spray","floor":1.0},{"not_picked":["Outmaneuver","Flechettes"],"picked":"Blade Dance","floor":5.0},{"not_picked":["Dagger Spray","Caltrops"],"picked":"Blade Dance","floor":6.0},{"not_picked":["Caltrops","PiercingWail","Flying Knee"],"picked":"SKIP","floor":8.0},{"not_picked":["Finisher","Sucker Punch"],"picked":"Acrobatics","floor":11.0},{"not_picked":["Distraction","Prepared"],"picked":"Escape Plan","floor":13.0},{"not_picked":["Dagger Throw","PiercingWail"],"picked":"Finisher+1","floor":18.0},{"not_picked":["Bouncing Flask","Deadly Poison","Prepared"],"picked":"SKIP","floor":21.0},{"not_picked":["Bouncing Flask","Deadly Poison"],"picked":"Prepared","floor":21.0},{"not_picked":["Slice","Catalyst","Quick Slash+1"],"picked":"SKIP","floor":22.0},{"not_picked":["All Out Attack","PiercingWail"],"picked":"Accuracy+1","floor":23.0},{"not_picked":["Quick Slash+1","Bouncing Flask","Well Laid Plans+1"],"picked":"SKIP","floor":24.0},{"not_picked":["Slice","Dagger Spray+1","Underhanded Strike"],"picked":"SKIP","floor":28.0},{"not_picked":["Deflect","Prepared"],"picked":"Phantasmal Killer","floor":30.0},{"not_picked":["Cloak And Dagger","Deadly Poison","Poisoned Stab"],"picked":"SKIP","floor":31.0},{"not_picked":["Blade Dance","Accuracy","Distraction"],"picked":"SKIP","floor":35.0},{"not_picked":["PiercingWail","Cloak And Dagger","Dodge and Roll"],"picked":"SKIP","floor":36.0},{"not_picked":["All Out Attack","Eviscerate","Underhanded Strike+1"],"picked":"SKIP","floor":37.0},{"not_picked":["A Thousand Cuts","Distraction","Choke+1"],"picked":"SKIP","floor":41.0},{"not_picked":["Acrobatics","Dodge and Roll+1"],"picked":"Concentrate","floor":44.0},{"not_picked":["Outmaneuver","Backstab","PiercingWail"],"picked":"SKIP","floor":46}],"player_experience":268329,"relics_obtained":[{"floor":6.0,"key":"Juzu Bracelet"},{"floor":13.0,"key":"Bag of Marbles"},{"floor":20.0,"key":"Nilry\u0027s Codex"},{"floor":23.0,"key":"Sundial"},{"floor":26.0,"key":"White Beast Statue"},{"floor":28.0,"key":"War Paint"},{"floor":30.0,"key":"Red Mask"},{"floor":31.0,"key":"Bottled Lightning"},{"floor":41.0,"key":"MawBank"},{"floor":43.0,"key":"Akabeko"}],"event_choices":[{"damage_healed":0.0,"max_hp_gain":0.0,"max_hp_loss":0.0,"gold_gain":75.0,"event_name":"World of Goop","player_choice":"Gather Gold","floor":2.0,"gold_loss":0.0,"damage_taken":11.0},{"damage_healed":0.0,"max_hp_gain":0.0,"max_hp_loss":0.0,"gold_gain":0.0,"event_name":"Liars Game","player_choice":"Ignored","floor":4.0,"gold_loss":0.0,"damage_taken":0.0},{"cards_removed":["Strike_G"],"damage_healed":0.0,"max_hp_gain":0.0,"max_hp_loss":0.0,"gold_gain":0.0,"event_name":"Beggar","player_choice":"Gave Gold","floor":19.0,"gold_loss":75.0,"damage_taken":0.0},{"damage_healed":0.0,"max_hp_gain":0.0,"max_hp_loss":0.0,"gold_gain":0.0,"event_name":"Cursed Tome","player_choice":"Obtained Book","floor":20.0,"gold_loss":0.0,"damage_taken":21.0},{"cards_removed":["Strike_G"],"damage_healed":0.0,"max_hp_gain":0.0,"max_hp_loss":0.0,"gold_gain":0.0,"event_name":"Back to Basics","player_choice":"Elegance","floor":25.0,"gold_loss":0.0,"damage_taken":0.0},{"damage_healed":0.0,"max_hp_gain":0.0,"max_hp_loss":0.0,"gold_gain":0.0,"cards_transformed":["Dagger Spray"],"event_name":"Transmorgrifier","player_choice":"Transformed","floor":29.0,"gold_loss":0.0,"damage_taken":0.0,"cards_obtained":["Caltrops"]},{"damage_healed":0.0,"max_hp_gain":0.0,"max_hp_loss":0.0,"gold_gain":0.0,"event_name":"Masked Bandits","player_choice":"Fought Bandits","floor":30.0,"gold_loss":0.0,"damage_taken":0.0},{"cards_removed":["Slice"],"damage_healed":0.0,"max_hp_gain":0.0,"max_hp_loss":0.0,"gold_gain":0.0,"event_name":"Falling","player_choice":"Removed Attack","floor":39.0,"gold_loss":0.0,"damage_taken":0.0},{"damage_healed":0.0,"max_hp_gain":0.0,"max_hp_loss":0.0,"gold_gain":0.0,"event_name":"The Woman in Blue","player_choice":"Bought 1 Potion","floor":42.0,"gold_loss":0.0,"damage_taken":0.0},{"damage_healed":0,"gold_gain":0,"player_choice":"Ignored","damage_taken":0,"max_hp_gain":0,"max_hp_loss":0,"event_name":"Mysterious Sphere","floor":45,"gold_loss":0},{"damage_healed":36,"gold_gain":0,"player_choice":"Full Heal","damage_taken":0,"max_hp_gain":0,"max_hp_loss":0,"event_name":"Wheel of Change","floor":48,"gold_loss":0}],"is_beta":false,"boss_relics":[{"not_picked":["SacredBark","Philosopher\u0027s Stone"],"picked":"WristBlade"},{"not_picked":["Astrolabe","Pandora\u0027s Box"],"picked":"Empty Cage"}],"items_purged_floors":[3,14,38],"is_endless":false,"potions_floor_spawned":[1,8,11,13,18,21,22,28,30,31,33,35,36,37,41,44,46],"killed_by":"Donu and Deca","ascension_level":20}}