{"host":"jak4ncvfzor9mys0","time":1608016888,"event":{"mods":["2.2 Compatiblity","AchievementEnabler","BaseMod","Better Altar","Better Match","Better Note","Better Sensory Stone","Better Skull","Better Third Choice","BetterRewards","Block Reminder","Colored Map","Colored Powertips","Energized Spire","Gold Saver","Hubris","Infinite Spire","Key Reminder","Minty Spire (QoL Compilation)","Rare Cards Sparkle","Red Circlet Mod","Relic Sorter","Relic Stats","Replay The Spire","Retaliation","StSLib","SuperFastMode","The Blue Laboratory"],"gold_per_floor":[317,317,64,64,80,110,130,142,142,142,154,170,183,183,183,183,183],"floor_reached":16,"playtime":559,"items_purged":[],"score":104,"play_id":"a8908aeb-d4ca-405a-9eac-9add367220bb","local_time":"20201214232128","is_ascension_mode":false,"campfire_choices":[{"data":"Body Slam","floor":15,"key":"SMITH"}],"circlet_count":0,"master_deck":["Strike_R","Strike_R","Strike_R","Strike_R","Strike_R","Defend_R","Defend_R","Defend_R","Defend_R","Bash+1","Shrug It Off","Body Slam","Good Instincts","DDmod:SpikedSkill","Body Slam+1","ReplayTheSpireMod:Stacked","DDmod:SpikeMailSkill"],"relics":["Burning Blood","Tiny Chest","PreservedInsect","The Courier","Art of War","Garlic"],"acts_visited":["Exordium"],"potions_floor_usage":[6],"damage_taken":[{"damage":1,"enemies":"Cultist","floor":1,"turns":3},{"damage":12,"enemies":"Small Slimes","floor":5,"turns":4},{"damage":22,"enemies":"Lagavulin","floor":6,"turns":6},{"damage":2,"enemies":"2 Louse","floor":7,"turns":4},{"damage":12,"enemies":"Gremlin Gang","floor":8,"turns":8},{"damage":5,"enemies":"Red Slaver","floor":11,"turns":4},{"damage":2,"enemies":"2 Fungi Beasts","floor":12,"turns":5},{"damage":13,"enemies":"Large Slime","floor":13,"turns":9},{"damage":58,"enemies":"Slime Boss","floor":16,"turns":10}],"seed_played":"5045819309877154366","potions_obtained":[{"floor":5,"key":"Swift Potion"},{"floor":12,"key":"ElixirPotion"},{"floor":13,"key":"blueLaboratory:Moonshine"}],"is_trial":false,"path_per_floor":["M","?","$","?","M","E","M","M","T","T","M","M","M","?","R","B"],"character_chosen":"IRONCLAD","items_purchased":["Shrug It Off","Body Slam","PreservedInsect"],"campfire_rested":0,"item_purchase_floors":[3,3,3],"current_hp_per_floor":[80,80,80,80,74,58,62,56,56,56,57,61,54,54,54,0,0],"gold":183,"neow_bonus":"RANDOM_COMMON_RELIC","is_daily":false,"chose_seed":false,"campfire_upgraded":1,"win_rate":0.0,"timestamp":1608016888,"path_taken":["M","?","$","?","M","E","M","?","T","?","M","M","M","?","R","BOSS"],"items_purchased_type":["Card","Card","Relic"],"build_version":"2020-12-13","purchased_purges":0,"victory":false,"max_hp_per_floor":[80,80,80,80,80,80,80,80,80,80,80,80,80,80,80,80,80],"relic_stats":{"counters":[9,53],"Tiny Chest":1,"PreservedInsect":28,"Art of War":[3],"obtain_stats":[{"Tiny Chest":0,"PreservedInsect":3,"The Courier":6,"Art of War":9,"Garlic":10,"Burning Blood":0},{"Tiny Chest":0,"PreservedInsect":1,"The Courier":3,"Art of War":5,"Garlic":5,"Burning Blood":0},{"Tiny Chest":0,"PreservedInsect":3,"The Courier":13,"Art of War":25,"Garlic":25,"Burning Blood":0}],"Burning Blood":43},"card_choices":[{"not_picked":["Armaments","Burning Pact","ReplayTheSpireMod:Strike From Hell"],"picked":"SKIP","floor":1},{"not_picked":["ReplayUltimateDefense","Transmutation"],"picked":"Good Instincts","floor":4},{"not_picked":["True Grit","Hemokinesis","Pommel Strike"],"picked":"SKIP","floor":5},{"not_picked":["Run Through","Replay:Undeath\u0027s Touch"],"picked":"DDmod:SpikedSkill","floor":6},{"not_picked":["Limit Break","Twin Strike","DDmod:CallousedSkill"],"picked":"SKIP","floor":7},{"not_picked":["DDmod:PokeAttack","Dual Wield"],"picked":"Body Slam","floor":8},{"not_picked":["DDmod:PlatedThornsSkill","Anger","Havoc"],"picked":"SKIP","floor":11},{"not_picked":["Headbutt","Thunderclap"],"picked":"ReplayTheSpireMod:Stacked","floor":12},{"not_picked":["Headbutt","Rage"],"picked":"DDmod:SpikeMailSkill","floor":13}],"player_experience":2603855,"relics_obtained":[{"floor":6,"key":"The Courier"},{"floor":9,"key":"Art of War"},{"floor":10,"key":"Garlic"}],"event_choices":[{"damage_healed":0,"gold_gain":1,"player_choice":"1","damage_taken":0,"max_hp_gain":0,"max_hp_loss":0,"event_name":"betterStone:BetterStone","floor":4,"gold_loss":0}],"is_beta":false,"boss_relics":[],"items_purged_floors":[],"is_endless":false,"potions_floor_spawned":[5,12,13],"killed_by":"Slime Boss","ascension_level":0}}