{"host":"jak4ncvfzor9mys0","time":1608071261,"event":{"mods":["2.2 Compatiblity","AchievementEnabler","BaseMod","Better Altar","Better Match","Better Note","Better Sensory Stone","Better Skull","Better Third Choice","BetterRewards","Block Reminder","Colored Map","Colored Powertips","Energized Spire","Gold Saver","Hubris","Infinite Spire","Key Reminder","Minty Spire (QoL Compilation)","Rare Cards Sparkle","Red Circlet Mod","Relic Sorter","Relic Stats","Replay The Spire","Retaliation","StSLib","SuperFastMode","The Blue Laboratory"],"gold_per_floor":[270,283,303,317,317,317,317,85,85,120,166,166,166,212,212,242,242],"floor_reached":16,"playtime":336,"items_purged":["Defend_R"],"score":92,"play_id":"0e91c088-bb03-4573-81bf-e1296c0991e2","local_time":"20201215142741","is_ascension_mode":false,"campfire_choices":[{"floor":6,"key":"REST"},{"data":"Iron Wave","floor":12,"key":"SMITH"},{"floor":15,"key":"REST"}],"circlet_count":0,"master_deck":["Strike_R","Strike_R","Strike_R","Strike_R","Strike_R","Defend_R","Defend_R","Defend_R","Bash","Iron Wave+1","Shrug It Off","infinitespire:Fortify"],"relics":["Burning Blood","hubris:Icosahedron","hubris:64BitClover","NeowsBlessing","Replay:Bandana","Darkstone Periapt"],"acts_visited":["Exordium"],"potions_floor_usage":[16,16],"damage_taken":[{"damage":0,"enemies":"2 Louse","floor":1,"turns":1},{"damage":0,"enemies":"Jaw Worm","floor":2,"turns":1},{"damage":0,"enemies":"Small Slimes","floor":4,"turns":1},{"damage":0,"enemies":"Looter","floor":10,"turns":4},{"damage":22,"enemies":"Exordium Thugs","floor":11,"turns":6},{"damage":13,"enemies":"3 Louse","floor":14,"turns":5},{"damage":81,"enemies":"Slime Boss","floor":16,"turns":16}],"seed_played":"7801271318807867779","potions_obtained":[{"floor":2,"key":"SpeedPotion"},{"floor":11,"key":"Dexterity Potion"}],"is_trial":false,"path_per_floor":["M","M","?","M","?","R","?","$","T","M","M","R","?","M","R","B"],"character_chosen":"IRONCLAD","items_purchased":["Replay:Bandana"],"campfire_rested":2,"item_purchase_floors":[8],"current_hp_per_floor":[80,80,48,54,35,59,59,59,59,65,49,49,49,42,66,0,0],"gold":242,"neow_bonus":"THREE_ENEMY_KILL","is_daily":false,"chose_seed":false,"campfire_upgraded":1,"win_rate":0.0,"timestamp":1608071261,"path_taken":["M","M","?","M","?","R","?","$","T","M","?","R","?","M","R","BOSS"],"items_purchased_type":["Relic"],"build_version":"2020-12-13","purchased_purges":1,"victory":false,"max_hp_per_floor":[80,80,80,80,80,80,80,80,80,80,80,80,80,80,80,80,80],"relic_stats":{"Darkstone Periapt":0,"counters":[7,34],"obtain_stats":[{"Darkstone Periapt":9,"Replay:Bandana":8,"hubris:Icosahedron":7,"NeowsBlessing":0,"hubris:64BitClover":3,"Burning Blood":0},{"Darkstone Periapt":3,"Replay:Bandana":3,"hubris:Icosahedron":3,"NeowsBlessing":0,"hubris:64BitClover":2,"Burning Blood":0},{"Darkstone Periapt":3,"Replay:Bandana":3,"hubris:Icosahedron":3,"NeowsBlessing":0,"hubris:64BitClover":2,"Burning Blood":0}],"Burning Blood":24},"card_choices":[{"not_picked":["Infernal Blade","Feel No Pain"],"picked":"Iron Wave","floor":1},{"not_picked":["DDmod:ScaleUpSkill","DDmod:PokeAttack","DDmod:RapidStrikeAttack"],"picked":"SKIP","floor":2},{"not_picked":["DDmod:UnstoppableAttack","Disarm"],"picked":"Shrug It Off","floor":4},{"not_picked":["ReplayTheSpireMod:??????????????????????","hubris:Rewind"],"picked":"infinitespire:Fortify","floor":5},{"not_picked":["DDmod:UnstoppableAttack","ReplayTheSpireMod:Strike From Hell","Run Through"],"picked":"SKIP","floor":10},{"not_picked":["Replay:Undeath\u0027s Touch","Clothesline","hubris:StunningStrike"],"picked":"SKIP","floor":11},{"not_picked":["Shockwave","Havoc","Clash"],"picked":"SKIP","floor":14}],"player_experience":2609310,"relics_obtained":[{"floor":3,"key":"hubris:64BitClover"},{"floor":9,"key":"Darkstone Periapt"}],"event_choices":[{"cards_removed":["Defend_R"],"damage_healed":0,"gold_gain":0,"player_choice":"Give","damage_taken":0,"max_hp_gain":0,"max_hp_loss":0,"event_name":"betterNote:BetterNote","floor":13,"gold_loss":0,"cards_obtained":["Strike_R"]}],"is_beta":false,"boss_relics":[],"items_purged_floors":[8],"is_endless":false,"potions_floor_spawned":[2,11],"killed_by":"Slime Boss","ascension_level":0}}