{"host":"df9o10zwd5ba1nc2","time":1608042296,"event":{"mods":["AchievementEnabler","Aspiration","Bard","BaseMod","Beaked The Cultist","Better Altar","Better Match","Better Note","Better Sensory Stone","Better Skull","Better Third Choice","BetterRewards","CCEM","Clawfect","Colored Map","Conspire","Downfall","GifTheSpireLib","Googly Eyes","Halation","Hermit","Highlight Path","Hubris","Hunter ??","Infinite Spire","Jedi Mod","Jorbs\u0027s Wanderer Trilogy","Mad Scientist","Marisa????????","Mimic Mod","Minty Spire (QoL Compilation)","Permanent Neow","Replay The Spire","Shade Mod","Shop Mod","Spicy Shops","StSLib","Stuff the Spire","The Administrix","The Animator","The Blackbeard","The Bug Knight","The Construct","The Cursed","The Disciple","The Gatherer","The Hierophant","The IronCluck","The Jungle","The Mystic","The Necromancer","The Problem Sleuth","The Runesmith","The Servant 0.9.4","The Spell Scribe","The Witch","Unceasing Turn Reminder","UnlockEverythingMod","everything is the same but u backflip on backflip","slay the spire mod where everything is the same but ironclad has a cowboy hat"],"gold_per_floor":[110,121,121,121,24,24,36,61,85,98,116,132,132,132],"floor_reached":13,"playtime":787,"items_purged":[],"score":87,"play_id":"21aef815-8d78-431f-a198-2c65c34d3f82","local_time":"20201215092456","is_ascension_mode":false,"campfire_choices":[{"data":"infinitespire:DeathsTouch","floor":6,"key":"SMITH"}],"circlet_count":0,"master_deck":["Strike_G","Strike_G","Strike_G","Strike_G","Defend_G","Defend_G","Defend_G","Defend_G","Defend_G","Survivor","Neutralize","Poisoned Stab","Cloak And Dagger","infinitespire:DeathsTouch+1","Infinite Blades+1","StuffTheSpire:BumpUp","Deflect","jedi:unstablefumes","Deadly Poison","Bouncing Flask","Dagger Spray"],"relics":["Ring of the Snake","aspiration:Nostalgia","Uniform","aspiration:FetidBarrel"],"acts_visited":["Exordium"],"potions_floor_usage":[],"damage_taken":[{"damage":0,"enemies":"Cultist","floor":1,"turns":3},{"damage":3,"enemies":"2 Louse","floor":2,"turns":3},{"damage":4,"enemies":"Small Slimes","floor":7,"turns":3},{"damage":14,"enemies":"Lagavulin","floor":8,"turns":6},{"damage":2,"enemies":"Red Slaver","floor":10,"turns":4},{"damage":10,"enemies":"3 Louse","floor":11,"turns":2},{"damage":12,"enemies":"Gremlin Gang","floor":12,"turns":4},{"damage":7,"enemies":"HollowMod:MossKnight","floor":13,"turns":2}],"seed_played":"-1905490011888433931","potions_obtained":[{"floor":2,"key":"Milkshake"},{"floor":12,"key":"Languid Potion"}],"is_trial":false,"path_per_floor":["M","M","?","?","$","R","M","E","T","M","M","M","E"],"character_chosen":"THE_SILENT","items_purchased":["Infinite Blades+1","StuffTheSpire:BumpUp"],"campfire_rested":0,"item_purchase_floors":[5,5],"current_hp_per_floor":[70,67,49,49,49,49,45,31,31,29,19,7,0,0],"gold":132,"neow_bonus":"NOSTALGIA","is_daily":false,"chose_seed":false,"campfire_upgraded":1,"win_rate":0.0,"timestamp":1608042296,"path_taken":["M","?","?","?","$","R","M","E","T","M","M","M","E"],"items_purchased_type":["Card","Card"],"build_version":"2020-12-13","purchased_purges":0,"victory":false,"max_hp_per_floor":[70,70,70,70,70,70,70,70,70,70,70,70,70,70],"card_choices":[{"not_picked":["StuffTheSpire:Fury","PiercingWail"],"picked":"Poisoned Stab","floor":1},{"not_picked":["All Out Attack","StuffTheSpire:Python"],"picked":"Cloak And Dagger","floor":2},{"not_picked":["ReplayTheSpireMod:Book of Names","infinitespire:FinalStrike"],"picked":"infinitespire:DeathsTouch","floor":3},{"not_picked":["StuffTheSpire:Python","Prepared"],"picked":"Deflect","floor":7},{"not_picked":["PiercingWail","Expertise"],"picked":"jedi:unstablefumes","floor":8},{"not_picked":["Cloak And Dagger","PiercingWail"],"picked":"Deadly Poison","floor":10},{"not_picked":["Poison Darts","Prepared"],"picked":"Bouncing Flask","floor":11},{"not_picked":["hubris:Counter","Prepared"],"picked":"Dagger Spray","floor":12}],"player_experience":26779,"relics_obtained":[{"floor":8,"key":"aspiration:FetidBarrel"}],"event_choices":[{"cards_removed":["Strike_G"],"damage_healed":0,"gold_gain":0,"player_choice":"Offered Basic","damage_taken":0,"max_hp_gain":0,"max_hp_loss":0,"event_name":"Bonfire Elementals","floor":4,"gold_loss":0}],"is_beta":false,"boss_relics":[],"items_purged_floors":[],"is_endless":false,"potions_floor_spawned":[2,12],"killed_by":"HollowMod:MossKnight","ascension_level":0}}