{"host":"vhrbb9mxb8fcxsba","time":1608002645,"event":{"mods":["2.2 Compatiblity","Act Like it!","Aspiration","BaseMod","Downfall","GungeonMod","Infinite Spire","Lobotomy","LobotomyExtend","Minty Spire (QoL Compilation)","Quick Restart","StSLib","Wandering Minibosses"],"gold_per_floor":[99,110,110,138,156,74,74,74,74,113,132,155,175,193,216,216,216],"floor_reached":16,"playtime":942,"items_purged":["hexamod:Defend"],"score":106,"play_id":"9d1ccf2b-c3a3-4af4-a820-b082e376f72f","local_time":"20201215162405","is_ascension_mode":false,"campfire_choices":[{"data":"hexamod:Float","floor":1,"key":"SMITH"},{"data":"hexamod:Sear","floor":3,"key":"SMITH"},{"data":"hexamod:HexaLevel","floor":8,"key":"SMITH"}],"circlet_count":0,"master_deck":["hexamod:Strike","hexamod:Strike","hexamod:Strike","hexamod:Defend","hexamod:Defend","hexamod:Defend","hexamod:Sear+1","hexamod:Float+1","hexamod:SecondSeal","hexamod:HexaLevel+1","hexamod:HauntingEcho","hexamod:ThirdSeal","hexamod:EtherealExpedition","hexamod:Rewind","hexamod:CrushingStance","hexamod:GhostOfSpireFuture"],"relics":["hexamod:SpiritBrand","Pantograph","DemoMod:ChaffGrenade"],"acts_visited":["Exordium"],"potions_floor_usage":[6,10,13,16],"damage_taken":[{"damage":0,"enemies":"Cultist","floor":2,"turns":4},{"damage":9,"enemies":"infinitespire:Voidling","floor":4,"turns":3},{"damage":0,"enemies":"Small Slimes","floor":5,"turns":4},{"damage":0,"enemies":"downfall:FleeingMerchant","floor":6,"turns":4},{"damage":22,"enemies":"3 Sentries","floor":10,"turns":7},{"damage":7,"enemies":"Blue Slaver","floor":11,"turns":3},{"damage":3,"enemies":"Exordium Wildlife","floor":12,"turns":5},{"damage":19,"enemies":"Gremlin Gang","floor":13,"turns":6},{"damage":7,"enemies":"Red Slaver","floor":14,"turns":4},{"damage":5,"enemies":"2 Fungi Beasts","floor":15,"turns":4},{"damage":30,"enemies":"downfall:Silent","floor":16,"turns":4}],"seed_played":"9037669122419434789","potions_obtained":[{"floor":2,"key":"Fire Potion"},{"floor":5,"key":"Strength Potion"},{"floor":11,"key":"DuplicationPotion"},{"floor":12,"key":"PowerPotion"}],"is_trial":false,"path_per_floor":["R","M","R","M","M","$","T","R","?","E","M","M","M","M","M","B"],"character_chosen":"THE_SPIRIT","items_purchased":[],"campfire_rested":0,"item_purchase_floors":[],"current_hp_per_floor":[77,77,77,68,68,68,68,68,68,46,39,36,17,10,5,0,0],"gold":216,"neow_bonus":"TEN_PERCENT_HP_BONUS","is_daily":false,"chose_seed":false,"campfire_upgraded":3,"win_rate":0.0,"timestamp":1608002645,"path_taken":["R","M","R","M","M","$","T","R","?","E","M","M","M","?","M","BOSS"],"items_purchased_type":[],"build_version":"2020-12-13","purchased_purges":1,"victory":false,"max_hp_per_floor":[77,77,77,77,77,77,77,77,77,77,77,77,77,77,77,77,77],"card_choices":[{"not_picked":["hexamod:SpectersWail","hexamod:RainOfEmbers"],"picked":"hexamod:SecondSeal","floor":2},{"not_picked":["hexamod:NightmareStrike","hexamod:InspiringFlames"],"picked":"hexamod:HexaLevel","floor":4},{"not_picked":["hexamod:BacktrackSmack","hexamod:HeatMetal","hexamod:InspiringFlames"],"picked":"SKIP","floor":5},{"not_picked":["hexamod:NightmareGuise","hexamod:SpectralAdrenaline"],"picked":"hexamod:HauntingEcho","floor":6},{"not_picked":["hexamod:ThermalTransfer","hexamod:BurningTouch","hexamod:InspiringFlames"],"picked":"SKIP","floor":10},{"not_picked":["hexamod:RainOfEmbers","hexamod:HeatShield","hexamod:Incineration"],"picked":"SKIP","floor":11},{"not_picked":["hexamod:Firestarter","hexamod:GhostShield"],"picked":"hexamod:ThirdSeal","floor":12},{"not_picked":["hexamod:RainOfEmbers","hexamod:NightmareStrike"],"picked":"hexamod:EtherealExpedition","floor":13},{"not_picked":["hexamod:RainOfEmbers","hexamod:NightmareStrike"],"picked":"hexamod:Rewind","floor":13},{"not_picked":["hexamod:SwordOfDarkness","hexamod:InspiringFlames"],"picked":"hexamod:CrushingStance","floor":14},{"not_picked":["hexamod:DynamicBlow","hexamod:BurningTouch","hexamod:ThirdSeal"],"picked":"SKIP","floor":14},{"not_picked":["hexamod:SwordOfDarkness","hexamod:HauntingEcho"],"picked":"hexamod:GhostOfSpireFuture","floor":15}],"player_experience":153117,"relics_obtained":[{"floor":7,"key":"Pantograph"},{"floor":10,"key":"DemoMod:ChaffGrenade"}],"event_choices":[{"cards_removed":["hexamod:Strike"],"damage_healed":0,"gold_gain":0,"player_choice":"Offered Basic","damage_taken":0,"max_hp_gain":0,"max_hp_loss":0,"event_name":"Bonfire Elementals","floor":9,"gold_loss":0}],"is_beta":false,"boss_relics":[],"items_purged_floors":[6],"is_endless":false,"potions_floor_spawned":[2,5,11,12],"killed_by":"downfall:Silent","ascension_level":0}}