{"host":"llpusn9usp8rznkj","time":1608007677,"event":{"mods":["2.2 Compatiblity","BaseMod","Colored Map","Colored Powertips","Conspire","Downfall","Hubris","Minty Spire (QoL Compilation)","Rare Cards Sparkle","Replay The Spire","StSLib","The Cursed"],"gold_per_floor":[117,117,140,155,105,105,136,136,159,211,242,81,81,81,81,174,174,212,212,252,290,290,290,343,343,343,343,381,381,406,406,406,440,440,517,517,537,550,450,450,477,507,507,507,507],"floor_reached":44,"playtime":2779,"items_purged":["Strike_G","Slimebound:Icky"],"score":1246,"play_id":"cef8e45a-6cc7-4856-87aa-76c7103f49e1","local_time":"20201214234757","is_ascension_mode":true,"campfire_choices":[{"data":"Neutralize","floor":6,"key":"SMITH"},{"floor":8,"key":"REST"},{"data":"Envenom","floor":13,"key":"SMITH"},{"floor":15,"key":"REST"},{"data":"Slimebound:CheckThePlaybook","floor":23,"key":"SMITH"},{"data":"Corpse Explosion","floor":25,"key":"SMITH"},{"data":"Cloak And Dagger","floor":34,"key":"SMITH"},{"floor":43,"key":"REST"}],"circlet_count":0,"master_deck":["AscendersBane","Strike_G","Strike_G","Strike_G","Strike_G","Defend_G","Defend_G","Defend_G","Defend_G","Defend_G","Survivor","Neutralize+1","Backstab","Backflip","Flying Knee","conspire:SpireCoStock","PiercingWail","Envenom+1","Replay:SS_hec_2+1","Accuracy","Skewer+1","Corpse Explosion+1","Acrobatics+1","Endless Agony","Slimebound:CheckThePlaybook+1","Hidden Blade","Cloak And Dagger+1","After Image+1"],"relics":["Ring of the Snake","NeowsBlessing","CaptainsWheel","hubris:Zylophone","Bronze Scales","Blue Doll","Vajra","Replay:Ancient Bell","Nunchaku","Quantum Egg","TungstenRod","PreservedInsect","MutagenicStrength","Happy Flower","Blue Candle","Runic Dome","CeramicFish","Replay:Accelerometer"],"acts_visited":["Exordium","TheCity","TheBeyond"],"potions_floor_usage":[10,16,18,24,35,42,44],"damage_taken":[{"damage":0,"enemies":"Jaw Worm","floor":1,"turns":1},{"damage":0,"enemies":"Small Slimes","floor":4,"turns":1},{"damage":0,"enemies":"Replay:BlueRogue","floor":7,"turns":1},{"damage":38,"enemies":"3 Sentries","floor":10,"turns":13},{"damage":0,"enemies":"Cultist","floor":11,"turns":3},{"damage":0,"enemies":"Hexaghost","floor":16,"turns":9},{"damage":0,"enemies":"Spheric Guardian","floor":18,"turns":7},{"damage":0,"enemies":"Chosen","floor":20,"turns":5},{"damage":0,"enemies":"Sentry and Sphere","floor":21,"turns":8},{"damage":0,"enemies":"conspire:Head Lice","floor":24,"turns":6},{"damage":10,"enemies":"3 Cultists","floor":28,"turns":3},{"damage":0,"enemies":"Slavers","floor":30,"turns":1},{"damage":19,"enemies":"Book of Stabbing","floor":33,"turns":5},{"damage":40,"enemies":"conspire:MysteriousRune","floor":35,"turns":9},{"damage":10,"enemies":"3 Shapes","floor":37,"turns":4},{"damage":0,"enemies":"Orb Walker","floor":38,"turns":4},{"damage":13,"enemies":"Giant Head","floor":42,"turns":6},{"damage":50,"enemies":"Reptomancer","floor":44,"turns":3}],"seed_played":"-9190227042110067527","potions_obtained":[{"floor":1,"key":"Block Potion"},{"floor":10,"key":"Strength Potion"},{"floor":11,"key":"conspire:TimeTravelPotion"},{"floor":16,"key":"CunningPotion"},{"floor":21,"key":"Explosive Potion"},{"floor":24,"key":"CultistPotion"},{"floor":35,"key":"FearPotion"},{"floor":38,"key":"Adrenaline Potion"},{"floor":42,"key":"Adrenaline Potion"}],"is_trial":false,"path_per_floor":["M","?","?","M","?","R","E","R","T","E","M","$","R","?","R","B",null,"M","?","M","M","?","R","E","R","T","?","M","?","E","PTL","PTL","E","R","B",null,"M","M","$","?","T","E","R","E"],"character_chosen":"THE_SILENT","items_purchased":["Replay:SS_hec_2+1","Accuracy"],"campfire_rested":3,"item_purchase_floors":[12,12],"current_hp_per_floor":[59,54,33,33,33,33,33,52,52,14,14,14,14,14,33,33,58,58,58,58,58,58,58,58,58,58,58,48,48,48,48,48,29,29,2,50,40,40,40,40,40,27,46,0,0],"gold":507,"neow_bonus":"THREE_ENEMY_KILL","is_daily":false,"chose_seed":false,"campfire_upgraded":5,"win_rate":0.0,"timestamp":1608007677,"path_taken":["M","?","?","M","?","R","E","R","T","E","?","?","R","?","R","BOSS","M","?","M","?","?","R","E","R","T","?","?","?","E","PTL","PTL","E","R","BOSS","M","M","$","?","?","E","R","E"],"items_purchased_type":["Card","Card"],"build_version":"2020-12-13","purchased_purges":2,"victory":false,"max_hp_per_floor":[66,66,66,66,66,66,66,66,66,66,66,66,66,66,66,66,66,66,66,66,66,66,66,66,66,66,66,66,66,66,66,66,66,66,66,66,66,66,66,66,66,66,66,66,66],"card_choices":[{"not_picked":["Caltrops","Outmaneuver"],"picked":"Backstab","floor":1},{"not_picked":["Dodge and Roll","All Out Attack"],"picked":"Backflip","floor":3},{"not_picked":["Backstab","Masterful Stab"],"picked":"Flying Knee","floor":4},{"not_picked":["Sneak Up","Quick Slash"],"picked":"Flying Knee","floor":7},{"not_picked":["Bane","Expertise"],"picked":"PiercingWail","floor":10},{"not_picked":["conspire:DoublingDagger","Flying Knee"],"picked":"Envenom","floor":11},{"not_picked":["ReplayTheSpireMod:Necrosis","Wraith Form v2"],"picked":"Corpse Explosion","floor":16},{"not_picked":["ReplayTheSpireMod:IOU","hubris:Gluttony"],"picked":"Shame","floor":17},{"not_picked":["ReplayTheSpireMod:Restless Dread","hexamod:Haunted"],"picked":"Languid","floor":17},{"not_picked":["ReplayTheSpireMod:Splinters","hubris:Despair"],"picked":"CommonCold","floor":17},{"not_picked":["Draining Mist","PiercingWail"],"picked":"Acrobatics+1","floor":18},{"not_picked":["Slice","Malaise","Sneak Up"],"picked":"SKIP","floor":20},{"not_picked":["Reflex","Sucker Punch+1"],"picked":"Endless Agony","floor":21},{"not_picked":["Tactician","Sucker Punch"],"picked":"Hidden Blade","floor":24},{"not_picked":["Expertise","Outmaneuver","Bouncing Flask"],"picked":"SKIP","floor":28},{"not_picked":["ReplayTheSpireMod:Shiv Toss+1","Sucker Punch","PiercingWail"],"picked":"SKIP","floor":30},{"not_picked":["Eviscerate","Underhanded Strike"],"picked":"Cloak And Dagger","floor":33},{"not_picked":["Unload","Bullet Time"],"picked":"After Image","floor":35},{"not_picked":["Backflip","Expertise","Slice"],"picked":"SKIP","floor":37},{"not_picked":["ReplayTheSpireMod:Tripwire","Dagger Throw","Acrobatics+1"],"picked":"SKIP","floor":38},{"not_picked":["Prepared","Bane","All Out Attack+1"],"picked":"SKIP","floor":42}],"player_experience":965653,"relics_obtained":[{"floor":3,"key":"hubris:Zylophone"},{"floor":7,"key":"Bronze Scales"},{"floor":9,"key":"Blue Doll"},{"floor":10,"key":"Vajra"},{"floor":24,"key":"PreservedInsect"},{"floor":30,"key":"Happy Flower"},{"floor":33,"key":"Blue Candle"},{"floor":41,"key":"CeramicFish"},{"floor":42,"key":"Replay:Accelerometer"}],"event_choices":[{"damage_healed":0,"gold_gain":0,"player_choice":"Success","damage_taken":5,"relics_obtained":["CaptainsWheel"],"max_hp_gain":0,"max_hp_loss":0,"event_name":"Scrap Ooze","floor":2,"gold_loss":0},{"damage_healed":0,"gold_gain":0,"player_choice":"Invest 1","damage_taken":0,"max_hp_gain":0,"max_hp_loss":0,"event_name":"conspire:Investor","floor":5,"gold_loss":0},{"cards_removed":["CommonCold","Languid","Shame"],"damage_healed":0,"gold_gain":0,"player_choice":"Removed Curses","damage_taken":0,"max_hp_gain":0,"max_hp_loss":0,"event_name":"Fountain of Cleansing","floor":19,"gold_loss":0},{"damage_healed":0,"gold_gain":0,"player_choice":"Got Potions","damage_taken":0,"max_hp_gain":0,"max_hp_loss":0,"event_name":"Lab","floor":27,"gold_loss":0},{"damage_healed":0,"gold_gain":0,"player_choice":"Inject Mutagens","damage_taken":0,"relics_obtained":["MutagenicStrength"],"max_hp_gain":0,"max_hp_loss":0,"event_name":"Drug Dealer","floor":29,"gold_loss":0}],"is_beta":false,"boss_relics":[{"not_picked":["Black Star","Abe\u0027s Treasure"],"picked":"Replay:Ancient Bell"},{"not_picked":["hubris:AncientText","Centennial Puzzle"],"picked":"Nunchaku"},{"not_picked":["Replay:Bottled Snecko","conspire:Flyswatter"],"picked":"Quantum Egg"},{"not_picked":["Pocketwatch","Dead Branch"],"picked":"TungstenRod"},{"not_picked":["hubris:BlackHole","hubris:HollowSoul"],"picked":"Runic Dome"}],"items_purged_floors":[12,39],"is_endless":false,"potions_floor_spawned":[1,10,11,16,21,24,35,37,38,42],"killed_by":"Reptomancer","ascension_level":20}}