{"host":"jjunaul04msmo6r1","time":1608009724,"event":{"mods":["BaseMod","Better Third Choice","Booster Modes","Colored Map","Downfall","Minty Spire (QoL Compilation)","Relic Stats","StSLib","UnlockEverythingMod","everything is the same but u backflip on backflip"],"gold_per_floor":[99,99,99,99,128,128,128,53,67,96,110,125,42,54,74,74,74],"floor_reached":16,"playtime":2105,"items_purged":[],"score":135,"play_id":"30b5ac45-c020-4d3c-9e32-f4da6b3c2ee4","local_time":"20201214222204","is_ascension_mode":false,"campfire_choices":[{"floor":1,"key":"RECALL"},{"data":"champ:Taunt","floor":8,"key":"SMITH"}],"circlet_count":0,"master_deck":["champ:Strike","champ:Strike","champ:Strike","champ:Strike","champ:Defend","champ:Defend","champ:Defend","champ:Defend","champ:Execute","champ:Taunt+1","champ:ArenaPreparation","champ:FanOfKnives","champ:Haymaker","champ:StrikeOfGenius","champ:FocusedGladiator","champ:RapidStrikes","champ:Duel","champ:CalledShot"],"relics":["champ:ChampionCrown","downfall:HeartsMalice","downfall:ShatteredFragment","Blood Vial","downfall:HeartBlessingRed","Mercury Hourglass"],"acts_visited":["Exordium"],"potions_floor_usage":[15,16,16],"damage_taken":[{"damage":0,"enemies":"2 Louse","floor":3,"turns":1},{"damage":0,"enemies":"3 Sentries","floor":5,"turns":1},{"damage":0,"enemies":"Cultist","floor":6,"turns":1},{"damage":14,"enemies":"Small Slimes","floor":9,"turns":3},{"damage":55,"enemies":"Gremlin Nob","floor":10,"turns":4},{"damage":15,"enemies":"Red Slaver","floor":11,"turns":2},{"damage":15,"enemies":"Large Slime","floor":12,"turns":3},{"damage":11,"enemies":"downfall:FleeingMerchant","floor":13,"turns":4},{"damage":25,"enemies":"Blue Slaver","floor":14,"turns":3},{"damage":3,"enemies":"3 Louse","floor":15,"turns":2},{"damage":47,"enemies":"downfall:Defect","floor":16,"turns":4}],"seed_played":"-6165831216069707711","potions_obtained":[{"floor":2,"key":"champ:TechniquePotion"},{"floor":2,"key":"champ:OpenerPotion"},{"floor":2,"key":"Energy Potion"}],"is_trial":false,"path_per_floor":["R","?","M","?","E","M","T","R","M","E","M","M","$","M","M","B"],"character_chosen":"THE_CHAMP","items_purchased":["champ:CalledShot"],"campfire_rested":0,"item_purchase_floors":[13],"current_hp_per_floor":[90,90,90,63,63,65,65,65,67,48,46,48,50,40,39,0,0],"gold":74,"neow_bonus":"THREE_ENEMY_KILL","is_daily":false,"chose_seed":false,"campfire_upgraded":1,"win_rate":0.0,"timestamp":1608009724,"path_taken":["R","?","?","?","E","M","T","R","M","E","M","M","$","M","M","BOSS"],"items_purchased_type":["Card"],"build_version":"2020-12-13","purchased_purges":0,"victory":false,"max_hp_per_floor":[90,90,90,90,90,90,90,90,90,90,90,90,90,90,90,90,90],"relic_stats":{"Blood Vial":18,"counters":[11,23],"obtain_stats":[{"Blood Vial":5,"downfall:ShatteredFragment":4,"downfall:HeartBlessingRed":8,"champ:ChampionCrown":0,"downfall:HeartsMalice":0,"Mercury Hourglass":10},{"Blood Vial":2,"downfall:ShatteredFragment":1,"downfall:HeartBlessingRed":3,"champ:ChampionCrown":0,"downfall:HeartsMalice":0,"Mercury Hourglass":5},{"Blood Vial":0,"downfall:ShatteredFragment":0,"downfall:HeartBlessingRed":0,"champ:ChampionCrown":0,"downfall:HeartsMalice":0,"Mercury Hourglass":7}],"Mercury Hourglass":[52]},"card_choices":[{"not_picked":["champ:Circumvent","champ:FanOfKnives"],"picked":"champ:ArenaPreparation","floor":3},{"not_picked":["champ:EnragedBash","champ:ArenaPreparation"],"picked":"champ:FanOfKnives","floor":5},{"not_picked":["champ:SkillfulDodge","champ:DefensiveShout"],"picked":"champ:Haymaker","floor":6},{"not_picked":["champ:Circumvent","champ:CrookedStrike"],"picked":"champ:StrikeOfGenius","floor":9},{"not_picked":["champ:Haymaker","champ:RecklessLeap"],"picked":"champ:FocusedGladiator","floor":10},{"not_picked":["champ:DeathBlow","champ:Riposte"],"picked":"champ:RapidStrikes","floor":11},{"not_picked":["champ:ViciousMockery","champ:Backstep","champ:Haymaker"],"picked":"SKIP","floor":12},{"not_picked":["champ:Backstep","champ:GladiatorsShout"],"picked":"champ:Duel","floor":13},{"not_picked":["champ:GladiatorsShout","champ:Riposte","champ:DefensiveShout"],"picked":"SKIP","floor":14},{"not_picked":["champ:FocusedGladiator","champ:DefensiveShout","champ:Backstep"],"picked":"SKIP","floor":15}],"player_experience":225794,"relics_obtained":[{"floor":5,"key":"Blood Vial"},{"floor":10,"key":"Mercury Hourglass"}],"event_choices":[{"damage_healed":0,"gold_gain":0,"player_choice":"Got Potions","damage_taken":0,"max_hp_gain":0,"max_hp_loss":0,"event_name":"Lab","floor":2,"gold_loss":0}],"is_beta":false,"boss_relics":[],"items_purged_floors":[],"is_endless":false,"potions_floor_spawned":[9,10,11,14],"killed_by":"downfall:Defect","ascension_level":0}}