{"host":"8aazbu429xvxw5ti","time":1608028641,"event":{"mods":["2.2 Compatiblity","BaseMod","Colored Map","DeckTracker","Highlight Path","Keyboard Shortcuts","Minty Spire (QoL Compilation)","Permanent Neow","Quick Restart","StSLib","SuperFastMode","everything is the same but u backflip on backflip"],"gold_per_floor":[119,119,129,129,4,32,32,42,68,68,86,100,100,117,117,213,213,227,227],"floor_reached":18,"playtime":723,"items_purged":["Strike_R"],"score":255,"play_id":"42e1c1f5-f44d-4037-b473-a69ae7f60149","local_time":"20201215193721","is_ascension_mode":true,"campfire_choices":[{"data":"Flex","floor":7.0,"key":"SMITH"},{"data":"Rage","floor":10.0,"key":"SMITH"},{"data":"Armaments","floor":13.0,"key":"SMITH"},{"data":"Bash","floor":15.0,"key":"SMITH"}],"circlet_count":0,"master_deck":["Strike_R","Strike_R","Strike_R","Strike_R","Defend_R+1","Defend_R","Defend_R+1","Defend_R","Bash+1","Rage+1","Thunderclap","Flex+1","Clash","Iron Wave","Armaments+1","Pummel","Pommel Strike","Demon Form"],"relics":["Burning Blood","NeowsBlessing","War Paint","Ancient Tea Set","Black Star"],"acts_visited":["Exordium","TheCity"],"potions_floor_usage":[],"damage_taken":[{"damage":0.0,"enemies":"Cultist","floor":1.0,"turns":1.0},{"damage":0.0,"enemies":"2 Louse","floor":3.0,"turns":1.0},{"damage":0.0,"enemies":"Lagavulin","floor":6.0,"turns":1.0},{"damage":4.0,"enemies":"Jaw Worm","floor":8.0,"turns":2.0},{"damage":1.0,"enemies":"Looter","floor":11.0,"turns":3.0},{"damage":4.0,"enemies":"2 Fungi Beasts","floor":12.0,"turns":2.0},{"damage":0.0,"enemies":"3 Louse","floor":14.0,"turns":3.0},{"damage":32.0,"enemies":"Slime Boss","floor":16.0,"turns":10.0},{"damage":18,"enemies":"3 Byrds","floor":18,"turns":7}],"seed_played":"6681047639029360872","potions_obtained":[{"floor":1.0,"key":"GamblersBrew"},{"floor":3.0,"key":"Dexterity Potion"},{"floor":11.0,"key":"EssenceOfSteel"}],"is_trial":false,"path_per_floor":["M","?","M","?","$","E","R","M","T","R","M","M","R","M","R","B",null,"M"],"character_chosen":"IRONCLAD","items_purchased":["Flex"],"campfire_rested":0,"item_purchase_floors":[5],"current_hp_per_floor":[78,78,80,73,73,79,79,80,80,80,80,80,80,80,80,54,74,62,62],"gold":227,"neow_bonus":"THREE_ENEMY_KILL","is_daily":false,"chose_seed":false,"campfire_upgraded":4,"win_rate":0.0,"timestamp":1608028641,"path_taken":["M","?","M","?","$","E","R","M","T","R","M","M","R","M","R","BOSS","M"],"items_purchased_type":["Card"],"build_version":"2020-12-13","purchased_purges":1,"victory":false,"max_hp_per_floor":[80,80,80,80,80,80,80,80,80,80,80,80,80,80,80,80,80,80,80],"card_choices":[{"not_picked":["Infernal Blade","Burning Pact"],"picked":"Rage","floor":1.0},{"not_picked":["True Grit","Headbutt"],"picked":"Thunderclap","floor":3.0},{"not_picked":["Flame Barrier","Reckless Charge"],"picked":"Clash","floor":6.0},{"not_picked":["Body Slam","Combust"],"picked":"Iron Wave","floor":8.0},{"not_picked":["Warcry","Clothesline"],"picked":"Armaments","floor":11.0},{"not_picked":["True Grit","Sentinel"],"picked":"Pummel","floor":12.0},{"not_picked":["Power Through","Warcry"],"picked":"Pommel Strike","floor":14.0},{"not_picked":["Barricade","Exhume"],"picked":"Demon Form","floor":16.0}],"player_experience":408759,"relics_obtained":[{"floor":6.0,"key":"Ancient Tea Set"}],"event_choices":[{"damage_healed":0.0,"max_hp_gain":0.0,"max_hp_loss":0.0,"gold_gain":0.0,"event_name":"Big Fish","player_choice":"Box","floor":2.0,"gold_loss":0.0,"damage_taken":0.0,"relics_obtained":["War Paint"],"cards_obtained":["Regret"]},{"cards_removed":["Regret"],"damage_healed":0.0,"max_hp_gain":0.0,"max_hp_loss":0.0,"gold_gain":0.0,"event_name":"Golden Wing","player_choice":"Card Removal","floor":4.0,"gold_loss":0.0,"damage_taken":7.0}],"is_beta":false,"boss_relics":[{"not_picked":["Pandora\u0027s Box","Cursed Key"],"picked":"Black Star"}],"items_purged_floors":[5],"is_endless":false,"potions_floor_spawned":[1,3,11,16,18],"killed_by":"3 Byrds","ascension_level":7}}