{"host":"xy2rxz4qi1jt0r97","time":1608007781,"event":{"mods":["Act Like it!","Aspiration","BaseMod","Better Vampires","HumanHunterMod(π÷ŒÔ…±»Àmod)","Minty Spire (QoL Compilation)","StSLib","The Construct","[IsaacMod]“‘»ˆº‚À˛","noobMod","vexMod","°æ“≈ŒÔø®≈∆°øREMEMod"],"gold_per_floor":[118,118,34,52,52,52,85,85,85,101,101,129,144,162,162,266,266,342,93,111,131,187,187],"floor_reached":22,"playtime":1031,"items_purged":["Strike_G","Injury"],"score":271,"play_id":"202dd167-8b04-4a2e-8561-f5a6f3a03730","local_time":"20201215124941","is_ascension_mode":false,"campfire_choices":[{"data":"Judgement","floor":6,"key":"SMITH"},{"data":"Blade Dance","floor":11,"key":"SMITH"},{"floor":15,"key":"REST"}],"circlet_count":0,"master_deck":["Strike_G","Strike_G","Strike_G","Strike_G","Defend_G","Defend_G","Defend_G","Defend_G","Survivor","Neutralize+1","DoctorFetus+1","Judgement+1","Blade Dance+1","Blade Dance+1","Acrobatics+1","Dagger Spray","Envenom","Bouncing Flask+1","Distraction+1"],"relics":["Ring of the Snake","REME_ComplimentaryCards","HushsDoor","ice","SteamSale","NeowsBlessing","Toxic Egg 2","BookofShadows","Leech","Boot","REME_LowDesire","GuppysCollar","MomsKnife","SalivaCoin","Regal Pillow","Lantern","Ornamental Fan"],"acts_visited":["Exordium","TheCity"],"potions_floor_usage":[12,16,18],"damage_taken":[{"damage":0,"enemies":"Small Slimes","floor":1,"turns":1},{"damage":0,"enemies":"Jaw Worm","floor":4,"turns":1},{"damage":0,"enemies":"Lagavulin","floor":7,"turns":2},{"damage":0,"enemies":"2 Louse","floor":10,"turns":2},{"damage":15,"enemies":"Gremlin Nob","floor":12,"turns":4},{"damage":0,"enemies":"Blue Slaver","floor":13,"turns":1},{"damage":3,"enemies":"Looter","floor":14,"turns":2},{"damage":0,"enemies":"Slime Boss","floor":16,"turns":4},{"damage":15,"enemies":"Shell Parasite","floor":18,"turns":4},{"damage":0,"enemies":"Spheric Guardian","floor":20,"turns":1},{"damage":0,"enemies":"Shelled Parasite and Fungi","floor":21,"turns":1},{"damage":10,"enemies":"Chosen and Byrds","floor":22,"turns":2}],"seed_played":"8987984193337867507","potions_obtained":[{"floor":10,"key":"DistilledChaos"},{"floor":14,"key":"FearPotion"},{"floor":16,"key":"SkillPotion"},{"floor":21,"key":"Dexterity Potion"}],"is_trial":false,"path_per_floor":["M","?","$","M","?","R","E","?","T","M","R","E","M","M","R","B",null,"M","$","M","M","M"],"character_chosen":"THE_SILENT","items_purchased":["Bomb","GuppysCollar","MomsKnife","Bouncing Flask+1","Lantern","Ornamental Fan"],"campfire_rested":1,"item_purchase_floors":[3,17,17,17,19,19],"current_hp_per_floor":[70,56,56,56,56,56,56,56,56,57,57,45,45,44,65,69,22,9,9,9,9,0,0],"gold":187,"neow_bonus":"THREE_ENEMY_KILL","is_daily":false,"chose_seed":false,"campfire_upgraded":2,"win_rate":0.0,"timestamp":1608007781,"path_taken":["M","?","?","M","?","R","E","?","T","M","R","E","M","?","R","BOSS","M","$","M","M","M"],"items_purchased_type":["Card","Relic","Relic","Card","Relic","Relic"],"build_version":"2020-12-13","purchased_purges":2,"victory":false,"max_hp_per_floor":[70,70,70,70,70,70,70,70,70,70,70,70,70,70,70,70,22,22,22,22,22,22,22],"card_choices":[{"not_picked":[],"picked":"DoctorFetus","floor":0},{"not_picked":["Backflip","Dagger Throw"],"picked":"Blade Dance","floor":1},{"not_picked":["Outmaneuver","Sucker Punch","Dagger Throw"],"picked":"SKIP","floor":4},{"not_picked":["Distraction+1","REME_ShadowForm"],"picked":"Blade Dance+1","floor":7},{"not_picked":["Flying Knee","Sucker Punch","Underhanded Strike"],"picked":"SKIP","floor":10},{"not_picked":["Heel Hook","Tools of the Trade"],"picked":"Acrobatics+1","floor":12},{"not_picked":["Flying Knee","Sucker Punch"],"picked":"Dagger Spray","floor":13},{"not_picked":["Crippling Poison+1","Eviscerate","Dagger Spray"],"picked":"SKIP","floor":14},{"not_picked":["After Image","Wraith Form v2"],"picked":"Envenom","floor":16},{"not_picked":["Underhanded Strike","Crippling Poison+1","Chrysalis+1"],"picked":"Distraction+1","floor":18},{"not_picked":["All Out Attack","Poisoned Stab","Dash+1","EpicFetus"],"picked":"SKIP","floor":20},{"not_picked":["Acrobatics+1","Flying Knee+1","Dodge and Roll+1","vexMod:EmailVexCard"],"picked":"SKIP","floor":21}],"player_experience":13710,"relics_obtained":[{"floor":7,"key":"BookofShadows"},{"floor":9,"key":"Leech"},{"floor":12,"key":"Boot"},{"floor":17,"key":"SalivaCoin"},{"floor":17,"key":"Regal Pillow"}],"event_choices":[{"damage_healed":0,"gold_gain":0,"player_choice":"Entered Light","damage_taken":14,"max_hp_gain":0,"max_hp_loss":0,"event_name":"Shining Light","floor":2,"gold_loss":0,"cards_upgraded":["Neutralize","DoctorFetus"]}],"is_beta":false,"boss_relics":[{"not_picked":["vexMod:RockOfEvil","vexMod:ImprovementManual"],"picked":"REME_LowDesire"},{"not_picked":[]}],"items_purged_floors":[3,19],"is_endless":false,"potions_floor_spawned":[10,14,16,21],"killed_by":"Chosen and Byrds","ascension_level":0}}