{"host":"juqmwis5balotvcq","time":1608001455,"event":{"mods":["AchievementEnabler","Aspiration","BaseMod","Better Altar","Better Match","Better Note","Better Sensory Stone","Better Skull","Better Third Choice","BetterRewards","CCEM","Colored Map","Conspire","Downfall","GifTheSpireLib","Googly Eyes","Highlight Path","Minty Spire (QoL Compilation)","Permanent Neow","Replay The Spire","Spicy Shops","StSLib","The IronCluck","Unceasing Turn Reminder","everything is the same but u backflip on backflip"],"gold_per_floor":[99,117,142,162,162,190,257,300,162,200,225,249,23,35,53,157,157,157,169,169,169,200,105,105,132,143,143,162,64,84,103,116,221,221,221,232,157,168,178,193,193,225,238,265,265,315,110,110,124,124,124,150,19,19,19],"floor_reached":56,"playtime":5938,"items_purged":["champ:Taunt","Parasite"],"score":2521,"play_id":"b26c03ba-d14b-4900-aeac-782a991a8441","local_time":"20201214190415","is_ascension_mode":false,"campfire_choices":[{"data":"champ:PerfectForm","floor":1.0,"key":"SMITH"},{"data":"champ:Lariat","floor":9.0,"key":"SMITH"},{"floor":27.0,"key":"REST"},{"floor":35,"key":"RECALL"},{"data":"champ:Execute","floor":37,"key":"PURGE"},{"floor":54,"key":"DIG"}],"circlet_count":0,"master_deck":["conspire:GhostlyStrike","conspire:GhostlyStrike","conspire:GhostlyStrike","conspire:GhostlyStrike","conspire:GhostlyDefend","conspire:GhostlyDefend","conspire:GhostlyDefend","conspire:GhostlyDefend","champ:PerfectForm+1","champ:Lariat+1","champ:StanceDance","champ:EnGarde","champ:DefensiveStyle","champ:BringItOn","champ:ShieldThrow+1","Pot Of Greed","Pot Of Greed","champ:IronFortress+1","Apotheosis","champ:HoldFirm+1","Dark Embrace+1","True Grit+1","champ:Circumvent+1","Evolve+1","Pot Of Greed"],"relics":["champ:ChampionCrown","MawBank","Replay:Baseball","Bottled Flame","downfall:HeartBlessingGreen","downfall:HeartBlessingBlue","ReplayTheSpireMod:Shallot","aspiration:ArtOfWarUpgrade","champ:ChampionCrownUpgraded","aspiration:Lifesprig","Replay:Multitool","Grinning Jar","Toy Ornithopter","CCEMRelics:DissonantTune","aspiration:IroncladSkillbook","downfall:HeartBlessingRed","Ornamental Fan","Bronze Scales","Mirror","Durian","Membership Card","Guide Book","CCEMRelics:FestiveHat","CCEMRelics:TechnogenicHelmet","CCEMRelics:CocoNut"],"acts_visited":["Exordium","TheCity","TheBeyond","TheEnding"],"potions_floor_usage":[36,36,42,55],"damage_taken":[{"damage":10.0,"enemies":"Cultist","floor":2.0,"turns":4.0},{"damage":12.0,"enemies":"Small Slimes","floor":4.0,"turns":4.0},{"damage":38.0,"enemies":"Lagavulin","floor":6.0,"turns":9.0},{"damage":83.0,"enemies":"3 Sentries","floor":8.0,"turns":5.0},{"damage":34.0,"enemies":"Gremlin Nob","floor":10.0,"turns":6.0},{"damage":6.0,"enemies":"Jaw Worm","floor":11.0,"turns":3.0},{"damage":11.0,"enemies":"3 Louse","floor":12.0,"turns":3.0},{"damage":19.0,"enemies":"downfall:FleeingMerchant","floor":13.0,"turns":4.0},{"damage":27.0,"enemies":"Exordium Thugs","floor":14.0,"turns":4.0},{"damage":16.0,"enemies":"Gremlin Gang","floor":15.0,"turns":6.0},{"damage":5.0,"enemies":"downfall:Watcher","floor":16.0,"turns":7.0},{"damage":20.0,"enemies":"Spheric Guardian","floor":19.0,"turns":2.0},{"damage":60.0,"enemies":"conspire:SneckoGhost","floor":22.0,"turns":6.0},{"damage":16.0,"enemies":"downfall:FleeingMerchant","floor":23.0,"turns":4.0},{"damage":44.0,"enemies":"Slavers","floor":25.0,"turns":4.0},{"damage":37.0,"enemies":"3 Byrds","floor":26.0,"turns":4.0},{"damage":32.0,"enemies":"3 Cultists","floor":28.0,"turns":4.0},{"damage":9.0,"enemies":"downfall:FleeingMerchant","floor":29.0,"turns":3.0},{"damage":0.0,"enemies":"conspire:HollyBat","floor":30.0,"turns":6.0},{"damage":36,"enemies":"Sentry and Sphere","floor":31,"turns":4},{"damage":60,"enemies":"Centurion and Healer","floor":32,"turns":5},{"damage":10,"enemies":"downfall:Ironclad","floor":33,"turns":4},{"damage":42,"enemies":"3 Darklings","floor":36,"turns":8},{"damage":12,"enemies":"3 Shapes","floor":38,"turns":6},{"damage":27,"enemies":"3 Darklings","floor":39,"turns":3},{"damage":19,"enemies":"Writhing Mass","floor":40,"turns":3},{"damage":19,"enemies":"Reptomancer","floor":42,"turns":5},{"damage":12,"enemies":"Spire Growth","floor":43,"turns":3},{"damage":51,"enemies":"Nemesis","floor":44,"turns":9},{"damage":64,"enemies":"Mind Bloom Boss Battle","floor":46,"turns":6},{"damage":6,"enemies":"3 Darklings","floor":49,"turns":5},{"damage":6,"enemies":"downfall:Defect","floor":50,"turns":6},{"damage":0,"enemies":"downfall:CharBossMerchant","floor":52,"turns":4},{"damage":19,"enemies":"downfall:NeowBoss","floor":55,"turns":22}],"seed_played":"3991247114415223214","potions_obtained":[{"floor":2.0,"key":"AttackPotion"},{"floor":10.0,"key":"Fire Potion"},{"floor":11.0,"key":"PowerPotion"},{"floor":16.0,"key":"sneckomod:MuddlingPotion"},{"floor":22.0,"key":"Dexterity Potion"},{"floor":26.0,"key":"FearPotion"},{"floor":28.0,"key":"SpeedPotion"},{"floor":30.0,"key":"SpeedPotion"},{"floor":32,"key":"champ:TechniquePotion"},{"floor":36,"key":"Strength Potion"},{"floor":39,"key":"GamblersBrew"},{"floor":46,"key":"FairyPotion"},{"floor":49,"key":"ColorlessPotion"}],"is_trial":false,"path_per_floor":["R","M","T","M","?","E","T","E","R","E","M","M","$","M","M","B",null,"R","M","?","R","E","$","T","E","M","R","M","$","M","M","M","B",null,"R","M","R","M","M","M","T","E","M","E","?","?","$","?","M","B",null,"E","$","R","B",null],"character_chosen":"THE_CHAMP","items_purchased":["Art of War","Replay:Multitool","Apotheosis","CCEMRelics:DissonantTune","Membership Card","CCEMRelics:TechnogenicHelmet"],"campfire_rested":1,"item_purchase_floors":[13,23,29,29,47,53],"current_hp_per_floor":[90,90,90,87,87,72,72,63,73,49,48,48,42,26,20,20,100,100,100,70,70,60,60,60,34,32,62,62,72,72,72,64,63,100,100,100,100,100,100,97,97,93,97,65,65,74,74,64,62,66,102,102,102,107,107],"gold":19,"neow_bonus":"ONE_RANDOM_RARE_CARD","is_daily":false,"chose_seed":false,"campfire_upgraded":2,"win_rate":0.0,"timestamp":1608001455,"path_taken":["R","M","?","M","?","E","T","E","R","E","M","M","?","M","M","BOSS","R","M","?","R","E","$","T","E","M","R","M","?","M","M","M","BOSS","R","M","R","M","M","?","T","E","M","E","?","?","?","?","M","BOSS","E","$","R","BOSS"],"items_purchased_type":["Relic","Relic","Card","Relic","Relic","Relic"],"build_version":"2020-12-13","purchased_purges":2,"victory":true,"max_hp_per_floor":[90,90,90,90,90,90,90,90,100,100,100,100,100,100,100,100,100,100,100,100,100,100,100,100,100,100,100,100,100,100,100,100,100,100,100,100,100,100,100,100,100,100,100,100,100,105,102,102,102,102,102,102,102,107,107],"card_choices":[{"not_picked":["champ:EndlessRage","champ:StanceDance"],"picked":"champ:Lariat","floor":2.0},{"not_picked":["champ:DeathBlow","champ:TornadoPunch"],"picked":"champ:StanceDance","floor":4.0},{"not_picked":["champ:Encircle","champ:RisingSlash","champ:Circumvent"],"picked":"SKIP","floor":6.0},{"not_picked":["champ:Encircle","champ:GladiatorsShout","champ:PerfectedStrike"],"picked":"SKIP","floor":8.0},{"not_picked":["champ:CrookedStrike","champ:ShieldSlam"],"picked":"champ:EnGarde","floor":10.0},{"not_picked":["champ:AdrenalArmor","champ:FanOfKnives","champ:BerserkersShout"],"picked":"SKIP","floor":11.0},{"not_picked":["champ:BladeFlurry","champ:Duel","champ:CrookedStrike"],"picked":"SKIP","floor":12.0},{"not_picked":["champ:BladeFlurry","champ:DancingMaster"],"picked":"champ:DefensiveStyle","floor":13.0},{"not_picked":["champ:BladeFlurry","champ:PerfectedStrike","champ:DefensiveShout"],"picked":"SKIP","floor":14.0},{"not_picked":["champ:Haymaker","champ:SteelEdge"],"picked":"champ:BringItOn","floor":15.0},{"not_picked":["champ:DancingMaster","champ:Devastate"],"picked":"champ:ShieldThrow","floor":16.0},{"not_picked":["champ:FocusedGladiator","champ:GladiatorsShout","champ:PerfectedStrike"],"picked":"SKIP","floor":19.0},{"not_picked":["champ:RecklessLeap+1","champ:Haymaker","champ:EnGarde+1"],"picked":"SKIP","floor":22.0},{"not_picked":["champ:RapidStrikes","champ:FanOfKnives+1","champ:DeathBlow"],"picked":"SKIP","floor":23.0},{"not_picked":["champ:PreciseThrust+1","champ:TornadoPunch","champ:RapidStrikes"],"picked":"SKIP","floor":25.0},{"not_picked":["champ:DefensiveShout","champ:PreciseThrust+1","champ:HeartStrike"],"picked":"SKIP","floor":26.0},{"not_picked":["champ:CrookedStrike","champ:FlashCut"],"picked":"champ:IronFortress+1","floor":28.0},{"not_picked":["champ:GutPunch","champ:DefensiveShout","champ:CrookedStrike"],"picked":"SKIP","floor":29.0},{"not_picked":["champ:FlashCut","champ:EndlessRage","champ:Shatter+1"],"picked":"SKIP","floor":30.0},{"not_picked":["champ:ShieldSlam","champ:BerserkersShout","champ:EndlessRage"],"picked":"SKIP","floor":31},{"not_picked":["champ:EnGarde","champ:Lariat+1","champ:BerserkersShout"],"picked":"SKIP","floor":32},{"not_picked":["champ:LastStand","champ:ShieldSlam"],"picked":"champ:HoldFirm","floor":33},{"not_picked":["champ:GutPunch","champ:PerfectedStrike","Inflame","Flex+1"],"picked":"SKIP","floor":36},{"not_picked":["Wild Strike+1","Heavy Blade+1","Thunderclap"],"picked":"Dark Embrace+1","floor":38},{"not_picked":["Flex","champ:FanOfKnives+1","Warcry","champ:BringItOn+1"],"picked":"SKIP","floor":39},{"not_picked":["champ:TornadoPunch","Limit Break","champ:Circumvent+1","Heavy Blade"],"picked":"SKIP","floor":40},{"not_picked":["champ:Duel","champ:EndlessRage+1","Havoc","champ:Haymaker"],"picked":"SKIP","floor":42},{"not_picked":["champ:GutPunch+1","champ:PerfectedStrike+1","Sword Boomerang+1"],"picked":"True Grit+1","floor":43},{"not_picked":["Headbutt","Reckless Charge","champ:PreciseThrust+1","Clash+1"],"picked":"SKIP","floor":44},{"not_picked":["champ:AdrenalArmor","champ:FaceSlap","champ:ShieldThrow"],"picked":"champ:Circumvent+1","floor":49},{"not_picked":["champ:CrookedStrike","champ:AdrenalArmor","champ:StrikeOfGenius"],"picked":"Evolve+1","floor":52}],"player_experience":323439,"relics_obtained":[{"floor":6.0,"key":"MawBank"},{"floor":7.0,"key":"Replay:Baseball"},{"floor":8.0,"key":"Bottled Flame"},{"floor":10.0,"key":"ReplayTheSpireMod:Shallot"},{"floor":22.0,"key":"aspiration:Lifesprig"},{"floor":24.0,"key":"Grinning Jar"},{"floor":25.0,"key":"Toy Ornithopter"},{"floor":41,"key":"Ornamental Fan"},{"floor":42,"key":"Bronze Scales"},{"floor":44,"key":"Mirror"},{"floor":46,"key":"Durian"},{"floor":52,"key":"Guide Book"},{"floor":52,"key":"CCEMRelics:FestiveHat"},{"floor":54,"key":"CCEMRelics:CocoNut"}],"event_choices":[{"damage_healed":0.0,"max_hp_gain":0.0,"max_hp_loss":0.0,"gold_gain":0.0,"event_name":"conspire:LoneGhost","player_choice":"Agree","floor":5.0,"gold_loss":0.0,"damage_taken":0.0},{"damage_healed":0,"gold_gain":0,"player_choice":"Leave","damage_taken":0,"max_hp_gain":0,"max_hp_loss":0,"event_name":"conspire:Investor","floor":45,"gold_loss":0},{"damage_healed":0,"gold_gain":0,"player_choice":"Damaged","damage_taken":10,"max_hp_gain":0,"max_hp_loss":0,"event_name":"Wheel of Change","floor":48,"gold_loss":0}],"is_beta":false,"boss_relics":[{"not_picked":["Calling Bell","Replay:Wanted Poster"],"picked":"champ:ChampionCrownUpgraded"},{"not_picked":["Empty Cage","Ring of Chaos"],"picked":"aspiration:IroncladSkillbook"}],"items_purged_floors":[13,47],"is_endless":false,"potions_floor_spawned":[2,10,11,16,22,26,28,30,32,36,39,46,49],"ascension_level":0}}