{"host":"hjw1ay65n7jm40lc","time":1608007905,"event":{"mods":["AchievementEnabler","BaseMod","Colored Map","Colored Powertips","Googly Eyes","Highlight Path","Minty Spire (QoL Compilation)","Quick Restart","Relic Stats"],"gold_per_floor":[117,117,27,127,143,143,169,180,180,205,223,248,267,286,286,385,385,401,417,183,98,298,329,329,357,357,357,368,400,400,245,245,341,341,357,371,371,381,397,423,423,443,443,0,0,27,27,45,45,45,45,45,6,32,32],"floor_reached":56,"playtime":10028,"items_purged":["Regret"],"score":1652,"play_id":"c724dbb4-faa4-4291-814b-5dd72f74fb1b","local_time":"20201214235145","is_ascension_mode":true,"campfire_choices":[{"data":"Well Laid Plans","floor":6.0,"key":"SMITH"},{"floor":15.0,"key":"DIG"},{"floor":24.0,"key":"DIG"},{"floor":27.0,"key":"DIG"},{"floor":30.0,"key":"DIG"},{"floor":32.0,"key":"DIG"},{"floor":41.0,"key":"DIG"},{"floor":47.0,"key":"DIG"},{"floor":49.0,"key":"RECALL"},{"floor":52.0,"key":"DIG"}],"circlet_count":0,"master_deck":["Survivor+1","Neutralize+1","Phantasmal Killer+1","Reflex+1","Skewer+1","Bane+1","Finisher+1","Blur+1","Adrenaline+1","Well Laid Plans+1","Prepared+1","Leg Sweep+1","Dash+1","Dagger Spray+1","Envenom+1","Terror+1","Catalyst+1","Riddle With Holes+1","Leg Sweep+1","Dagger Throw+1","Adrenaline+1","PiercingWail+1","Footwork+1","Footwork+1","Endless Agony+1","Backflip+1","Noxious Fumes+1","Crippling Poison+1","Night Terror+1","Flechettes+1","Malaise"],"relics":["Pandora\u0027s Box","The Courier","MealTicket","Shuriken","Molten Egg 2","Shovel","Boot","HoveringKite","Ornamental Fan","Bag of Marbles","Meat on the Bone","Pear","Singing Bowl","Frozen Egg 2","Matryoshka","Ice Cream","Sundial","Strange Spoon","Torii","Busted Crown","Mark of the Bloom","Ancient Tea Set","Gambling Chip","Orichalcum","Bag of Preparation","Bottled Tornado","Anchor","Incense Burner","Vajra","Mercury Hourglass","White Beast Statue"],"acts_visited":["Exordium","TheCity","TheBeyond","TheEnding"],"potions_floor_usage":[55],"damage_taken":[{"damage":0.0,"enemies":"2 Louse","floor":1.0,"turns":2.0},{"damage":0.0,"enemies":"Small Slimes","floor":5.0,"turns":2.0},{"damage":10.0,"enemies":"3 Sentries","floor":7.0,"turns":6.0},{"damage":0.0,"enemies":"Cultist","floor":8.0,"turns":2.0},{"damage":4.0,"enemies":"Lagavulin","floor":10.0,"turns":4.0},{"damage":2.0,"enemies":"Lots of Slimes","floor":11.0,"turns":2.0},{"damage":0.0,"enemies":"Gremlin Nob","floor":12.0,"turns":2.0},{"damage":0.0,"enemies":"Exordium Thugs","floor":13.0,"turns":3.0},{"damage":3.0,"enemies":"3 Louse","floor":14.0,"turns":4.0},{"damage":17.0,"enemies":"Slime Boss","floor":16.0,"turns":4.0},{"damage":0.0,"enemies":"3 Byrds","floor":18.0,"turns":2.0},{"damage":0.0,"enemies":"Shell Parasite","floor":19.0,"turns":4.0},{"damage":19.0,"enemies":"Book of Stabbing","floor":23.0,"turns":5.0},{"damage":12.0,"enemies":"Gremlin Leader","floor":25.0,"turns":5.0},{"damage":0.0,"enemies":"Chosen and Byrds","floor":28.0,"turns":4.0},{"damage":7.0,"enemies":"Slavers","floor":29.0,"turns":8.0},{"damage":1.0,"enemies":"Champ","floor":33.0,"turns":7.0},{"damage":17.0,"enemies":"3 Darklings","floor":35.0,"turns":6.0},{"damage":1.0,"enemies":"Orb Walker","floor":36.0,"turns":4.0},{"damage":8.0,"enemies":"Spire Growth","floor":38.0,"turns":3.0},{"damage":0.0,"enemies":"Maw","floor":39.0,"turns":3.0},{"damage":2.0,"enemies":"Nemesis","floor":40.0,"turns":5.0},{"damage":0.0,"enemies":"Jaw Worm Horde","floor":42.0,"turns":3.0},{"damage":0.0,"enemies":"Reptomancer","floor":46.0,"turns":2.0},{"damage":0.0,"enemies":"Transient","floor":48.0,"turns":4.0},{"damage":0.0,"enemies":"Time Eater","floor":50.0,"turns":3.0},{"damage":1.0,"enemies":"Shield and Spear","floor":54.0,"turns":4.0},{"damage":47,"enemies":"The Heart","floor":55,"turns":6}],"seed_played":"975587998068842005","potions_obtained":[{"floor":1.0,"key":"AttackPotion"},{"floor":12.0,"key":"CunningPotion"},{"floor":13.0,"key":"Regen Potion"},{"floor":14.0,"key":"Regen Potion"},{"floor":16.0,"key":"Dexterity Potion"},{"floor":18.0,"key":"Dexterity Potion"},{"floor":28.0,"key":"SteroidPotion"},{"floor":33.0,"key":"Swift Potion"},{"floor":36.0,"key":"Strength Potion"},{"floor":39.0,"key":"LiquidMemories"},{"floor":42.0,"key":"PowerPotion"},{"floor":54.0,"key":"SteroidPotion"}],"is_trial":false,"path_per_floor":["M","?","$","?","M","R","E","M","T","E","M","E","M","M","R","B",null,"M","M","$","?","?","E","R","E","T","R","M","E","R","$","R","B",null,"M","M","?","M","M","E","R","M","T","$","?","E","R","M","R","B",null,"R","$","E","B",null],"character_chosen":"THE_SILENT","items_purchased":["Dash","Ornamental Fan","Footwork","Strange Spoon","Crippling Poison","Bag of Preparation","Bottled Tornado","Anchor","Block Potion"],"campfire_rested":0,"item_purchase_floors":[3,20,20,31,31,44,44,44,53],"current_hp_per_floor":[70,70,70,70,70,70,60,60,60,56,54,54,54,51,51,34,70,70,70,70,70,70,51,61,63,63,63,65,58,58,73,73,72,82,67,68,68,60,60,58,58,58,58,58,58,58,58,58,58,58,58,58,58,57,10],"gold":32,"neow_bonus":"BOSS_RELIC","is_daily":false,"chose_seed":false,"campfire_upgraded":1,"win_rate":0.0,"timestamp":1608007905,"path_taken":["M","?","$","?","M","R","E","?","T","E","M","E","M","M","R","BOSS","M","?","$","?","?","E","R","E","T","R","M","E","R","$","R","BOSS","M","M","?","M","M","E","R","M","T","$","?","E","R","?","R","BOSS","R","$","E","BOSS"],"items_purchased_type":["Card","Relic","Card","Relic","Card","Relic","Relic","Relic","Potion"],"build_version":"2020-12-13","purchased_purges":1,"victory":true,"max_hp_per_floor":[70,70,70,70,70,70,70,70,70,70,70,70,70,70,70,70,70,70,70,70,70,70,70,80,80,80,80,82,82,82,82,82,82,82,84,86,86,88,90,92,92,94,94,94,94,94,94,96,96,96,96,96,96,98,98],"relic_stats":{"Mark of the Bloom":150,"Singing Bowl":18,"Torii":10,"counters":[28,109],"HoveringKite":[42],"Bag of Preparation":[10],"Orichalcum":[6],"Boot":[70],"Mercury Hourglass":[27],"Strange Spoon":[58],"Shovel":8,"Busted Crown":18,"Shuriken":[37],"Ornamental Fan":[112],"Sundial":[4],"Gambling Chip":[18],"Pandora\u0027s Box":["Phantasmal Killer","Reflex","Skewer","Bane","Finisher","Blur","Quick Slash","Adrenaline","Well Laid Plans","Prepared"],"MealTicket":15,"obtain_stats":[{"Ice Cream":29,"Mark of the Bloom":37,"Singing Bowl":25,"Torii":32,"HoveringKite":17,"Vajra":47,"Bag of Preparation":44,"Incense Burner":46,"Bottled Tornado":44,"Boot":15,"Ancient Tea Set":40,"Shovel":12,"Matryoshka":27,"Sundial":30,"Gambling Chip":41,"MealTicket":7,"Ring of the Snake":0,"Pear":24,"The Courier":2,"Frozen Egg 2":26,"Orichalcum":43,"White Beast Statue":54,"Mercury Hourglass":52,"Strange Spoon":31,"Anchor":44,"Busted Crown":34,"Shuriken":9,"Ornamental Fan":20,"Pandora\u0027s Box":0,"Molten Egg 2":10,"Bag of Marbles":21,"Meat on the Bone":23},{"Ice Cream":16,"Mark of the Bloom":19,"Singing Bowl":14,"Torii":16,"HoveringKite":10,"Vajra":24,"Bag of Preparation":23,"Incense Burner":24,"Bottled Tornado":23,"Boot":9,"Ancient Tea Set":22,"Shovel":7,"Matryoshka":14,"Sundial":16,"Gambling Chip":22,"MealTicket":3,"Ring of the Snake":0,"Pear":13,"The Courier":1,"Frozen Egg 2":14,"Orichalcum":23,"White Beast Statue":27,"Mercury Hourglass":26,"Strange Spoon":16,"Anchor":23,"Busted Crown":17,"Shuriken":4,"Ornamental Fan":12,"Pandora\u0027s Box":0,"Molten Egg 2":5,"Bag of Marbles":12,"Meat on the Bone":13},{"Ice Cream":59,"Mark of the Bloom":76,"Singing Bowl":47,"Torii":59,"HoveringKite":31,"Vajra":92,"Bag of Preparation":90,"Incense Burner":92,"Bottled Tornado":90,"Boot":27,"Ancient Tea Set":87,"Shovel":20,"Matryoshka":47,"Sundial":59,"Gambling Chip":87,"MealTicket":10,"Ring of the Snake":0,"Pear":42,"The Courier":2,"Frozen Egg 2":47,"Orichalcum":90,"White Beast Statue":103,"Mercury Hourglass":99,"Strange Spoon":59,"Anchor":90,"Busted Crown":66,"Shuriken":12,"Ornamental Fan":37,"Pandora\u0027s Box":0,"Molten Egg 2":16,"Bag of Marbles":37,"Meat on the Bone":42}],"Meat on the Bone":0},"card_choices":[{"not_picked":["Accuracy","Endless Agony"],"picked":"Leg Sweep","floor":1.0},{"not_picked":["Leg Sweep","Acrobatics"],"picked":"Dagger Spray","floor":5.0},{"not_picked":["Sucker Punch","All Out Attack"],"picked":"Envenom","floor":7.0},{"not_picked":["Well Laid Plans","Dagger Spray","Blur"],"picked":"SKIP","floor":8.0},{"not_picked":["Acrobatics","Reflex"],"picked":"Terror","floor":10.0},{"not_picked":["PiercingWail","Outmaneuver"],"picked":"Catalyst","floor":11.0},{"not_picked":["Terror","Heel Hook+1"],"picked":"Riddle With Holes+1","floor":12.0},{"not_picked":["Quick Slash+1","Backflip"],"picked":"Leg Sweep","floor":13.0},{"not_picked":["Deflect","Heel Hook+1"],"picked":"Dagger Throw+1","floor":14.0},{"not_picked":["Doppelganger","Malaise"],"picked":"Adrenaline","floor":16.0},{"not_picked":["Reflex+1","Outmaneuver"],"picked":"PiercingWail","floor":18.0},{"not_picked":["PiercingWail","Bane+1"],"picked":"Footwork","floor":19.0},{"not_picked":["Backflip","Setup"],"picked":"Endless Agony+1","floor":23.0},{"not_picked":["Accuracy+1","Acrobatics+1"],"picked":"Backflip+1","floor":25.0},{"not_picked":["Distraction+1","Masterful Stab+1","Riddle With Holes+1"],"picked":"Singing Bowl","floor":28.0},{"not_picked":["Escape Plan","Distraction"],"picked":"Noxious Fumes+1","floor":29.0},{"not_picked":["Envenom+1","Venomology"],"picked":"Night Terror","floor":33.0},{"not_picked":["Poisoned Stab+1"],"picked":"Singing Bowl","floor":35.0},{"not_picked":["Quick Slash+1"],"picked":"Singing Bowl","floor":36.0},{"not_picked":["Bane+1"],"picked":"Singing Bowl","floor":38.0},{"not_picked":["Choke+1"],"picked":"Singing Bowl","floor":39.0},{"not_picked":["Footwork+1"],"picked":"Singing Bowl","floor":40.0},{"not_picked":["Outmaneuver+1"],"picked":"Singing Bowl","floor":42.0},{"not_picked":[],"picked":"Malaise","floor":46.0},{"not_picked":["Quick Slash+1"],"picked":"Singing Bowl","floor":48.0},{"not_picked":["Quick Slash+1"],"picked":"Singing Bowl","floor":54.0}],"player_experience":228808,"relics_obtained":[{"floor":7.0,"key":"MealTicket"},{"floor":9.0,"key":"Shuriken"},{"floor":10.0,"key":"Molten Egg 2"},{"floor":12.0,"key":"Shovel"},{"floor":15.0,"key":"Boot"},{"floor":23.0,"key":"Meat on the Bone"},{"floor":24.0,"key":"Pear"},{"floor":25.0,"key":"Singing Bowl"},{"floor":26.0,"key":"Frozen Egg 2"},{"floor":27.0,"key":"Matryoshka"},{"floor":29.0,"key":"Ice Cream"},{"floor":30.0,"key":"Sundial"},{"floor":32.0,"key":"Torii"},{"floor":40.0,"key":"Ancient Tea Set"},{"floor":41.0,"key":"Gambling Chip"},{"floor":43.0,"key":"Orichalcum"},{"floor":46.0,"key":"Incense Burner"},{"floor":47.0,"key":"Vajra"},{"floor":52.0,"key":"Mercury Hourglass"},{"floor":54.0,"key":"White Beast Statue"}],"event_choices":[{"damage_healed":0.0,"max_hp_gain":0.0,"max_hp_loss":0.0,"gold_gain":0.0,"event_name":"Big Fish","player_choice":"Box","floor":2.0,"gold_loss":0.0,"damage_taken":0.0,"relics_obtained":["The Courier"],"cards_obtained":["Regret"]},{"damage_healed":0.0,"max_hp_gain":0.0,"max_hp_loss":0.0,"gold_gain":100.0,"event_name":"Golden Shrine","player_choice":"Pray","floor":4.0,"gold_loss":0.0,"damage_taken":0.0},{"damage_healed":0.0,"max_hp_gain":0.0,"max_hp_loss":0.0,"gold_gain":0.0,"event_name":"Addict","player_choice":"Obtained Relic","floor":21.0,"gold_loss":85.0,"damage_taken":0.0,"relics_obtained":["Bag of Marbles"]},{"damage_healed":0.0,"max_hp_gain":0.0,"max_hp_loss":0.0,"gold_gain":250.0,"event_name":"The Joust","player_choice":"Bet on Owner","floor":22.0,"gold_loss":50.0,"damage_taken":0.0},{"damage_healed":0.0,"max_hp_gain":0.0,"max_hp_loss":0.0,"gold_gain":0.0,"event_name":"MindBloom","player_choice":"Upgrade","floor":37.0,"gold_loss":0.0,"damage_taken":0.0,"cards_upgraded":["Survivor","Neutralize","Phantasmal Killer","Reflex","Skewer","Bane","Finisher","Blur","Quick Slash","Adrenaline","Prepared","Leg Sweep","Dash","Dagger Spray","Envenom","Terror","Catalyst","Leg Sweep","Adrenaline","PiercingWail","Footwork","Footwork","Crippling Poison","Night Terror"],"relics_obtained":["Mark of the Bloom"]},{"damage_healed":0.0,"max_hp_gain":0.0,"max_hp_loss":0.0,"gold_gain":0.0,"cards_transformed":["Quick Slash"],"event_name":"Transmorgrifier","player_choice":"Transformed","floor":45.0,"gold_loss":0.0,"damage_taken":0.0,"cards_obtained":["Flechettes"]}],"is_beta":false,"boss_relics":[{"not_picked":["Tiny House","Fusion Hammer"],"picked":"HoveringKite"},{"not_picked":["Velvet Choker","Empty Cage"],"picked":"Busted Crown"}],"items_purged_floors":[3],"is_endless":false,"potions_floor_spawned":[1,12,13,14,16,18,28,33,36,39,42,48,54],"ascension_level":4}}