{"host":"0cm5wy4nhuju7tij","time":1608004113,"event":{"mods":["2.2 Compatiblity","AchievementEnabler","BaseMod","Better Third Choice","BetterRewards","CCEM","Colored Powertips","Custom Start","Displayed Cursed Tome","Downfall","Filter the Spire","Fireblade Mod","Hermit","Highlight Path","Minty Spire (QoL Compilation)","Permanent Neow","Pikachu Mod","Railgun Mod","Shop Mod","Spicy Shops","StSLib","The Bladedancer","The Elementalist","TheWitcher"],"gold_per_floor":[112,132,132,147,147,147,180,180,180,180,212,212,242,258,258,356,356,367,98,116,135,153,153,163,163,212,236,280,300,300,337,337,441,441,460,476,10,10,20,20,20,46,46,46,46,46,82,111,111,111,111,111,2,43,43,43],"floor_reached":55,"playtime":3668,"items_purged":["TheRailgun:Strike","TheRailgun:Strike"],"score":760,"play_id":"bef17062-1d0e-47b3-85ed-e9271c284fb5","local_time":"20201214224833","is_ascension_mode":false,"campfire_choices":[{"data":"TheRailgun:Charge","floor":6,"key":"SMITH"},{"floor":10,"key":"REST"},{"data":"TheRailgun:Magnetic_Movement","floor":12,"key":"SMITH"},{"floor":15,"key":"REST"},{"data":"TheRailgun:Iron_Dust_Field","floor":23,"key":"SMITH"},{"data":"TheRailgun:Iron_Dust_Field","floor":25,"key":"SMITH"},{"data":"TheRailgun:Magnetic_Flight","floor":30,"key":"SMITH"},{"floor":32,"key":"REST"},{"data":"TheRailgun:Judgement_Officer","floor":40,"key":"SMITH"},{"floor":44,"key":"REST"},{"floor":49,"key":"RECALL"},{"data":"TheRailgun:Iron_Dust_Sword","floor":52,"key":"SMITH"}],"circlet_count":0,"master_deck":["TheRailgun:Strike","TheRailgun:Strike+1","TheRailgun:Defend","TheRailgun:Defend","TheRailgun:Discharge","TheRailgun:Static+1","TheRailgun:Zip","TheRailgun:Charge+1","TheRailgun:Electrical_Fire","TheRailgun:Magnetic_Movement+1","Hello World","TheRailgun:Iron_Dust_Field+1","TheRailgun:Thunder","TheRailgun:Battery_Pack","TheRailgun:Heroinism+1","TheRailgun:Magnetic_Flight+1","TheRailgun:Thunderbolt","TheRailgun:Thunderjolt","TheRailgun:Iron_Dust_Field+1","TheRailgun:Positive_Field","TheRailgun:Lightningbolt","TheRailgun:Discharge+1","TheRailgun:Thunderbolt+1","TheRailgun:Spark+1","TheRailgun:Crack","TheRailgun:Gekotamania","TheRailgun:Scatter_Railgun","TheRailgun:Judgement_Officer+1","TheRailgun:Negative_Field","TheRailgun:Crackle+1","TheRailgun:Iron_Dust_Sword+1","TheRailgun:Discharge+1","TheRailgun:Crackle+1","TheRailgun:Battery_Pack","TheRailgun:Judgement_Officer"],"relics":["TheRailgun:CoinRelic","Ancient Tea Set","WingedGreaves","CCEMRelics:PorcelainBowl","Torii","Bronze Scales","Strawberry","Busted Crown","CeramicFish","Anchor","Bottled Lightning","Philosopher\u0027s Stone","Happy Flower","Chemical X","CCEMRelics:OrganicArmor","Prayer Wheel","Whetstone","CCEMRelics:DissonantTune"],"acts_visited":["Exordium","TheCity","TheBeyond","TheEnding"],"potions_floor_usage":[20,31,31,48,50,55],"damage_taken":[{"damage":0,"enemies":"Cultist","floor":1,"turns":3},{"damage":1,"enemies":"Small Slimes","floor":2,"turns":3},{"damage":5,"enemies":"Jaw Worm","floor":4,"turns":3},{"damage":10,"enemies":"3 Sentries","floor":7,"turns":4},{"damage":20,"enemies":"Lagavulin","floor":11,"turns":4},{"damage":8,"enemies":"3 Sentries","floor":13,"turns":3},{"damage":2,"enemies":"Lots of Slimes","floor":14,"turns":2},{"damage":10,"enemies":"Slime Boss","floor":16,"turns":9},{"damage":1,"enemies":"Chosen","floor":18,"turns":4},{"damage":10,"enemies":"2 Thieves","floor":20,"turns":3},{"damage":10,"enemies":"Snake Plant","floor":21,"turns":4},{"damage":14,"enemies":"Cultist and Chosen","floor":22,"turns":5},{"damage":0,"enemies":"Snecko","floor":24,"turns":5},{"damage":7,"enemies":"Chosen and Byrds","floor":27,"turns":4},{"damage":3,"enemies":"Gremlin Leader","floor":28,"turns":8},{"damage":1,"enemies":"Shelled Parasite and Fungi","floor":29,"turns":5},{"damage":15,"enemies":"Book of Stabbing","floor":31,"turns":4},{"damage":12,"enemies":"Champ","floor":33,"turns":11},{"damage":6,"enemies":"Orb Walker","floor":35,"turns":3},{"damage":18,"enemies":"3 Shapes","floor":36,"turns":3},{"damage":16,"enemies":"3 Darklings","floor":39,"turns":4},{"damage":23,"enemies":"Giant Head","floor":42,"turns":7},{"damage":20,"enemies":"Nemesis","floor":47,"turns":5},{"damage":14,"enemies":"Jaw Worm Horde","floor":48,"turns":4},{"damage":35,"enemies":"Donu and Deca","floor":50,"turns":7},{"damage":70,"enemies":"Shield and Spear","floor":54,"turns":5},{"damage":31,"enemies":"The Heart","floor":55,"turns":2}],"seed_played":"-3962539652495028883","potions_obtained":[{"floor":11,"key":"FairyPotion"},{"floor":13,"key":"Block Potion"},{"floor":16,"key":"DistilledChaos"},{"floor":21,"key":"AttackPotion"},{"floor":35,"key":"champ:CounterPotion"},{"floor":47,"key":"Regen Potion"},{"floor":54,"key":"SteroidPotion"}],"is_trial":false,"path_per_floor":["M","M","?","M","?","R","E","?","T","R","E","R","E","M","R","B",null,"M","$","M","M","M","R","M","R","T","M","E","M","R","E","R","B",null,"M","M","$","?","M","R","?","E","T","R","T","?","E","M","R","B",null,"R","$","E","B"],"character_chosen":"THE_DEFAULT","items_purchased":["TheRailgun:Thunderjolt","TheRailgun:Iron_Dust_Field","TheRailgun:Positive_Field","TheRailgun:Crackle","Happy Flower","Chemical X","TheRailgun:Iron_Dust_Sword","TheRailgun:Battery_Pack","AttackPotion"],"campfire_rested":4,"item_purchase_floors":[19,19,19,37,37,37,37,53,53],"current_hp_per_floor":[70,69,55,50,41,41,31,31,31,52,32,32,31,29,52,42,77,76,76,66,56,42,42,42,42,42,35,32,31,31,16,39,27,77,71,53,53,53,37,37,37,14,14,37,37,37,17,12,12,1,77,77,77,7,0,0],"gold":43,"neow_bonus":"RANDOM_COMMON_RELIC","is_daily":false,"chose_seed":false,"campfire_upgraded":7,"win_rate":0.0,"timestamp":1608004113,"path_taken":["M","?","?","M","?","R","E","?","T","R","E","R","E","M","R","BOSS","M","$","M","M","M","R","M","R","T","M","E","?","R","E","R","BOSS","M","M","$","?","?","R","?","E","T","R","?","?","E","M","R","BOSS","R","$","E","BOSS"],"items_purchased_type":["Card","Card","Card","Card","Relic","Relic","Card","Card","Potion"],"build_version":"2020-12-13","purchased_purges":2,"victory":false,"max_hp_per_floor":[70,70,70,70,70,70,70,70,70,70,70,70,77,77,77,77,77,77,77,77,77,77,77,77,77,77,77,77,77,77,77,77,77,77,77,77,77,77,77,77,77,77,77,77,77,77,77,77,77,77,77,77,77,77,77,77],"card_choices":[{"not_picked":["TheRailgun:Zap","TheRailgun:Gekota_Phone"],"picked":"TheRailgun:Charge","floor":1},{"not_picked":["TheRailgun:Iron_Dust_Field","TheRailgun:Pull"],"picked":"TheRailgun:Electrical_Fire","floor":2},{"not_picked":["TheRailgun:Pull","TheRailgun:Electrical_Fire"],"picked":"TheRailgun:Magnetic_Movement","floor":4},{"not_picked":["TheRailgun:Zip","TheRailgun:Circuit_Breaker"],"picked":"TheRailgun:Iron_Dust_Field","floor":7},{"not_picked":["TheRailgun:Circuitous","TheRailgun:Zap","TheRailgun:Circuit_Breaker"],"picked":"SKIP","floor":11},{"not_picked":["TheRailgun:Railgun","TheRailgun:Gekotamania"],"picked":"TheRailgun:Battery_Pack","floor":13},{"not_picked":["TheRailgun:Zap","TheRailgun:Charge"],"picked":"TheRailgun:Heroinism","floor":14},{"not_picked":["TheRailgun:Circuitous","TheRailgun:Judgement_Officer"],"picked":"TheRailgun:Magnetic_Flight","floor":16},{"not_picked":[],"picked":"TheRailgun:Thunderbolt","floor":18},{"not_picked":[],"picked":"TheRailgun:Lightningbolt","floor":20},{"not_picked":[],"picked":"TheRailgun:Discharge+1","floor":21},{"not_picked":[],"picked":"TheRailgun:Thunderbolt+1","floor":22},{"not_picked":[],"picked":"TheRailgun:Spark","floor":24},{"not_picked":[],"picked":"TheRailgun:Crack","floor":27},{"not_picked":[],"picked":"TheRailgun:Gekotamania","floor":28},{"not_picked":["TheRailgun:Mental_Out"],"picked":"SKIP","floor":29},{"not_picked":[],"picked":"TheRailgun:Scatter_Railgun","floor":31},{"not_picked":[],"picked":"TheRailgun:Judgement_Officer","floor":33},{"not_picked":[],"picked":"TheRailgun:Negative_Field","floor":35},{"not_picked":["TheRailgun:Sister_Network"],"picked":"SKIP","floor":36},{"not_picked":["TheRailgun:Push"],"picked":"SKIP","floor":39},{"not_picked":["TheRailgun:Electrical_Fire"],"picked":"SKIP","floor":42},{"not_picked":[],"picked":"TheRailgun:Discharge+1","floor":47},{"not_picked":[],"picked":"TheRailgun:Crackle+1","floor":48},{"not_picked":["TheRailgun:Token_Collection"],"picked":"SKIP","floor":48},{"not_picked":[],"picked":"TheRailgun:Judgement_Officer","floor":54}],"player_experience":202283,"relics_obtained":[{"floor":7,"key":"CCEMRelics:PorcelainBowl"},{"floor":9,"key":"Torii"},{"floor":11,"key":"Bronze Scales"},{"floor":13,"key":"Strawberry"},{"floor":26,"key":"CeramicFish"},{"floor":28,"key":"Anchor"},{"floor":31,"key":"Bottled Lightning"},{"floor":42,"key":"CCEMRelics:OrganicArmor"},{"floor":45,"key":"Prayer Wheel"},{"floor":47,"key":"Whetstone"},{"floor":54,"key":"CCEMRelics:DissonantTune"}],"event_choices":[{"damage_healed":69,"gold_gain":0,"player_choice":"Upgrade","damage_taken":14,"max_hp_gain":0,"max_hp_loss":70,"event_name":"betterThird:BetterShining","floor":3,"gold_loss":0,"cards_upgraded":["TheRailgun:Static","TheRailgun:Strike"]},{"damage_healed":0,"gold_gain":0,"cards_transformed":["TheRailgun:Defend"],"player_choice":"Transformed","damage_taken":0,"max_hp_gain":0,"max_hp_loss":0,"event_name":"Transmorgrifier","floor":8,"gold_loss":0,"cards_obtained":["TheRailgun:Thunder"]},{"damage_healed":0,"gold_gain":0,"player_choice":"Ignored","damage_taken":0,"max_hp_gain":0,"max_hp_loss":0,"event_name":"NoteForYourself","floor":38,"gold_loss":0},{"cards_removed":["TheRailgun:Defend"],"damage_healed":0,"gold_gain":0,"player_choice":"Removed Skill","damage_taken":0,"max_hp_gain":0,"max_hp_loss":0,"event_name":"Falling","floor":41,"gold_loss":0},{"damage_healed":0,"gold_gain":0,"player_choice":"Upgraded","damage_taken":0,"max_hp_gain":0,"max_hp_loss":0,"event_name":"Upgrade Shrine","floor":46,"gold_loss":0,"cards_upgraded":["TheRailgun:Heroinism"]}],"is_beta":false,"boss_relics":[{"not_picked":["Empty Cage","Calling Bell"],"picked":"Busted Crown"},{"not_picked":["Tiny House","Runic Dome"],"picked":"Philosopher\u0027s Stone"}],"items_purged_floors":[19,37],"is_endless":false,"potions_floor_spawned":[11,13,16,21,24,27,29,35,47,48,54],"killed_by":"The Heart","ascension_level":0}}