{"host":"goj2s4fnav97bn09","time":1608005510,"event":{"mods":["AchievementEnabler","Act Like it!","BaseMod","Colored Map","Downfall","GifTheSpireLib","Hermit","Infinite Spire","Minty Spire (QoL Compilation)","READ ME - Guardian Mod","Replay The Spire","Shop Mod","StSLib","The Hierophant","The Runesmith","The Servant 0.9.4"],"gold_per_floor":[114,39,39,56,74,106,106,139,139,139,156,156,156,156],"floor_reached":13,"playtime":515,"items_purged":["Strike_G"],"score":121,"play_id":"5d73a7bf-4779-462f-9009-b8db10b7f582","local_time":"20201214221150","is_ascension_mode":true,"campfire_choices":[{"data":"Leg Sweep","floor":7,"key":"SMITH"},{"data":"ReplayTheSpireMod:Scrap Shanks","floor":10,"key":"SMITH"}],"circlet_count":0,"master_deck":["Strike_G","Strike_G","Strike_G","Defend_G","Defend_G","Defend_G","Defend_G","Defend_G","Survivor","Neutralize","Backflip","Poisoned Stab","Dagger Throw","Leg Sweep+1","ReplayTheSpireMod:Scrap Shanks+1","Sucker Punch"],"relics":["Ring of the Snake","NeowsBlessing","Peace Pipe","Ornamental Fan","Bird Faced Urn"],"acts_visited":["Exordium"],"potions_floor_usage":[],"damage_taken":[{"damage":0,"enemies":"Cultist","floor":1,"turns":1},{"damage":0,"enemies":"2 Louse","floor":4,"turns":1},{"damage":0,"enemies":"Jaw Worm","floor":5,"turns":1},{"damage":15,"enemies":"Replay:BlueRogue","floor":6,"turns":8},{"damage":26,"enemies":"Gremlin Nob","floor":8,"turns":5},{"damage":18,"enemies":"Lots of Slimes","floor":11,"turns":5},{"damage":8,"enemies":"Lagavulin","floor":13,"turns":8}],"seed_played":"-789560121145345218","potions_obtained":[{"floor":4,"key":"GhostInAJar"},{"floor":6,"key":"SmokeBomb"},{"floor":8,"key":"LifebloodPotion"}],"is_trial":false,"path_per_floor":["M","$","?","M","M","E","R","E","T","R","M","?","E"],"character_chosen":"THE_SILENT","items_purchased":[],"campfire_rested":0,"item_purchase_floors":[],"current_hp_per_floor":[63,63,63,63,63,48,48,22,22,22,6,6,0,0],"gold":156,"neow_bonus":"THREE_ENEMY_KILL","is_daily":false,"chose_seed":false,"campfire_upgraded":2,"win_rate":0.0,"timestamp":1608005510,"path_taken":["M","?","?","M","M","E","R","E","T","R","?","?","E"],"items_purchased_type":[],"build_version":"2020-12-13","purchased_purges":1,"victory":false,"max_hp_per_floor":[70,70,70,70,70,70,70,70,70,70,70,70,70,70],"card_choices":[{"not_picked":["Infinite Blades","Flying Knee"],"picked":"Backflip","floor":1},{"not_picked":["Underhanded Strike","Acrobatics"],"picked":"Poisoned Stab","floor":4},{"not_picked":["Tactician","Blade Dance"],"picked":"Dagger Throw","floor":5},{"not_picked":["ReplayTheSpireMod:Tripwire","Flechettes"],"picked":"Leg Sweep","floor":6},{"not_picked":["Prepared","Blur"],"picked":"ReplayTheSpireMod:Scrap Shanks","floor":8},{"not_picked":["PiercingWail","Blade Dance"],"picked":"Sucker Punch","floor":11}],"player_experience":387871,"relics_obtained":[{"floor":6,"key":"Peace Pipe"},{"floor":8,"key":"Ornamental Fan"},{"floor":9,"key":"Bird Faced Urn"}],"event_choices":[{"cards_removed":["Strike_G"],"damage_healed":0,"gold_gain":0,"player_choice":"Offered Basic","damage_taken":0,"max_hp_gain":0,"max_hp_loss":0,"event_name":"Bonfire Elementals","floor":3,"gold_loss":0},{"damage_healed":0,"gold_gain":0,"player_choice":"Bought 0 Potions","damage_taken":0,"max_hp_gain":0,"max_hp_loss":0,"event_name":"The Woman in Blue","floor":12,"gold_loss":0}],"is_beta":false,"boss_relics":[],"items_purged_floors":[2],"is_endless":false,"potions_floor_spawned":[4,6,8,11],"killed_by":"Lagavulin","ascension_level":6}}