{"host":"7nopzcxpi7o4g3yx","time":1608050342,"event":{"mods":["AchievementEnabler","BaseMod","Colored Powertips","Minty Spire (QoL Compilation)","Quick Restart","StSLib","The Servant 0.9.4"],"gold_per_floor":[111,186,201,201,201,228,228,245,270,305,320,332,332,363,363,461,461,479,76,95,95,95,127,146,146,146,177,177,193,224,243,243,346,346,358,358,370,225,0,34,34,34,82,82,82,101,143,164,164,164],"floor_reached":51,"playtime":3628,"items_purged":[],"score":922,"play_id":"a66536a5-8626-4289-a3f7-a2041b67bb7a","local_time":"20201215173902","is_ascension_mode":true,"campfire_choices":[{"data":"InstantArmor","floor":7,"key":"SMITH"},{"floor":13,"key":"REST"},{"data":"FlawlessForm","floor":15,"key":"SMITH"},{"data":"Sunlight","floor":25,"key":"SMITH"},{"data":"BottledTime","floor":32,"key":"SMITH"},{"floor":41,"key":"REST"},{"data":"Luminosity","floor":45,"key":"SMITH"},{"data":"TheWorld","floor":49,"key":"SMITH"}],"circlet_count":0,"master_deck":["Defend_S","Defend_S+1","Defend_S","Defend_S","KidneyShot","Exchange+1","Misdirection","WasteNot","InstantArmor+1","GearUp","FanOfKnives","Luminosity+1","Ricochet","GearUp","FlawlessForm+1","Sunlight+1","Gouge+1","Bite","Bite","Bite","Bite","Bite","BestPractice+1","Alleviate+1","Spin+1","Contraction+1","TimeWarp","BottledTime+1","TheWorld+1","FanOfKnives+1","Potential+1","Replace+1","Duplication","Madness","Madness","DoubleEdge","Read+1","Rearm+1"],"relics":["Uniform","NeowsBlessing","Broom","Nunchaku","Dream Catcher","Eternal Feather","Black Star","Pan","Mummified Hand","Matryoshka","War Paint","Omamori","Ancient Tea Set","Pear","Blood Vial","Pen Nib","Centennial Puzzle","Anchor","Calling Bell","Akabeko","Gremlin Horn","Incense Burner","Sling","Red Mask","White Beast Statue","Bronze Scales","Strawberry","CeramicFish","StoneCalendar","Pantograph"],"acts_visited":["Exordium","TheCity","TheBeyond"],"potions_floor_usage":[14,16,24,30,31,33,50],"damage_taken":[{"damage":0,"enemies":"Jaw Worm","floor":1,"turns":1},{"damage":0,"enemies":"2 Louse","floor":3,"turns":1},{"damage":0,"enemies":"3 Sentries","floor":6,"turns":2},{"damage":0,"enemies":"Cultist","floor":8,"turns":3},{"damage":7,"enemies":"Gremlin Nob","floor":10,"turns":5},{"damage":0,"enemies":"Large Slime","floor":11,"turns":5},{"damage":0,"enemies":"2 Fungi Beasts","floor":12,"turns":2},{"damage":5,"enemies":"3 Sentries","floor":14,"turns":5},{"damage":37,"enemies":"The Guardian","floor":16,"turns":17},{"damage":0,"enemies":"3 Byrds","floor":18,"turns":5},{"damage":17,"enemies":"2 Thieves","floor":20,"turns":4},{"damage":26,"enemies":"Slavers","floor":23,"turns":4},{"damage":11,"enemies":"3 Cultists","floor":24,"turns":5},{"damage":4,"enemies":"Gremlin Leader","floor":27,"turns":5},{"damage":6,"enemies":"Snake Plant","floor":29,"turns":3},{"damage":3,"enemies":"Book of Stabbing","floor":30,"turns":5},{"damage":0,"enemies":"Snecko","floor":31,"turns":3},{"damage":70,"enemies":"Automaton","floor":33,"turns":14},{"damage":0,"enemies":"3 Shapes","floor":35,"turns":1},{"damage":0,"enemies":"Orb Walker","floor":37,"turns":2},{"damage":34,"enemies":"Giant Head","floor":40,"turns":8},{"damage":6,"enemies":"Transient","floor":46,"turns":5},{"damage":0,"enemies":"Nemesis","floor":47,"turns":3},{"damage":0,"enemies":"Writhing Mass","floor":48,"turns":7},{"damage":41,"enemies":"Donu and Deca","floor":50,"turns":8}],"seed_played":"7703735635238743948","potions_obtained":[{"floor":1,"key":"LiquidBronze"},{"floor":6,"key":"Explosive Potion"},{"floor":10,"key":"DuplicationPotion"},{"floor":16,"key":"SpeedPotion"},{"floor":18,"key":"SneckoOil"},{"floor":24,"key":"DuplicationPotion"},{"floor":28,"key":"GamblersBrew"},{"floor":31,"key":"DuplicationPotion"},{"floor":37,"key":"FairyPotion"},{"floor":40,"key":"Explosive Potion"},{"floor":48,"key":"DistilledChaos"}],"is_trial":false,"path_per_floor":["M","?","M","?","?","E","R","M","T","E","M","M","R","E","R","B",null,"M","$","M","?","?","E","M","R","T","E","?","M","E","M","R","B",null,"M","$","M","$","?","E","R","?","T","?","R","M","E","M","R","B",null],"character_chosen":"THE_SERVANT","items_purchased":["Pan","Mummified Hand","Sling"],"campfire_rested":2,"item_purchase_floors":[19,19,38],"current_hp_per_floor":[65,54,54,59,59,59,59,59,59,52,52,52,70,65,70,33,70,70,70,53,53,49,27,26,41,51,57,57,56,56,58,59,6,59,59,59,59,59,59,25,59,52,59,59,66,60,66,66,66,30],"gold":164,"neow_bonus":"THREE_ENEMY_KILL","is_daily":false,"chose_seed":false,"campfire_upgraded":6,"win_rate":0.0,"timestamp":1608050342,"path_taken":["M","?","M","?","?","E","R","M","T","E","M","?","R","E","R","BOSS","M","$","M","?","?","E","M","R","T","E","?","?","E","M","R","BOSS","M","$","M","$","?","E","R","?","T","?","R","?","E","M","R","BOSS"],"items_purchased_type":["Relic","Relic","Relic"],"build_version":"2020-12-13","purchased_purges":0,"victory":true,"max_hp_per_floor":[65,65,65,70,70,70,70,70,70,70,70,70,70,70,70,70,70,70,70,70,70,49,49,49,49,59,59,59,59,59,59,59,59,59,59,59,59,59,59,59,59,59,66,66,66,66,66,66,66,66],"card_choices":[{"not_picked":["SurpressingFire","Spin"],"picked":"Misdirection","floor":1},{"not_picked":["Shuttle","Advance"],"picked":"FastForward","floor":3},{"not_picked":["Starlight","Contraction"],"picked":"InstantArmor","floor":6},{"not_picked":["Spin","InstantArmor"],"picked":"GearUp","floor":8},{"not_picked":["Reset","Ricochet"],"picked":"FanOfKnives","floor":10},{"not_picked":["Moondial","DualDimension"],"picked":"Luminosity","floor":11},{"not_picked":["TimeWarp","RealityMarble"],"picked":"Ricochet","floor":12},{"not_picked":["Barrier","Replace"],"picked":"GearUp","floor":13},{"not_picked":["Rearm","Revamp"],"picked":"FlawlessForm","floor":14},{"not_picked":["ForgedInTime","FlawlessForm"],"picked":"Sunlight","floor":16},{"not_picked":["Replace","Shuttle"],"picked":"Unruled","floor":18},{"not_picked":["Collapse","Read"],"picked":"Gouge+1","floor":20},{"not_picked":["Starlight","Replace"],"picked":"BestPractice+1","floor":23},{"not_picked":["Potential","Rearm"],"picked":"Alleviate+1","floor":24},{"not_picked":["Advance+1","Barrier"],"picked":"Spin+1","floor":27},{"not_picked":["ShatteredReality+1","DoubleEdge+1"],"picked":"Contraction+1","floor":29},{"not_picked":["WasteNot","Unruled"],"picked":"TimeWarp","floor":30},{"not_picked":["Rearm","Misdirection+1"],"picked":"BottledTime","floor":31},{"not_picked":["FlawlessForm","FloweringNight"],"picked":"TheWorld","floor":33},{"not_picked":["Replace+1","Rewind"],"picked":"FanOfKnives+1","floor":35},{"not_picked":["Alleviate+1","Ricochet+1"],"picked":"Potential+1","floor":37},{"not_picked":["TimeWarp","Potential"],"picked":"Replace+1","floor":40},{"not_picked":["Revamp+1","TimeWarp"],"picked":"Duplication","floor":41},{"not_picked":["Ricochet+1","TimeWarp+1"],"picked":"DoubleEdge","floor":46},{"not_picked":["Spin","BottledTime"],"picked":"Read+1","floor":47},{"not_picked":["Misdirection+1","ShatteredReality+1"],"picked":"Rearm+1","floor":48}],"player_experience":263020,"relics_obtained":[{"floor":6,"key":"Broom"},{"floor":9,"key":"Nunchaku"},{"floor":10,"key":"Dream Catcher"},{"floor":14,"key":"Eternal Feather"},{"floor":23,"key":"War Paint"},{"floor":23,"key":"Omamori"},{"floor":26,"key":"Ancient Tea Set"},{"floor":26,"key":"Pear"},{"floor":27,"key":"Blood Vial"},{"floor":27,"key":"Pen Nib"},{"floor":30,"key":"Centennial Puzzle"},{"floor":30,"key":"Anchor"},{"floor":34,"key":"Akabeko"},{"floor":34,"key":"Gremlin Horn"},{"floor":34,"key":"Incense Burner"},{"floor":40,"key":"White Beast Statue"},{"floor":40,"key":"Bronze Scales"},{"floor":43,"key":"Strawberry"},{"floor":43,"key":"CeramicFish"},{"floor":47,"key":"StoneCalendar"},{"floor":47,"key":"Pantograph"}],"event_choices":[{"damage_healed":0,"gold_gain":75,"player_choice":"Gather Gold","damage_taken":11,"max_hp_gain":0,"max_hp_loss":0,"event_name":"World of Goop","floor":2,"gold_loss":0},{"damage_healed":0,"gold_gain":0,"player_choice":"Donut","damage_taken":0,"max_hp_gain":5,"max_hp_loss":0,"event_name":"Big Fish","floor":4,"gold_loss":0},{"damage_healed":0,"gold_gain":0,"cards_transformed":["FastForward"],"player_choice":"Transformed","damage_taken":0,"max_hp_gain":0,"max_hp_loss":0,"event_name":"Transmorgrifier","floor":5,"gold_loss":0,"cards_obtained":["WasteNot"]},{"damage_healed":0,"gold_gain":0,"player_choice":"Opened","damage_taken":0,"relics_obtained":["Matryoshka"],"max_hp_gain":0,"max_hp_loss":0,"event_name":"The Mausoleum","floor":21,"gold_loss":0},{"damage_healed":0,"gold_gain":0,"player_choice":"Became a vampire","damage_taken":0,"max_hp_gain":0,"max_hp_loss":21,"event_name":"Vampires","floor":22,"gold_loss":0,"cards_obtained":["Bite","Bite","Bite","Bite","Bite"]},{"damage_healed":0,"gold_gain":0,"player_choice":"Got Potions","damage_taken":0,"max_hp_gain":0,"max_hp_loss":0,"event_name":"Lab","floor":28,"gold_loss":0},{"damage_healed":0,"gold_gain":0,"player_choice":"Paid","damage_taken":0,"relics_obtained":["Red Mask"],"max_hp_gain":0,"max_hp_loss":0,"event_name":"Tomb of Lord Red Mask","floor":39,"gold_loss":225},{"damage_healed":0,"gold_gain":0,"player_choice":"Embrace Madness","damage_taken":7,"max_hp_gain":0,"max_hp_loss":0,"event_name":"Winding Halls","floor":42,"gold_loss":0,"cards_obtained":["Madness","Madness"]},{"cards_removed":["Unruled"],"damage_healed":0,"gold_gain":0,"player_choice":"Removed Attack","damage_taken":0,"max_hp_gain":0,"max_hp_loss":0,"event_name":"Falling","floor":44,"gold_loss":0}],"is_beta":false,"boss_relics":[{"not_picked":["Philosopher\u0027s Stone","Velvet Choker"],"picked":"Black Star"},{"not_picked":["Astrolabe","Cursed Key"],"picked":"Calling Bell"}],"items_purged_floors":[],"is_endless":false,"potions_floor_spawned":[1,6,10,12,16,18,20,24,31,37,40,46,47,48],"ascension_level":1}}