{"host":"bg8va46pgqgvtzim","time":1608041673,"event":{"mods":["BaseMod","Minty Spire (QoL Compilation)","Quick Restart","StSLib","SuperFastMode"],"gold_per_floor":[13,30,41,61,79,79,92,92,92,92,110,120,139,139,139,234,234,244,244,256,283,302,302,302,302,325,373,408,428,527,306,306,402,402,419,436,462,462,472,472,503,503,528,528,528,552,564,584,584,584,584,584,138,169,169],"floor_reached":56,"playtime":1170,"items_purged":["Strike_G","Defend_G"],"score":1467,"play_id":"07d5f33d-16ae-46aa-81c5-6c0dc4c72fc3","local_time":"20201215221433","is_ascension_mode":true,"campfire_choices":[{"data":"Skewer","floor":6.0,"key":"SMITH"},{"data":"Dash","floor":8.0,"key":"SMITH"},{"data":"Neutralize","floor":10.0,"key":"SMITH"},{"data":"Blur","floor":15.0,"key":"SMITH"},{"data":"Calculated Gamble","floor":23.0,"key":"SMITH"},{"data":"Corpse Explosion","floor":25.0,"key":"SMITH"},{"data":"Terror","floor":32.0,"key":"SMITH"},{"data":"Acrobatics","floor":40.0,"key":"SMITH"},{"floor":42.0,"key":"RECALL"},{"data":"Adrenaline","floor":44.0,"key":"SMITH"},{"data":"Accuracy","floor":49.0,"key":"SMITH"},{"data":"Tools of the Trade","floor":52.0,"key":"SMITH"}],"circlet_count":0,"master_deck":["Defend_G+1","Defend_G","Defend_G","Defend_G","Survivor+1","Neutralize+1","Blur+1","After Image","Accuracy+1","Dash+1","Skewer+1","Corpse Explosion+1","Calculated Gamble+1","Necronomicurse","Tactician+1","Terror+1","Escape Plan","Adrenaline+1","Acrobatics+1","Setup+1","Tools of the Trade+1","Infinite Blades+1"],"relics":["Ring of the Snake","Tiny Chest","War Paint","Coffee Dripper","Necronomicon","Bag of Preparation","Potion Belt","Centennial Puzzle","Akabeko","Chemical X","Empty Cage","Meat on the Bone","Bronze Scales","Nunchaku","ClockworkSouvenir","Pen Nib","Du-Vu Doll"],"acts_visited":["Exordium","TheCity","TheBeyond","TheEnding"],"potions_floor_usage":[55,55,55,55,55],"damage_taken":[{"damage":2.0,"enemies":"Cultist","floor":1.0,"turns":7.0},{"damage":0.0,"enemies":"Small Slimes","floor":2.0,"turns":4.0},{"damage":0.0,"enemies":"2 Louse","floor":3.0,"turns":5.0},{"damage":0.0,"enemies":"Looter","floor":4.0,"turns":4.0},{"damage":4.0,"enemies":"2 Fungi Beasts","floor":5.0,"turns":4.0},{"damage":1.0,"enemies":"Exordium Wildlife","floor":7.0,"turns":5.0},{"damage":0.0,"enemies":"Blue Slaver","floor":11.0,"turns":5.0},{"damage":2.0,"enemies":"Lots of Slimes","floor":12.0,"turns":7.0},{"damage":0.0,"enemies":"Looter","floor":13.0,"turns":2.0},{"damage":32.0,"enemies":"Hexaghost","floor":16.0,"turns":15.0},{"damage":0.0,"enemies":"Chosen","floor":18.0,"turns":5.0},{"damage":0.0,"enemies":"2 Thieves","floor":20.0,"turns":3.0},{"damage":0.0,"enemies":"Cultist and Chosen","floor":22.0,"turns":3.0},{"damage":6.0,"enemies":"Book of Stabbing","floor":28.0,"turns":6.0},{"damage":0.0,"enemies":"Centurion and Healer","floor":29.0,"turns":2.0},{"damage":0.0,"enemies":"Champ","floor":33.0,"turns":5.0},{"damage":0.0,"enemies":"Orb Walker","floor":35.0,"turns":1.0},{"damage":0.0,"enemies":"3 Shapes","floor":36.0,"turns":2.0},{"damage":0.0,"enemies":"Transient","floor":39.0,"turns":5.0},{"damage":0.0,"enemies":"Reptomancer","floor":41.0,"turns":1.0},{"damage":0.0,"enemies":"3 Darklings","floor":47.0,"turns":3.0},{"damage":0.0,"enemies":"Jaw Worm Horde","floor":48.0,"turns":2.0},{"damage":0.0,"enemies":"Time Eater","floor":50.0,"turns":5.0},{"damage":0.0,"enemies":"Shield and Spear","floor":54.0,"turns":2.0},{"damage":53,"enemies":"The Heart","floor":55,"turns":7}],"seed_played":"-5783589615591295361","potions_obtained":[{"floor":1.0,"key":"AttackPotion"},{"floor":2.0,"key":"PowerPotion"},{"floor":7.0,"key":"FearPotion"},{"floor":16.0,"key":"EssenceOfSteel"},{"floor":18.0,"key":"EssenceOfSteel"},{"floor":20.0,"key":"DuplicationPotion"},{"floor":29.0,"key":"Swift Potion"},{"floor":36.0,"key":"Energy Potion"},{"floor":48.0,"key":"FearPotion"}],"is_trial":false,"path_per_floor":["M","M","M","M","M","R","M","R","T","R","M","M","M","?","R","B",null,"M","?","M","T","M","R","?","R","T","T","E","M","?","$","R","B",null,"M","M","T","?","M","R","E","R","T","R","?","T","M","M","R","B",null,"R","$","E","B",null],"character_chosen":"THE_SILENT","items_purchased":["Chemical X","ClockworkSouvenir","Pen Nib","SpeedPotion"],"campfire_rested":0,"item_purchase_floors":[31,53,53,53],"current_hp_per_floor":[68,68,68,68,64,64,63,63,63,63,63,61,61,61,61,29,70,70,54,54,54,54,54,54,54,54,54,48,48,48,48,48,48,70,70,70,70,70,70,70,70,70,70,70,70,70,70,70,70,70,70,70,70,70,29],"gold":169,"neow_bonus":"TRANSFORM_TWO_CARDS","is_daily":false,"chose_seed":false,"campfire_upgraded":11,"win_rate":0.0,"timestamp":1608041673,"path_taken":["M","M","M","M","M","R","M","R","T","R","M","M","?","?","R","BOSS","M","?","M","?","M","R","?","R","T","?","E","M","?","$","R","BOSS","M","M","?","?","?","R","E","R","T","R","?","?","M","M","R","BOSS","R","$","E","BOSS"],"items_purchased_type":["Relic","Relic","Relic","Potion"],"build_version":"2020-12-13","purchased_purges":2,"victory":true,"max_hp_per_floor":[70,70,70,70,70,70,70,70,70,70,70,70,70,70,70,70,70,70,70,70,70,70,70,70,70,70,70,70,70,70,70,70,70,70,70,70,70,70,70,70,70,70,70,70,70,70,70,70,70,70,70,70,70,70,70],"card_choices":[{"not_picked":["Blur","Flying Knee","Backflip"],"picked":"SKIP","floor":1.0},{"not_picked":["Reflex","Deflect"],"picked":"Accuracy","floor":2.0},{"not_picked":["Flying Knee","Deadly Poison"],"picked":"Dash","floor":3.0},{"not_picked":["Acrobatics","Dagger Spray"],"picked":"Skewer","floor":4.0},{"not_picked":["Accuracy","PiercingWail","Bane"],"picked":"SKIP","floor":5.0},{"not_picked":["Slice","Quick Slash","Sucker Punch"],"picked":"SKIP","floor":7.0},{"not_picked":["Prepared","Sucker Punch","Quick Slash"],"picked":"SKIP","floor":11.0},{"not_picked":["Backflip","Setup","Quick Slash"],"picked":"SKIP","floor":12.0},{"not_picked":["Riddle With Holes","Concentrate"],"picked":"Well Laid Plans","floor":13.0},{"not_picked":["Die Die Die","Burst"],"picked":"Corpse Explosion","floor":16.0},{"not_picked":["Distraction","Choke+1"],"picked":"Calculated Gamble","floor":18.0},{"not_picked":["Quick Slash","Slice","Expertise"],"picked":"SKIP","floor":20.0},{"not_picked":["Dagger Throw+1","Blur"],"picked":"Tactician+1","floor":22.0},{"not_picked":["Sucker Punch","Flying Knee"],"picked":"Terror","floor":28.0},{"not_picked":["Distraction","Finisher"],"picked":"Adrenaline","floor":29.0},{"not_picked":["PiercingWail","Bane+1"],"picked":"Escape Plan","floor":35.0},{"not_picked":["Heel Hook+1","Deflect+1","Crippling Poison+1"],"picked":"SKIP","floor":36.0},{"not_picked":["Concentrate+1","Blur+1"],"picked":"Acrobatics","floor":39.0},{"not_picked":["Dagger Spray+1","Dodge and Roll"],"picked":"Setup+1","floor":41.0},{"not_picked":["Deflect+1","Dagger Throw+1"],"picked":"Tools of the Trade","floor":47.0},{"not_picked":["Accuracy+1","Finisher+1"],"picked":"Infinite Blades+1","floor":48.0},{"not_picked":["Accuracy","Glass Knife","Sucker Punch"],"picked":"SKIP","floor":54.0}],"player_experience":2108343,"relics_obtained":[{"floor":9.0,"key":"Tiny Chest"},{"floor":19.0,"key":"Necronomicon"},{"floor":21.0,"key":"Bag of Preparation"},{"floor":26.0,"key":"Potion Belt"},{"floor":27.0,"key":"Centennial Puzzle"},{"floor":28.0,"key":"Akabeko"},{"floor":41.0,"key":"Meat on the Bone"},{"floor":43.0,"key":"Bronze Scales"},{"floor":46.0,"key":"Nunchaku"},{"floor":54.0,"key":"Du-Vu Doll"}],"event_choices":[{"cards_removed":["Well Laid Plans"],"damage_healed":0.0,"max_hp_gain":0.0,"max_hp_loss":0.0,"gold_gain":0.0,"event_name":"WeMeetAgain","player_choice":"Gave Card","floor":14.0,"gold_loss":0.0,"damage_taken":0.0,"relics_obtained":["War Paint"]},{"damage_healed":0.0,"max_hp_gain":0.0,"max_hp_loss":0.0,"gold_gain":0.0,"event_name":"Cursed Tome","player_choice":"Obtained Book","floor":19.0,"gold_loss":0.0,"damage_taken":16.0},{"damage_healed":0.0,"max_hp_gain":0.0,"max_hp_loss":0.0,"gold_gain":0.0,"event_name":"Vampires","player_choice":"Ignored","floor":24.0,"gold_loss":0.0,"damage_taken":0.0},{"damage_healed":0.0,"max_hp_gain":0.0,"max_hp_loss":0.0,"gold_gain":99.0,"event_name":"Nest","player_choice":"Stole From Cult","floor":30.0,"gold_loss":0.0,"damage_taken":0.0},{"damage_healed":0.0,"max_hp_gain":0.0,"max_hp_loss":0.0,"gold_gain":0.0,"event_name":"Duplicator","player_choice":"Copied","floor":38.0,"gold_loss":0.0,"damage_taken":0.0,"cards_obtained":["Adrenaline"]},{"cards_removed":["Adrenaline"],"damage_healed":0.0,"max_hp_gain":0.0,"max_hp_loss":0.0,"gold_gain":0.0,"event_name":"Falling","player_choice":"Removed Skill","floor":45.0,"gold_loss":0.0,"damage_taken":0.0}],"is_beta":false,"boss_relics":[{"not_picked":["WristBlade","Sozu"],"picked":"Coffee Dripper"},{"not_picked":["SlaversCollar","SacredBark"],"picked":"Empty Cage"}],"items_purged_floors":[31,53],"is_endless":false,"potions_floor_spawned":[1,2,7,11,13,16,18,20,29,36,39,48,54],"ascension_level":1}}