{"host":"3t6uby4o5waaq95r","time":1608007250,"event":{"mods":["AchievementEnabler","BaseMod","Bestiary","Colored Map","Highlight Path","Minty Spire (QoL Compilation)","Permanent Neow","Quick Restart","Random Character Button","SuperFastMode"],"gold_per_floor":[218,218,22,34,34,34,209,134,134,165,192,204,204,233,233,333,333,347,347,69,83,83,83],"floor_reached":22,"playtime":862,"items_purged":["Doubt"],"score":190,"play_id":"87b401b9-de71-4007-b878-f98ec4408d67","local_time":"20201214224050","is_ascension_mode":false,"campfire_choices":[{"floor":13,"key":"REST"},{"data":"Double Tap","floor":15,"key":"SMITH"}],"circlet_count":0,"master_deck":["Strike_R","Strike_R","Strike_R","Strike_R","Defend_R","Defend_R","Defend_R","Defend_R","Bash","Dropkick","Double Tap+1","Bash","Panache","Iron Wave","Thunderclap","Spot Weakness","Headbutt","Reaper","Corruption","Flame Barrier","Jack Of All Trades","Magnetism","Havoc"],"relics":["Burning Blood"],"acts_visited":["Exordium","TheCity"],"potions_floor_usage":[16,16],"damage_taken":[{"damage":3,"enemies":"Jaw Worm","floor":1,"turns":4},{"damage":1,"enemies":"Cultist","floor":4,"turns":3},{"damage":25,"enemies":"Gremlin Nob","floor":10,"turns":4},{"damage":28,"enemies":"The Mushroom Lair","floor":11,"turns":6},{"damage":5,"enemies":"Small Slimes","floor":12,"turns":2},{"damage":16,"enemies":"Lagavulin","floor":14,"turns":5},{"damage":34,"enemies":"Hexaghost","floor":16,"turns":7},{"damage":35,"enemies":"2 Thieves","floor":18,"turns":4},{"damage":43,"enemies":"Spheric Guardian","floor":21,"turns":7},{"damage":14,"enemies":"Snake Plant","floor":22,"turns":2}],"seed_played":"3881730026215481667","potions_obtained":[{"floor":4,"key":"LiquidBronze"},{"floor":10,"key":"LiquidBronze"},{"floor":16,"key":"BlessingOfTheForge"},{"floor":18,"key":"DuplicationPotion"}],"is_trial":false,"path_per_floor":["M","?","$","M","?","$","?","$","T","E","?","M","R","E","R","B",null,"M","?","$","M","M"],"character_chosen":"IRONCLAD","items_purchased":["Panache","Jack Of All Trades","Magnetism"],"campfire_rested":1,"item_purchase_floors":[3,20,20],"current_hp_per_floor":[80,80,80,80,80,80,80,80,80,61,39,40,64,54,54,32,80,61,46,46,9,0,0],"gold":83,"neow_bonus":"HUNDRED_GOLD","is_daily":false,"chose_seed":false,"campfire_upgraded":1,"win_rate":0.0,"timestamp":1608007250,"path_taken":["M","?","$","?","?","?","?","$","T","E","?","M","R","E","R","BOSS","M","?","$","M","M"],"items_purchased_type":["Card","Card","Card"],"build_version":"2020-12-13","purchased_purges":1,"victory":false,"max_hp_per_floor":[80,80,80,80,80,80,80,80,80,80,80,80,80,80,80,80,80,80,85,85,85,85,85],"card_choices":[{"not_picked":["Iron Wave","Dual Wield"],"picked":"Dropkick","floor":1},{"not_picked":["Flex","Sentinel"],"picked":"Iron Wave","floor":4},{"not_picked":["Metallicize","Intimidate"],"picked":"Thunderclap","floor":10},{"not_picked":["Perfected Strike","Power Through"],"picked":"Spot Weakness","floor":11},{"not_picked":["Sword Boomerang","Wild Strike"],"picked":"Headbutt","floor":12},{"not_picked":["Sword Boomerang","Headbutt"],"picked":"Reaper","floor":14},{"not_picked":["Exhume","Barricade"],"picked":"Corruption","floor":16},{"not_picked":["Pummel","Flex"],"picked":"Flame Barrier","floor":18},{"not_picked":["Pommel Strike","Perfected Strike"],"picked":"Havoc","floor":21}],"player_experience":750529,"relics_obtained":[],"event_choices":[{"damage_healed":0,"gold_gain":0,"player_choice":"2 cards matched","damage_taken":0,"max_hp_gain":0,"max_hp_loss":0,"event_name":"Match and Keep!","floor":2,"gold_loss":0,"cards_obtained":["Double Tap","Bash"]},{"cards_removed":["Strike_R"],"damage_healed":0,"gold_gain":0,"player_choice":"Forget","damage_taken":0,"max_hp_gain":0,"max_hp_loss":0,"event_name":"Living Wall","floor":5,"gold_loss":0},{"damage_healed":0,"gold_gain":175,"player_choice":"AGREE","damage_taken":0,"max_hp_gain":0,"max_hp_loss":0,"event_name":"Liars Game","floor":7,"gold_loss":0,"cards_obtained":["Doubt"]},{"damage_healed":0,"gold_gain":0,"player_choice":"Fought Mushrooms","damage_taken":0,"max_hp_gain":0,"max_hp_loss":0,"event_name":"Mushrooms","floor":11,"gold_loss":0},{"damage_healed":0,"gold_gain":0,"player_choice":"Shed Blood","damage_taken":20,"max_hp_gain":5,"max_hp_loss":0,"event_name":"Forgotten Altar","floor":19,"gold_loss":0}],"is_beta":false,"boss_relics":[{"not_picked":["Runic Cube","Black Star","Astrolabe"]}],"items_purged_floors":[8],"is_endless":false,"potions_floor_spawned":[4,10,16,18],"killed_by":"Snake Plant","ascension_level":0}}