{"host":"g86tzja0f4rljy89","time":1608004837,"event":{"mods":["Bard","BaseMod","Conspire","Hermit","Infinite Spire","Marisa????????","Minty Spire (QoL Compilation)","Remilia??????","Replay The Spire","StSLib","Td1madao Mod","The Cursed","The Hierophant","The Servant 0.9.4"],"gold_per_floor":[114,114,129,129,129,159,174,85,85,100,100,100,115,115,115,215,215,230,230,230,230,80,80,80],"floor_reached":23,"playtime":938,"items_purged":[],"score":237,"play_id":"d9e8e091-8c2e-466f-a3ee-a1cc151dfebd","local_time":"20201215110037","daily_mods":["Allstar","Hoarder","Night Terrors"],"is_ascension_mode":false,"campfire_choices":[{"data":"Apotheosis","floor":11,"key":"SMITH"},{"floor":15,"key":"REST"}],"circlet_count":0,"master_deck":["Strike_B","Strike_B","Defend_B","Defend_B","Defend_B","Defend_B","Zap","Dualcast","Flash of Steel","Flash of Steel","Flash of Steel","Secret Technique","Secret Technique","Secret Technique","Apotheosis","Apotheosis+1","Replay:Sssssssssshield","Replay:Sssssssssshield","Replay:Sssssssssshield","Poisoned Strike","Poisoned Strike","Poisoned Strike","Ball Lightning","Ball Lightning","Ball Lightning","infinitespire:Gouge","infinitespire:Gouge","infinitespire:Gouge","Hyperbeam+1","Hyperbeam+1","Hyperbeam+1","Stack","Stack","Stack","Swift Strike","Swift Strike","Swift Strike","Regret","Regret","Regret","Machine Learning","Machine Learning","Machine Learning","Fusion+1","Fusion+1","Fusion+1"],"relics":["Ring of Panic","Gungnir","Tough Bandages","Honey Jar","Counterbalance","infinitespire:Chaos"],"acts_visited":["Exordium","TheCity"],"potions_floor_usage":[],"damage_taken":[{"damage":2,"enemies":"conspire:RoseBush","floor":1,"turns":2},{"damage":3,"enemies":"Jaw Worm","floor":3,"turns":2},{"damage":0,"enemies":"Gremlin Nob","floor":6,"turns":2},{"damage":0,"enemies":"Small Slimes","floor":7,"turns":2},{"damage":0,"enemies":"Looter","floor":10,"turns":1},{"damage":0,"enemies":"3 Louse","floor":13,"turns":1},{"damage":29,"enemies":"Hexaghost","floor":16,"turns":7},{"damage":0,"enemies":"Spheric Guardian","floor":18,"turns":1},{"damage":0,"enemies":"conspire:Head Lice","floor":23,"turns":1}],"seed_played":"8833210206598683822","potions_obtained":[{"floor":3,"key":"Adrenaline Potion"},{"floor":7,"key":"Energy Potion"},{"floor":16,"key":"Adrenaline Potion"}],"is_trial":false,"path_per_floor":["M","?","M","?","?","E","M","$","T","M","R","?","M","?","R","B",null,"M","?","?","?","$","E"],"character_chosen":"DEFECT","items_purchased":["Swift Strike","infinitespire:Chaos"],"campfire_rested":1,"item_purchase_floors":[8,22],"current_hp_per_floor":[73,54,51,51,44,44,44,44,44,44,44,44,44,44,70,41,70,70,70,70,70,70,70,70],"gold":80,"neow_bonus":"","is_daily":true,"chose_seed":false,"campfire_upgraded":1,"win_rate":0.0,"timestamp":1608004837,"path_taken":["M","?","M","?","?","E","M","$","T","M","R","?","M","?","R","BOSS","M","?","?","?","$","E"],"items_purchased_type":["Card","Relic"],"build_version":"2020-11-29","purchased_purges":0,"victory":false,"max_hp_per_floor":[75,75,75,75,75,75,75,75,75,75,75,75,75,75,70,70,70,70,70,70,70,70,70,70],"card_choices":[{"not_picked":["Loop","Redo"],"picked":"Ball Lightning","floor":1},{"not_picked":["ReplayTheSpireMod:??????????????????????","ReplayTheSpireMod:Black Plague"],"picked":"infinitespire:Gouge","floor":2},{"not_picked":["Beam Cell","Undo","Rip and Tear"],"picked":"SKIP","floor":3},{"not_picked":["Sweeping Beam","Coolheaded","ReplayTheSpireMod:Repulse"],"picked":"SKIP","floor":6},{"not_picked":["Hologram","Panic Button"],"picked":"Stack","floor":7},{"not_picked":["BasicCrystalCard","Steam","Consume"],"picked":"SKIP","floor":10},{"not_picked":["Redo","Coolheaded","ReplayGash"],"picked":"SKIP","floor":13},{"not_picked":["Biased Cognition","Meteor Strike"],"picked":"Machine Learning","floor":16},{"not_picked":["Panic Button+1","ReplayTheSpireMod:Calculation Training+1","Loop"],"picked":"Fusion+1","floor":18}],"player_experience":202119,"relics_obtained":[{"floor":6,"key":"Replay:Bottled Eggs"},{"floor":9,"key":"Bottled Flame"}],"event_choices":[{"damage_healed":0,"gold_gain":0,"cards_transformed":["Strike_B"],"player_choice":"Change","damage_taken":0,"max_hp_gain":0,"max_hp_loss":0,"event_name":"Living Wall","floor":4,"gold_loss":0,"cards_obtained":["Hyperbeam"]},{"cards_removed":["Apotheosis"],"damage_healed":0,"gold_gain":0,"player_choice":"Card Removal","damage_taken":7,"max_hp_gain":0,"max_hp_loss":0,"event_name":"Golden Wing","floor":5,"gold_loss":0},{"damage_healed":0,"gold_gain":0,"player_choice":"Disagree","damage_taken":0,"max_hp_gain":0,"max_hp_loss":0,"event_name":"conspire:LoneGhost","floor":12,"gold_loss":0},{"damage_healed":0,"gold_gain":0,"player_choice":"Box","damage_taken":0,"relics_obtained":["Toxic Egg 2"],"max_hp_gain":0,"max_hp_loss":0,"event_name":"Big Fish","floor":14,"gold_loss":0,"cards_obtained":["Regret"]},{"cards_removed":["Strike_B"],"damage_healed":0,"gold_gain":0,"player_choice":"Elegance","damage_taken":0,"max_hp_gain":0,"max_hp_loss":0,"event_name":"Back to Basics","floor":19,"gold_loss":0}],"is_beta":false,"boss_relics":[{"not_picked":["Calling Bell","Replay:Wanted Poster"],"picked":"Honey Jar"}],"items_purged_floors":[],"is_endless":false,"potions_floor_spawned":[3,7,16],"killed_by":"conspire:Head Lice","ascension_level":0}}