{"host":"4ih4fq53sefgqhvb","time":1608010045,"event":{"mods":["AchievementEnabler","Aspiration","Bard","BaseMod","BetterRewards","Colored Map","Colored Powertips","Conspire","Downfall","Googly Eyes","Hermit","Highlight Path","Hubris","Infinite Spire","Jedi Mod","Jorbs\u0027s Wanderer Trilogy","Marisa????????","Mimic Mod","Minty Spire (QoL Compilation)","Quick Restart","Relic Stats","Replay The Spire","Shop Mod","StSLib","The Animator","The Cursed","The Jungle","The Runesmith"],"gold_per_floor":[99,111,130,42,52,63,144,69,69,69,82,93,39,55,81,81,81],"floor_reached":16,"playtime":1256,"items_purged":[],"score":96,"play_id":"ff628728-d9e6-4483-96e6-61d1d5d12f0e","local_time":"20201214212725","is_ascension_mode":false,"campfire_choices":[{"floor":1,"key":"DIG"},{"floor":8,"key":"RECALL"},{"data":"hexamod:CatchUp","floor":10,"key":"SMITH"}],"circlet_count":0,"master_deck":["hexamod:Strike","hexamod:Strike","hexamod:Strike","hexamod:Strike","hexamod:Defend","hexamod:Defend","hexamod:Defend","hexamod:Defend","hexamod:Sear","hexamod:Float","Replay:SS_hec_1","hexamod:HeatCrush","hexamod:CatchUp+1","hexamod:EmpoweredFlame","hexamod:SoulSteal","hexamod:RainOfEmbers","hexamod:BurningTouch","hexamod:HeatCrush","hexamod:ThermalTransfer","hexamod:HeatShield","hexamod:ExtraCrispy","hexamod:SecondSeal","hexamod:VolcanoVisage"],"relics":["hexamod:SpiritBrand","Oddly Smooth Stone","downfall:HeartBlessingBlue"],"acts_visited":["Exordium"],"potions_floor_usage":[16,16],"damage_taken":[{"damage":7,"enemies":"infinitespire:Voidling","floor":2,"turns":6},{"damage":0,"enemies":"Cultist","floor":3,"turns":3},{"damage":0,"enemies":"downfall:FleeingMerchant","floor":4,"turns":4},{"damage":1,"enemies":"2 Louse","floor":5,"turns":2},{"damage":4,"enemies":"conspire:2 RoseBushes","floor":6,"turns":3},{"damage":0,"enemies":"2 Fungi Beasts","floor":11,"turns":3},{"damage":7,"enemies":"Red Slaver","floor":12,"turns":3},{"damage":4,"enemies":"downfall:FleeingMerchant","floor":13,"turns":4},{"damage":7,"enemies":"conspire:2 RoseBushes","floor":14,"turns":4},{"damage":12,"enemies":"2 Fungi Beasts","floor":15,"turns":4},{"damage":45,"enemies":"downfall:Silent","floor":16,"turns":8}],"seed_played":"5233589557974672213","potions_obtained":[{"floor":3,"key":"champ:CounterPotion"},{"floor":6,"key":"SmokeBomb"},{"floor":11,"key":"hexamod:InfernoChargePotion"}],"is_trial":false,"path_per_floor":["R_BF","M","M","$","M","M","T","R","?","R","M","M","$","M","M","B"],"character_chosen":"THE_SPIRIT","items_purchased":["hexamod:SoulSteal","hexamod:ExtraCrispy"],"campfire_rested":0,"item_purchase_floors":[4,13],"current_hp_per_floor":[70,70,70,70,69,65,65,75,75,75,75,68,64,57,45,0,0],"gold":81,"neow_bonus":"RANDOM_COLORLESS","is_daily":false,"chose_seed":false,"campfire_upgraded":1,"win_rate":0.0,"timestamp":1608010045,"path_taken":["R_BF","?","M","$","M","?","T","R","?","R","M","M","?","?","M","BOSS"],"items_purchased_type":["Card","Card"],"build_version":"2020-12-13","purchased_purges":0,"victory":false,"max_hp_per_floor":[70,70,70,70,70,70,70,80,80,80,80,80,80,80,80,80,80],"relic_stats":{"counters":[11,44],"obtain_stats":[{"downfall:HeartBlessingBlue":8,"Oddly Smooth Stone":1,"hexamod:SpiritBrand":0},{"downfall:HeartBlessingBlue":5,"Oddly Smooth Stone":0,"hexamod:SpiritBrand":0},{"downfall:HeartBlessingBlue":18,"Oddly Smooth Stone":0,"hexamod:SpiritBrand":0}]},"card_choices":[{"not_picked":["Jack Of All Trades","expansioncontent:ManipulateTime"],"picked":"Replay:SS_hec_1","floor":0},{"not_picked":["hexamod:PhantomFireball","hexamod:NightmareStrike"],"picked":"hexamod:HeatCrush","floor":2},{"not_picked":["hexamod:Firestarter","hexamod:PhantomCloak"],"picked":"hexamod:CatchUp","floor":3},{"not_picked":["hexamod:FourthSeal","hexamod:ExtraCrispy"],"picked":"hexamod:EmpoweredFlame","floor":4},{"not_picked":["hexamod:NecessarySacrifice","hexamod:ShieldOfDarkness"],"picked":"hexamod:RainOfEmbers","floor":5},{"not_picked":["hexamod:HauntingEcho","hexamod:AdvancingGuard"],"picked":"hexamod:BurningTouch","floor":6},{"not_picked":["hexamod:GhostShield","hexamod:InspiringFlames"],"picked":"hexamod:HeatCrush","floor":11},{"not_picked":["hexamod:HauntingEcho","hexamod:RainOfEmbers"],"picked":"hexamod:ThermalTransfer","floor":12},{"not_picked":["hexamod:NightmareGuise","hexamod:EmpoweredFlame"],"picked":"hexamod:HeatShield","floor":13},{"not_picked":["hexamod:NightmareGuise","hexamod:ShieldOfDarkness"],"picked":"hexamod:SecondSeal","floor":14},{"not_picked":["hexamod:NightmareStrike","hexamod:BacktrackSmack"],"picked":"hexamod:VolcanoVisage","floor":15}],"player_experience":843200,"relics_obtained":[{"floor":1,"key":"Oddly Smooth Stone"}],"event_choices":[],"is_beta":false,"boss_relics":[],"items_purged_floors":[],"is_endless":false,"potions_floor_spawned":[3,6,11,15],"killed_by":"downfall:Silent","ascension_level":0}}