{"host":"eydwxg59205c3vtl","time":1608056342,"event":{"mods":["2.2 Compatiblity","BaseMod","Colored Map","Colored Powertips","Hubris","Minty Spire (QoL Compilation)","StSLib","The Necromancer"],"gold_per_floor":[110,24,24,24,39,39,15,15,38,65,65,65,65,94,94,191,191,206,206,219,237,0,0,0,0,0,18,46,46,63,79,79,176,176,196,215,215,242,258,258,293,293,293,241,257,55,70,96,96,96],"floor_reached":51,"playtime":1378,"items_purged":["Strike_W"],"score":1146,"play_id":"9485f02b-8734-4dd5-81bd-d9abd1cbb99f","local_time":"20201215131902","is_ascension_mode":true,"campfire_choices":[{"data":"Strike_from_Beyond","floor":6.0,"key":"SMITH"},{"data":"Blood_Curse","floor":8.0,"key":"SMITH"},{"floor":15.0,"key":"REST"},{"data":"Strike_W","floor":23.0,"key":"PURGE"},{"data":"Strike_W","floor":25.0,"key":"PURGE"},{"data":"Strike_W","floor":29.0,"key":"PURGE"},{"data":"Acid_Javelin","floor":32,"key":"SMITH"},{"data":"Blood_Curse","floor":40,"key":"SMITH"},{"data":"Sadistic Nature","floor":42,"key":"SMITH"},{"floor":49,"key":"REST"}],"circlet_count":0,"master_deck":["Defend_W","Defend_W","Defend_W","Defend_W","Negative_Energy_Arrows","Bone_Wall","Acid_Javelin+1","Blood_Curse+1","Strike_from_Beyond+1","Acid_Javelin","Acid_Javelin","Negative_Energy_Javelin","Blood_Curse+1","Hellfire","Grasp_Heart","Necrotic_Claws+1","Magnetism+1","Negative_Energy_Javelin","Bone_Bullets","Backstab","Sadistic Nature+1","Consume_Illness","Backstab","Strike_from_Beyond+1","Negative_Energy_Shield","Blade Dance"],"relics":["Vampire_Amulet","hubris:AstralHammer","hubris:Towel","Oddly Smooth Stone","hubris:DisguiseKit","hubris:Icosahedron","InkBottle","hubris:ToyBattleship","hubris:ScarierMask","Peace Pipe","Lizard Tail","Unceasing Top","SlaversCollar","Bag of Marbles","Happy Flower","Eternal Feather","Pen Nib","Shuriken"],"acts_visited":["Exordium","TheCity","TheBeyond"],"potions_floor_usage":[33,33,36,47,48,50,50],"damage_taken":[{"damage":6.0,"enemies":"Jaw Worm","floor":1.0,"turns":5.0},{"damage":0.0,"enemies":"2 Louse","floor":5.0,"turns":3.0},{"damage":29.0,"enemies":"3 Sentries","floor":10.0,"turns":7.0},{"damage":18.0,"enemies":"Lagavulin","floor":14.0,"turns":5.0},{"damage":0.0,"enemies":"Slime Boss","floor":16.0,"turns":5.0},{"damage":9.0,"enemies":"Spheric Guardian","floor":18.0,"turns":5.0},{"damage":0.0,"enemies":"Chosen","floor":20.0,"turns":4.0},{"damage":0.0,"enemies":"Sentry and Sphere","floor":21.0,"turns":2.0},{"damage":12.0,"enemies":"Snake Plant","floor":27.0,"turns":4.0},{"damage":11.0,"enemies":"Book of Stabbing","floor":28.0,"turns":4.0},{"damage":0.0,"enemies":"Snecko","floor":30.0,"turns":3.0},{"damage":1.0,"enemies":"Centurion and Healer","floor":31.0,"turns":3.0},{"damage":11,"enemies":"Automaton","floor":33,"turns":4},{"damage":13,"enemies":"3 Darklings","floor":35,"turns":3},{"damage":6,"enemies":"Orb Walker","floor":36,"turns":3},{"damage":9,"enemies":"4 Shapes","floor":39,"turns":3},{"damage":24,"enemies":"Reptomancer","floor":41,"turns":3},{"damage":21,"enemies":"Writhing Mass","floor":45,"turns":3},{"damage":0,"enemies":"Spire Growth","floor":47,"turns":2},{"damage":0,"enemies":"Nemesis","floor":48,"turns":3},{"damage":9,"enemies":"Time Eater","floor":50,"turns":5}],"seed_played":"-6770244401050300661","potions_obtained":[{"floor":1.0,"key":"Weak Potion"},{"floor":16.0,"key":"PowerPotion"},{"floor":18.0,"key":"Block Potion"},{"floor":31.0,"key":"DistilledChaos"},{"floor":33,"key":"EssenceOfSteel"},{"floor":36,"key":"Fruit Juice"},{"floor":41,"key":"Swift Potion"},{"floor":45,"key":"DistilledChaos"},{"floor":47,"key":"DistilledChaos"}],"is_trial":false,"path_per_floor":["M","$","?","?","M","R","$","R","T","E","?","$","T","E","R","B",null,"M","?","M","M","$","R","?","R","T","M","E","R","M","M","R","B",null,"M","M","?","T","M","R","E","R","T","$","M","$","M","E","R","B",null],"character_chosen":"NECROMANCER","items_purchased":["Blood_Curse","Strike_from_Beyond","Negative_Energy_Javelin","Magnetism","PowerPotion","Pen Nib","Negative_Energy_Shield"],"campfire_rested":2,"item_purchase_floors":[2,2,7,22,44,46,46],"current_hp_per_floor":[46,46,46,46,50,50,50,50,50,27,27,27,27,11,33,37,66,59,59,61,63,63,63,63,63,63,53,56,56,58,59,59,54,70,59,60,60,60,57,57,39,39,39,39,20,20,22,24,63,56],"gold":96,"neow_bonus":"ONE_RARE_RELIC","is_daily":false,"chose_seed":false,"campfire_upgraded":5,"win_rate":0.0,"timestamp":1608056342,"path_taken":["M","$","?","?","M","R","$","R","T","E","?","?","?","E","R","BOSS","M","?","?","?","$","R","?","R","T","M","E","R","M","?","R","BOSS","M","M","?","?","M","R","E","R","T","?","M","$","?","E","R","BOSS"],"items_purchased_type":["Card","Card","Card","Card","Potion","Relic","Card"],"build_version":"2020-12-13","purchased_purges":1,"victory":true,"max_hp_per_floor":[75,75,75,75,75,75,75,75,75,75,75,75,75,75,75,75,75,75,75,75,75,75,75,75,75,75,75,75,75,75,75,75,75,75,75,80,80,80,80,80,80,80,80,80,80,80,80,80,80,80],"card_choices":[{"not_picked":["Pandemic","Bone_Shift"],"picked":"Acid_Javelin","floor":1.0},{"not_picked":["Toxic_Smoke_Screen","Life_Tap"],"picked":"Acid_Javelin","floor":5.0},{"not_picked":["Requiem","Corrupt"],"picked":"Blood_Curse","floor":10.0},{"not_picked":["Death_Coil","Epidemic","Shackles_Of_Pain","Dagger Throw"],"picked":"SKIP","floor":14.0},{"not_picked":["Cloudkill","Negative_Energy_Bomb","Tools of the Trade"],"picked":"Hellfire","floor":16.0},{"not_picked":["Blood_Curse+1","Deaths_Shadow","Outmaneuver"],"picked":"Grasp_Heart","floor":18.0},{"not_picked":["Blood_Whip","Negative_Energy_Shield","Negative_Energy_Sphere+1","Outmaneuver"],"picked":"SKIP","floor":20.0},{"not_picked":["Summon_Undead_Army","Stop_Heart+1","hubris:TrickCloak"],"picked":"Necrotic_Claws+1","floor":21.0},{"not_picked":["Negative_Energy_Shield","Negative_Energy_Mist+1","Poisoned Stab"],"picked":"Negative_Energy_Javelin","floor":27.0},{"not_picked":["Cloudkill","Shackles_Of_Pain","Deadly Poison"],"picked":"Bone_Bullets","floor":28.0},{"not_picked":["Pandemic","Death_March_Dance+1","Life_Tap","Prepared"],"picked":"SKIP","floor":30.0},{"not_picked":["Death_March_Dance","Blood_Shield+1","Toxic_Smoke_Screen","Caltrops"],"picked":"SKIP","floor":31.0},{"not_picked":["Death_Knell","Death_March_Dance","Exploit","Concentrate"],"picked":"SKIP","floor":35},{"not_picked":["Negative_Energy_Mist+1","Bone_Shift","Bone_Spikes"],"picked":"Backstab","floor":36},{"not_picked":["Jack Of All Trades","Good Instincts"],"picked":"Sadistic Nature","floor":37},{"not_picked":["Negative_Energy_Sphere+1","Scare","Caltrops"],"picked":"Consume_Illness","floor":39},{"not_picked":["Necromantic_Selection+1","Life_Tap+1","Blood_Wake"],"picked":"Backstab","floor":41},{"not_picked":["Bone_Armor","Bone_Bullets+1","Reflex"],"picked":"Strike_from_Beyond+1","floor":45},{"not_picked":["Toxic_Smoke_Screen","Summon_Vampire_Lady","Acid_Javelin+1"],"picked":"Blade Dance","floor":47},{"not_picked":["Pandemic+1","Bone_Spikes+1","Blood_Shield+1","Accuracy"],"picked":"SKIP","floor":48}],"player_experience":528188,"relics_obtained":[{"floor":9.0,"key":"Oddly Smooth Stone"},{"floor":10.0,"key":"hubris:DisguiseKit"},{"floor":13.0,"key":"InkBottle"},{"floor":14.0,"key":"hubris:ToyBattleship"},{"floor":26.0,"key":"Lizard Tail"},{"floor":28.0,"key":"Unceasing Top"},{"floor":38,"key":"Bag of Marbles"},{"floor":41,"key":"Happy Flower"},{"floor":43,"key":"Eternal Feather"},{"floor":48,"key":"Shuriken"}],"event_choices":[{"damage_healed":0.0,"max_hp_gain":0.0,"max_hp_loss":0.0,"gold_gain":0.0,"event_name":"WeMeetAgain","player_choice":"Gave Potion","floor":19.0,"gold_loss":0.0,"damage_taken":0.0,"relics_obtained":["Peace Pipe"]},{"damage_healed":0.0,"max_hp_gain":0.0,"max_hp_loss":0.0,"gold_gain":0.0,"event_name":"Accursed Blacksmith","player_choice":"Forge","floor":24.0,"gold_loss":0.0,"damage_taken":0.0,"cards_upgraded":["Magnetism"]},{"damage_healed":0,"gold_gain":0,"player_choice":"Memory 1","damage_taken":0,"max_hp_gain":0,"max_hp_loss":0,"event_name":"SensoryStone","floor":37,"gold_loss":0}],"is_beta":false,"boss_relics":[{"not_picked":["SacredBark","Tiny House"],"picked":"hubris:ScarierMask"},{"not_picked":["Pandora\u0027s Box","Snecko Eye"],"picked":"SlaversCollar"}],"items_purged_floors":[22],"is_endless":false,"potions_floor_spawned":[1,16,18,27,31,33,36,41,45,47],"ascension_level":9}}