{"host":"nox","time":1608002835,"event":{"mods":["BaseMod","Colored Powertips","Minty Spire (QoL Compilation)","Quick Restart","Replay The Spire","StSLib"],"gold_per_floor":[111,124,124,199,299,334,354,380,380,399,419,419,419],"floor_reached":12,"playtime":319,"items_purged":[],"score":138,"play_id":"842e4a64-cfdf-4885-86d7-3ebbefcb3836","local_time":"20201215102715","is_ascension_mode":true,"campfire_choices":[],"circlet_count":0,"master_deck":["Strike_B","Strike_B","Strike_B","Strike_B","Defend_B","Defend_B","Defend_B","Defend_B","Zap","Dualcast","Lockon","BasicCrystalCard","Conserve Battery"],"relics":["Busted Crown","Dream Catcher","Bird Faced Urn","Solar Panel"],"acts_visited":[],"potions_floor_usage":[6,10,12],"damage_taken":[{"damage":0.0,"enemies":"2 Louse","floor":1.0,"turns":2.0},{"damage":0.0,"enemies":"Small Slimes","floor":2.0,"turns":3.0},{"damage":0,"enemies":"3 Sentries","floor":6,"turns":3},{"damage":0,"enemies":"Cultist","floor":7,"turns":3},{"damage":32,"enemies":"Lagavulin","floor":8,"turns":7},{"damage":3,"enemies":"Exordium Thugs","floor":10,"turns":4},{"damage":12,"enemies":"Looter","floor":11,"turns":3},{"damage":24,"enemies":"Gremlin Nob","floor":12,"turns":3}],"seed_played":"-1892097975531789819","potions_obtained":[{"floor":1.0,"key":"Energy Potion"},{"floor":2.0,"key":"AttackPotion"},{"floor":8,"key":"BlessingOfTheForge"},{"floor":10,"key":"LiquidBronze"}],"is_trial":false,"path_per_floor":["M","M","?","?","?","E","M","E","T","M","M","E"],"character_chosen":"DEFECT","items_purchased":[],"campfire_rested":0,"item_purchase_floors":[],"current_hp_per_floor":[75,75,75,64,64,64,64,32,32,29,19,0,0],"gold":419,"neow_bonus":"BOSS_RELIC","is_daily":false,"chose_seed":false,"campfire_upgraded":0,"win_rate":0.0,"timestamp":1608002835,"path_taken":["M","M","?","?","?","E","?","E","T","M","M","E"],"items_purchased_type":[],"build_version":"2020-11-17","purchased_purges":0,"victory":false,"max_hp_per_floor":[75,75,75,75,75,75,75,75,75,75,75,75,75],"card_choices":[{"not_picked":[],"picked":"Lockon","floor":1.0},{"not_picked":["ReplayTheSpireMod:System Scan"],"picked":"SKIP","floor":2.0},{"not_picked":["Redo"],"picked":"SKIP","floor":6},{"not_picked":["Reinforced Body"],"picked":"SKIP","floor":7},{"not_picked":["Cold Snap"],"picked":"SKIP","floor":8},{"not_picked":[],"picked":"BasicCrystalCard","floor":10},{"not_picked":[],"picked":"Conserve Battery","floor":11}],"player_experience":107194,"relics_obtained":[{"floor":6,"key":"Dream Catcher"},{"floor":8,"key":"Bird Faced Urn"},{"floor":9,"key":"Solar Panel"}],"event_choices":[{"damage_healed":0,"gold_gain":75,"player_choice":"Gather Gold","damage_taken":11,"max_hp_gain":0,"max_hp_loss":0,"event_name":"World of Goop","floor":4,"gold_loss":0},{"damage_healed":0,"gold_gain":100,"player_choice":"Gold","damage_taken":0,"max_hp_gain":0,"max_hp_loss":0,"event_name":"Wheel of Change","floor":5,"gold_loss":0}],"is_beta":true,"boss_relics":[],"items_purged_floors":[],"is_endless":false,"potions_floor_spawned":[1,2,8,10],"killed_by":"Gremlin Nob","ascension_level":4}}