{"host":"pdsyh71gl8fwuuoe","time":1608003980,"event":{"mods":["AchievementEnabler","Act Like it!","BaseMod","Colored Powertips","Custom Start","Downfall","Highlight Path","Minty Spire (QoL Compilation)","Quick Restart","Relic Stats","StSLib"],"gold_per_floor":[99,109,136,136,167,8,8,33,33,33,46,146,146,159,178,279,279,279,271,289,389,389,83,83,8,8,8],"floor_reached":26,"playtime":1304,"items_purged":[],"score":210,"play_id":"feba6946-79db-4622-a3d4-113681ca4ad7","local_time":"20201214224620","is_ascension_mode":false,"campfire_choices":[{"data":"hexamod:Float","floor":1.0,"key":"SMITH"},{"data":"hexamod:NightmareStrike","floor":4.0,"key":"SMITH"},{"data":"hexamod:GhostOfSpirePresent","floor":10.0,"key":"SMITH"},{"data":"hexamod:EmpoweredFlame","floor":18.0,"key":"SMITH"},{"data":"hexamod:UnlimitedPower","floor":25,"key":"SMITH"}],"circlet_count":0,"master_deck":["hexamod:Strike","hexamod:Defend","hexamod:Defend","hexamod:Defend","hexamod:Sear","hexamod:Float+1","hexamod:NightmareStrike+1","hexamod:FirstSeal","hexamod:BurningTouch","hexamod:GhostOfSpirePresent+1","hexamod:HauntingEcho","hexamod:UnlimitedPower+1","hexamod:NightmareGuise","hexamod:EmpoweredFlame+1","hexamod:FifthSeal","hexamod:SixthSeal","hexamod:UnleashSpirits+1","hexamod:ThirdSeal","hexamod:SecondSeal","hexamod:Again+1","hexamod:RadiantFlame+1"],"relics":["hexamod:SpiritBrand","Ice Cream","MealTicket","Dream Catcher","hexamod:BolsterEngine","FossilizedHelix","Odd Mushroom","Lantern","Astrolabe","PreservedInsect","Bag of Preparation","Smiling Mask","downfall:HeartBlessingBlue"],"acts_visited":["Exordium","TheCity"],"potions_floor_usage":[26,26,26,26,26],"damage_taken":[{"damage":0.0,"enemies":"Jaw Worm","floor":2.0,"turns":3.0},{"damage":26.0,"enemies":"Lagavulin","floor":3.0,"turns":7.0},{"damage":8.0,"enemies":"Gremlin Nob","floor":5.0,"turns":4.0},{"damage":0.0,"enemies":"downfall:FleeingMerchant","floor":6.0,"turns":4.0},{"damage":5.0,"enemies":"The Mushroom Lair","floor":8.0,"turns":4.0},{"damage":0.0,"enemies":"Cultist","floor":11.0,"turns":3.0},{"damage":0.0,"enemies":"Small Slimes","floor":14.0,"turns":3.0},{"damage":0.0,"enemies":"Blue Slaver","floor":15.0,"turns":3.0},{"damage":13.0,"enemies":"downfall:Watcher","floor":16.0,"turns":9.0},{"damage":0.0,"enemies":"Spheric Guardian","floor":20.0,"turns":3.0},{"damage":3,"enemies":"downfall:FleeingMerchant","floor":23,"turns":4},{"damage":78,"enemies":"Gremlin Leader","floor":26,"turns":4}],"seed_played":"111433849314203136","potions_obtained":[{"floor":3.0,"key":"GamblersBrew"},{"floor":11.0,"key":"DistilledChaos"},{"floor":14.0,"key":"EntropicBrew"},{"floor":20.0,"key":"hexamod:InfernoChargePotion"}],"is_trial":false,"path_per_floor":["R","M","E","R","E","$","T","?","?","R","M","?","T","M","M","B",null,"R","?","M","?","T","$","T","R","E"],"character_chosen":"THE_SPIRIT","items_purchased":["hexamod:BolsterEngine","PreservedInsect","Bag of Preparation"],"campfire_rested":0,"item_purchase_floors":[6,23,23],"current_hp_per_floor":[63,63,37,37,36,58,58,53,53,53,60,60,60,63,63,57,63,63,63,63,63,63,63,63,73,0,0],"gold":8,"neow_bonus":"ONE_RARE_RELIC","is_daily":false,"chose_seed":false,"campfire_upgraded":5,"win_rate":0.0,"timestamp":1608003980,"path_taken":["R","M","E","R","E","$","T","?","?","R","?","?","?","M","M","BOSS","R","?","M","?","?","$","T","R","E"],"items_purchased_type":["Relic","Relic","Relic"],"build_version":"2020-12-13","purchased_purges":0,"victory":false,"max_hp_per_floor":[63,63,63,63,63,63,63,63,63,63,63,63,63,63,63,63,63,63,63,63,63,63,63,63,73,73,73],"relic_stats":{"Dream Catcher":0,"counters":[12,51],"Astrolabe":["hexamod:SixthSeal","hexamod:UnleashSpirits","hexamod:ThirdSeal"],"MealTicket":15,"PreservedInsect":47,"Bag of Preparation":[2],"Smiling Mask":0,"obtain_stats":[{"Ice Cream":0,"Lantern":13,"Astrolabe":17,"PreservedInsect":23,"Bag of Preparation":23,"Odd Mushroom":8,"Smiling Mask":24,"Dream Catcher":5,"downfall:HeartBlessingBlue":25,"MealTicket":3,"hexamod:BolsterEngine":6,"hexamod:SpiritBrand":0,"FossilizedHelix":7},{"Ice Cream":0,"Lantern":6,"Astrolabe":9,"PreservedInsect":11,"Bag of Preparation":11,"Odd Mushroom":5,"Smiling Mask":11,"Dream Catcher":3,"downfall:HeartBlessingBlue":11,"MealTicket":2,"hexamod:BolsterEngine":4,"hexamod:SpiritBrand":0,"FossilizedHelix":4},{"Ice Cream":0,"Lantern":25,"Astrolabe":40,"PreservedInsect":47,"Bag of Preparation":47,"Odd Mushroom":22,"Smiling Mask":47,"Dream Catcher":14,"downfall:HeartBlessingBlue":47,"MealTicket":10,"hexamod:BolsterEngine":18,"hexamod:SpiritBrand":0,"FossilizedHelix":18}]},"card_choices":[{"not_picked":["hexamod:InspiringFlames","hexamod:ShieldOfDarkness"],"picked":"hexamod:NightmareStrike","floor":2.0},{"not_picked":["hexamod:GhostflameInferno","hexamod:EtherealExpedition"],"picked":"hexamod:FirstSeal","floor":3.0},{"not_picked":["hexamod:SwordOfDarkness","hexamod:NightmareStrike"],"picked":"hexamod:BurningTouch","floor":5.0},{"not_picked":["hexamod:NecessarySacrifice","hexamod:HeatCrush"],"picked":"hexamod:GhostOfSpirePresent","floor":6.0},{"not_picked":["hexamod:FastForward","hexamod:RadiantFlame"],"picked":"hexamod:HauntingEcho","floor":8.0},{"not_picked":["hexamod:ThermalTransfer","hexamod:ShieldOfDarkness"],"picked":"hexamod:UnlimitedPower","floor":11.0},{"not_picked":["hexamod:Firestarter","hexamod:InspiringFlames"],"picked":"hexamod:NightmareGuise","floor":14.0},{"not_picked":["hexamod:InspiringFlames","hexamod:Toasty"],"picked":"hexamod:EmpoweredFlame","floor":15.0},{"not_picked":["hexamod:UnleashSpirits","hexamod:TimeWarp"],"picked":"hexamod:FifthSeal","floor":16.0},{"not_picked":["hexamod:Hexaguard","hexamod:BurningTouch+1"],"picked":"hexamod:Again","floor":20.0},{"not_picked":["hexamod:AdvancingGuard+1","hexamod:FlamesFromBeyond"],"picked":"hexamod:RadiantFlame+1","floor":23},{"not_picked":["hexamod:StepThrough","hexamod:SwordOfDarkness","hexamod:TurnItUp"],"picked":"SKIP","floor":23}],"player_experience":629861,"relics_obtained":[{"floor":3.0,"key":"MealTicket"},{"floor":5.0,"key":"Dream Catcher"},{"floor":7.0,"key":"FossilizedHelix"},{"floor":8.0,"key":"Odd Mushroom"},{"floor":13.0,"key":"Lantern"},{"floor":24,"key":"Smiling Mask"}],"event_choices":[{"damage_healed":0.0,"max_hp_gain":0.0,"max_hp_loss":0.0,"gold_gain":0.0,"event_name":"Mushrooms","player_choice":"Fought Mushrooms","floor":8.0,"gold_loss":0.0,"damage_taken":0.0},{"cards_removed":["hexamod:Strike"],"damage_healed":0.0,"max_hp_gain":0.0,"max_hp_loss":0.0,"gold_gain":0.0,"event_name":"Bonfire Elementals","player_choice":"Offered Basic","floor":9.0,"gold_loss":0.0,"damage_taken":0.0}],"is_beta":false,"boss_relics":[{"not_picked":["Busted Crown","SacredBark"],"picked":"Astrolabe"}],"items_purged_floors":[],"is_endless":false,"potions_floor_spawned":[3,11,14,20],"killed_by":"Gremlin Leader","ascension_level":0}}