{"host":"x5anfo2w8aotfuta","time":1608001445,"event":{"mods":["AchievementEnabler","BaseMod","Bestiary","Block Reminder","Colored Map","Colored Powertips","DeckTracker","Highlight Path","Minty Spire (QoL Compilation)","Quick Restart","Rare Cards Sparkle","Relic Stats","StSLib"],"gold_per_floor":[114,24,36,36,51,51,92,105,105,105,128,161,226,250,250,380,380,405,65,81,120,120,120,135,160,160,160,160],"floor_reached":27,"playtime":2443,"items_purged":["Perfected Strike"],"score":270,"play_id":"4a549a32-4cb7-4444-9724-28587c1c524c","local_time":"20201214190405","is_ascension_mode":true,"campfire_choices":[{"data":"Bash","floor":6,"key":"SMITH"},{"floor":10,"key":"REST"},{"data":"Rampage","floor":15,"key":"SMITH"},{"floor":23,"key":"REST"}],"circlet_count":0,"master_deck":["Bash+1","Disarm","True Grit","Rampage+1","Armaments","Offering","Exhume","Spot Weakness","Havoc","Dark Embrace","Brutality","Feed","Dark Embrace","Uppercut","Infernal Blade","Headbutt+1","Flame Barrier","Shrug It Off","True Grit","Battle Trance","Combust"],"relics":["Burning Blood","NeowsBlessing","Golden Idol","Bottled Flame","Torii","TungstenRod","Pandora\u0027s Box","DollysMirror","Red Mask","Sundial"],"acts_visited":["Exordium","TheCity"],"potions_floor_usage":[12,14,20],"damage_taken":[{"damage":0,"enemies":"Cultist","floor":1,"turns":1},{"damage":0,"enemies":"2 Louse","floor":3,"turns":1},{"damage":0,"enemies":"Small Slimes","floor":5,"turns":1},{"damage":45,"enemies":"Lagavulin","floor":7,"turns":7},{"damage":3,"enemies":"2 Fungi Beasts","floor":8,"turns":5},{"damage":3,"enemies":"Red Slaver","floor":11,"turns":4},{"damage":30,"enemies":"Gremlin Nob","floor":12,"turns":5},{"damage":0,"enemies":"Exordium Wildlife","floor":14,"turns":3},{"damage":26,"enemies":"Hexaghost","floor":16,"turns":11},{"damage":16,"enemies":"Spheric Guardian","floor":18,"turns":5},{"damage":20,"enemies":"2 Thieves","floor":20,"turns":4},{"damage":49,"enemies":"Masked Bandits","floor":21,"turns":5},{"damage":10,"enemies":"Snecko","floor":24,"turns":5},{"damage":10,"enemies":"Snake Plant","floor":25,"turns":5},{"damage":41,"enemies":"Slavers","floor":27,"turns":3}],"seed_played":"-7280952618078461268","potions_obtained":[{"floor":11,"key":"DistilledChaos"},{"floor":12,"key":"FearPotion"},{"floor":18,"key":"Fire Potion"},{"floor":24,"key":"FearPotion"}],"is_trial":false,"path_per_floor":["M","$","M","?","M","R","E","M","T","R","M","E","?","M","R","B",null,"M","$","M","?","?","R","M","M","T","E"],"character_chosen":"IRONCLAD","items_purchased":["Disarm","True Grit","Flame Barrier","Shrug It Off","DollysMirror"],"campfire_rested":2,"item_purchase_floors":[2,2,19,19,19],"current_hp_per_floor":[80,80,80,60,66,66,27,30,30,54,57,33,33,39,39,19,80,74,74,60,20,20,46,42,38,38,0,0],"gold":160,"neow_bonus":"THREE_ENEMY_KILL","is_daily":false,"chose_seed":false,"campfire_upgraded":2,"win_rate":0.0,"timestamp":1608001445,"path_taken":["M","$","?","?","M","R","E","M","T","R","M","E","?","M","R","BOSS","M","$","M","?","?","R","M","M","T","E"],"items_purchased_type":["Card","Card","Card","Card","Relic"],"build_version":"2020-12-13","purchased_purges":1,"victory":false,"max_hp_per_floor":[80,80,80,80,80,80,80,80,80,80,80,80,80,80,80,80,80,84,84,84,87,87,87,87,87,87,87,87],"relic_stats":{"Torii":47,"counters":[15,65],"Golden Idol":81,"Sundial":[0],"Pandora\u0027s Box":["Spot Weakness","Havoc","Dark Embrace","Brutality","Feed","Dark Embrace","Uppercut","Infernal Blade","Iron Wave"],"obtain_stats":[{"Bottled Flame":7,"NeowsBlessing":0,"Torii":9,"Golden Idol":4,"DollysMirror":19,"Sundial":26,"Pandora\u0027s Box":17,"Red Mask":21,"Burning Blood":0,"TungstenRod":12},{"Bottled Flame":4,"NeowsBlessing":0,"Torii":5,"Golden Idol":2,"DollysMirror":10,"Sundial":14,"Pandora\u0027s Box":9,"Red Mask":12,"Burning Blood":0,"TungstenRod":7},{"Bottled Flame":10,"NeowsBlessing":0,"Torii":15,"Golden Idol":2,"DollysMirror":43,"Sundial":62,"Pandora\u0027s Box":38,"Red Mask":52,"Burning Blood":0,"TungstenRod":24}],"Burning Blood":72,"TungstenRod":61},"card_choices":[{"not_picked":["Bloodletting","Shrug It Off"],"picked":"Perfected Strike","floor":1},{"not_picked":["Headbutt","Entrench","Twin Strike"],"picked":"SKIP","floor":3},{"not_picked":["Anger","Dropkick"],"picked":"Rampage","floor":5},{"not_picked":["Bloodletting","Havoc","Dual Wield"],"picked":"SKIP","floor":7},{"not_picked":["Flex","Anger"],"picked":"Armaments","floor":8},{"not_picked":["Perfected Strike","True Grit","Iron Wave"],"picked":"SKIP","floor":11},{"not_picked":["Shrug It Off","Anger"],"picked":"Offering","floor":12},{"not_picked":["Cleave","Anger","Warcry"],"picked":"SKIP","floor":14},{"not_picked":["Barricade","Bludgeon"],"picked":"Exhume","floor":16},{"not_picked":["Spot Weakness","Clash"],"picked":"Headbutt+1","floor":18},{"not_picked":["Cleave","Anger+1","Body Slam+1"],"picked":"SKIP","floor":20},{"not_picked":["Metallicize","Body Slam"],"picked":"Battle Trance","floor":24},{"not_picked":["Inflame","Reckless Charge"],"picked":"Combust","floor":25}],"player_experience":307763,"relics_obtained":[{"floor":7,"key":"Bottled Flame"},{"floor":9,"key":"Torii"},{"floor":12,"key":"TungstenRod"},{"floor":21,"key":"Red Mask"},{"floor":26,"key":"Sundial"}],"event_choices":[{"damage_healed":0,"gold_gain":0,"player_choice":"Take Damage","damage_taken":20,"relics_obtained":["Golden Idol"],"max_hp_gain":0,"max_hp_loss":0,"event_name":"Golden Idol","floor":4,"gold_loss":0},{"damage_healed":0,"gold_gain":65,"player_choice":"Gained Gold","damage_taken":0,"max_hp_gain":0,"max_hp_loss":0,"event_name":"Golden Wing","floor":13,"gold_loss":0},{"damage_healed":0,"gold_gain":0,"player_choice":"Fought Bandits","damage_taken":0,"max_hp_gain":0,"max_hp_loss":0,"event_name":"Masked Bandits","floor":21,"gold_loss":0},{"cards_removed":["Iron Wave"],"damage_healed":0,"gold_gain":0,"player_choice":"Purged","damage_taken":0,"max_hp_gain":0,"max_hp_loss":0,"event_name":"Purifier","floor":22,"gold_loss":0}],"is_beta":false,"boss_relics":[{"not_picked":["SacredBark","Velvet Choker"],"picked":"Pandora\u0027s Box"}],"items_purged_floors":[19],"is_endless":false,"potions_floor_spawned":[11,12,18,24],"killed_by":"Slavers","ascension_level":4}}