{"host":"msmkw03x1o7nq45i","time":1608042843,"event":{"mods":["AchievementEnabler","BaseMod","Bestiary","Colored Powertips","GifTheSpireLib","Highlight Path","Minty Spire (QoL Compilation)","Random Character Button","StSLib","everything is the same but u backflip on backflip"],"gold_per_floor":[118,131,6,26,39,68,68,68,80,92,115,158,249,261,273,385,397,397,322,240,240,240,240,240,240,240,240,240,172,172,172,172,172,172,172,24,24,24,24,24,24,24,24,24,24,24,24,24,24,24],"floor_reached":51,"playtime":4899,"items_purged":["Strike_G","Strike_G"],"score":1069,"play_id":"1d1eb073-9575-4531-9f7e-41c6589145d9","local_time":"20201215163403","is_ascension_mode":true,"campfire_choices":[{"data":"Noxious Fumes","floor":7,"key":"SMITH"},{"data":"Dagger Spray","floor":10,"key":"SMITH"},{"data":"Neutralize","floor":15,"key":"SMITH"},{"data":"Night Terror","floor":23,"key":"SMITH"},{"floor":25,"key":"REST"},{"data":"Well Laid Plans","floor":30,"key":"SMITH"},{"data":"Burst","floor":32,"key":"SMITH"},{"data":"Leg Sweep","floor":45,"key":"SMITH"},{"data":"Acrobatics","floor":47,"key":"SMITH"},{"floor":49,"key":"REST"}],"circlet_count":0,"master_deck":["Strike_G","Strike_G","Strike_G","Defend_G","Defend_G","Defend_G","Defend_G","Defend_G","Survivor","Neutralize+1","Dagger Spray+1","Dagger Throw","PiercingWail","Dash","Noxious Fumes+1","Slice+1","Night Terror+1","Burst+1","Deadly Poison","Backstab+1","Deadly Poison+1","Dark Shackles","Calculated Gamble","Well Laid Plans+1","Adrenaline","Bouncing Flask","Flash of Steel+1","Dark Shackles","Flash of Steel+1","Skewer+1","Parasite","Leg Sweep+1","Noxious Fumes+1","Escape Plan+1","Acrobatics+1"],"relics":["Ring of the Snake","Bag of Preparation","Molten Egg 2","MawBank","Darkstone Periapt","Paper Crane","StrikeDummy","WarpedTongs","Ectoplasm","Red Mask","Question Card","White Beast Statue","Lizard Tail","SlaversCollar","Letter Opener","Vajra","Regal Pillow"],"acts_visited":["Exordium","TheCity","TheBeyond"],"potions_floor_usage":[6,12,27,31,33,33,39,40,41,44,48,50,50],"damage_taken":[{"damage":0,"enemies":"Cultist","floor":1,"turns":5},{"damage":0,"enemies":"2 Louse","floor":2,"turns":2},{"damage":1,"enemies":"Jaw Worm","floor":4,"turns":4},{"damage":0,"enemies":"3 Louse","floor":5,"turns":3},{"damage":29,"enemies":"Gremlin Nob","floor":6,"turns":5},{"damage":0,"enemies":"Exordium Thugs","floor":11,"turns":4},{"damage":7,"enemies":"3 Sentries","floor":12,"turns":5},{"damage":6,"enemies":"The Guardian","floor":16,"turns":13},{"damage":2,"enemies":"Spheric Guardian","floor":18,"turns":3},{"damage":19,"enemies":"Masked Bandits","floor":21,"turns":4},{"damage":7,"enemies":"Slavers","floor":24,"turns":5},{"damage":8,"enemies":"Gremlin Leader","floor":27,"turns":6},{"damage":0,"enemies":"3 Byrds","floor":28,"turns":5},{"damage":0,"enemies":"Centurion and Healer","floor":31,"turns":5},{"damage":4,"enemies":"Champ","floor":33,"turns":10},{"damage":0,"enemies":"3 Shapes","floor":35,"turns":6},{"damage":0,"enemies":"3 Darklings","floor":39,"turns":7},{"damage":20,"enemies":"Writhing Mass","floor":40,"turns":6},{"damage":11,"enemies":"Sphere and 2 Shapes","floor":41,"turns":5},{"damage":0,"enemies":"4 Shapes","floor":42,"turns":6},{"damage":8,"enemies":"Nemesis","floor":44,"turns":7},{"damage":8,"enemies":"Giant Head","floor":46,"turns":8},{"damage":0,"enemies":"Jaw Worm Horde","floor":48,"turns":5},{"damage":60,"enemies":"Time Eater","floor":50,"turns":12}],"seed_played":"-3529093259271677928","potions_obtained":[{"floor":2,"key":"DistilledChaos"},{"floor":4,"key":"FearPotion"},{"floor":11,"key":"Explosive Potion"},{"floor":21,"key":"Dexterity Potion"},{"floor":27,"key":"BlessingOfTheForge"},{"floor":28,"key":"Strength Potion"},{"floor":31,"key":"Dexterity Potion"},{"floor":33,"key":"FearPotion"},{"floor":35,"key":"FearPotion"},{"floor":39,"key":"AttackPotion"},{"floor":40,"key":"Regen Potion"},{"floor":41,"key":"DuplicationPotion"},{"floor":44,"key":"Poison Potion"},{"floor":46,"key":"SmokeBomb"},{"floor":48,"key":"Fruit Juice"}],"is_trial":false,"path_per_floor":["M","M","$","M","M","E","R","?","T","R","M","E","T","?","R","B",null,"M","?","$","?","?","R","E","R","T","E","M","$","R","M","R","B",null,"M","$","?","?","M","M","M","M","T","E","R","E","R","M","R","B",null],"character_chosen":"THE_SILENT","items_purchased":["PiercingWail","Backstab+1","Well Laid Plans","Block Potion"],"campfire_rested":2,"item_purchase_floors":[3,20,29,36],"current_hp_per_floor":[63,63,63,62,62,33,33,21,21,21,21,14,14,20,20,14,61,59,59,59,40,28,28,21,43,43,35,35,35,35,35,35,31,65,65,65,55,55,55,41,44,44,44,36,36,28,28,33,74,14],"gold":24,"neow_bonus":"RANDOM_COMMON_RELIC","is_daily":false,"chose_seed":false,"campfire_upgraded":8,"win_rate":0.0,"timestamp":1608042843,"path_taken":["M","?","?","?","M","E","R","?","T","R","M","E","?","?","R","BOSS","M","?","$","?","?","R","E","R","T","E","?","$","R","M","R","BOSS","M","$","?","?","M","M","M","M","T","E","R","E","R","?","R","BOSS"],"items_purchased_type":["Card","Card","Card","Potion"],"build_version":"2020-12-13","purchased_purges":2,"victory":true,"max_hp_per_floor":[70,70,70,70,70,70,70,70,70,70,70,70,70,76,76,76,76,76,76,76,76,76,76,76,76,76,76,76,76,76,76,76,76,76,76,76,76,76,76,82,82,82,82,82,82,82,82,87,87,87],"card_choices":[{"not_picked":["Blade Dance","Endless Agony"],"picked":"Dagger Spray","floor":1},{"not_picked":["Dagger Spray","Slice"],"picked":"Dagger Throw","floor":2},{"not_picked":["Catalyst","Concentrate"],"picked":"Dash","floor":4},{"not_picked":["Infinite Blades","Catalyst"],"picked":"Noxious Fumes","floor":5},{"not_picked":["Dagger Throw+1","Backflip"],"picked":"Slice+1","floor":6},{"not_picked":["Acrobatics","Prepared","Sucker Punch+1"],"picked":"SKIP","floor":11},{"not_picked":["Backflip","Dagger Throw+1"],"picked":"Night Terror","floor":12},{"not_picked":["A Thousand Cuts","Doppelganger"],"picked":"Burst","floor":16},{"not_picked":["Masterful Stab+1","Flying Knee+1"],"picked":"Deadly Poison","floor":18},{"not_picked":["Cloak And Dagger","Backflip"],"picked":"Deadly Poison+1","floor":21},{"not_picked":["Backflip","Flying Knee+1"],"picked":"Calculated Gamble","floor":24},{"not_picked":["Quick Slash+1","Calculated Gamble","Heel Hook+1","Cloak And Dagger"],"picked":"SKIP","floor":27},{"not_picked":["Predator+1","Storm of Steel","Sucker Punch+1","Cloak And Dagger"],"picked":"SKIP","floor":28},{"not_picked":["Terror","Outmaneuver","Sucker Punch+1","Dodge and Roll"],"picked":"SKIP","floor":31},{"not_picked":["Storm of Steel","Unload+1","Grand Finale+1"],"picked":"Adrenaline","floor":33},{"not_picked":["Concentrate","Prepared","Blade Dance"],"picked":"Bouncing Flask","floor":35},{"not_picked":["Jack Of All Trades","Finesse","Good Instincts"],"picked":"Flash of Steel+1","floor":37},{"not_picked":["Trip","Swift Strike+1","Madness"],"picked":"Dark Shackles","floor":37},{"not_picked":["Mind Blast+1","Purity","Panacea"],"picked":"Flash of Steel+1","floor":37},{"not_picked":["Prepared","Flechettes+1","Slice+1","Blur"],"picked":"SKIP","floor":39},{"not_picked":["Dagger Spray+1","Prepared","Slice+1"],"picked":"Leg Sweep","floor":40},{"not_picked":["Choke+1","Flying Knee+1","Concentrate+1"],"picked":"Noxious Fumes+1","floor":41},{"not_picked":["Bane+1","Poisoned Stab+1","Dodge and Roll","Accuracy+1"],"picked":"SKIP","floor":42},{"not_picked":["Cloak And Dagger+1","Caltrops","Distraction"],"picked":"Escape Plan+1","floor":44},{"not_picked":["Dodge and Roll","Storm of Steel","Blade Dance"],"picked":"Acrobatics","floor":46},{"not_picked":["Sucker Punch+1","Backflip","Quick Slash+1","Prepared"],"picked":"SKIP","floor":48}],"player_experience":299779,"relics_obtained":[{"floor":6,"key":"Molten Egg 2"},{"floor":9,"key":"Darkstone Periapt"},{"floor":12,"key":"Paper Crane"},{"floor":13,"key":"StrikeDummy"},{"floor":21,"key":"Red Mask"},{"floor":24,"key":"Question Card"},{"floor":26,"key":"White Beast Statue"},{"floor":27,"key":"Lizard Tail"},{"floor":43,"key":"Letter Opener"},{"floor":44,"key":"Vajra"},{"floor":46,"key":"Regal Pillow"}],"event_choices":[{"damage_healed":0,"gold_gain":0,"player_choice":"Success","damage_taken":12,"relics_obtained":["MawBank"],"max_hp_gain":0,"max_hp_loss":0,"event_name":"Scrap Ooze","floor":8,"gold_loss":0},{"damage_healed":0,"gold_gain":0,"player_choice":"Rummage","damage_taken":0,"relics_obtained":["WarpedTongs"],"max_hp_gain":0,"max_hp_loss":0,"event_name":"Accursed Blacksmith","floor":14,"gold_loss":0,"cards_obtained":["Pain"]},{"cards_removed":["Pain"],"damage_healed":0,"gold_gain":0,"player_choice":"Gave Gold","damage_taken":0,"max_hp_gain":0,"max_hp_loss":0,"event_name":"Beggar","floor":19,"gold_loss":75},{"damage_healed":0,"gold_gain":0,"player_choice":"Fought Bandits","damage_taken":0,"max_hp_gain":0,"max_hp_loss":0,"event_name":"Masked Bandits","floor":21,"gold_loss":0},{"damage_healed":0,"gold_gain":0,"player_choice":"CARD ","damage_taken":12,"max_hp_gain":0,"max_hp_loss":0,"event_name":"Knowing Skull","floor":22,"potions_obtained":[],"gold_loss":0,"cards_obtained":["Dark Shackles"]},{"damage_healed":0,"gold_gain":0,"player_choice":"Memory 3","damage_taken":10,"max_hp_gain":0,"max_hp_loss":0,"event_name":"SensoryStone","floor":37,"gold_loss":0},{"damage_healed":0,"gold_gain":0,"player_choice":"1 cards matched","damage_taken":0,"max_hp_gain":0,"max_hp_loss":0,"event_name":"Match and Keep!","floor":38,"gold_loss":0,"cards_obtained":["Skewer"]},{"damage_healed":0,"gold_gain":0,"player_choice":"1 cards matched","damage_taken":0,"max_hp_gain":0,"max_hp_loss":0,"event_name":"Match and Keep!","floor":38,"gold_loss":0,"cards_obtained":["Skewer"]}],"is_beta":false,"boss_relics":[{"not_picked":["Runic Dome","Fusion Hammer"],"picked":"Ectoplasm"},{"not_picked":["Empty Cage","WristBlade"],"picked":"SlaversCollar"}],"items_purged_floors":[3,36],"is_endless":false,"potions_floor_spawned":[2,4,11,21,27,28,31,33,35,39,40,41,42,44,46,48],"ascension_level":8}}