{"host":"soyfmymeou4emntr","time":1608060795,"event":{"mods":["BaseMod","Minty Spire (QoL Compilation)","Relic Sorter","Relic Stats","StSLib"],"gold_per_floor":[113,130,130,110,124,160,76,76,99,99,114,137,137,137,137,137,137],"floor_reached":16,"playtime":696,"items_purged":[],"score":200,"play_id":"b59e3700-c2ba-446c-9866-a545791ce8f1","local_time":"20201215123315","is_ascension_mode":true,"campfire_choices":[{"floor":8,"key":"REST"},{"data":"Infinite Blades","floor":10,"key":"SMITH"},{"data":"Caltrops","floor":15,"key":"SMITH"}],"circlet_count":0,"master_deck":["AscendersBane","Strike_G","Strike_G","Strike_G","Strike_G","Strike_G","Defend_G","Defend_G","Defend_G","Defend_G","Defend_G","Survivor","Neutralize","Blade Dance","Caltrops+1","Dagger Spray","Infinite Blades+1","PiercingWail","Deadly Poison"],"relics":["Ring of the Snake","Happy Flower","Golden Idol","Toy Ornithopter","Tiny Chest"],"acts_visited":["Exordium"],"potions_floor_usage":[6,12,16],"damage_taken":[{"damage":7,"enemies":"Small Slimes","floor":1,"turns":5},{"damage":0,"enemies":"Cultist","floor":2,"turns":3},{"damage":6,"enemies":"Jaw Worm","floor":5,"turns":5},{"damage":45,"enemies":"Gremlin Nob","floor":6,"turns":5},{"damage":4,"enemies":"Looter","floor":11,"turns":4},{"damage":9,"enemies":"Gremlin Gang","floor":12,"turns":5},{"damage":67,"enemies":"Slime Boss","floor":16,"turns":9}],"seed_played":"5641063087261064650","potions_obtained":[{"floor":4,"key":"EssenceOfSteel"},{"floor":6,"key":"BlessingOfTheForge"},{"floor":11,"key":"EssenceOfSteel"}],"is_trial":false,"path_per_floor":["M","M","?","?","M","E","$","R","T","R","M","M","?","?","R","B"],"character_chosen":"THE_SILENT","items_purchased":["Accuracy"],"campfire_rested":1,"item_purchase_floors":[7],"current_hp_per_floor":[52,52,52,52,46,1,1,19,19,19,15,11,11,60,60,0,0],"gold":137,"neow_bonus":"RANDOM_COMMON_RELIC","is_daily":false,"chose_seed":false,"campfire_upgraded":2,"win_rate":0.0,"timestamp":1608060795,"path_taken":["M","M","?","?","M","E","$","R","T","R","?","M","?","?","R","BOSS"],"items_purchased_type":["Card"],"build_version":"2020-12-13","purchased_purges":0,"victory":false,"max_hp_per_floor":[66,66,60,60,60,60,60,60,60,60,60,60,60,60,60,60,60],"relic_stats":{"Happy Flower":[12],"counters":[7,36],"Golden Idol":18,"Tiny Chest":0,"obtain_stats":[{"Happy Flower":0,"Golden Idol":3,"Tiny Chest":9,"Toy Ornithopter":6,"Ring of the Snake":0},{"Happy Flower":0,"Golden Idol":2,"Tiny Chest":4,"Toy Ornithopter":4,"Ring of the Snake":0},{"Happy Flower":0,"Golden Idol":8,"Tiny Chest":18,"Toy Ornithopter":18,"Ring of the Snake":0}],"Toy Ornithopter":5,"Ring of the Snake":[14]},"card_choices":[{"not_picked":["Prepared","Tactician"],"picked":"Blade Dance","floor":1},{"not_picked":["Deflect","Backflip"],"picked":"Caltrops","floor":2},{"not_picked":["Riddle With Holes","Cloak And Dagger"],"picked":"Dagger Spray","floor":5},{"not_picked":["Deadly Poison","Cloak And Dagger"],"picked":"Infinite Blades","floor":6},{"not_picked":["Skewer","Concentrate"],"picked":"PiercingWail","floor":11},{"not_picked":["Heel Hook","Dodge and Roll"],"picked":"Deadly Poison","floor":12}],"player_experience":2535874,"relics_obtained":[{"floor":6,"key":"Toy Ornithopter"},{"floor":9,"key":"Tiny Chest"}],"event_choices":[{"damage_healed":0,"gold_gain":0,"player_choice":"Lose Max HP","damage_taken":0,"relics_obtained":["Golden Idol"],"max_hp_gain":0,"max_hp_loss":6,"event_name":"Golden Idol","floor":3,"gold_loss":0},{"damage_healed":0,"gold_gain":0,"player_choice":"Bought 1 Potion","damage_taken":0,"max_hp_gain":0,"max_hp_loss":0,"event_name":"The Woman in Blue","floor":4,"gold_loss":0},{"damage_healed":0,"gold_gain":0,"player_choice":"Ignored","damage_taken":0,"max_hp_gain":0,"max_hp_loss":0,"event_name":"Shining Light","floor":13,"gold_loss":0},{"cards_removed":["Accuracy"],"damage_healed":49,"gold_gain":0,"player_choice":"Offered Uncommon","damage_taken":0,"max_hp_gain":0,"max_hp_loss":0,"event_name":"Bonfire Elementals","floor":14,"gold_loss":0}],"is_beta":false,"boss_relics":[],"items_purged_floors":[],"is_endless":false,"potions_floor_spawned":[6,11],"killed_by":"Slime Boss","ascension_level":20}}