{"host":"naykp6d9ulahlwib","time":1608071413,"event":{"mods":["BaseMod","Highlight Path","Minty Spire (QoL Compilation)","StSLib"],"gold_per_floor":[110,35,35,110,126,126,141,141,215,215,215,239,266,285,285,382,382,394,394,79,91,122,122,152,152,207,218,128,3,3,3,3,103,103,119,119,139,139,139,139,166,16,90,312,341,341,341,391,391,391],"floor_reached":51,"playtime":7129,"items_purged":["Thunder Strike","Dualcast","Defend_B","Strike_B"],"score":1045,"play_id":"d5f842cf-25a1-4fe0-933d-21c8bcc7078e","local_time":"20201215163013","is_ascension_mode":true,"campfire_choices":[{"data":"Reprogram","floor":6.0,"key":"SMITH"},{"data":"Zap","floor":8.0,"key":"SMITH"},{"floor":10.0,"key":"REST"},{"floor":15.0,"key":"REST"},{"floor":23.0,"key":"REST"},{"floor":30.0,"key":"REST"},{"floor":32.0,"key":"REST"},{"floor":40.0,"key":"REST"},{"floor":46.0,"key":"REST"},{"floor":49.0,"key":"REST"}],"circlet_count":0,"master_deck":["AscendersBane","Defend_B","Defend_B+1","Defend_B","Reprogram+1","Seek+1","Genetic Algorithm","Hyperbeam","Rebound","Self Repair","Recycle","Fusion","Core Surge","Barrage","Hyperbeam","BootSequence","Capacitor","Madness","Madness"],"relics":["Cracked Core","Gremlin Horn","Juzu Bracelet","Orichalcum","Fusion Hammer","MutagenicStrength","Medical Kit","Red Mask","MealTicket","Toy Ornithopter","Happy Flower","Runic Pyramid","Centennial Puzzle","Blue Candle","Omamori","Lizard Tail"],"acts_visited":["Exordium","TheCity","TheBeyond"],"potions_floor_usage":[50,50],"damage_taken":[{"damage":7.0,"enemies":"Jaw Worm","floor":1.0,"turns":3.0},{"damage":0.0,"enemies":"Small Slimes","floor":5.0,"turns":3.0},{"damage":0.0,"enemies":"2 Louse","floor":7.0,"turns":3.0},{"damage":15.0,"enemies":"3 Sentries","floor":13.0,"turns":7.0},{"damage":13.0,"enemies":"Large Slime","floor":14.0,"turns":9.0},{"damage":46.0,"enemies":"Slime Boss","floor":16.0,"turns":26.0},{"damage":12.0,"enemies":"3 Byrds","floor":18.0,"turns":4.0},{"damage":16.0,"enemies":"Spheric Guardian","floor":21.0,"turns":6.0},{"damage":0.0,"enemies":"Masked Bandits","floor":22.0,"turns":2.0},{"damage":25.0,"enemies":"Gremlin Leader","floor":24.0,"turns":7.0},{"damage":16.0,"enemies":"Snake Plant","floor":27.0,"turns":4.0},{"damage":47.0,"enemies":"Automaton","floor":33.0,"turns":10.0},{"damage":14.0,"enemies":"Orb Walker","floor":35.0,"turns":3.0},{"damage":0.0,"enemies":"3 Shapes","floor":37.0,"turns":1.0},{"damage":26.0,"enemies":"Nemesis","floor":41.0,"turns":7.0},{"damage":28.0,"enemies":"Giant Head","floor":45.0,"turns":8.0},{"damage":1.0,"enemies":"Mind Bloom Boss Battle","floor":48.0,"turns":7.0},{"damage":73,"enemies":"Donu and Deca","floor":50,"turns":9}],"seed_played":"-3028359069449174530","potions_obtained":[{"floor":5.0,"key":"AttackPotion"},{"floor":14.0,"key":"SmokeBomb"},{"floor":16.0,"key":"Energy Potion"},{"floor":18.0,"key":"LiquidMemories"},{"floor":24.0,"key":"SkillPotion"},{"floor":33.0,"key":"FocusPotion"},{"floor":35.0,"key":"SpeedPotion"},{"floor":48.0,"key":"DistilledChaos"}],"is_trial":false,"path_per_floor":["M","$","?","?","M","R","M","R","T","R","?","T","E","M","R","B",null,"M","?","$","M","?","R","E","?","T","M","?","$","R","?","R","B",null,"M","?","M","?","?","R","E","$","T","?","E","R","?","?","R","B",null],"character_chosen":"DEFECT","items_purchased":["Self Repair","Medical Kit"],"campfire_rested":8,"item_purchase_floors":[20,20],"current_hp_per_floor":[61,61,61,50,50,50,50,50,50,68,68,68,53,40,60,14,55,43,43,43,34,34,54,36,36,36,27,27,42,62,62,68,33,59,57,57,57,57,57,68,54,68,68,68,52,68,59,65,68,12],"gold":391,"neow_bonus":"TRANSFORM_TWO_CARDS","is_daily":false,"chose_seed":false,"campfire_upgraded":2,"win_rate":0.0,"timestamp":1608071413,"path_taken":["M","$","?","?","M","R","M","R","T","R","?","?","E","M","R","BOSS","M","?","$","M","?","R","E","?","T","M","?","?","R","?","R","BOSS","M","?","M","?","?","R","E","$","T","?","E","R","?","?","R","BOSS"],"items_purchased_type":["Card","Relic"],"build_version":"2020-12-13","purchased_purges":4,"victory":true,"max_hp_per_floor":[68,68,68,68,68,68,68,68,68,68,68,68,68,68,68,68,68,68,68,68,68,68,68,68,68,68,68,68,68,68,68,68,68,68,68,68,68,68,68,68,68,68,68,68,68,68,68,68,68,68],"card_choices":[{"not_picked":["Steam","Barrage","Defragment"],"picked":"SKIP","floor":1.0},{"not_picked":["Conserve Battery","Go for the Eyes","Redo"],"picked":"SKIP","floor":5.0},{"not_picked":["Leap","Ball Lightning","Storm"],"picked":"SKIP","floor":7.0},{"not_picked":["Turbo","Cold Snap"],"picked":"Seek","floor":13.0},{"not_picked":["Redo","Steam"],"picked":"Genetic Algorithm","floor":14.0},{"not_picked":["Buffer","Creative AI"],"picked":"Hyperbeam","floor":16.0},{"not_picked":["Leap","Hologram"],"picked":"Rebound","floor":18.0},{"not_picked":["Tempest+1","Aggregate+1"],"picked":"Recycle","floor":21.0},{"not_picked":["Conserve Battery+1","Turbo+1"],"picked":"Fusion","floor":22.0},{"not_picked":["Darkness+1","Genetic Algorithm"],"picked":"Core Surge","floor":24.0},{"not_picked":["Consume","Go for the Eyes+1"],"picked":"Barrage","floor":27.0},{"not_picked":["Biased Cognition","Core Surge"],"picked":"Hyperbeam","floor":33.0},{"not_picked":["White Noise","Ball Lightning"],"picked":"BootSequence","floor":35.0},{"not_picked":["Go for the Eyes","Sweeping Beam+1","Rebound"],"picked":"SKIP","floor":37.0},{"not_picked":["Hello World+1","Barrage","Cold Snap+1"],"picked":"SKIP","floor":41.0},{"not_picked":["Streamline","Seek"],"picked":"Capacitor","floor":45.0}],"player_experience":750184,"relics_obtained":[{"floor":9.0,"key":"Gremlin Horn"},{"floor":12.0,"key":"Juzu Bracelet"},{"floor":13.0,"key":"Orichalcum"},{"floor":22.0,"key":"Red Mask"},{"floor":24.0,"key":"MealTicket"},{"floor":26.0,"key":"Happy Flower"},{"floor":41.0,"key":"Centennial Puzzle"},{"floor":43.0,"key":"Blue Candle"},{"floor":45.0,"key":"Omamori"},{"floor":48.0,"key":"Lizard Tail"}],"event_choices":[{"damage_healed":0.0,"max_hp_gain":0.0,"max_hp_loss":0.0,"gold_gain":0.0,"event_name":"The Cleric","player_choice":"Leave","floor":3.0,"gold_loss":0.0,"damage_taken":0.0},{"damage_healed":0.0,"max_hp_gain":0.0,"max_hp_loss":0.0,"gold_gain":75.0,"event_name":"World of Goop","player_choice":"Gather Gold","floor":4.0,"gold_loss":0.0,"damage_taken":11.0},{"damage_healed":0.0,"max_hp_gain":0.0,"max_hp_loss":0.0,"gold_gain":0.0,"event_name":"Liars Game","player_choice":"Ignored","floor":11.0,"gold_loss":0.0,"damage_taken":0.0},{"damage_healed":0.0,"max_hp_gain":0.0,"max_hp_loss":0.0,"gold_gain":0.0,"event_name":"Drug Dealer","player_choice":"Inject Mutagens","floor":19.0,"gold_loss":0.0,"damage_taken":0.0,"relics_obtained":["MutagenicStrength"]},{"damage_healed":0.0,"max_hp_gain":0.0,"max_hp_loss":0.0,"gold_gain":0.0,"event_name":"Masked Bandits","player_choice":"Fought Bandits","floor":22.0,"gold_loss":0.0,"damage_taken":0.0},{"damage_healed":0.0,"max_hp_gain":0.0,"max_hp_loss":0.0,"gold_gain":0.0,"event_name":"The Mausoleum","player_choice":"Opened","floor":25.0,"gold_loss":0.0,"damage_taken":0.0,"relics_obtained":["Toy Ornithopter"]},{"cards_removed":["Strike_B"],"damage_healed":0.0,"max_hp_gain":0.0,"max_hp_loss":0.0,"gold_gain":0.0,"event_name":"Designer","player_choice":"Upgrade and Remove","floor":28.0,"gold_loss":90.0,"damage_taken":0.0,"cards_upgraded":["Defend_B"]},{"cards_removed":["Zap"],"damage_healed":0.0,"max_hp_gain":0.0,"max_hp_loss":0.0,"gold_gain":0.0,"event_name":"Falling","player_choice":"Removed Skill","floor":36.0,"gold_loss":0.0,"damage_taken":0.0},{"damage_healed":0.0,"max_hp_gain":0.0,"max_hp_loss":0.0,"gold_gain":0.0,"event_name":"Mysterious Sphere","player_choice":"Ignored","floor":38.0,"gold_loss":0.0,"damage_taken":0.0},{"damage_healed":0.0,"max_hp_gain":0.0,"max_hp_loss":0.0,"gold_gain":0.0,"event_name":"Upgrade Shrine","player_choice":"Upgraded","floor":39.0,"gold_loss":0.0,"damage_taken":0.0,"cards_upgraded":["Seek"]},{"damage_healed":0.0,"max_hp_gain":0.0,"max_hp_loss":0.0,"gold_gain":222.0,"event_name":"Tomb of Lord Red Mask","player_choice":"Wore Mask","floor":44.0,"gold_loss":0.0,"damage_taken":0.0},{"damage_healed":0.0,"max_hp_gain":0.0,"max_hp_loss":0.0,"gold_gain":0.0,"event_name":"Winding Halls","player_choice":"Embrace Madness","floor":47.0,"gold_loss":0.0,"damage_taken":9.0,"cards_obtained":["Madness","Madness"]},{"damage_healed":0.0,"max_hp_gain":0.0,"max_hp_loss":0.0,"gold_gain":0.0,"event_name":"MindBloom","player_choice":"Fight","floor":48.0,"gold_loss":0.0,"damage_taken":0.0}],"is_beta":false,"boss_relics":[{"not_picked":["Sozu","FrozenCore"],"picked":"Fusion Hammer"},{"not_picked":["Pandora\u0027s Box","Astrolabe"],"picked":"Runic Pyramid"}],"items_purged_floors":[2,20,29,42],"is_endless":false,"potions_floor_spawned":[5,14,16,18,24,33,35,48],"ascension_level":10}}