{"host":"87fdiiwflhrwsj8a","time":1608071853,"event":{"mods":["Aspiration","BaseMod","Better Match","Better Note","Better Third Choice","BetterRewards","Colored Map","GifTheSpireLib","Infinite Spire","Minty Spire (QoL Compilation)","Relic Sorter","Replay The Spire","Robot Space Explorer","StSLib","Stuff the Spire","The Cursed"],"gold_per_floor":[117,132,31,43,57,92,146,178,232,244,272,292,312,312,312,413,413,427,441,441,494,494,494,521,537,610,610,610,624,135,135,135],"floor_reached":31,"playtime":8224,"items_purged":["TheCursedMod:Strike_TheCursed"],"score":422,"play_id":"65286967-7aa2-4e16-ad69-9e453237ca0e","local_time":"20201215173733","is_ascension_mode":true,"campfire_choices":[{"floor":15,"key":"REST"},{"data":"TheCursedMod:Hemoplague","floor":23,"key":"SMITH"},{"data":"TheCursedMod:VoidForm","floor":27,"key":"SMITH"}],"circlet_count":0,"master_deck":["TheCursedMod:Defend_TheCursed","TheCursedMod:Defend_TheCursed","TheCursedMod:Defend_TheCursed","TheCursedMod:CursedWand","TheCursedMod:CleanUpWorkshop","TheCursedMod:Dregs","TheCursedMod:Hemoplague+1","TheCursedMod:CursedRelics","TheCursedMod:VitalStrike+1","TheCursedMod:Hemoplague","TheCursedMod:VitalStrike+1","ReplayTheSpireMod:Splinters","TheCursedMod:CursedBlade","TheCursedMod:CursedBlade","TheCursedMod:SpitefulPray","TheCursedMod:VoidForm+1","TheCursedMod:CircleOfCorruption+1","infinitespire:Fortify","TheCursedMod:RapidMovement","TheCursedMod:CursedShiv","TheCursedMod:Stigma","TheCursedMod:StingEye","Finesse"],"relics":["TheCursedMod:BlackMagic101","aspiration:HatOfInfinitePower","Thread and Needle","Tiny Chest","StuffTheSpire:NeowsTribute","aspiration:HummingbirdHeart","Ancient Tea Set","Vajra","Replay:PocketPolymizer","Replay:Drink Me","Chameleon Ring","infinitespire:PuzzleCube","Mummified Hand","Membership Card","Replay:Bottled Eggs","Frozen Egg 2"],"acts_visited":["Exordium","TheCity"],"potions_floor_usage":[6,8,16,24],"damage_taken":[{"damage":0,"enemies":"Cultist","floor":1,"turns":3},{"damage":0,"enemies":"2 Louse","floor":2,"turns":3},{"damage":1,"enemies":"Small Slimes","floor":4,"turns":4},{"damage":0,"enemies":"3 Louse","floor":5,"turns":5},{"damage":15,"enemies":"3 Sentries","floor":6,"turns":6},{"damage":7,"enemies":"Lagavulin","floor":8,"turns":7},{"damage":0,"enemies":"Lots of Slimes","floor":10,"turns":4},{"damage":14,"enemies":"Gremlin Nob","floor":11,"turns":4},{"damage":0,"enemies":"Large Slime","floor":12,"turns":5},{"damage":0,"enemies":"Blue Slaver","floor":13,"turns":2},{"damage":17,"enemies":"Slime Boss","floor":16,"turns":7},{"damage":0,"enemies":"Chosen","floor":18,"turns":4},{"damage":0,"enemies":"2 Thieves","floor":19,"turns":4},{"damage":5,"enemies":"Book of Stabbing","floor":24,"turns":3},{"damage":20,"enemies":"Centurion and Healer","floor":25,"turns":4},{"damage":0,"enemies":"Snake Plant","floor":29,"turns":3},{"damage":32,"enemies":"Nightmare","floor":31,"turns":5}],"seed_played":"-4083083105307671094","potions_obtained":[{"floor":4,"key":"Explosive Potion"},{"floor":5,"key":"Weak Potion"},{"floor":6,"key":"Doom Potion"},{"floor":7,"key":"Milkshake"},{"floor":10,"key":"Energy Potion"},{"floor":13,"key":"PowerPotion"},{"floor":18,"key":"Energy Potion"},{"floor":25,"key":"TheCursedMod:DregsPotion"}],"is_trial":false,"path_per_floor":["M","M","$","M","M","E","?","E","T","M","E","M","M","?","R","B",null,"M","M","AVR","T","?","R","E","M","T","R","$","M","$","NM"],"character_chosen":"THE_CURSED","items_purchased":["aspiration:HatOfInfinitePower","Tiny Chest","TheCursedMod:Hemoplague","TheCursedMod:VitalStrike","TheCursedMod:Hemoplague","Membership Card","Replay:Bottled Eggs","Frozen Egg 2","TheCursedMod:StingEye","Finesse"],"campfire_rested":1,"item_purchase_floors":[0,0,0,3,3,30,30,30,30,30],"current_hp_per_floor":[40,40,40,39,39,24,24,17,17,17,3,3,3,3,25,8,57,57,57,57,57,57,57,52,32,32,32,32,32,32,0,0],"gold":135,"neow_bonus":"","is_daily":false,"chose_seed":false,"campfire_upgraded":2,"win_rate":0.0,"timestamp":1608071853,"path_taken":["M","M","$","M","?","E","?","E","T","M","E","M","M","?","R","BOSS","M","M","AVR","?","?","R","E","M","T","R","$","?","$","NM"],"items_purchased_type":["Relic","Relic","Card","Card","Card","Relic","Relic","Relic","Card","Card"],"build_version":"2020-11-30","purchased_purges":1,"victory":false,"max_hp_per_floor":[75,75,75,75,75,75,75,75,75,75,75,75,75,75,75,75,57,57,57,57,57,57,57,57,57,57,57,57,57,57,57,57],"card_choices":[{"not_picked":["TheCursedMod:SoulReap","TheCursedMod:RavingStaff","TheCursedMod:CursedAmulet"],"picked":"SKIP","floor":1},{"not_picked":["TheCursedMod:CursedMace","TheCursedMod:CursedAmulet"],"picked":"TheCursedMod:CursedRelics","floor":2},{"not_picked":["TheCursedMod:Grudge","TheCursedMod:FleshFromBone","TheCursedMod:CircleOfCorruption"],"picked":"SKIP","floor":4},{"not_picked":["TheCursedMod:CursedAmulet","TheCursedMod:DoubleShield","TheCursedMod:RapidMovement"],"picked":"SKIP","floor":5},{"not_picked":["TheCursedMod:CursedBoomerang","TheCursedMod:Neurasthenia"],"picked":"TheCursedMod:VitalStrike","floor":6},{"not_picked":["TheCursedMod:ForbiddenAlchemy","TheCursedMod:SpitefulStrike","TheCursedMod:SpitefulPray"],"picked":"SKIP","floor":8},{"not_picked":["TheCursedMod:Wield","TheCursedMod:SmokeScreen"],"picked":"TheCursedMod:CursedBlade","floor":10},{"not_picked":["TheCursedMod:BloodBarrier","TheCursedMod:RapidMovement"],"picked":"TheCursedMod:CursedBlade","floor":11},{"not_picked":["TheCursedMod:SurpriseAttack","TheCursedMod:CursedArmor"],"picked":"TheCursedMod:SpitefulPray","floor":12},{"not_picked":["TheCursedMod:CircleOfBlood","TheCursedMod:CursedAmulet","TheCursedMod:WearCloak"],"picked":"SKIP","floor":13},{"not_picked":["TheCursedMod:ManaCirculation","TheCursedMod:AntiAging"],"picked":"TheCursedMod:VoidForm","floor":16},{"not_picked":["TheCursedMod:CircleOfFlame+1","TheCursedMod:AbyssShockwave+1"],"picked":"TheCursedMod:CircleOfCorruption+1","floor":18},{"not_picked":["TheCursedMod:Wield","TheCursedMod:ParallelWorld","TheCursedMod:HellsGateOpen"],"picked":"SKIP","floor":19},{"not_picked":["TheCursedMod:ReleasedKnowledge","TheCursedMod:StunningStrike"],"picked":"TheCursedMod:RapidMovement","floor":24},{"not_picked":["TheCursedMod:Wield+1","TheCursedMod:SoulReap"],"picked":"TheCursedMod:CursedShiv","floor":25},{"not_picked":["TheCursedMod:CursedBlade","TheCursedMod:ReleasedStrength"],"picked":"TheCursedMod:Stigma","floor":29}],"player_experience":2544369,"relics_obtained":[{"floor":6,"key":"StuffTheSpire:NeowsTribute"},{"floor":7,"key":"aspiration:HummingbirdHeart"},{"floor":8,"key":"Ancient Tea Set"},{"floor":9,"key":"Vajra"},{"floor":11,"key":"Replay:PocketPolymizer"},{"floor":24,"key":"infinitespire:PuzzleCube"},{"floor":26,"key":"Mummified Hand"}],"event_choices":[{"damage_healed":0,"gold_gain":0,"player_choice":"Bought 0 Potions","damage_taken":0,"max_hp_gain":0,"max_hp_loss":0,"event_name":"The Woman in Blue","floor":14,"gold_loss":0},{"cards_removed":["TheCursedMod:Defend_TheCursed"],"damage_healed":0,"gold_gain":0,"player_choice":"Purged","damage_taken":0,"max_hp_gain":0,"max_hp_loss":0,"event_name":"Purifier","floor":22,"gold_loss":0}],"is_beta":false,"boss_relics":[{"not_picked":["aspiration:IroncladSkillbook","Runic Dome"],"picked":"Replay:Drink Me"}],"items_purged_floors":[20],"is_endless":false,"potions_floor_spawned":[4,5,6,10,13,18,25],"killed_by":"Nightmare","ascension_level":1}}