{"host":"i09pxcjttd31eh4q","time":1608033391,"event":{"mods":["AchievementEnabler","BaseMod","Colored Map","Keyboard Shortcuts","Minty Spire (QoL Compilation)","StSLib","SuperFastMode"],"gold_per_floor":[119,119,119,119,119,159,172,12,35,63,1,19,40,76,76,175,175,200,200,213,113,113,113,84,134,134,134,177,177,200,224,224,323,323,347,347,363,238,259,299,299,335,335,335,354,36,36,70,70,70,70],"floor_reached":52,"playtime":1909,"items_purged":["Strike_G","Storm of Steel+1","Defend_G","Dagger Throw"],"score":2107,"play_id":"3aa3f38b-cefc-4462-8730-8c2d55d18f59","local_time":"20201215205631","is_ascension_mode":true,"campfire_choices":[{"data":"Noxious Fumes","floor":15.0,"key":"SMITH"},{"data":"Burst","floor":23.0,"key":"SMITH"},{"data":"Prepared","floor":27.0,"key":"SMITH"},{"data":"Bouncing Flask","floor":29.0,"key":"SMITH"},{"data":"Catalyst","floor":32.0,"key":"SMITH"},{"data":"Reflex","floor":41.0,"key":"SMITH"},{"data":"Acrobatics","floor":44.0,"key":"SMITH"},{"data":"Crippling Poison","floor":49.0,"key":"SMITH"}],"circlet_count":0,"master_deck":["AscendersBane","Defend_G+1","Defend_G","Defend_G+1","Survivor","Neutralize","Dagger Spray","Noxious Fumes+1","Bouncing Flask+1","Burst+1","Adrenaline+1","Calculated Gamble+1","Reflex+1","Adrenaline+1","Prepared+1","Blur+1","Catalyst+1","Backflip","Footwork","Crippling Poison+1","Acrobatics+1","Escape Plan"],"relics":["Ring of the Snake","NeowsBlessing","Golden Idol","Singing Bowl","MawBank","MealTicket","Astrolabe","Enchiridion","Bottled Tornado","PreservedInsect","SacredBark","Calipers","StoneCalendar","Pear","TwistedFunnel","The Courier"],"acts_visited":["Exordium","TheCity","TheBeyond"],"potions_floor_usage":[50],"damage_taken":[{"damage":0.0,"enemies":"Jaw Worm","floor":1.0,"turns":1.0},{"damage":0.0,"enemies":"Lagavulin","floor":6.0,"turns":1.0},{"damage":0.0,"enemies":"2 Louse","floor":7.0,"turns":2.0},{"damage":0.0,"enemies":"Small Slimes","floor":10.0,"turns":6.0},{"damage":8.0,"enemies":"Red Slaver","floor":12.0,"turns":4.0},{"damage":5.0,"enemies":"Blue Slaver","floor":13.0,"turns":4.0},{"damage":10.0,"enemies":"Gremlin Nob","floor":14.0,"turns":4.0},{"damage":8.0,"enemies":"Hexaghost","floor":16.0,"turns":8.0},{"damage":6.0,"enemies":"3 Byrds","floor":18.0,"turns":3.0},{"damage":14.0,"enemies":"2 Thieves","floor":20.0,"turns":4.0},{"damage":16.0,"enemies":"Slavers","floor":28.0,"turns":6.0},{"damage":0.0,"enemies":"Snake Plant","floor":30.0,"turns":3.0},{"damage":3.0,"enemies":"Shelled Parasite and Fungi","floor":31.0,"turns":4.0},{"damage":10.0,"enemies":"Automaton","floor":33.0,"turns":9.0},{"damage":0.0,"enemies":"3 Shapes","floor":35.0,"turns":3.0},{"damage":0.0,"enemies":"3 Darklings","floor":37.0,"turns":4.0},{"damage":0.0,"enemies":"Transient","floor":39.0,"turns":6.0},{"damage":4.0,"enemies":"Nemesis","floor":40.0,"turns":3.0},{"damage":0.0,"enemies":"Giant Head","floor":42.0,"turns":4.0},{"damage":4.0,"enemies":"4 Shapes","floor":45.0,"turns":4.0},{"damage":5.0,"enemies":"Nemesis","floor":48.0,"turns":3.0},{"damage":43,"enemies":"Time Eater","floor":50,"turns":9},{"damage":21,"enemies":"Awakened One","floor":51,"turns":19}],"seed_played":"-8006345523205802732","potions_obtained":[{"floor":6.0,"key":"SpeedPotion"},{"floor":12.0,"key":"Dexterity Potion"},{"floor":14.0,"key":"DistilledChaos"},{"floor":16.0,"key":"EssenceOfSteel"},{"floor":28.0,"key":"Ancient Potion"},{"floor":35.0,"key":"DistilledChaos"},{"floor":37.0,"key":"SmokeBomb"}],"is_trial":false,"path_per_floor":["M","?","?","?","?","E","M","$","T","M","$","M","M","E","R","B",null,"M","?","M","$","?","R","$","?","T","R","E","R","M","M","R","B",null,"M","?","M","$","M","E","R","E","T","R","M","$","$","E","R","B","B",null],"character_chosen":"THE_SILENT","items_purchased":["Noxious Fumes","Bouncing Flask","Prepared","TwistedFunnel"],"campfire_rested":0,"item_purchase_floors":[8,11,24,46],"current_hp_per_floor":[59,52,52,52,34,36,36,36,36,38,38,32,27,19,19,11,54,48,48,36,51,30,30,45,38,38,38,22,22,22,19,19,11,57,57,57,59,74,76,72,72,72,82,82,80,88,88,83,83,40,19],"gold":70,"neow_bonus":"THREE_ENEMY_KILL","is_daily":false,"chose_seed":false,"campfire_upgraded":8,"win_rate":0.0,"timestamp":1608033391,"path_taken":["M","?","?","?","?","E","M","$","T","M","?","M","?","E","R","BOSS","M","?","?","$","?","R","$","?","T","R","E","R","M","M","R","BOSS","M","?","M","$","M","E","R","E","T","R","M","?","$","E","R","BOSS","BOSS"],"items_purchased_type":["Card","Card","Card","Relic"],"build_version":"2020-12-13","purchased_purges":4,"victory":true,"max_hp_per_floor":[66,66,60,60,60,62,62,62,62,64,64,66,66,68,68,68,68,68,68,70,70,70,70,70,70,70,70,70,70,70,70,70,72,72,72,72,74,74,76,76,76,76,86,86,88,88,88,88,88,88,88],"card_choices":[{"not_picked":["Catalyst","PiercingWail"],"picked":"Dagger Spray","floor":1.0},{"not_picked":["Dodge and Roll","Storm of Steel","Outmaneuver"],"picked":"Singing Bowl","floor":6.0},{"not_picked":["Finisher","Quick Slash"],"picked":"Dagger Throw","floor":7.0},{"not_picked":["Cloak And Dagger","Slice","Catalyst"],"picked":"Singing Bowl","floor":10.0},{"not_picked":["Skewer","Sucker Punch","Caltrops"],"picked":"Singing Bowl","floor":12.0},{"not_picked":["Expertise","Cloak And Dagger"],"picked":"Deadly Poison","floor":13.0},{"not_picked":["Malaise","Outmaneuver","Blur"],"picked":"Singing Bowl","floor":14.0},{"not_picked":["After Image","Glass Knife"],"picked":"Burst","floor":16.0},{"not_picked":["Cloak And Dagger","Poisoned Stab"],"picked":"Reflex","floor":18.0},{"not_picked":["Setup","Dagger Spray","Sucker Punch+1"],"picked":"Singing Bowl","floor":20.0},{"not_picked":["Terror","PiercingWail"],"picked":"Blur+1","floor":28.0},{"not_picked":["Backstab+1","Bouncing Flask"],"picked":"Catalyst","floor":30.0},{"not_picked":["Concentrate","Sucker Punch+1"],"picked":"Backflip","floor":31.0},{"not_picked":["Night Terror","Phantasmal Killer","Glass Knife"],"picked":"Singing Bowl","floor":33.0},{"not_picked":["Sucker Punch","Dagger Throw+1"],"picked":"Footwork","floor":35.0},{"not_picked":["Bouncing Flask","Dagger Spray","Concentrate"],"picked":"Singing Bowl","floor":37.0},{"not_picked":["Cloak And Dagger","Slice","Quick Slash"],"picked":"Singing Bowl","floor":39.0},{"not_picked":["Endless Agony","Heel Hook+1"],"picked":"Crippling Poison","floor":40.0},{"not_picked":["Backflip","Cloak And Dagger"],"picked":"Acrobatics","floor":42.0},{"not_picked":["Leg Sweep+1","Deflect","Prepared"],"picked":"Singing Bowl","floor":45.0},{"not_picked":["Well Laid Plans","Reflex"],"picked":"Escape Plan","floor":48.0}],"player_experience":736132,"relics_obtained":[{"floor":6.0,"key":"Singing Bowl"},{"floor":9.0,"key":"MawBank"},{"floor":14.0,"key":"MealTicket"},{"floor":22.0,"key":"Enchiridion"},{"floor":26.0,"key":"Bottled Tornado"},{"floor":28.0,"key":"PreservedInsect"},{"floor":40.0,"key":"Calipers"},{"floor":42.0,"key":"StoneCalendar"},{"floor":43.0,"key":"Pear"},{"floor":48.0,"key":"The Courier"}],"event_choices":[{"cards_removed":["Strike_G"],"damage_healed":0.0,"max_hp_gain":0.0,"max_hp_loss":0.0,"gold_gain":0.0,"event_name":"Golden Wing","player_choice":"Card Removal","floor":2.0,"gold_loss":0.0,"damage_taken":7.0},{"damage_healed":0.0,"max_hp_gain":0.0,"max_hp_loss":6.0,"gold_gain":0.0,"event_name":"Golden Idol","player_choice":"Lose Max HP","floor":3.0,"gold_loss":0.0,"damage_taken":0.0,"relics_obtained":["Golden Idol"]},{"cards_removed":["Strike_G"],"damage_healed":0.0,"max_hp_gain":0.0,"max_hp_loss":0.0,"gold_gain":0.0,"event_name":"Living Wall","player_choice":"Forget","floor":4.0,"gold_loss":0.0,"damage_taken":0.0},{"damage_healed":0.0,"max_hp_gain":0.0,"max_hp_loss":0.0,"gold_gain":0.0,"event_name":"Shining Light","player_choice":"Entered Light","floor":5.0,"gold_loss":0.0,"damage_taken":18.0,"cards_upgraded":["Defend_G","Defend_G"]},{"damage_healed":0.0,"max_hp_gain":0.0,"max_hp_loss":0.0,"gold_gain":0.0,"event_name":"Duplicator","player_choice":"Copied","floor":19.0,"gold_loss":0.0,"damage_taken":0.0,"cards_obtained":["Adrenaline"]},{"damage_healed":0.0,"max_hp_gain":0.0,"max_hp_loss":0.0,"gold_gain":0.0,"event_name":"Cursed Tome","player_choice":"Obtained Book","floor":22.0,"gold_loss":0.0,"damage_taken":21.0},{"damage_healed":0.0,"max_hp_gain":0.0,"max_hp_loss":0.0,"gold_gain":50.0,"event_name":"FaceTrader","player_choice":"Touch","floor":25.0,"gold_loss":0.0,"damage_taken":7.0},{"cards_removed":["Deadly Poison"],"damage_healed":0.0,"max_hp_gain":0.0,"max_hp_loss":0.0,"gold_gain":0.0,"event_name":"Purifier","player_choice":"Purged","floor":36.0,"gold_loss":0.0,"damage_taken":0.0}],"is_beta":false,"boss_relics":[{"not_picked":["Cursed Key","Velvet Choker"],"picked":"Astrolabe"},{"not_picked":["WristBlade","Calling Bell"],"picked":"SacredBark"}],"items_purged_floors":[8,21,38,46],"is_endless":false,"potions_floor_spawned":[6,12,14,16,28,33,35,37],"ascension_level":20}}