{"host":"t9ey1ebdrj6sa9fi","time":1608044872,"event":{"mods":["AchievementEnabler","Act Like it!","Aspiration","Astrologer","Bard","BaseMod","Better Altar","Better Match","Better Note","Better Sensory Stone","Better Silent Start","Better Third Choice","Better Vampires","ChefMod","Chen","Colored Map","Colored Powertips","Emptier Cage","Faster Ascension Climbing","Gensokyo","Highlight Path","Hubris","Jedi Mod","Marisa????????","Mimic Mod","Minty Spire (QoL Compilation)","Optimize The Spire","Pale of the Ancients","Permanent Neow","Quick Restart","Random Character Button","Relic Stats","Replay The Spire","Reworked Bosses","Shop Mod","Spicy Shops","StSLib","SuperFastMode","The Dragon Tamer","The IronCluck","The Marked","Wandering Minibosses","everything is the same but u backflip on backflip","slay the spire mod where everything is the same but ironclad has a cowboy hat"],"gold_per_floor":[112,112,42,42,42,42,67,67,67,67,98,108,108,118,118,221,221,239,239,239,253,273,273,273,273,273,42,71,71,71,89,89,189,189,199,214,214,214,264,264,295,309,309,309,327,0,30,30,30,30],"floor_reached":51,"playtime":3769,"items_purged":["theMarked:CreepingChasm+1"],"score":886,"play_id":"031b8c9c-6a3c-4861-9017-34808b6d4190","local_time":"20201215160752","is_ascension_mode":true,"campfire_choices":[{"floor":6,"key":"REST"},{"data":"theMarked:SoldierOfQuellstein","floor":8,"key":"SMITH"},{"floor":10,"key":"REST"},{"data":"theMarked:Defend","floor":13,"key":"SMITH"},{"data":"theMarked:CreepingChasm","floor":15,"key":"SMITH"},{"floor":23,"key":"REST"},{"data":"theMarked:EmpowerWeapon","floor":25,"key":"SMITH"},{"floor":30,"key":"REST"},{"floor":32,"key":"REST"},{"data":"Replay:BasicMightCard","floor":40,"key":"SMITH"},{"data":"theMarked:Levitate","floor":40,"key":"SMITH"},{"floor":44,"key":"REST"},{"floor":49,"key":"REST"}],"circlet_count":0,"master_deck":["theMarked:Strike+1","theMarked:Strike","theMarked:Strike+1","theMarked:Defend+1","theMarked:Defend","theMarked:Defend","theMarked:SoldierOfQuellstein+1","theMarked:FavorableWinds+1","theMarked:ElectricStrings+1","theMarked:TwofoldDefense+1","theMarked:RepellingDischarge","theMarked:SelfDefenseTraining+1","theMarked:SwordAndMagic+1","theMarked:EternalStudent+1","Replay:BasicMightCard+1","jedi:forcepull","theMarked:EmpowerWeapon+1","theMarked:WardOff+1","theMarked:BanishingWave+1","theMarked:EnhancedHearing+1","theMarked:BindingBlade","theMarked:Levitate+1","theMarked:ParalyzingBlade+1","Madness","CommonCold","theMarked:HeightenedSenses+1","hubris:DuctTapeCard+2","theMarked:ThrowWeapon+1"],"relics":["theMarked:BronzeBlade","Guide Book","hubris:EvacipatedBox","Molten Egg 2","Incense Burner","Anchor","Mercury Hourglass","theMarked:Gun","Bag of Preparation","Replay:Arrowhead","ChewingGum","Ring of Chaos","theMarked:SecretDocuments","Art of War","hubris:DuctTape","Red Mask","Prayer Wheel"],"acts_visited":["Gensokyo:Gensokyo","Gensokyo:Gensokyoer","TheBeyond"],"potions_floor_usage":[28,33,42,50,50,50],"damage_taken":[{"damage":0.0,"enemies":"Gensokyo:Python","floor":1.0,"turns":3.0},{"damage":3,"enemies":"Gensokyo:Mamizou","floor":7,"turns":10},{"damage":4,"enemies":"Gensokyo:Aya","floor":11,"turns":6},{"damage":0,"enemies":"Gensokyo:2_Kodama","floor":12,"turns":2},{"damage":0,"enemies":"Gensokyo:3_Fairies","floor":14,"turns":3},{"damage":45,"enemies":"Gensokyo:Yukari","floor":16,"turns":14},{"damage":18,"enemies":"Gensokyo:3_Dogs","floor":18,"turns":5},{"damage":10,"enemies":"Gensokyo:CosmicMonolith","floor":21,"turns":4},{"damage":39,"enemies":"Gensokyo:Slime_Group","floor":22,"turns":6},{"damage":18,"enemies":"Gensokyo:Reisen","floor":28,"turns":6},{"damage":0,"enemies":"Gensokyo:3_Gloops","floor":31,"turns":1},{"damage":25,"enemies":"Gensokyo:Eiki","floor":33,"turns":7},{"damage":0,"enemies":"Orb Walker","floor":35,"turns":2},{"damage":0,"enemies":"3 Shapes","floor":36,"turns":3},{"damage":29,"enemies":"Mind Bloom Boss Battle","floor":39,"turns":5},{"damage":0,"enemies":"Nemesis","floor":41,"turns":3},{"damage":24,"enemies":"Sphere and 2 Shapes","floor":42,"turns":5},{"damage":0,"enemies":"Writhing Mass","floor":45,"turns":3},{"damage":19,"enemies":"R_Hoarder","floor":47,"turns":6},{"damage":26,"enemies":"bossMod:newAwakened","floor":50,"turns":10}],"seed_played":"-2406838910195408087","potions_obtained":[{"floor":7,"key":"PowerPotion"},{"floor":11,"key":"jedi:holywater"},{"floor":21,"key":"Swift Potion"},{"floor":22,"key":"LifebloodPotion"},{"floor":39,"key":"AttackPotion"},{"floor":42,"key":"Dexterity Potion"},{"floor":45,"key":"DuplicationPotion"}],"is_trial":false,"path_per_floor":["M","?","?","?","$","R","E","R","T","R","E","M","R","M","R","B",null,"M","?","?","M","M","R","T","R","T","$","E","$","R","M","R","B",null,"M","M","?","?","?","R","E","M","T","R","M","?","E","?","R","B",null],"character_chosen":"THE_DEFAULT","items_purchased":["Guide Book","hubris:EvacipatedBox","Bag of Preparation"],"campfire_rested":7,"item_purchase_floors":[5,5,27],"current_hp_per_floor":[70,42,42,42,13,34,31,31,31,52,48,48,48,48,48,3,70,52,52,52,42,3,24,24,24,24,24,6,6,27,27,48,23,70,70,70,61,61,32,32,32,8,8,29,29,29,10,10,31,5],"gold":30,"neow_bonus":"ONE_RANDOM_RARE_CARD","is_daily":false,"chose_seed":false,"campfire_upgraded":6,"win_rate":0.0,"timestamp":1608044872,"path_taken":["M","?","?","?","?","R","E","R","T","R","E","M","R","?","R","BOSS","M","?","?","M","M","R","?","R","T","$","E","?","R","?","R","BOSS","M","M","?","?","?","R","E","?","T","R","M","?","E","?","R","BOSS"],"items_purchased_type":["Relic","Relic","Relic"],"build_version":"2020-12-13","purchased_purges":1,"victory":true,"max_hp_per_floor":[70,70,70,70,70,70,70,70,70,70,70,70,70,70,70,70,70,70,70,70,70,70,70,70,70,70,70,70,70,70,70,70,70,70,70,70,70,70,70,70,70,70,70,70,70,70,70,70,70,70],"relic_stats":{"counters":[20,103],"Prayer Wheel":0,"Bag of Preparation":[22],"Art of War":[5],"obtain_stats":[{"theMarked:Gun":26,"hubris:DuctTape":43,"Guide Book":5,"Ring of Chaos":38,"aspiration:HummingbirdHeart":7,"Incense Burner":11,"Bag of Preparation":27,"hubris:EvacipatedBox":5,"Replay:Arrowhead":28,"Mercury Hourglass":24,"theMarked:ArtifactOfAir":0,"Anchor":12,"theMarked:SecretDocuments":39,"Molten Egg 2":9,"ChewingGum":34,"Prayer Wheel":47,"theMarked:BronzeBlade":17,"Art of War":41,"Red Mask":46},{"theMarked:Gun":9,"hubris:DuctTape":17,"Guide Book":1,"Ring of Chaos":14,"aspiration:HummingbirdHeart":2,"Incense Burner":3,"Bag of Preparation":9,"hubris:EvacipatedBox":1,"Replay:Arrowhead":10,"Mercury Hourglass":9,"theMarked:ArtifactOfAir":0,"Anchor":4,"theMarked:SecretDocuments":15,"Molten Egg 2":2,"ChewingGum":12,"Prayer Wheel":19,"theMarked:BronzeBlade":6,"Art of War":16,"Red Mask":18},{"theMarked:Gun":53,"hubris:DuctTape":84,"Guide Book":3,"Ring of Chaos":71,"aspiration:HummingbirdHeart":13,"Incense Burner":19,"Bag of Preparation":53,"hubris:EvacipatedBox":3,"Replay:Arrowhead":58,"Mercury Hourglass":53,"theMarked:ArtifactOfAir":0,"Anchor":21,"theMarked:SecretDocuments":76,"Molten Egg 2":13,"ChewingGum":66,"Prayer Wheel":93,"theMarked:BronzeBlade":38,"Art of War":79,"Red Mask":87}],"Mercury Hourglass":[217]},"card_choices":[{"not_picked":["theMarked:WardOff","theMarked:WastefulAttack"],"picked":"theMarked:ElectricStrings","floor":1.0},{"not_picked":["theMarked:Aftermath","theMarked:TunnelVision"],"picked":"theMarked:RepellingDischarge","floor":7},{"not_picked":["theMarked:Electrocute+1","theMarked:Convert"],"picked":"theMarked:SelfDefenseTraining+1","floor":11},{"not_picked":["theMarked:Panic","theMarked:ResourceFulStrike+1"],"picked":"theMarked:SwordAndMagic+1","floor":12},{"not_picked":["theMarked:DeterminationOfTheMarked","theMarked:MysticalArsenal"],"picked":"theMarked:CreepingChasm","floor":14},{"not_picked":["theMarked:MuscleMemory+1","theMarked:FavorableWinds"],"picked":"theMarked:EternalStudent","floor":16},{"not_picked":["theMarked:Electrocute+1","theMarked:Seal","theMarked:EnhanceMovement+1"],"picked":"SKIP","floor":18},{"not_picked":["ReplayTheSpireMod:Private Reserves","Thinking Ahead"],"picked":"Replay:BasicMightCard","floor":19},{"not_picked":["Replay:Parry+1","Mind Blast+1"],"picked":"jedi:forcepull","floor":19},{"not_picked":["theMarked:ComboAttacks","theMarked:TakeCover+1"],"picked":"theMarked:EmpowerWeapon","floor":21},{"not_picked":["theMarked:ResourceFulStrike+1","theMarked:ShockingTouch+1"],"picked":"theMarked:WardOff+1","floor":22},{"not_picked":["theMarked:HeightenedSenses","theMarked:Improvise"],"picked":"theMarked:BanishingWave+1","floor":28},{"not_picked":["theMarked:Improvise","theMarked:Parkour+1"],"picked":"theMarked:EnhancedHearing+1","floor":31},{"not_picked":["theMarked:ChannelForce","theMarked:EternalStudent"],"picked":"theMarked:BindingBlade","floor":33},{"not_picked":["theMarked:Electrocute+1","theMarked:Aftermath"],"picked":"theMarked:Levitate","floor":35},{"not_picked":["theMarked:KeepCalmAndFightOn+1","theMarked:Opportunist+1"],"picked":"theMarked:ParalyzingBlade+1","floor":36},{"not_picked":["theMarked:WastefulAttack+1","theMarked:TwofoldDefense"],"picked":"theMarked:HeightenedSenses+1","floor":39},{"not_picked":["theMarked:ElectricStrings+1","theMarked:Aftermath+1","theMarked:Electrocute+1"],"picked":"SKIP","floor":41},{"not_picked":["theMarked:Convert","theMarked:RepellingDischarge"],"picked":"theMarked:ResourceFulStrike+1","floor":42},{"not_picked":["theMarked:WastefulAttack+1","theMarked:TunnelVision+1","theMarked:HeritageOfTheMarked"],"picked":"SKIP","floor":45},{"not_picked":["theMarked:Panic","theMarked:ChainLightning+1"],"picked":"theMarked:ThrowWeapon+1","floor":47}],"player_experience":106879,"relics_obtained":[{"floor":7,"key":"aspiration:HummingbirdHeart"},{"floor":9,"key":"Molten Egg 2"},{"floor":11,"key":"Incense Burner"},{"floor":24,"key":"Mercury Hourglass"},{"floor":26,"key":"theMarked:Gun"},{"floor":28,"key":"Replay:Arrowhead"},{"floor":38,"key":"Ring of Chaos"},{"floor":39,"key":"theMarked:SecretDocuments"},{"floor":41,"key":"Art of War"},{"floor":43,"key":"hubris:DuctTape"},{"floor":47,"key":"Prayer Wheel"}],"event_choices":[{"damage_healed":0,"gold_gain":2,"player_choice":"1","damage_taken":0,"max_hp_gain":0,"max_hp_loss":0,"event_name":"betterStone:BetterStone","floor":19,"gold_loss":0},{"damage_healed":0,"gold_gain":0,"player_choice":"Embrace Madness","damage_taken":9,"max_hp_gain":0,"max_hp_loss":0,"event_name":"Winding Halls","floor":37,"gold_loss":0,"cards_obtained":["Madness","Madness"]},{"damage_healed":0,"gold_gain":0,"player_choice":"Fight","damage_taken":0,"max_hp_gain":0,"max_hp_loss":0,"event_name":"MindBloom","floor":39,"gold_loss":0},{"damage_healed":0,"gold_gain":0,"player_choice":"Paid","damage_taken":0,"relics_obtained":["Red Mask"],"max_hp_gain":0,"max_hp_loss":0,"event_name":"Tomb of Lord Red Mask","floor":46,"gold_loss":327}],"is_beta":false,"boss_relics":[{"not_picked":["Ectoplasm","Ring of Chaos","SlaversCollar"],"picked":"theMarked:BronzeBlade"},{"not_picked":["hubris:BlackHole","aspiration:SecretTechniqueScroll","aspiration:BardSkillbook"],"picked":"ChewingGum"}],"items_purged_floors":[27],"is_endless":false,"potions_floor_spawned":[7,11,21,22,39,42,45,47],"ascension_level":1}}