{"host":"kh1j1cf337zr4nij","time":1608008983,"event":{"mods":["2.2 Compatiblity","AchievementEnabler","Act Like it!","Aspiration","BaseMod","Bestiary","CCEM","Colored Map","Colored Powertips","Conspire","Downfall","Energized Spire","Friendly Minions","FruityMod","GifTheSpireLib","Halation","Hermit","Highlight Path","Hubris","Jedi Mod","Minty Spire (QoL Compilation)","Quick Restart","Random Character Button","Relic Stats","Replay The Spire","StSLib","Stuff the Spire","SuperFastMode","Synergy Search","The Necromancer","Trackpad","vexMod"],"gold_per_floor":[99,109,34,34,71,88,88,88,120,136,136,152,26,126,136,136,136],"floor_reached":16,"playtime":732,"items_purged":[],"score":100,"play_id":"c2d82bb3-3e54-4e26-9b22-89ac78a810f2","local_time":"20201215000943","is_ascension_mode":false,"campfire_choices":[{"floor":1,"key":"RECALL"},{"data":"DarkMatter","floor":3,"key":"SMITH"},{"data":"PhaseCoil","floor":8,"key":"SMITH"}],"circlet_count":0,"master_deck":["Strike_P","Strike_P","Strike_P","Strike_P","Defend_P","Defend_P+1","Defend_P","Defend_P","AstralHaze","DarkMatter+1","EtherBlast","PhaseCoil+1","Channel","Syzygy","Nova","Vortex","Creativity","Archives","Enigma"],"relics":["Arcanosphere","downfall:HeartBlessingRed","jedi:Pinwheel","hubris:CrystalStatue","StuffTheSpire:CocoNut"],"acts_visited":["Exordium"],"potions_floor_usage":[9,16],"damage_taken":[{"damage":5,"enemies":"2 Louse","floor":2,"turns":7},{"damage":31,"enemies":"conspire:MimicChest","floor":5,"turns":10},{"damage":2,"enemies":"Small Slimes","floor":6,"turns":4},{"damage":11,"enemies":"3 Sentries","floor":9,"turns":6},{"damage":1,"enemies":"Jaw Worm","floor":10,"turns":2},{"damage":0,"enemies":"2 Fungi Beasts","floor":12,"turns":3},{"damage":5,"enemies":"downfall:FleeingMerchant","floor":13,"turns":4},{"damage":25,"enemies":"Exordium Thugs","floor":15,"turns":4},{"damage":11,"enemies":"downfall:Silent","floor":16,"turns":2}],"seed_played":"-485704131523686445","potions_obtained":[{"floor":5,"key":"Dexterity Potion"},{"floor":9,"key":"Ancient Potion"}],"is_trial":false,"path_per_floor":["R","M","R","?","?","M","T","R","E","M","T","M","$","?","M","B"],"character_chosen":"THE_SEEKER","items_purchased":["Creativity","Archives"],"campfire_rested":0,"item_purchase_floors":[13,13],"current_hp_per_floor":[82,77,77,77,46,44,44,44,40,39,39,39,34,34,9,0,0],"gold":136,"neow_bonus":"TEN_PERCENT_HP_BONUS","is_daily":false,"chose_seed":false,"campfire_upgraded":2,"win_rate":0.0,"timestamp":1608008983,"path_taken":["R","M","R","?","?","M","T","R","E","M","?","M","$","?","M","BOSS"],"items_purchased_type":["Card","Card"],"build_version":"2020-12-13","purchased_purges":0,"victory":false,"max_hp_per_floor":[82,82,82,82,82,82,82,82,89,89,89,89,89,89,89,89,89],"relic_stats":{"counters":[9,42],"obtain_stats":[{"hubris:CrystalStatue":7,"downfall:HeartBlessingRed":3,"StuffTheSpire:CocoNut":9,"Arcanosphere":0,"jedi:Pinwheel":5},{"hubris:CrystalStatue":3,"downfall:HeartBlessingRed":1,"StuffTheSpire:CocoNut":4,"Arcanosphere":0,"jedi:Pinwheel":2},{"hubris:CrystalStatue":21,"downfall:HeartBlessingRed":7,"StuffTheSpire:CocoNut":27,"Arcanosphere":0,"jedi:Pinwheel":17}]},"card_choices":[{"not_picked":["Surge","Retrograde"],"picked":"DarkMatter","floor":2},{"not_picked":["VoidRay","Umbra"],"picked":"EtherBlast","floor":5},{"not_picked":["Magnetize","Singularity"],"picked":"PhaseCoil","floor":6},{"not_picked":["Starburst","Flicker"],"picked":"Channel","floor":9},{"not_picked":["Nova","ArcaneArmor"],"picked":"Syzygy","floor":10},{"not_picked":["Comet","NullStorm"],"picked":"Nova","floor":12},{"not_picked":["Starburst","GravityWell"],"picked":"Vortex","floor":13},{"not_picked":["Channel","Convergence"],"picked":"Enigma","floor":15}],"player_experience":13795,"relics_obtained":[{"floor":5,"key":"jedi:Pinwheel"},{"floor":7,"key":"hubris:CrystalStatue"},{"floor":9,"key":"StuffTheSpire:CocoNut"}],"event_choices":[],"is_beta":false,"boss_relics":[],"items_purged_floors":[],"is_endless":false,"potions_floor_spawned":[5,9],"killed_by":"downfall:Silent","ascension_level":0}}