{"host":"8qb550oiisecbnz6","time":1608060857,"event":{"mods":["AchievementEnabler","BaseMod","Colored Map","Colored Powertips","Minty Spire (QoL Compilation)","Quick Restart","Slay-I","StSLib"],"gold_per_floor":[113,188,188,205,155,186,205,61,61,61,81,81,113,38,38,135,135,147,246,257,4,4,4,38,38,107,107,123,123,138,53,53,153,153,170,22,122,135,152,152,152,152,152,165,180,213,213,213],"floor_reached":47,"playtime":2760,"items_purged":["Strike_G","Strike_G"],"score":626,"play_id":"1f955693-e787-46fb-a6fa-fcb39caa81d0","local_time":"20201215203417","is_ascension_mode":true,"campfire_choices":[{"data":"Poisoned Stab","floor":10,"key":"SMITH"},{"floor":12,"key":"REST"},{"data":"Neutralize","floor":15,"key":"SMITH"},{"data":"Envenom","floor":23,"key":"SMITH"},{"floor":25,"key":"RECALL"},{"data":"Bite","floor":32,"key":"SMITH"},{"data":"Footwork","floor":40,"key":"SMITH"},{"floor":42,"key":"REST"}],"circlet_count":0,"master_deck":["Defend_G","Defend_G","Defend_G","Defend_G","Defend_G","Survivor","Neutralize+1","Bane","Poisoned Stab+1","Corpse Explosion","Envenom+1","Quick Slash+1","Bite+1","Bite","Bite","Bite","Blur+1","Dash","Burst+1","Terror+1","Footwork+1","Dagger Throw+1","Dash+1"],"relics":["Velvet Choker","Du-Vu Doll","Ice Cream","Runic Pyramid","Vajra","PreservedInsect","Mummified Hand","Toxic Egg 2","WristBlade","Medical Kit","Juzu Bracelet","Gremlin Horn","Toy Ornithopter"],"acts_visited":["Exordium","TheCity","TheBeyond"],"potions_floor_usage":[13,18,24,33,33,33,33,46],"damage_taken":[{"damage":3,"enemies":"Small Slimes","floor":1,"turns":4},{"damage":0,"enemies":"2 Louse","floor":4,"turns":3},{"damage":5,"enemies":"3 Sentries","floor":6,"turns":8},{"damage":0,"enemies":"Jaw Worm","floor":7,"turns":3},{"damage":0,"enemies":"Large Slime","floor":11,"turns":4},{"damage":9,"enemies":"Lagavulin","floor":13,"turns":5},{"damage":1,"enemies":"The Guardian","floor":16,"turns":8},{"damage":10,"enemies":"2 Thieves","floor":18,"turns":3},{"damage":0,"enemies":"3 Byrds","floor":20,"turns":2},{"damage":42,"enemies":"Book of Stabbing","floor":24,"turns":5},{"damage":0,"enemies":"Cultist and Chosen","floor":28,"turns":4},{"damage":13,"enemies":"Sentry and Sphere","floor":30,"turns":4},{"damage":32,"enemies":"Automaton","floor":33,"turns":12},{"damage":56,"enemies":"3 Darklings","floor":35,"turns":4},{"damage":9,"enemies":"3 Shapes","floor":38,"turns":6},{"damage":21,"enemies":"Spire Growth","floor":39,"turns":4},{"damage":18,"enemies":"Transient","floor":44,"turns":5},{"damage":14,"enemies":"Maw","floor":45,"turns":8},{"damage":34,"enemies":"Giant Head","floor":46,"turns":8},{"damage":20,"enemies":"4 Shapes","floor":47,"turns":4}],"seed_played":"-4582804065691236984","potions_obtained":[{"floor":1,"key":"EssenceOfSteel"},{"floor":7,"key":"DistilledChaos"},{"floor":16,"key":"Explosive Potion"},{"floor":24,"key":"LiquidMemories"},{"floor":28,"key":"Weak Potion"},{"floor":30,"key":"LiquidMemories"},{"floor":33,"key":"Fruit Juice"},{"floor":35,"key":"DistilledChaos"},{"floor":45,"key":"Poison Potion"}],"is_trial":false,"path_per_floor":["M","?","?","M","?","E","M","$","T","R","M","R","E","$","R","B",null,"M","?","M","$","?","R","E","R","T","?","M","$","M","?","R","B",null,"M","$","?","M","M","R","?","R","T","M","M","E","M"],"character_chosen":"THE_SILENT","items_purchased":["Blood Vial","Vajra","Medical Kit"],"campfire_rested":2,"item_purchase_floors":[8,21,36],"current_hp_per_floor":[67,56,42,42,42,37,37,37,37,37,39,60,53,53,53,54,66,58,58,60,60,60,60,32,32,32,32,42,42,39,39,39,48,68,21,21,21,24,14,14,14,36,36,25,26,10,0,0],"gold":213,"neow_bonus":"BOSS_RELIC","is_daily":false,"chose_seed":false,"campfire_upgraded":5,"win_rate":0.0,"timestamp":1608060857,"path_taken":["M","?","?","M","?","E","M","?","T","R","?","R","E","$","R","BOSS","M","?","M","$","?","R","E","R","T","?","M","$","?","?","R","BOSS","M","$","?","?","M","R","?","R","T","M","M","E","M"],"items_purchased_type":["Relic","Relic","Relic"],"build_version":"2020-12-13","purchased_purges":2,"victory":false,"max_hp_per_floor":[70,70,70,70,70,70,70,70,70,70,70,70,70,70,70,70,70,70,70,70,70,70,70,70,70,70,70,70,70,70,70,70,75,75,75,75,75,75,75,75,75,75,75,75,75,75,75,75],"card_choices":[{"not_picked":["Footwork","Sucker Punch"],"picked":"Bane","floor":1},{"not_picked":["All Out Attack","Underhanded Strike"],"picked":"Poisoned Stab","floor":4},{"not_picked":["Setup","Tactician","Distraction"],"picked":"SKIP","floor":6},{"not_picked":["Outmaneuver","Deflect"],"picked":"Bane","floor":7},{"not_picked":["Eviscerate","Cloak And Dagger","Endless Agony"],"picked":"SKIP","floor":11},{"not_picked":["PiercingWail","Blade Dance"],"picked":"Corpse Explosion","floor":13},{"not_picked":["A Thousand Cuts","Corpse Explosion"],"picked":"Envenom","floor":16},{"not_picked":["Choke","Slice","Quick Slash"],"picked":"SKIP","floor":18},{"not_picked":["Calculated Gamble","Flechettes+1"],"picked":"Quick Slash+1","floor":20},{"not_picked":["PiercingWail","Quick Slash+1"],"picked":"Blur+1","floor":24},{"not_picked":["Dagger Spray","Poisoned Stab"],"picked":"Dash","floor":28},{"not_picked":["Dodge and Roll","Cloak And Dagger","Flying Knee"],"picked":"SKIP","floor":30},{"not_picked":["Venomology+1","Corpse Explosion+1"],"picked":"Burst+1","floor":33},{"not_picked":["Dagger Spray+1","Expertise+1"],"picked":"Terror+1","floor":35},{"not_picked":["Deflect+1","Blade Dance+1","Sucker Punch+1"],"picked":"SKIP","floor":38},{"not_picked":["Setup+1","Deflect+1"],"picked":"Footwork","floor":39},{"not_picked":["Blade Dance+1","Quick Slash","Dodge and Roll+1"],"picked":"SKIP","floor":44},{"not_picked":["Acrobatics+1","Underhanded Strike"],"picked":"Dagger Throw+1","floor":45},{"not_picked":["Deadly Poison+1","Cloak And Dagger+1"],"picked":"Dash+1","floor":46}],"player_experience":352980,"relics_obtained":[{"floor":6,"key":"Du-Vu Doll"},{"floor":13,"key":"Ice Cream"},{"floor":24,"key":"PreservedInsect"},{"floor":26,"key":"Mummified Hand"},{"floor":43,"key":"Gremlin Horn"},{"floor":46,"key":"Toy Ornithopter"}],"event_choices":[{"damage_healed":0,"gold_gain":75,"player_choice":"Gather Gold","damage_taken":11,"max_hp_gain":0,"max_hp_loss":0,"event_name":"World of Goop","floor":2,"gold_loss":0},{"damage_healed":0,"gold_gain":0,"player_choice":"Entered Light","damage_taken":14,"max_hp_gain":0,"max_hp_loss":0,"event_name":"Shining Light","floor":3,"gold_loss":0,"cards_upgraded":["Strike_G","Strike_G"]},{"cards_removed":["Strike_G"],"damage_healed":0,"gold_gain":0,"player_choice":"Card Removal","damage_taken":0,"max_hp_gain":0,"max_hp_loss":0,"event_name":"The Cleric","floor":5,"gold_loss":50},{"damage_healed":0,"gold_gain":99,"player_choice":"Stole From Cult","damage_taken":0,"max_hp_gain":0,"max_hp_loss":0,"event_name":"Nest","floor":19,"gold_loss":0},{"damage_healed":0,"gold_gain":0,"player_choice":"Became a vampire (Vial)","damage_taken":0,"max_hp_gain":0,"max_hp_loss":0,"event_name":"Vampires","floor":22,"relics_lost":["Blood Vial"],"gold_loss":0,"cards_obtained":["Bite","Bite","Bite","Bite","Bite"]},{"cards_removed":["Bane"],"damage_healed":0,"gold_gain":0,"player_choice":"Purged","damage_taken":0,"max_hp_gain":0,"max_hp_loss":0,"event_name":"Purifier","floor":27,"gold_loss":0},{"damage_healed":0,"gold_gain":0,"player_choice":"Obtained Relic","damage_taken":0,"relics_obtained":["Toxic Egg 2"],"max_hp_gain":0,"max_hp_loss":0,"event_name":"Addict","floor":31,"gold_loss":85},{"damage_healed":0,"gold_gain":100,"player_choice":"Pray","damage_taken":0,"max_hp_gain":0,"max_hp_loss":0,"event_name":"Golden Shrine","floor":37,"gold_loss":0},{"cards_removed":["Bite"],"damage_healed":0,"gold_gain":0,"player_choice":"Gave Card","damage_taken":0,"relics_obtained":["Juzu Bracelet"],"max_hp_gain":0,"max_hp_loss":0,"event_name":"WeMeetAgain","floor":41,"gold_loss":0}],"is_beta":false,"boss_relics":[{"not_picked":["Empty Cage","Cursed Key"],"picked":"Runic Pyramid"},{"not_picked":["Fusion Hammer","Coffee Dripper"],"picked":"WristBlade"}],"items_purged_floors":[14,21],"is_endless":false,"potions_floor_spawned":[1,7,16,24,28,30,33,35,45],"killed_by":"4 Shapes","ascension_level":5}}