{"host":"f7rb14kzcw8hx1r1","time":1608070144,"event":{"mods":["BaseMod","Better Note","Better Third Choice","Colored Map","Highlight Path","Hubris","Minty Spire (QoL Compilation)","Replay The Spire","StSLib"],"gold_per_floor":[112,212,232,252,262,287,287,129,153,153,168,168,181,5,5,106,106,123,134,149,24,43,57,57,57,139,157,190,190,225,252,252,252,252],"floor_reached":33,"playtime":1245,"items_purged":["Strike_G","Strike_G","Strike_G"],"score":289,"play_id":"d3539492-bfe7-4b6c-8466-299a2e834b61","local_time":"20201215230904","is_ascension_mode":false,"campfire_choices":[{"data":"Neutralize","floor":7,"key":"SMITH"},{"data":"Cloak And Dagger","floor":12,"key":"SMITH"},{"data":"Noxious Fumes","floor":15,"key":"SMITH"},{"data":"Catalyst","floor":24,"key":"SMITH"},{"data":"Footwork","floor":29,"key":"SMITH"},{"floor":32,"key":"REST"}],"circlet_count":0,"master_deck":["Strike_G","Strike_G","Defend_G","Defend_G","Defend_G","Defend_G","Defend_G","Survivor+1","Neutralize+1","Finisher","Replay:Poison Smokescreen","Cloak And Dagger+1","Footwork+1","Cloak And Dagger+1","Poisoned Stab","Acrobatics","Infinite Blades","Noxious Fumes+1","Poison Darts","Catalyst+1","Flying Knee+1","Deadly Poison","Corpse Explosion","PiercingWail","Replay:Bag of Tricks"],"relics":["Ring of the Snake","ReplayTheSpireMod:TigerMarble","Replay:Wax Seal","War Paint","WristBlade","Replay:Bottled Flurry","Potion Belt","Orichalcum","Anchor"],"acts_visited":["Exordium","TheCity"],"potions_floor_usage":[6,16,18,20,22,23,27,28,30,33],"damage_taken":[{"damage":0,"enemies":"Jaw Worm","floor":1,"turns":3},{"damage":0,"enemies":"Cultist","floor":3,"turns":2},{"damage":2,"enemies":"Small Slimes","floor":4,"turns":4},{"damage":33,"enemies":"Gremlin Gang","floor":5,"turns":8},{"damage":11,"enemies":"Lagavulin","floor":6,"turns":8},{"damage":0,"enemies":"Exordium Wildlife","floor":11,"turns":3},{"damage":0,"enemies":"Looter","floor":13,"turns":4},{"damage":4,"enemies":"Hexaghost","floor":16,"turns":7},{"damage":2,"enemies":"3 Byrds","floor":18,"turns":3},{"damage":3,"enemies":"Shell Parasite","floor":19,"turns":5},{"damage":6,"enemies":"Centurion and Healer","floor":20,"turns":6},{"damage":8,"enemies":"Snake Plant","floor":22,"turns":4},{"damage":6,"enemies":"Sentry and Sphere","floor":23,"turns":6},{"damage":4,"enemies":"Snecko","floor":27,"turns":4},{"damage":12,"enemies":"Replay:Snechameleon","floor":28,"turns":5},{"damage":19,"enemies":"Slavers","floor":30,"turns":6},{"damage":33,"enemies":"Collector","floor":33,"turns":6}],"seed_played":"-3029498671057327512","potions_obtained":[{"floor":1,"key":"Dexterity Potion"},{"floor":3,"key":"Dexterity Potion"},{"floor":10,"key":"DuplicationPotion"},{"floor":10,"key":"Swift Potion"},{"floor":16,"key":"BlessingOfTheForge"},{"floor":19,"key":"Energy Potion"},{"floor":20,"key":"Cursed Concoction"},{"floor":23,"key":"Energy Potion"},{"floor":30,"key":"CunningPotion"}],"is_trial":false,"path_per_floor":["M","?","M","M","M","E","R","$","T","?","M","R","M","$","R","B",null,"M","M","M","$","M","M","R","?","T","M","E","R","E","T","R","B"],"character_chosen":"THE_SILENT","items_purchased":["Replay:Wax Seal","Noxious Fumes"],"campfire_rested":1,"item_purchase_floors":[8,14],"current_hp_per_floor":[70,70,70,68,35,24,24,24,24,24,24,24,24,24,24,20,70,68,65,59,59,51,45,45,45,45,41,29,29,10,10,31,0,0],"gold":252,"neow_bonus":"THREE_CARDS","is_daily":false,"chose_seed":false,"campfire_upgraded":5,"win_rate":0.0,"timestamp":1608070144,"path_taken":["M","?","M","?","M","E","R","$","T","?","M","R","M","$","R","BOSS","M","M","?","$","M","M","R","?","T","M","E","R","E","?","R","BOSS"],"items_purchased_type":["Relic","Card"],"build_version":"2020-12-13","purchased_purges":3,"victory":false,"max_hp_per_floor":[70,70,70,70,70,70,70,70,70,70,70,70,70,70,70,70,70,70,70,70,70,70,70,70,70,70,70,70,70,70,70,70,70,70],"card_choices":[{"not_picked":["Slice","Acrobatics"],"picked":"Finisher","floor":0},{"not_picked":["Calculated Gamble","Finisher"],"picked":"Replay:Poison Smokescreen","floor":1},{"not_picked":["Acrobatics","Accuracy"],"picked":"Cloak And Dagger","floor":3},{"not_picked":["Toxin Wave","Blur"],"picked":"Footwork","floor":4},{"not_picked":["ReplayTheSpireMod:Shiv Toss","PiercingWail"],"picked":"Cloak And Dagger","floor":5},{"not_picked":["Leg Sweep","Unload"],"picked":"Poisoned Stab","floor":6},{"not_picked":["Setup","ReplayTheSpireMod:Speed Training"],"picked":"Acrobatics","floor":11},{"not_picked":["Hidden Blade","Quick Slash"],"picked":"Infinite Blades","floor":13},{"not_picked":["Tools of the Trade","ReplayTheSpireMod:Necrosis"],"picked":"Poison Darts","floor":16},{"not_picked":["Deadly Poison","Hidden Blade"],"picked":"Catalyst","floor":18},{"not_picked":["Poisoned Stab","Finisher"],"picked":"Flying Knee+1","floor":19},{"not_picked":["Dagger Throw+1","Flying Knee"],"picked":"Deadly Poison","floor":20},{"not_picked":["Dagger Spray","Dagger Throw","Outmaneuver"],"picked":"SKIP","floor":22},{"not_picked":["Prepared","Blur+1"],"picked":"Corpse Explosion","floor":23},{"not_picked":["Outmaneuver","Acrobatics"],"picked":"PiercingWail","floor":27},{"not_picked":["ReplayTheSpireMod:Necrosis","Underhanded Strike","PiercingWail"],"picked":"SKIP","floor":28},{"not_picked":["Cloak And Dagger","Distraction"],"picked":"Replay:Bag of Tricks","floor":30}],"player_experience":826337,"relics_obtained":[{"floor":6,"key":"ReplayTheSpireMod:TigerMarble"},{"floor":9,"key":"War Paint"},{"floor":26,"key":"Replay:Bottled Flurry"},{"floor":28,"key":"Potion Belt"},{"floor":30,"key":"Orichalcum"},{"floor":31,"key":"Anchor"}],"event_choices":[{"damage_healed":0,"gold_gain":100,"player_choice":"Pray","damage_taken":0,"max_hp_gain":0,"max_hp_loss":0,"event_name":"Golden Shrine","floor":2,"gold_loss":0},{"damage_healed":0,"gold_gain":0,"player_choice":"Got Potions","damage_taken":0,"max_hp_gain":0,"max_hp_loss":0,"event_name":"Lab","floor":10,"gold_loss":0},{"cards_removed":["Strike_G"],"damage_healed":0,"gold_gain":0,"player_choice":"Give","damage_taken":0,"max_hp_gain":0,"max_hp_loss":0,"event_name":"betterNote:BetterNote","floor":25,"gold_loss":0,"cards_obtained":["Strike_P"]}],"is_beta":false,"boss_relics":[{"not_picked":["Replay:Bronze Core","hubris:BlackHole"],"picked":"WristBlade"}],"items_purged_floors":[8,14,21],"is_endless":false,"potions_floor_spawned":[1,3,11,16,19,20,22,23,30],"killed_by":"Collector","ascension_level":0}}