{"host":"n2kcse4gu4kap8to","time":1608048489,"event":{"mods":["Act Like it!","Aspiration","BaseMod","Conspire","Dota2Spire","Hallownest","Minty Spire (QoL Compilation)","Pale of the Ancients","Replay The Spire","Spicy Shops","StSLib","TestMod","The Bug Knight","The Cursed","The Gatherer","[IsaacMod]ÒÔÈö¼âËþ","vexMod","¡¾ÒÅÎï¿¨ÅÆ¡¿REMEMod"],"gold_per_floor":[219,235,257,290,309,337,337,337,337,371,18,79,108,119,119,226,226,249,169,192,192,215,215,215],"floor_reached":23,"playtime":1639,"items_purged":["HollowMod:NailStrikeStart","HollowMod:QuickDashStart"],"score":284,"play_id":"4535e6ee-0fd9-4d5a-97ff-5d049a585651","local_time":"20201216000809","is_ascension_mode":true,"campfire_choices":[{"data":"HollowMod:GreatSlash","floor":7.0,"key":"SMITH"},{"data":"HollowMod:SoulSplash","floor":15.0,"key":"SMITH"}],"circlet_count":0,"master_deck":["HollowMod:NailStrikeStart","HollowMod:NailStrikeStart","HollowMod:QuickDashStart","HollowMod:QuickDashStart","HollowMod:QuickDashStart","HollowMod:FocusHealStart","HollowMod:PogoStrike","TheCursedMod:StunningStrike+1","HollowMod:NewJinnsSoul","HollowMod:SharpenedShadows","HollowMod:GreatSlash+1","HollowMod:InfectedAttack","HollowMod:NewInfectedGuardian+1","HollowMod:FastStrike","HollowMod:TaintedHusks+1","HollowMod:SoulSplash+1","HollowMod:AwokenDreamNail+1","HollowMod:CloakDash","HollowMod:HerrahsAnger+1","HollowMod:SlysStrikes+1","HollowMod:PerfectDash+1","HollowMod:DescendingDark+1","Hallownest:skillCityofTearsMap","HollowMod:SoulVessel+1","HollowMod:DashSlash+1"],"relics":["HollowMod:VesselMask","REME_ComplimentaryCards","testmod-TestBox","HushsDoor","AnarchistCookbook","testmod-TheFather","Dota2Spire:BattleFury","vexMod:FocusSash","Garlic","Golden Egg","Damocles","Guide Book","REME_HandOfSuture","Dota2Spire:HeartOfTarrasque","GnawedLeaf","Regal Pillow","conspire:SpecialSausage","GuppysTail","GuppysHairball","Replay:Wax Seal","Bronze Scales","HowToJump"],"acts_visited":["Hallownest:Greenpath","Hallownest:CityofTears"],"potions_floor_usage":[16,16],"damage_taken":[{"damage":7.0,"enemies":"2_ Uuma","floor":1.0,"turns":3.0},{"damage":1.0,"enemies":"Hallownest:2_Tiktiks_and_1_Crawlid","floor":2.0,"turns":2.0},{"damage":0.0,"enemies":"Hallownest:2_MossCreeps","floor":3.0,"turns":5.0},{"damage":22.0,"enemies":"conspire:MimicChest","floor":4.0,"turns":5.0},{"damage":0.0,"enemies":"Hallownest:monsterAspidMother","floor":5.0,"turns":2.0},{"damage":29.0,"enemies":"Hallownest:eliteCrystalGuardian","floor":6.0,"turns":6.0},{"damage":13.0,"enemies":"Hallownest:eliteMossKnight","floor":10.0,"turns":7.0},{"damage":7.0,"enemies":"Hallownest:eliteCrystalGuardian","floor":13.0,"turns":3.0},{"damage":15.0,"enemies":"Hallownest:monsterFoolEater","floor":14.0,"turns":3.0},{"damage":0,"enemies":"Hallownest:BossHornet","floor":16,"turns":3},{"damage":3,"enemies":"Hallownest:Guard_and_Sentry","floor":18,"turns":3},{"damage":3,"enemies":"Hallownest:2_Mistakes","floor":20,"turns":2},{"damage":3,"enemies":"Hallownest:Warrior_and_Youth","floor":22,"turns":2},{"damage":8,"enemies":"Hallownest:eliteWatcherKnight","floor":23,"turns":1}],"seed_played":"8100706028370758521","potions_obtained":[{"floor":1.0,"key":"conspire:TimeTravelPotion"},{"floor":2.0,"key":"Energy Potion"},{"floor":10.0,"key":"BlessingOfTheForge"},{"floor":12.0,"key":"PowerPotion"},{"floor":16,"key":"AttackPotion"},{"floor":22,"key":"testmod-TestPotion"}],"is_trial":false,"path_per_floor":["M","M","M","?","M","E","R","T","T","E","$","?","E","M","R","B",null,"M","?","M","?","M","E"],"character_chosen":"THE_BUGKNIGHT","items_purchased":["Damocles","Guide Book","HollowMod:TaintedHusks+1","GuppysTail","GuppysHairball","HollowMod:SlysStrikes","HollowMod:PerfectDash"],"campfire_rested":0,"item_purchase_floors":[11,11,11,17,17,17,17],"current_hp_per_floor":[74,73,73,72,72,53,53,53,53,40,40,40,41,26,26,26,52,49,49,46,46,49,0,0],"gold":215,"neow_bonus":"HUNDRED_GOLD","is_daily":false,"chose_seed":false,"campfire_upgraded":2,"win_rate":0.0,"timestamp":1608048489,"path_taken":["M","?","M","?","M","E","R","?","T","E","?","?","E","?","R","BOSS","M","?","M","?","M","E"],"items_purchased_type":["Relic","Relic","Card","Relic","Relic","Card","Card"],"build_version":"2020-12-13","purchased_purges":2,"victory":false,"max_hp_per_floor":[75,75,75,75,75,75,75,75,75,75,75,75,83,83,83,83,52,52,52,52,52,52,52,52],"card_choices":[{"not_picked":[],"picked":"Bomb","floor":0.0},{"not_picked":["HollowMod:VengefulVoid","HollowMod:HowlingWraiths"],"picked":"HollowMod:NewJinnsSoul","floor":1.0},{"not_picked":["HollowMod:Grubsong","HollowMod:ShadowDash"],"picked":"HollowMod:SharpenedShadows","floor":2.0},{"not_picked":["HollowMod:VengefulVoid","HollowMod:LifebloodCocoon"],"picked":"HollowMod:GreatSlash","floor":3.0},{"not_picked":["HollowMod:FallenFury","HollowMod:DashSlash"],"picked":"HollowMod:InfectedAttack","floor":4.0},{"not_picked":["HollowMod:FallenFury","HollowMod:VengefulVoid","HollowMod:SoulVessel"],"picked":"SKIP","floor":5.0},{"not_picked":["HollowMod:HowlingWraiths","HollowMod:CrystalDash"],"picked":"HollowMod:NewInfectedGuardian","floor":6.0},{"not_picked":["HollowMod:TaintedHusks","HollowMod:PureNailStrike"],"picked":"HollowMod:FastStrike","floor":10.0},{"not_picked":["HollowMod:ShapeofUnn","HollowMod:DesolateDive"],"picked":"HollowMod:SoulSplash","floor":12.0},{"not_picked":["HollowMod:InfectedAttack","HollowMod:LifebloodCocoon"],"picked":"HollowMod:AwokenDreamNail","floor":12.0},{"not_picked":["HollowMod:GreatSlash","HollowMod:VengefulVoid","HollowMod:FallenFury"],"picked":"SKIP","floor":13.0},{"not_picked":["HollowMod:InfectedAttack","HollowMod:LuriensSpire"],"picked":"HollowMod:CloakDash","floor":14.0},{"not_picked":["HollowMod:PureVessel","HollowMod:MidwifesHunger"],"picked":"HollowMod:HerrahsAnger","floor":16},{"not_picked":["HollowMod:TaintedHusks+1","HollowMod:HeavyBlow"],"picked":"HollowMod:DescendingDark+1","floor":18},{"not_picked":["HollowMod:VengefulSpirit","HollowMod:FallenFury"],"picked":"HollowMod:SoulVessel+1","floor":20},{"not_picked":["HollowMod:VengefulVoid+1","HollowMod:ElderbugsWisdom"],"picked":"HollowMod:DashSlash+1","floor":22}],"player_experience":991848,"relics_obtained":[{"floor":4.0,"key":"Dota2Spire:BattleFury"},{"floor":6.0,"key":"vexMod:FocusSash"},{"floor":9.0,"key":"Garlic"},{"floor":10.0,"key":"Golden Egg"},{"floor":12.0,"key":"REME_HandOfSuture"},{"floor":13.0,"key":"Dota2Spire:HeartOfTarrasque"},{"floor":13.0,"key":"GnawedLeaf"},{"floor":14.0,"key":"Regal Pillow"},{"floor":18,"key":"Replay:Wax Seal"},{"floor":20,"key":"Bronze Scales"},{"floor":22,"key":"HowToJump"}],"event_choices":[],"is_beta":false,"boss_relics":[{"not_picked":["Ectoplasm","conspire:SeveredTorchhead"],"picked":"conspire:SpecialSausage"},{"not_picked":[]}],"items_purged_floors":[11,17],"is_endless":false,"potions_floor_spawned":[1,2,10,13,14,16,22],"killed_by":"Hallownest:eliteWatcherKnight","ascension_level":2}}