{"host":"jolg1n27y0xvdyb4","time":1608060283,"event":{"mods":["2.2 Compatiblity","AchievementEnabler","Act Like it!","BaseMod","Better Altar","Better Match","Better Note","Better Sensory Stone","Better Skull","Better Third Choice","Better Vampires","Block Reminder","Colored Map","Downfall","Gremlin Mod","Hermit","Jorbs\u0027s Wanderer Trilogy","Minty Spire (QoL Compilation)","SIMod","StSLib","The Blackbeard","The Blue Laboratory","The Bug Knight","The Hierophant","The Jungle","The Necromancer","The Wild Card"],"gold_per_floor":[117,82,95,20,34,34,89,89,161,161,178,178,191,30,30,131,131,143,143,243,258,258,258,272,272,296,319,338,338,46,61,61,160,160,180,190,190,0,20,43,57,57,57,57,74,25,25,35,35,35],"floor_reached":51,"playtime":4512,"items_purged":[],"score":637,"play_id":"f005e015-5f4a-4bc9-af00-826ec881a70a","local_time":"20201215132443","is_ascension_mode":false,"campfire_choices":[{"data":"HollowMod:DashSlash","floor":6,"key":"SMITH"},{"data":"HollowMod:FocusHealStart","floor":8,"key":"SMITH"},{"data":"HollowMod:QuickDashStart","floor":10,"key":"SMITH"},{"data":"HollowMod:PogoStrike","floor":12,"key":"SMITH"},{"data":"HollowMod:SlysStrikes","floor":15,"key":"SMITH"},{"data":"HollowMod:DashSlash","floor":23,"key":"SMITH"},{"data":"HollowMod:QuickDashStart","floor":25,"key":"SMITH"},{"data":"HollowMod:QuickDashStart","floor":32,"key":"SMITH"},{"data":"HollowMod:HeavyBlow","floor":42,"key":"SMITH"},{"data":"HollowMod:HuntersJournal","floor":44,"key":"SMITH"},{"data":"HollowMod:SoulSplash","floor":47,"key":"SMITH"},{"floor":49,"key":"REST"}],"circlet_count":0,"master_deck":["HollowMod:NailStrikeStart","HollowMod:NailStrikeStart","HollowMod:NailStrikeStart","HollowMod:NailStrikeStart","HollowMod:QuickDashStart+1","HollowMod:QuickDashStart+1","HollowMod:QuickDashStart+1","HollowMod:FocusHealStart+1","HollowMod:PogoStrike+1","HollowMod:DashSlash+1","HollowMod:SharpenedNail","HollowMod:HuntersJournal+1","HollowMod:SoulSplash+1","HollowMod:SlysStrikes+1","HollowMod:DashSlash+1","HollowMod:VengefulSpirit","HollowMod:HuntersJournal","HollowMod:MidwifesHunger","HollowMod:SoulShaman+1","HollowMod:HowlingWraiths+1","HollowMod:HeavyBlow+1","HollowMod:DashSlash+1","HollowMod:DungDefenderAura+1"],"relics":["HollowMod:VesselMask","CaptainsWheel","Boot","Eternal Feather","Black Star","Peace Pipe","Ancient Tea Set","Tiny Chest","Bottled Tornado","SacredBark","Red Mask","Oddly Smooth Stone","Blue Candle"],"acts_visited":["Exordium","TheCity","TheBeyond"],"potions_floor_usage":[13,16,24,28,33,33,41,41,41,50],"damage_taken":[{"damage":1,"enemies":"Cultist","floor":1,"turns":3},{"damage":0,"enemies":"2 Louse","floor":3,"turns":2},{"damage":0,"enemies":"Small Slimes","floor":5,"turns":3},{"damage":3,"enemies":"Gremlin Nob","floor":7,"turns":4},{"damage":1,"enemies":"Blue Slaver","floor":11,"turns":3},{"damage":6,"enemies":"Lots of Slimes","floor":13,"turns":3},{"damage":16,"enemies":"Slime Boss","floor":16,"turns":10},{"damage":0,"enemies":"Spheric Guardian","floor":18,"turns":4},{"damage":21,"enemies":"2 Thieves","floor":21,"turns":4},{"damage":1,"enemies":"Cultist and Chosen","floor":24,"turns":6},{"damage":13,"enemies":"3 Cultists","floor":28,"turns":6},{"damage":14,"enemies":"Snake Plant","floor":31,"turns":3},{"damage":36,"enemies":"Automaton","floor":33,"turns":12},{"damage":15,"enemies":"3 Shapes","floor":35,"turns":4},{"damage":1,"enemies":"Orb Walker","floor":36,"turns":4},{"damage":21,"enemies":"Transient","floor":39,"turns":5},{"damage":21,"enemies":"Spire Growth","floor":41,"turns":5},{"damage":18,"enemies":"3 Darklings","floor":45,"turns":6},{"damage":57,"enemies":"HollowMod:SlobberingHusk","floor":48,"turns":10},{"damage":0,"enemies":"HollowMod:Radiance","floor":50,"turns":14}],"seed_played":"5365746705987040207","potions_obtained":[{"floor":3,"key":"blueLaboratory:EnragingPotion"},{"floor":5,"key":"champ:CounterPotion"},{"floor":13,"key":"ColorlessPotion"},{"floor":16,"key":"blueLaboratory:HorrorPotion"},{"floor":21,"key":"LiquidMemories"},{"floor":24,"key":"blueLaboratory:FrostheartPotion"},{"floor":33,"key":"SkillPotion"},{"floor":35,"key":"SteroidPotion"},{"floor":39,"key":"blueLaboratory:BottleOfRum"}],"is_trial":false,"path_per_floor":["M","?","M","?","M","R","?","R","T","R","M","R","M","$","R","B",null,"M","$","?","M","T","R","M","R","T","T","M","?","$","M","R","B",null,"M","M","?","?","M","T","M","R","T","R","M","$","R","M","R","B",null],"character_chosen":"THE_BUGKNIGHT","items_purchased":["HollowMod:SlysStrikes","HollowMod:DashSlash","Bottled Tornado","HollowMod:VengefulSpirit","blueLaboratory:FrostheartPotion"],"campfire_rested":1,"item_purchase_floors":[14,14,30,30,46],"current_hp_per_floor":[53,71,71,76,80,80,77,77,77,80,79,80,74,74,80,64,80,80,80,80,59,59,68,67,76,76,76,63,67,67,53,62,38,80,71,70,70,70,55,55,40,52,52,64,52,52,64,17,53,63],"gold":35,"neow_bonus":"ONE_RARE_RELIC","is_daily":false,"chose_seed":false,"campfire_upgraded":11,"win_rate":0.0,"timestamp":1608060283,"path_taken":["M","?","M","?","M","R","?","R","T","R","M","R","M","?","R","BOSS","M","?","?","M","?","R","?","R","T","?","M","?","$","M","R","BOSS","M","M","?","?","M","?","M","R","T","R","?","$","R","M","R","BOSS"],"items_purchased_type":["Card","Card","Relic","Card","Potion"],"build_version":"2020-12-13","purchased_purges":0,"victory":true,"max_hp_per_floor":[75,75,75,80,80,80,80,80,80,80,80,80,80,80,80,80,80,80,80,80,80,80,80,80,80,80,80,80,80,80,80,80,80,80,80,80,80,80,80,80,80,80,80,80,80,80,80,80,80,80],"card_choices":[{"not_picked":["HollowMod:ChannelNail","HollowMod:RecoilStrike"],"picked":"HollowMod:DashSlash","floor":1},{"not_picked":["HollowMod:InfectedAttack","HollowMod:ShadowDash"],"picked":"HollowMod:SharpenedNail","floor":3},{"not_picked":["HollowMod:SiblingsSouls","HollowMod:CornifersMapStart","HollowMod:AbyssShriek"],"picked":"SKIP","floor":5},{"not_picked":["HollowMod:InfectionAssault","HollowMod:VengefulVoid"],"picked":"HollowMod:HuntersJournal","floor":11},{"not_picked":["HollowMod:CloakDash","HollowMod:VengefulVoid"],"picked":"HollowMod:SoulSplash","floor":13},{"not_picked":["HollowMod:WraithStrike+1","HollowMod:VengefulVoid","HollowMod:DescendingDark+1"],"picked":"SKIP","floor":18},{"not_picked":["HollowMod:NewLittleFool","HollowMod:PerfectDash","HollowMod:BlackTendrils"],"picked":"SKIP","floor":21},{"not_picked":["HollowMod:SoulSplash","HollowMod:SiblingsShadow","HollowMod:SharpenedNail"],"picked":"SKIP","floor":24},{"not_picked":["HollowMod:BaldurShell+1","HollowMod:TaintedHusks+1","HollowMod:NewLittleFool"],"picked":"SKIP","floor":28},{"not_picked":["HollowMod:DungDefenderAura","HollowMod:HowlingWraiths+1"],"picked":"HollowMod:HuntersJournal","floor":31},{"not_picked":["HollowMod:AwokenDreamNail","HollowMod:SoulMaster"],"picked":"HollowMod:MidwifesHunger","floor":33},{"not_picked":["HollowMod:BlackTendrils","HollowMod:LifebloodCocoon+1"],"picked":"HollowMod:SoulShaman+1","floor":35},{"not_picked":["HollowMod:CloakDash","HollowMod:BrokenVessel","HollowMod:NewGlowingWomb+1"],"picked":"SKIP","floor":36},{"not_picked":["HollowMod:CloakDash","HollowMod:InfectedCysts"],"picked":"HollowMod:HowlingWraiths+1","floor":39},{"not_picked":["HollowMod:ShadowDash+1","HollowMod:SoulEater+1"],"picked":"HollowMod:HeavyBlow","floor":41},{"not_picked":["HollowMod:SoulEater+1","HollowMod:PureNailStrike"],"picked":"HollowMod:DashSlash+1","floor":45},{"not_picked":["HollowMod:CycloneSlash+1","HollowMod:TaintedHusks"],"picked":"HollowMod:DungDefenderAura+1","floor":48}],"player_experience":391731,"relics_obtained":[{"floor":7,"key":"Boot"},{"floor":9,"key":"Eternal Feather"},{"floor":22,"key":"Peace Pipe"},{"floor":26,"key":"Ancient Tea Set"},{"floor":27,"key":"Tiny Chest"},{"floor":40,"key":"Oddly Smooth Stone"},{"floor":43,"key":"Blue Candle"}],"event_choices":[{"damage_healed":18,"gold_gain":0,"player_choice":"Healed","damage_taken":0,"max_hp_gain":0,"max_hp_loss":0,"event_name":"The Cleric","floor":2,"gold_loss":35},{"damage_healed":0,"gold_gain":0,"player_choice":"Searched \u00271\u0027 times","damage_taken":0,"max_hp_gain":0,"max_hp_loss":0,"event_name":"Dead Adventurer","floor":7,"gold_loss":0},{"damage_healed":0,"gold_gain":100,"player_choice":"Pray","damage_taken":0,"max_hp_gain":0,"max_hp_loss":0,"event_name":"Golden Shrine","floor":20,"gold_loss":0},{"damage_healed":4,"gold_gain":0,"player_choice":"LEAVE ","damage_taken":0,"relics_obtained":[],"max_hp_gain":0,"max_hp_loss":0,"event_name":"betterSkull:BetterSkull","floor":29,"gold_loss":0,"cards_upgraded":[]},{"cards_removed":["HollowMod:QuickDashStart"],"damage_healed":0,"gold_gain":0,"player_choice":"Removed Skill","damage_taken":0,"max_hp_gain":0,"max_hp_loss":0,"event_name":"Falling","floor":37,"gold_loss":0},{"damage_healed":0,"gold_gain":0,"player_choice":"Paid","damage_taken":0,"relics_obtained":["Red Mask"],"max_hp_gain":0,"max_hp_loss":0,"event_name":"Tomb of Lord Red Mask","floor":38,"gold_loss":190}],"is_beta":false,"boss_relics":[{"not_picked":["Sozu","Cursed Key"],"picked":"Black Star"},{"not_picked":["Calling Bell","Astrolabe"],"picked":"SacredBark"}],"items_purged_floors":[],"is_endless":false,"potions_floor_spawned":[3,5,13,16,21,24,31,33,35,39],"ascension_level":0}}