{"host":"egyxg9lnjq7g2hmw","time":1608003567,"event":{"mods":["AchievementEnabler","BaseMod","Block Reminder","Colored Map","Colored Powertips","Highlight Path","Minty Spire (QoL Compilation)","Rare Cards Sparkle","StSLib"],"gold_per_floor":[114,69,82,82,6,37,56,56,81,99,127,127,138,149,149,226,226,239,249,264,329,379,410,410,441,495,495,545,545,595,620,620,692,692,707,757,767,488,499,499,566,598,649,649,712,729,779,792,792,792,792,792,67,93,93,93],"floor_reached":55,"playtime":4075,"items_purged":["Strike_G","Strike_G+1","Dagger Spray"],"score":1354,"play_id":"7f25f24b-aa2b-47fc-8f55-c1dbd8aa8026","local_time":"20201214193927","is_ascension_mode":true,"campfire_choices":[{"data":"Leg Sweep","floor":8.0,"key":"SMITH"},{"data":"Noxious Fumes","floor":12.0,"key":"SMITH"},{"data":"Bane","floor":15.0,"key":"SMITH"},{"data":"Choke","floor":24.0,"key":"SMITH"},{"data":"Ghostly","floor":27.0,"key":"SMITH"},{"data":"Ghostly","floor":29.0,"key":"SMITH"},{"data":"Well Laid Plans","floor":32.0,"key":"SMITH"},{"data":"Ghostly","floor":40.0,"key":"SMITH"},{"floor":44.0,"key":"RECALL"},{"data":"Catalyst","floor":49.0,"key":"SMITH"},{"data":"Noxious Fumes","floor":52.0,"key":"SMITH"}],"circlet_count":0,"master_deck":["AscendersBane","Strike_G+1","Strike_G+1","Strike_G+1","Defend_G+1","Defend_G+1","Defend_G+1","Defend_G+1","Defend_G+1","Survivor+1","Neutralize","Leg Sweep+1","Poisoned Stab","Backstab","Dagger Throw","Dash","Bane+1","Noxious Fumes+1","Noxious Fumes+1","Doppelganger","Choke+1","Well Laid Plans+1","Ghostly+1","Ghostly+1","Ghostly+1","Ghostly","Ghostly","RitualDagger","Catalyst+1"],"relics":["Ring of the Serpent","SsserpentHead","Oddly Smooth Stone","Toy Ornithopter","War Paint","Busted Crown","Potion Belt","Pantograph","Bag of Marbles","PreservedInsect","Lee\u0027s Waffle","Thread and Needle","Strawberry","Medical Kit","Boot","Shuriken"],"acts_visited":["Exordium","TheCity","TheBeyond","TheEnding"],"potions_floor_usage":[55,55,55],"damage_taken":[{"damage":2.0,"enemies":"Cultist","floor":1.0,"turns":5.0},{"damage":0.0,"enemies":"2 Louse","floor":3.0,"turns":4.0},{"damage":14.0,"enemies":"3 Sentries","floor":6.0,"turns":11.0},{"damage":0.0,"enemies":"Jaw Worm","floor":7.0,"turns":2.0},{"damage":2.0,"enemies":"Looter","floor":10.0,"turns":3.0},{"damage":5.0,"enemies":"Lagavulin","floor":11.0,"turns":8.0},{"damage":3.0,"enemies":"Large Slime","floor":13.0,"turns":5.0},{"damage":3.0,"enemies":"2 Fungi Beasts","floor":14.0,"turns":3.0},{"damage":5.0,"enemies":"The Guardian","floor":16.0,"turns":9.0},{"damage":0.0,"enemies":"Shell Parasite","floor":18.0,"turns":4.0},{"damage":5.0,"enemies":"Spheric Guardian","floor":19.0,"turns":4.0},{"damage":17.0,"enemies":"3 Cultists","floor":20.0,"turns":5.0},{"damage":4.0,"enemies":"Cultist and Chosen","floor":21.0,"turns":7.0},{"damage":0.0,"enemies":"Gremlin Leader","floor":23.0,"turns":7.0},{"damage":4.0,"enemies":"Book of Stabbing","floor":25.0,"turns":7.0},{"damage":1.0,"enemies":"Slavers","floor":31.0,"turns":7.0},{"damage":14.0,"enemies":"Collector","floor":33.0,"turns":12.0},{"damage":5.0,"enemies":"3 Darklings","floor":35.0,"turns":5.0},{"damage":9.0,"enemies":"3 Shapes","floor":39.0,"turns":6.0},{"damage":22.0,"enemies":"Spire Growth","floor":41.0,"turns":6.0},{"damage":2.0,"enemies":"Giant Head","floor":42.0,"turns":8.0},{"damage":4.0,"enemies":"Sphere and 2 Shapes","floor":45.0,"turns":6.0},{"damage":0.0,"enemies":"Jaw Worm Horde","floor":46.0,"turns":6.0},{"damage":0.0,"enemies":"Maw","floor":48.0,"turns":10.0},{"damage":9.0,"enemies":"Donu and Deca","floor":50.0,"turns":12.0},{"damage":15.0,"enemies":"Shield and Spear","floor":54.0,"turns":8.0},{"damage":63,"enemies":"The Heart","floor":55,"turns":12}],"seed_played":"7879802598273476554","potions_obtained":[{"floor":0.0,"key":"SteroidPotion"},{"floor":0.0,"key":"PowerPotion"},{"floor":13.0,"key":"Dexterity Potion"},{"floor":16.0,"key":"GamblersBrew"},{"floor":23.0,"key":"Energy Potion"},{"floor":25.0,"key":"AttackPotion"},{"floor":33.0,"key":"FearPotion"},{"floor":37.0,"key":"CultistPotion"},{"floor":37.0,"key":"Poison Potion"},{"floor":39.0,"key":"PowerPotion"},{"floor":46.0,"key":"Swift Potion"},{"floor":48.0,"key":"DistilledChaos"}],"is_trial":false,"path_per_floor":["M","$","M","?","$","E","M","R","T","M","E","R","M","M","R","B",null,"M","M","M","M","?","E","R","E","T","R","?","R","?","E","R","B",null,"M","?","?","$","M","R","M","E","T","R","M","M","?","M","R","B",null,"R","$","E","B"],"character_chosen":"THE_SILENT","items_purchased":["Poisoned Stab","Dagger Throw","Lee\u0027s Waffle","Catalyst","Strawberry","Medical Kit","Boot","Explosive Potion","BlessingOfTheForge","Swift Potion"],"campfire_rested":0,"item_purchase_floors":[2,5,38,38,53,53,53,53,53,53],"current_hp_per_floor":[57,57,57,57,57,43,43,43,43,41,36,36,33,30,30,30,57,57,52,35,31,31,31,31,29,29,29,23,23,23,27,27,19,30,25,25,25,40,31,31,14,17,17,17,13,13,13,18,18,31,38,38,45,32,0,0],"gold":93,"neow_bonus":"THREE_SMALL_POTIONS","is_daily":false,"chose_seed":false,"campfire_upgraded":10,"win_rate":0.0,"timestamp":1608003567,"path_taken":["M","?","?","?","?","E","M","R","T","M","E","R","M","M","R","BOSS","M","M","M","?","?","E","R","E","T","R","?","R","?","E","R","BOSS","M","?","?","$","M","R","?","E","T","R","?","M","?","M","R","BOSS","R","$","E","BOSS"],"items_purchased_type":["Card","Card","Relic","Card","Relic","Relic","Relic","Potion","Potion","Potion"],"build_version":"2020-12-13","purchased_purges":3,"victory":false,"max_hp_per_floor":[66,66,66,66,66,66,66,66,66,66,66,66,66,66,66,66,66,66,66,66,66,33,33,33,33,33,33,33,33,33,33,33,33,33,33,33,33,40,40,40,40,40,40,40,40,40,40,40,40,40,40,40,47,47,47,47],"card_choices":[{"not_picked":["PiercingWail","Terror"],"picked":"Leg Sweep","floor":1.0},{"not_picked":["Deflect","Deadly Poison"],"picked":"Backstab","floor":3.0},{"not_picked":["Outmaneuver","Cloak And Dagger"],"picked":"Dash","floor":6.0},{"not_picked":["Venomology","Blade Dance"],"picked":"Bane","floor":7.0},{"not_picked":["Flechettes","Dagger Throw","Dodge and Roll"],"picked":"SKIP","floor":10.0},{"not_picked":["Unload","Quick Slash"],"picked":"Noxious Fumes","floor":11.0},{"not_picked":["Quick Slash","Cloak And Dagger"],"picked":"Dagger Spray","floor":13.0},{"not_picked":["Deflect","Dodge and Roll"],"picked":"Noxious Fumes","floor":14.0},{"not_picked":["Burst","Glass Knife"],"picked":"Doppelganger","floor":16.0},{"not_picked":["Setup"],"picked":"SKIP","floor":18.0},{"not_picked":[],"picked":"Choke","floor":19.0},{"not_picked":["Acrobatics"],"picked":"SKIP","floor":20.0},{"not_picked":[],"picked":"Well Laid Plans","floor":21.0},{"not_picked":["Heel Hook"],"picked":"SKIP","floor":23.0},{"not_picked":["Setup"],"picked":"SKIP","floor":25.0},{"not_picked":["After Image"],"picked":"SKIP","floor":31.0},{"not_picked":["Blade Dance"],"picked":"SKIP","floor":35.0},{"not_picked":["Setup"],"picked":"SKIP","floor":39.0},{"not_picked":["Escape Plan"],"picked":"SKIP","floor":41.0},{"not_picked":["Cloak And Dagger"],"picked":"SKIP","floor":42.0},{"not_picked":["Eviscerate"],"picked":"SKIP","floor":45.0},{"not_picked":["Underhanded Strike"],"picked":"SKIP","floor":46.0},{"not_picked":["Blur"],"picked":"SKIP","floor":48.0},{"not_picked":["Sucker Punch+1"],"picked":"SKIP","floor":54.0}],"player_experience":452126,"relics_obtained":[{"floor":6.0,"key":"Oddly Smooth Stone"},{"floor":9.0,"key":"Toy Ornithopter"},{"floor":11.0,"key":"War Paint"},{"floor":23.0,"key":"Potion Belt"},{"floor":25.0,"key":"Pantograph"},{"floor":26.0,"key":"Bag of Marbles"},{"floor":31.0,"key":"PreservedInsect"},{"floor":42.0,"key":"Thread and Needle"},{"floor":54.0,"key":"Shuriken"}],"event_choices":[{"damage_healed":0.0,"max_hp_gain":0.0,"max_hp_loss":0.0,"gold_gain":0.0,"event_name":"FaceTrader","player_choice":"Trade","floor":4.0,"gold_loss":0.0,"damage_taken":0.0,"relics_obtained":["SsserpentHead"]},{"damage_healed":0.0,"max_hp_gain":0.0,"max_hp_loss":33.0,"gold_gain":0.0,"event_name":"Ghosts","player_choice":"Became a Ghost","floor":22.0,"gold_loss":0.0,"damage_taken":0.0,"cards_obtained":["Ghostly","Ghostly","Ghostly","Ghostly","Ghostly"]},{"damage_healed":0.0,"max_hp_gain":0.0,"max_hp_loss":0.0,"gold_gain":0.0,"event_name":"Nest","player_choice":"Joined the Cult","floor":28.0,"gold_loss":0.0,"damage_taken":6.0,"cards_obtained":["RitualDagger"]},{"damage_healed":0.0,"max_hp_gain":0.0,"max_hp_loss":0.0,"gold_gain":0.0,"event_name":"Back to Basics","player_choice":"Simplicity","floor":30.0,"gold_loss":0.0,"damage_taken":0.0,"cards_upgraded":["Strike_G","Strike_G","Strike_G","Strike_G","Defend_G","Defend_G","Defend_G","Defend_G"]},{"damage_healed":0.0,"max_hp_gain":0.0,"max_hp_loss":0.0,"gold_gain":0.0,"event_name":"Tomb of Lord Red Mask","player_choice":"Ignored","floor":36.0,"gold_loss":0.0,"damage_taken":0.0},{"damage_healed":0.0,"max_hp_gain":0.0,"max_hp_loss":0.0,"gold_gain":0.0,"event_name":"The Woman in Blue","player_choice":"Bought 3 Potions","floor":37.0,"gold_loss":0.0,"damage_taken":0.0},{"damage_healed":0.0,"max_hp_gain":0.0,"max_hp_loss":0.0,"gold_gain":0.0,"event_name":"Match and Keep!","player_choice":"0 cards matched","floor":47.0,"gold_loss":0.0,"damage_taken":0.0,"cards_obtained":[]}],"is_beta":false,"boss_relics":[{"not_picked":["Runic Dome","Calling Bell"],"picked":"Busted Crown"},{"not_picked":["Philosopher\u0027s Stone","Sozu"],"picked":"Ring of the Serpent"}],"items_purged_floors":[5,38,53],"is_endless":false,"potions_floor_spawned":[1,3,13,14,16,18,23,25,33,39,46,48],"killed_by":"The Heart","ascension_level":14}}