{"host":"1nniobf0g4s2td4e","time":1608060477,"event":{"mods":["2.2 Compatiblity","BaseMod","Minty Spire (QoL Compilation)","StSLib","SuperFastMode"],"gold_per_floor":[10,10,10,29,29,29,60,60,60,71,71,146,174,194,194,292,292,303,121,136,149,167,167,177,195,195,215,215,215,215,215,215],"floor_reached":31,"playtime":780,"items_purged":["Strike_R"],"score":322,"play_id":"cff4a25e-2df2-44c1-b78f-0f40409781a6","local_time":"20201215132757","is_ascension_mode":false,"campfire_choices":[{"data":"Sword Boomerang","floor":6,"key":"SMITH"},{"data":"Metallicize","floor":8,"key":"SMITH"},{"data":"Sword Boomerang","floor":15,"key":"SMITH"},{"data":"Metallicize","floor":23,"key":"SMITH"},{"data":"Feed","floor":28,"key":"SMITH"}],"circlet_count":0,"master_deck":["Strike_R","Strike_R","Strike_R","Defend_R","Defend_R","Defend_R","Defend_R","Bash","Sword Boomerang+1","Sword Boomerang+1","Metallicize+1","Cleave","Dropkick","Feed+1","Headbutt+1","Flex","Metallicize+1","Flex","Havoc+1","True Grit","Shrug It Off","Sentinel+1"],"relics":["Burning Blood","Mango","MealTicket","Juzu Bracelet","Coffee Dripper","Blue Candle"],"acts_visited":["Exordium","TheCity"],"potions_floor_usage":[16],"damage_taken":[{"damage":0,"enemies":"Small Slimes","floor":1,"turns":5},{"damage":6,"enemies":"Cultist","floor":4,"turns":3},{"damage":0,"enemies":"Lagavulin","floor":7,"turns":1},{"damage":2,"enemies":"2 Louse","floor":10,"turns":2},{"damage":19,"enemies":"3 Sentries","floor":13,"turns":7},{"damage":5,"enemies":"Looter","floor":14,"turns":4},{"damage":58,"enemies":"The Guardian","floor":16,"turns":13},{"damage":31,"enemies":"2 Thieves","floor":18,"turns":4},{"damage":20,"enemies":"Spheric Guardian","floor":20,"turns":5},{"damage":40,"enemies":"Centurion and Healer","floor":21,"turns":12},{"damage":22,"enemies":"Chosen and Byrds","floor":22,"turns":6},{"damage":0,"enemies":"3 Cultists","floor":24,"turns":1},{"damage":19,"enemies":"Shelled Parasite and Fungi","floor":25,"turns":5},{"damage":0,"enemies":"Cultist and Chosen","floor":27,"turns":2},{"damage":32,"enemies":"Book of Stabbing","floor":31,"turns":6}],"seed_played":"-7012999945465497773","potions_obtained":[{"floor":2,"key":"SmokeBomb"},{"floor":2,"key":"Explosive Potion"},{"floor":2,"key":"Energy Potion"},{"floor":4,"key":"BlessingOfTheForge"},{"floor":10,"key":"Block Potion"},{"floor":16,"key":"Energy Potion"},{"floor":18,"key":"EssenceOfSteel"}],"is_trial":false,"path_per_floor":["M","?","$","M","$","R","E","R","T","M","?","?","E","M","R","B",null,"M","$","M","M","M","R","M","M","T","M","R","?","?","E"],"character_chosen":"IRONCLAD","items_purchased":["Flex","Metallicize"],"campfire_rested":0,"item_purchase_floors":[19,19],"current_hp_per_floor":[94,94,94,94,94,94,94,94,94,94,87,76,63,64,64,12,94,72,87,73,42,26,26,32,19,19,25,25,58,38,6,6],"gold":215,"neow_bonus":"ONE_RARE_RELIC","is_daily":false,"chose_seed":false,"campfire_upgraded":5,"win_rate":0.0,"timestamp":1608060477,"path_taken":["M","?","$","?","$","R","E","R","T","M","?","?","E","M","R","BOSS","M","$","M","M","M","R","M","M","T","M","R","?","?","E"],"items_purchased_type":["Card","Card"],"build_version":"2020-12-13","purchased_purges":1,"victory":false,"max_hp_per_floor":[94,94,94,94,94,94,94,94,94,94,94,94,94,94,94,94,94,97,97,97,100,100,100,100,100,100,100,100,100,105,105,105],"card_choices":[{"not_picked":["Fire Breathing","Havoc"],"picked":"Sword Boomerang","floor":1},{"not_picked":["Warcry","Wild Strike"],"picked":"Sword Boomerang","floor":4},{"not_picked":["Dropkick","Exhume"],"picked":"Metallicize","floor":7},{"not_picked":["Evolve","Fire Breathing"],"picked":"Cleave","floor":10},{"not_picked":["Searing Blow","Heavy Blade"],"picked":"Dropkick","floor":13},{"not_picked":["Anger","Rampage","Clothesline"],"picked":"SKIP","floor":14},{"not_picked":["Fiend Fire","Double Tap"],"picked":"Feed","floor":16},{"not_picked":["Body Slam","Hemokinesis"],"picked":"Headbutt+1","floor":18},{"not_picked":["Shockwave","Bloodletting"],"picked":"Flex","floor":20},{"not_picked":["Clothesline","Entrench"],"picked":"Havoc+1","floor":21},{"not_picked":["Intimidate","Warcry"],"picked":"True Grit","floor":22},{"not_picked":["Warcry+1","Anger","Feed"],"picked":"SKIP","floor":24},{"not_picked":["Anger","Burning Pact"],"picked":"Shrug It Off","floor":25},{"not_picked":["Perfected Strike","Flex"],"picked":"Sentinel+1","floor":27}],"player_experience":704902,"relics_obtained":[{"floor":7,"key":"MealTicket"},{"floor":13,"key":"Juzu Bracelet"},{"floor":26,"key":"Blue Candle"}],"event_choices":[{"damage_healed":0,"gold_gain":0,"player_choice":"Got Potions","damage_taken":0,"max_hp_gain":0,"max_hp_loss":0,"event_name":"Lab","floor":2,"gold_loss":0},{"cards_removed":["Strike_R"],"damage_healed":0,"gold_gain":0,"player_choice":"Card Removal","damage_taken":7,"max_hp_gain":0,"max_hp_loss":0,"event_name":"Golden Wing","floor":11,"gold_loss":0},{"damage_healed":0,"gold_gain":75,"player_choice":"Gather Gold","damage_taken":11,"max_hp_gain":0,"max_hp_loss":0,"event_name":"World of Goop","floor":12,"gold_loss":0},{"damage_healed":33,"gold_gain":0,"player_choice":"Heal","damage_taken":0,"max_hp_gain":0,"max_hp_loss":0,"event_name":"The Library","floor":29,"gold_loss":0},{"damage_healed":0,"gold_gain":0,"player_choice":"Shed Blood","damage_taken":25,"max_hp_gain":5,"max_hp_loss":0,"event_name":"Forgotten Altar","floor":30,"gold_loss":0}],"is_beta":false,"boss_relics":[{"not_picked":["Runic Dome","Ectoplasm"],"picked":"Coffee Dripper"}],"items_purged_floors":[19],"is_endless":false,"potions_floor_spawned":[4,10,16,18,20,21,22],"killed_by":"Book of Stabbing","ascension_level":0}}