{"host":"fbqvzfq8f1yzoo4u","time":1608039916,"event":{"mods":["BaseMod","Minty Spire (QoL Compilation)","Replay The Spire","StSLib"],"gold_per_floor":[13,33,33,51,1,1,26,26,26,51,51,67,67,13,13,85,85,85,85],"floor_reached":18,"playtime":695,"items_purged":[],"score":386,"play_id":"55920306-7640-4c31-82e6-5fde6c6d0ac0","local_time":"20201215214516","is_ascension_mode":true,"campfire_choices":[{"data":"Buffer","floor":6,"key":"SMITH"},{"floor":11,"key":"REST"},{"floor":15,"key":"REST"}],"circlet_count":0,"master_deck":["AscendersBane","Strike_B+1","Defend_B","Defend_B","Defend_B","Dualcast","Buffer+1","ReplayTheSpireMod:Calculation Training","Consume","Go for the Eyes+1","Ball Lightning","Genetic Algorithm","Crystallizer","Electrodynamics","ReplayTheSpireMod:Doomed"],"relics":["Cracked Core","Replay:Ringing Soul","Whetstone","ReplayTheSpireMod:Ninjato","Kintsugi"],"acts_visited":["Exordium","TheCity"],"potions_floor_usage":[7,10,16,16],"damage_taken":[{"damage":0,"enemies":"Cultist","floor":1,"turns":3},{"damage":11,"enemies":"Small Slimes","floor":2,"turns":3},{"damage":2,"enemies":"Jaw Worm","floor":4,"turns":4},{"damage":0,"enemies":"Gremlin Nob","floor":7,"turns":4},{"damage":22,"enemies":"3 Sentries","floor":10,"turns":6},{"damage":16,"enemies":"Exordium Wildlife","floor":12,"turns":5},{"damage":71,"enemies":"Fading Forest","floor":16,"turns":13},{"damage":199,"enemies":"Shell Parasite","floor":18,"turns":4}],"seed_played":"-3886955137495309482","potions_obtained":[{"floor":1,"key":"FearPotion"},{"floor":7,"key":"BlessingOfTheForge"},{"floor":12,"key":"SteroidPotion"}],"is_trial":false,"path_per_floor":["M","M","?","M","$","R","E","$","T","E","R","M","?","$","R","B",null,"M"],"character_chosen":"DEFECT","items_purchased":["Go for the Eyes","Dexterity Potion"],"campfire_rested":2,"item_purchase_floors":[5,14],"current_hp_per_floor":[64,53,53,51,51,51,54,54,54,35,58,45,45,45,69,23,71,0,0],"gold":85,"neow_bonus":"THREE_RARE_CARDS","is_daily":false,"chose_seed":false,"campfire_upgraded":1,"win_rate":0.0,"timestamp":1608039916,"path_taken":["M","?","?","M","$","R","E","$","T","E","R","M","?","?","R","BOSS","M"],"items_purchased_type":["Card","Potion"],"build_version":"2020-12-13","purchased_purges":0,"victory":false,"max_hp_per_floor":[71,71,71,71,71,71,74,74,74,77,77,80,80,80,80,83,86,86,86],"card_choices":[{"not_picked":["Mirror Shield","Reboot"],"picked":"Buffer","floor":0},{"not_picked":["Steam","Glacier"],"picked":"ReplayTheSpireMod:Calculation Training","floor":1},{"not_picked":["Rebound","Go for the Eyes"],"picked":"Consume","floor":2},{"not_picked":["Stack","Doom and Gloom"],"picked":"Go for the Eyes","floor":4},{"not_picked":["Echo Form","Streamline"],"picked":"Ball Lightning","floor":7},{"not_picked":["Rebound","Loop"],"picked":"Genetic Algorithm","floor":10},{"not_picked":["Auto Shields","Steam Power"],"picked":"Crystallizer","floor":12},{"not_picked":["Rainbow","ReplayTheSpireMod:Fabricate Wheel"],"picked":"Electrodynamics","floor":16}],"player_experience":587367,"relics_obtained":[{"floor":7,"key":"Replay:Ringing Soul"},{"floor":9,"key":"Whetstone"},{"floor":10,"key":"ReplayTheSpireMod:Ninjato"}],"event_choices":[{"damage_healed":0,"gold_gain":0,"player_choice":"Ignored","damage_taken":0,"max_hp_gain":0,"max_hp_loss":0,"event_name":"Shining Light","floor":13,"gold_loss":0}],"is_beta":false,"boss_relics":[{"not_picked":["Calling Bell","Tiny House"],"picked":"Kintsugi"}],"items_purged_floors":[],"is_endless":false,"potions_floor_spawned":[1,7,12],"killed_by":"Shell Parasite","ascension_level":20}}