{"host":"yfjdi361m7pxsbqz","time":1608038814,"event":{"mods":["BaseMod","Minty Spire (QoL Compilation)","StSLib","SuperFastMode","The Hierophant"],"gold_per_floor":[112,112,126,126,136,136,156,172,172,190,200,219,219,219,219,324,324,342,352,226,186,203,203,113,13,13,28,118,134,169,94,94,94,94],"floor_reached":33,"playtime":1931,"items_purged":["Strike_P","Strike_P"],"score":378,"play_id":"42384ca0-9359-4dfb-aa45-83ccfd78ffea","local_time":"20201215222654","is_ascension_mode":true,"campfire_choices":[{"data":"Eruption","floor":6.0,"key":"SMITH"},{"floor":13.0,"key":"REST"},{"data":"MentalFortress","floor":15.0,"key":"SMITH"},{"data":"Halt","floor":23.0,"key":"SMITH"},{"data":"FlurryOfBlows","floor":32,"key":"SMITH"}],"circlet_count":0,"master_deck":["Defend_P","Defend_P","Eruption+1","Vigilance","CutThroughFate","Halt+1","Wallop+1","JustLucky","MentalFortress+1","EmptyBody","CutThroughFate+1","FlurryOfBlows+1"],"relics":["PureWater","GoldenEye","Sundial","VioletLotus","Kunai","Omamori"],"acts_visited":["TheCity"],"potions_floor_usage":[],"damage_taken":[{"damage":8.0,"enemies":"Jaw Worm","floor":1.0,"turns":4.0},{"damage":0.0,"enemies":"Cultist","floor":3.0,"turns":2.0},{"damage":0.0,"enemies":"2 Louse","floor":5.0,"turns":2.0},{"damage":16.0,"enemies":"Exordium Wildlife","floor":7.0,"turns":4.0},{"damage":6.0,"enemies":"Red Slaver","floor":8.0,"turns":5.0},{"damage":14.0,"enemies":"3 Louse","floor":10.0,"turns":3.0},{"damage":0.0,"enemies":"Exordium Thugs","floor":11.0,"turns":3.0},{"damage":1.0,"enemies":"Red Slaver","floor":12.0,"turns":4.0},{"damage":2.0,"enemies":"Hexaghost","floor":16.0,"turns":9.0},{"damage":6.0,"enemies":"3 Byrds","floor":18.0,"turns":6.0},{"damage":15.0,"enemies":"2 Thieves","floor":19.0,"turns":4.0},{"damage":7.0,"enemies":"Chosen and Byrds","floor":22.0,"turns":8.0},{"damage":0.0,"enemies":"Centurion and Healer","floor":27.0,"turns":6.0},{"damage":12.0,"enemies":"Snake Plant","floor":29.0,"turns":5.0},{"damage":18,"enemies":"Book of Stabbing","floor":30,"turns":6},{"damage":70,"enemies":"Collector","floor":33,"turns":13}],"seed_played":"-2113875660614777776","potions_obtained":[{"floor":7.0,"key":"BottledMiracle"},{"floor":10.0,"key":"FairyPotion"},{"floor":11.0,"key":"Ancient Potion"},{"floor":16.0,"key":"SpeedPotion"},{"floor":18.0,"key":"GamblersBrew"},{"floor":21.0,"key":"FairyPotion"}],"is_trial":false,"path_per_floor":["M","?","M","?","M","R","M","M","T","M","M","M","R","?","R","B",null,"M","M","$","?","M","R","?","$","T","M","?","M","E","?","R","B"],"character_chosen":"WATCHER","items_purchased":["EmptyBody"],"campfire_rested":1,"item_purchase_floors":[20],"current_hp_per_floor":[39,39,39,39,39,39,23,17,17,3,3,2,23,23,23,21,59,53,38,38,38,31,31,31,31,31,31,19,7,21,21,21,0,0],"gold":94,"neow_bonus":"ONE_RARE_RELIC","is_daily":false,"chose_seed":false,"campfire_upgraded":4,"win_rate":0.0,"timestamp":1608038814,"path_taken":["M","?","?","?","M","R","M","M","T","M","M","M","R","?","R","BOSS","M","M","$","?","?","R","?","?","T","?","?","?","E","?","R","BOSS"],"items_purchased_type":["Card"],"build_version":"2020-12-13","purchased_purges":2,"victory":false,"max_hp_per_floor":[72,72,72,72,72,72,72,72,72,72,72,72,72,72,72,72,72,72,72,72,72,72,72,72,72,72,72,72,72,72,72,72,72,72],"card_choices":[{"not_picked":["PathToVictory","Worship"],"picked":"CutThroughFate","floor":1.0},{"not_picked":["Protect","Vengeance"],"picked":"Halt","floor":3.0},{"not_picked":["Perseverance","Swivel","SandsOfTime"],"picked":"SKIP","floor":5.0},{"not_picked":["Wireheading","Pray","SignatureMove"],"picked":"SKIP","floor":7.0},{"not_picked":["FlyingSleeves","Prostrate"],"picked":"Wallop","floor":8.0},{"not_picked":["Perseverance","Wireheading","BattleHymn"],"picked":"SKIP","floor":10.0},{"not_picked":["CutThroughFate","PathToVictory"],"picked":"JustLucky","floor":11.0},{"not_picked":["Perseverance","Nirvana"],"picked":"MentalFortress","floor":12.0},{"not_picked":["FollowUp","JustLucky","LikeWater"],"picked":"SKIP","floor":18.0},{"not_picked":["CrushJoints","PathToVictory","Devotion"],"picked":"SKIP","floor":19.0},{"not_picked":["CutThroughFate+1","CarveReality+1","ForeignInfluence"],"picked":"SKIP","floor":22.0},{"not_picked":["FollowUp","FlyingSleeves"],"picked":"CutThroughFate+1","floor":27.0},{"not_picked":["EmptyFist","Brilliance"],"picked":"FlurryOfBlows","floor":29.0},{"not_picked":["Protect+1","FlyingSleeves","CutThroughFate"],"picked":"SKIP","floor":30}],"player_experience":217434,"relics_obtained":[{"floor":9.0,"key":"Sundial"},{"floor":26.0,"key":"Kunai"},{"floor":30,"key":"Omamori"}],"event_choices":[{"cards_removed":["Defend_P"],"damage_healed":0.0,"max_hp_gain":0.0,"max_hp_loss":0.0,"gold_gain":0.0,"event_name":"Purifier","player_choice":"Purged","floor":2.0,"gold_loss":0.0,"damage_taken":0.0},{"damage_healed":0.0,"max_hp_gain":0.0,"max_hp_loss":0.0,"gold_gain":0.0,"event_name":"Liars Game","player_choice":"Ignored","floor":4.0,"gold_loss":0.0,"damage_taken":0.0},{"cards_removed":["Strike_P"],"damage_healed":0.0,"max_hp_gain":0.0,"max_hp_loss":0.0,"gold_gain":0.0,"event_name":"Living Wall","player_choice":"Forget","floor":14.0,"gold_loss":0.0,"damage_taken":0.0},{"damage_healed":0.0,"max_hp_gain":0.0,"max_hp_loss":0.0,"gold_gain":0.0,"event_name":"The Woman in Blue","player_choice":"Bought 3 Potions","floor":21.0,"gold_loss":0.0,"damage_taken":0.0},{"cards_removed":["Defend_P"],"damage_healed":0.0,"max_hp_gain":0.0,"max_hp_loss":0.0,"gold_gain":0.0,"event_name":"Designer","player_choice":"Upgrade and Remove","floor":24.0,"gold_loss":90.0,"damage_taken":0.0,"cards_upgraded":["Wallop"]},{"damage_healed":0.0,"max_hp_gain":0.0,"max_hp_loss":0.0,"gold_gain":90.0,"event_name":"Knowing Skull","player_choice":"GOLD ","floor":28.0,"potions_obtained":[],"gold_loss":0.0,"damage_taken":12.0,"cards_obtained":[]},{"cards_removed":["Strike_P"],"damage_healed":0,"gold_gain":0,"player_choice":"Gave Gold","damage_taken":0,"max_hp_gain":0,"max_hp_loss":0,"event_name":"Beggar","floor":31,"gold_loss":75}],"is_beta":false,"boss_relics":[{"not_picked":["SlaversCollar","Cursed Key"],"picked":"VioletLotus"}],"items_purged_floors":[20,25],"is_endless":false,"potions_floor_spawned":[7,10,11,16,18,27],"killed_by":"Collector","ascension_level":9}}