{"host":"2ccem01eblg14btk","time":1608057359,"event":{"mods":["BaseMod","Colored Map","Downfall","Minty Spire (QoL Compilation)","Quick Restart","StSLib"],"gold_per_floor":[349,384,401,413,29,29,55,83,83,83,98,115,126,141,158,256,256,256,276,261,290,290,301,301,301,320,320,320,331,125,140,156,251,251,251,267,267,284,298,157,157,171,171,171,187,210,210,210,228,228],"floor_reached":51,"playtime":2726,"items_purged":[],"score":760,"play_id":"b32b60da-aeb4-4add-a9d7-207de547206b","local_time":"20201215193559","is_ascension_mode":false,"campfire_choices":[{"data":"hexamod:Float","floor":1.0,"key":"SMITH"},{"floor":6.0,"key":"REST"},{"data":"hexamod:RadiantFlame","floor":10.0,"key":"SMITH"},{"data":"hexamod:GhostOfSpirePast","floor":18.0,"key":"SMITH"},{"data":"hexamod:TurnItUp","floor":27,"key":"SMITH"},{"data":"hexamod:GhostOfSpirePast","floor":35,"key":"SMITH"},{"data":"hexamod:RainOfEmbers","floor":37,"key":"SMITH"},{"floor":44,"key":"REST"}],"circlet_count":0,"master_deck":["hexamod:Strike+1","hexamod:Strike+1","hexamod:Strike+1","hexamod:Strike+1","hexamod:Defend+1","hexamod:Defend+1","hexamod:Defend+1","hexamod:Defend+1","hexamod:Sear","hexamod:Float+1","hexamod:BacktrackSmack","hexamod:AdvancingGuard","hexamod:RadiantFlame+1","hexamod:NecessarySacrifice+1","hexamod:GhostflameInferno","hexamod:DynamicBlow","hexamod:GhostOfSpirePast+1","hexamod:Rewind","hexamod:VolcanoVisage","hexamod:WildfireWeapon","hexamod:Rewind+1","hexamod:HeatShield","hexamod:Again","hexamod:TurnItUp+1","Good Instincts","hexamod:BurningTouch+1","hexamod:GhostOfSpirePast+1","hexamod:RadiantFlame","hexamod:FifthSeal","hexamod:FirstSeal","hexamod:RainOfEmbers+1","hexamod:ThirdSeal","hexamod:RadiantFlame+1","hexamod:RadiantFlame+1","hexamod:PhantomFireball","hexamod:SecondSeal","hexamod:HeatShield","Parasite","hexamod:EmpoweredFlame+1","Doubt"],"relics":["hexamod:SpiritBrand","Matryoshka","Thread and Needle","PreservedInsect","Blood Vial","Bronze Scales","Busted Crown","hexamod:MatchstickCase","MealTicket","Pear","War Paint","SacredBark","DollysMirror","Frozen Egg 2","Ginger"],"acts_visited":["Exordium","TheCity","TheBeyond"],"potions_floor_usage":[33,50,50],"damage_taken":[{"damage":14.0,"enemies":"Lagavulin","floor":2.0,"turns":6.0},{"damage":0.0,"enemies":"Jaw Worm","floor":3.0,"turns":3.0},{"damage":0.0,"enemies":"Cultist","floor":4.0,"turns":3.0},{"damage":0.0,"enemies":"downfall:FleeingMerchant","floor":5.0,"turns":4.0},{"damage":12.0,"enemies":"Gremlin Nob","floor":8.0,"turns":4.0},{"damage":0.0,"enemies":"Small Slimes","floor":11.0,"turns":3.0},{"damage":0.0,"enemies":"3 Louse","floor":12.0,"turns":3.0},{"damage":24.0,"enemies":"Gremlin Gang","floor":13.0,"turns":5.0},{"damage":6.0,"enemies":"Exordium Thugs","floor":14.0,"turns":3.0},{"damage":0.0,"enemies":"Red Slaver","floor":15.0,"turns":3.0},{"damage":13.0,"enemies":"downfall:Silent","floor":16.0,"turns":6.0},{"damage":0.0,"enemies":"Chosen","floor":19.0,"turns":4.0},{"damage":0.0,"enemies":"downfall:FleeingMerchant","floor":20.0,"turns":4.0},{"damage":14.0,"enemies":"Gremlin Leader","floor":21.0,"turns":6.0},{"damage":0.0,"enemies":"Chosen and Byrds","floor":23.0,"turns":3.0},{"damage":0,"enemies":"3 Cultists","floor":26,"turns":4},{"damage":5,"enemies":"Snake Plant","floor":29,"turns":3},{"damage":2,"enemies":"downfall:FleeingMerchant","floor":30,"turns":4},{"damage":0,"enemies":"Shelled Parasite and Fungi","floor":31,"turns":3},{"damage":0,"enemies":"Centurion and Healer","floor":32,"turns":5},{"damage":22,"enemies":"downfall:Ironclad","floor":33,"turns":6},{"damage":7,"enemies":"3 Shapes","floor":36,"turns":7},{"damage":0,"enemies":"Orb Walker","floor":38,"turns":3},{"damage":60,"enemies":"Transient","floor":39,"turns":5},{"damage":7,"enemies":"downfall:FleeingMerchant","floor":40,"turns":4},{"damage":14,"enemies":"Maw","floor":42,"turns":7},{"damage":40,"enemies":"Jaw Worm Horde","floor":45,"turns":5},{"damage":5,"enemies":"Writhing Mass","floor":46,"turns":4},{"damage":34,"enemies":"Maw","floor":49,"turns":9},{"damage":92,"enemies":"downfall:Defect","floor":50,"turns":8}],"seed_played":"5657286377984255233","potions_obtained":[{"floor":2.0,"key":"Ancient Potion"},{"floor":4.0,"key":"Weak Potion"},{"floor":14.0,"key":"LiquidBronze"},{"floor":15.0,"key":"Block Potion"},{"floor":19.0,"key":"FairyPotion"},{"floor":21.0,"key":"SpeedPotion"},{"floor":23.0,"key":"DuplicationPotion"},{"floor":29,"key":"Dexterity Potion"},{"floor":33,"key":"SpeedPotion"},{"floor":39,"key":"LiquidMemories"}],"is_trial":false,"path_per_floor":["R","E","M","M","$","R","T","E","?","R","M","M","M","M","M","B",null,"R","M","$","E","?","M","T","?","M","R","?","M","$","M","M","B",null,"R","M","R","M","M","$","T","M","?","R","M","M","?","?","M","B",null],"character_chosen":"THE_SPIRIT","items_purchased":["hexamod:NecessarySacrifice","Thread and Needle","hexamod:GhostOfSpirePast","War Paint","DollysMirror","Frozen Egg 2","hexamod:RadiantFlame+1"],"campfire_rested":2,"item_purchase_floors":[5,5,30,30,40,40,40],"current_hp_per_floor":[49,35,35,35,35,56,56,46,70,70,70,70,46,42,44,33,70,70,70,70,56,56,58,68,68,70,70,70,67,78,80,80,58,80,80,73,73,75,24,34,34,29,29,53,22,19,80,80,53,16],"gold":228,"neow_bonus":"TWO_FIFTY_GOLD","is_daily":false,"chose_seed":false,"campfire_upgraded":6,"win_rate":0.0,"timestamp":1608057359,"path_taken":["R","E","M","M","$","R","T","E","?","R","M","?","M","M","M","BOSS","R","M","$","E","?","M","T","?","?","R","?","M","?","M","M","BOSS","R","M","R","M","M","$","T","M","?","R","M","?","?","?","M","BOSS"],"items_purchased_type":["Card","Relic","Card","Relic","Relic","Relic","Card"],"build_version":"2020-12-13","purchased_purges":0,"victory":true,"max_hp_per_floor":[70,70,70,70,70,70,70,70,70,70,70,70,70,70,70,70,70,70,70,70,70,70,70,80,80,80,80,80,80,80,80,80,80,80,80,80,80,80,80,80,80,80,80,80,80,80,80,80,80,80],"card_choices":[{"not_picked":["hexamod:Haunt","hexamod:DynamicBlow"],"picked":"hexamod:SpectralAdrenaline","floor":2.0},{"not_picked":["hexamod:RainOfEmbers","hexamod:NightmareGuise"],"picked":"hexamod:BacktrackSmack","floor":3.0},{"not_picked":["hexamod:GhostShield","hexamod:RainOfEmbers"],"picked":"hexamod:AdvancingGuard","floor":4.0},{"not_picked":["hexamod:Haunt","hexamod:GhostShield"],"picked":"hexamod:RadiantFlame","floor":5.0},{"not_picked":["hexamod:InspiringFlames","hexamod:Rewind"],"picked":"hexamod:GhostflameInferno","floor":8.0},{"not_picked":["hexamod:AdvancingGuard","hexamod:GhostShield","hexamod:InspiringFlames"],"picked":"SKIP","floor":11.0},{"not_picked":["hexamod:GhostShield","hexamod:RainOfEmbers"],"picked":"hexamod:DynamicBlow","floor":12.0},{"not_picked":["hexamod:InspiringFlames","hexamod:BurningTouch"],"picked":"hexamod:GhostOfSpirePast","floor":13.0},{"not_picked":["hexamod:GhostOfSpireFuture","hexamod:GhostflameBarrier"],"picked":"hexamod:Rewind","floor":14.0},{"not_picked":["hexamod:StepThrough","hexamod:SwordOfDarkness","hexamod:Hexaguard"],"picked":"SKIP","floor":15.0},{"not_picked":["hexamod:ParanormalForm","hexamod:CrushingStance"],"picked":"hexamod:VolcanoVisage","floor":16.0},{"not_picked":["hexamod:Firestarter"],"picked":"SKIP","floor":19.0},{"not_picked":[],"picked":"hexamod:WildfireWeapon","floor":20.0},{"not_picked":[],"picked":"hexamod:Rewind","floor":21.0},{"not_picked":[],"picked":"hexamod:HeatShield","floor":23.0},{"not_picked":["hexamod:EtherealExpedition"],"picked":"SKIP","floor":26},{"not_picked":["hexamod:Firestarter"],"picked":"SKIP","floor":29},{"not_picked":[],"picked":"hexamod:BurningTouch+1","floor":30},{"not_picked":["hexamod:ShieldOfDarkness"],"picked":"SKIP","floor":31},{"not_picked":[],"picked":"hexamod:RadiantFlame","floor":32},{"not_picked":[],"picked":"hexamod:FifthSeal","floor":33},{"not_picked":[],"picked":"hexamod:FirstSeal","floor":36},{"not_picked":[],"picked":"hexamod:RainOfEmbers","floor":36},{"not_picked":["hexamod:NightmareStrike"],"picked":"SKIP","floor":38},{"not_picked":["hexamod:FirstSeal"],"picked":"SKIP","floor":39},{"not_picked":["hexamod:GhostLash"],"picked":"SKIP","floor":39},{"not_picked":[],"picked":"hexamod:ThirdSeal","floor":40},{"not_picked":[],"picked":"hexamod:PhantomFireball","floor":42},{"not_picked":["hexamod:Incineration"],"picked":"SKIP","floor":42},{"not_picked":[],"picked":"hexamod:SecondSeal","floor":45},{"not_picked":[],"picked":"hexamod:HeatShield","floor":45},{"not_picked":["hexamod:GhostLash+1"],"picked":"SKIP","floor":45},{"not_picked":[],"picked":"hexamod:EmpoweredFlame+1","floor":46},{"not_picked":["hexamod:HeatMetal+1"],"picked":"SKIP","floor":46},{"not_picked":["hexamod:ThermalTransfer+1"],"picked":"SKIP","floor":49}],"player_experience":131942,"relics_obtained":[{"floor":2.0,"key":"Matryoshka"},{"floor":7.0,"key":"PreservedInsect"},{"floor":7.0,"key":"Blood Vial"},{"floor":8.0,"key":"Bronze Scales"},{"floor":21.0,"key":"hexamod:MatchstickCase"},{"floor":24.0,"key":"MealTicket"},{"floor":24.0,"key":"Pear"},{"floor":41,"key":"Ginger"}],"event_choices":[{"cards_removed":["hexamod:SpectralAdrenaline"],"damage_healed":24.0,"max_hp_gain":0.0,"max_hp_loss":0.0,"gold_gain":0.0,"event_name":"Bonfire Elementals","player_choice":"Offered Uncommon","floor":9.0,"gold_loss":0.0,"damage_taken":0.0},{"damage_healed":0.0,"max_hp_gain":0.0,"max_hp_loss":0.0,"gold_gain":0.0,"event_name":"Back to Basics","player_choice":"Simplicity","floor":22.0,"gold_loss":0.0,"damage_taken":0.0,"cards_upgraded":["hexamod:Strike","hexamod:Strike","hexamod:Strike","hexamod:Strike","hexamod:Defend","hexamod:Defend","hexamod:Defend","hexamod:Defend"]}],"is_beta":false,"boss_relics":[{"not_picked":["Tiny House","Snecko Eye"],"picked":"Busted Crown"},{"not_picked":["Runic Pyramid","Philosopher\u0027s Stone"],"picked":"SacredBark"}],"items_purged_floors":[],"is_endless":false,"potions_floor_spawned":[2,4,14,15,16,19,21,23,29,33,39,46,49],"ascension_level":0}}