{"host":"kw4o7b3ro2ktmmbe","time":1608076202,"event":{"mods":["BaseMod","Minty Spire (QoL Compilation)","StSLib","The Death Knight","Treasure Hunter"],"gold_per_floor":[150,150,150,214,232,232,256,279,305,323,323,323,398,398,398,398,398],"floor_reached":16,"playtime":805,"items_purged":[],"score":117,"play_id":"3af936c0-49c6-419e-93c9-2e6729fe20b2","local_time":"20201216125002","is_ascension_mode":true,"campfire_choices":[{"data":"DeathKnight:RuneTap","floor":6.0,"key":"SMITH"},{"data":"TH:CursedSword","floor":11.0,"key":"SMITH"},{"data":"DeathKnight:Hysteria","floor":15,"key":"SMITH"}],"circlet_count":0,"master_deck":["DeathKnight:Strike_DeathKnight","DeathKnight:Strike_DeathKnight","DeathKnight:Strike_DeathKnight","DeathKnight:Strike_DeathKnight","DeathKnight:Strike_DeathKnight","DeathKnight:Defend_DeathKnight","DeathKnight:Defend_DeathKnight+1","DeathKnight:Defend_DeathKnight","DeathKnight:Defend_DeathKnight","DeathKnight:Defend_DeathKnight+1","DeathKnight:RuneTap+1","DeathKnight:RuneStrike","CurseOfTheBell","Injury","DeathKnight:UnholyAssault","DeathKnight:DancingRuneblade","TH:CursedSword+1","DeathKnight:Hysteria+1","TH:BikiniMail","DeathKnight:Contagion","Panacea","DeathKnight:MarkOfBlood","DeathKnight:Pestilence"],"relics":["Calling Bell","Lantern","TH:Strongbox","Du-Vu Doll","DeathKnight:Scourgestone","Golden Idol","War Paint","Mango"],"acts_visited":["Exordium"],"potions_floor_usage":[],"damage_taken":[{"damage":6.0,"enemies":"Cultist","floor":1.0,"turns":4.0},{"damage":6.0,"enemies":"2 Louse","floor":5.0,"turns":2.0},{"damage":5.0,"enemies":"Small Slimes","floor":7.0,"turns":4.0},{"damage":16.0,"enemies":"Exordium Thugs","floor":8.0,"turns":5.0},{"damage":0.0,"enemies":"Exordium Wildlife","floor":10.0,"turns":3.0},{"damage":27,"enemies":"Hexaghost","floor":16,"turns":7}],"seed_played":"6898359202872289614","potions_obtained":[{"floor":1.0,"key":"SteroidPotion"},{"floor":5.0,"key":"SteroidPotion"}],"is_trial":false,"path_per_floor":["M","?","?","?","M","R","M","M","T","M","R","T","?","?","R","B"],"character_chosen":"DEATH_KNIGHT","items_purchased":[],"campfire_rested":0,"item_purchase_floors":[],"current_hp_per_floor":[62,50,50,50,44,44,39,23,23,23,23,37,26,26,26,0,0],"gold":398,"neow_bonus":"BOSS_RELIC","is_daily":false,"chose_seed":false,"campfire_upgraded":3,"win_rate":0.0,"timestamp":1608076202,"path_taken":["M","?","?","?","M","R","?","M","T","M","R","?","?","?","R","BOSS"],"items_purchased_type":[],"build_version":"2020-12-13","purchased_purges":0,"victory":false,"max_hp_per_floor":[75,75,75,75,75,75,75,75,75,75,75,89,89,89,89,89,89],"card_choices":[{"not_picked":["DeathKnight:UnholyPresence","DeathKnight:MutagenicPlague","DeathKnight:HornOfWinter"],"picked":"SKIP","floor":1.0},{"not_picked":["DeathKnight:BoneSpear","DeathKnight:ScourgeStrike","DeathKnight:ThirstingStrike"],"picked":"SKIP","floor":5.0},{"not_picked":["DeathKnight:BloodBoil","DeathKnight:MindFreeze"],"picked":"DeathKnight:UnholyAssault","floor":7.0},{"not_picked":["DeathKnight:UnholyFrenzy","DeathKnight:DreadStrike"],"picked":"DeathKnight:DancingRuneblade","floor":8.0},{"not_picked":["TH:CopperCoins"],"picked":"TH:CursedSword","floor":9.0},{"not_picked":["DeathKnight:PillarOfFrost","DeathKnight:HornOfWinter"],"picked":"DeathKnight:Hysteria","floor":10.0},{"not_picked":["TH:PixieDust"],"picked":"TH:BikiniMail","floor":12.0}],"player_experience":1809030,"relics_obtained":[{"floor":0.0,"key":"Lantern"},{"floor":0.0,"key":"TH:Strongbox"},{"floor":0.0,"key":"Du-Vu Doll"},{"floor":9.0,"key":"War Paint"},{"floor":12.0,"key":"Mango"}],"event_choices":[{"damage_healed":0.0,"max_hp_gain":0.0,"max_hp_loss":0.0,"gold_gain":0.0,"event_name":"Scrap Ooze","player_choice":"Success","floor":2.0,"gold_loss":0.0,"damage_taken":12.0,"relics_obtained":["DeathKnight:Scourgestone"]},{"damage_healed":0.0,"max_hp_gain":0.0,"max_hp_loss":0.0,"gold_gain":0.0,"event_name":"Golden Idol","player_choice":"Take Wound","floor":3.0,"gold_loss":0.0,"damage_taken":0.0,"relics_obtained":["Golden Idol"],"cards_obtained":["Injury"]},{"damage_healed":0.0,"max_hp_gain":0.0,"max_hp_loss":0.0,"gold_gain":64.0,"event_name":"Golden Wing","player_choice":"Gained Gold","floor":4.0,"gold_loss":0.0,"damage_taken":0.0},{"damage_healed":0.0,"max_hp_gain":0.0,"max_hp_loss":0.0,"gold_gain":75.0,"event_name":"World of Goop","player_choice":"Gather Gold","floor":13.0,"gold_loss":0.0,"damage_taken":11.0},{"damage_healed":0,"gold_gain":0,"player_choice":"4 cards matched","damage_taken":0,"max_hp_gain":0,"max_hp_loss":0,"event_name":"Match and Keep!","floor":14,"gold_loss":0,"cards_obtained":["DeathKnight:Contagion","Panacea","DeathKnight:MarkOfBlood","DeathKnight:Pestilence"]}],"is_beta":false,"boss_relics":[],"items_purged_floors":[],"is_endless":false,"potions_floor_spawned":[1,5],"killed_by":"Hexaghost","ascension_level":6}}