{"host":"v5q6ggeyvx3goqgy","time":1608045225,"event":{"mods":["AchievementEnabler","BaseMod","BetterRewards","Minty Spire (QoL Compilation)","StSLib","Uncapped"],"gold_per_floor":[112,112,124,124,136,162,182,211,211,230,230,242,259,271,271,367,367,378,394,404,417,417,443,443,462,543,543,543,574,574,594,594,698,698,718,718,718,31,41,74,74,90,145,145,175,175,1,18,18,18,18,18,18,50,50],"floor_reached":56,"playtime":6475,"items_purged":["Skewer"],"score":1998,"play_id":"d68d0682-2c82-43cb-9cc6-0bd3835a1af9","local_time":"20201215151345","is_ascension_mode":true,"campfire_choices":[{"floor":11,"key":"REST"},{"floor":15,"key":"REST"},{"floor":24,"key":"REST"},{"data":"Neutralize","floor":28,"key":"SMITH"},{"data":"Leg Sweep","floor":30,"key":"SMITH"},{"data":"Burst","floor":32,"key":"SMITH"},{"data":"Burst","floor":41,"key":"SMITH"},{"data":"Backflip","floor":44,"key":"SMITH"},{"floor":46,"key":"RECALL"},{"data":"Blur","floor":49,"key":"SMITH"},{"data":"Caltrops","floor":52,"key":"SMITH"}],"circlet_count":0,"master_deck":["AscendersBane","Survivor","Neutralize+1","Acrobatics","Backflip+1","Envenom","Caltrops+1","Bane","PiercingWail+1","Footwork+1","Burst+1","Storm of Steel","Blur+1","Choke","Burst+1","Bane","Quick Slash","Leg Sweep+1","Envenom+1","Outmaneuver","Die Die Die","Blur+1","Slice","Caltrops+1","Heel Hook","Backflip+1","PiercingWail","Footwork+1","PiercingWail","Corpse Explosion","Well Laid Plans+1","Well Laid Plans+1","Dodge and Roll+1","Footwork+1","PiercingWail","Caltrops+1"],"relics":["Ring of the Snake","NeowsBlessing","TheAbacus","Sundial","Unceasing Top","Sundial","CaptainsWheel","Frozen Egg 2","Mummified Hand","Pandora\u0027s Box","Meat on the Bone","Bag of Marbles","Incense Burner","HoveringKite","Philosopher\u0027s Stone","FossilizedHelix","Paper Crane","Nunchaku","Blood Vial","War Paint","Incense Burner","Incense Burner","InkBottle","Incense Burner"],"acts_visited":["Exordium","TheCity","TheBeyond","TheEnding"],"potions_floor_usage":[6,6,6,8,14,16,21,33,33,45,54,55,55],"damage_taken":[{"damage":0,"enemies":"Jaw Worm","floor":1,"turns":1},{"damage":0,"enemies":"Cultist","floor":3,"turns":1},{"damage":0,"enemies":"Small Slimes","floor":5,"turns":1},{"damage":29,"enemies":"3 Sentries","floor":6,"turns":13},{"damage":1,"enemies":"Exordium Wildlife","floor":7,"turns":7},{"damage":2,"enemies":"Lagavulin","floor":8,"turns":11},{"damage":6,"enemies":"Exordium Thugs","floor":10,"turns":7},{"damage":3,"enemies":"2 Fungi Beasts","floor":12,"turns":5},{"damage":1,"enemies":"Red Slaver","floor":13,"turns":5},{"damage":6,"enemies":"Gremlin Gang","floor":14,"turns":7},{"damage":22,"enemies":"Slime Boss","floor":16,"turns":17},{"damage":1,"enemies":"Shell Parasite","floor":18,"turns":7},{"damage":0,"enemies":"Spheric Guardian","floor":19,"turns":4},{"damage":4,"enemies":"Snecko","floor":20,"turns":7},{"damage":5,"enemies":"Snake Plant","floor":21,"turns":5},{"damage":45,"enemies":"Gremlin Leader","floor":23,"turns":8},{"damage":0,"enemies":"Cultist and Chosen","floor":25,"turns":6},{"damage":14,"enemies":"Book of Stabbing","floor":29,"turns":5},{"damage":18,"enemies":"Sentry and Sphere","floor":31,"turns":5},{"damage":5,"enemies":"Collector","floor":33,"turns":12},{"damage":0,"enemies":"3 Darklings","floor":35,"turns":6},{"damage":0,"enemies":"3 Shapes","floor":39,"turns":6},{"damage":0,"enemies":"Giant Head","floor":40,"turns":8},{"damage":0,"enemies":"Sphere and 2 Shapes","floor":42,"turns":5},{"damage":0,"enemies":"Reptomancer","floor":45,"turns":7},{"damage":0,"enemies":"Jaw Worm Horde","floor":48,"turns":3},{"damage":0,"enemies":"Time Eater","floor":50,"turns":13},{"damage":6,"enemies":"Shield and Spear","floor":54,"turns":6},{"damage":1,"enemies":"The Heart","floor":55,"turns":9}],"seed_played":"-904287050220732777","potions_obtained":[{"floor":3,"key":"EntropicBrew"},{"floor":6,"key":"GhostInAJar"},{"floor":7,"key":"SpeedPotion"},{"floor":13,"key":"SneckoOil"},{"floor":18,"key":"EssenceOfSteel"},{"floor":25,"key":"SpeedPotion"},{"floor":29,"key":"CultistPotion"},{"floor":42,"key":"Fire Potion"},{"floor":45,"key":"GamblersBrew"},{"floor":54,"key":"PowerPotion"}],"is_trial":false,"path_per_floor":["M","?","M","?","M","E","M","E","T","M","R","M","M","M","R","B",null,"M","M","M","M","?","E","R","M","T","?","R","E","R","M","R","B",null,"M","?","?","$","M","E","R","M","T","R","E","R","$","M","R","B",null,"R","$","E","B",null],"character_chosen":"THE_SILENT","items_purchased":["FossilizedHelix","Well Laid Plans+1","Paper Crane","Footwork+1","Block Potion","PiercingWail"],"campfire_rested":3,"item_purchase_floors":[38,38,38,47,47,47],"current_hp_per_floor":[63,56,56,42,42,13,12,10,10,4,25,22,21,15,36,14,56,55,55,51,46,33,11,33,45,45,45,45,43,43,37,37,44,67,67,67,60,60,60,60,60,60,60,60,62,62,62,64,64,66,73,73,73,69,70],"gold":50,"neow_bonus":"THREE_ENEMY_KILL","is_daily":false,"chose_seed":false,"campfire_upgraded":7,"win_rate":0.0,"timestamp":1608045225,"path_taken":["M","?","M","?","?","E","M","E","T","?","R","M","M","M","R","BOSS","M","M","M","M","?","E","R","M","T","?","R","E","R","M","R","BOSS","M","?","?","$","M","E","R","?","T","R","E","R","?","M","R","BOSS","R","$","E","BOSS"],"items_purchased_type":["Relic","Card","Relic","Card","Potion","Card"],"build_version":"2020-12-13","purchased_purges":1,"victory":true,"max_hp_per_floor":[70,70,70,70,70,70,70,70,70,70,70,70,70,70,70,70,70,70,70,70,70,75,75,75,75,75,75,75,75,75,75,75,75,75,75,75,75,75,75,75,75,75,75,75,75,75,75,75,75,75,75,75,75,75,75],"card_choices":[{"not_picked":["Deflect","Well Laid Plans"],"picked":"Acrobatics","floor":1},{"not_picked":["Dodge and Roll","Backstab","Blade Dance"],"picked":"SKIP","floor":3},{"not_picked":["Heel Hook","Dodge and Roll"],"picked":"Backflip","floor":5},{"not_picked":["Flying Knee","Terror"],"picked":"Envenom","floor":6},{"not_picked":["Poisoned Stab","Slice"],"picked":"Caltrops","floor":7},{"not_picked":["Cloak And Dagger","Slice"],"picked":"Bane","floor":8},{"not_picked":["Outmaneuver","Distraction"],"picked":"PiercingWail","floor":10},{"not_picked":["Sucker Punch","Acrobatics"],"picked":"Predator","floor":12},{"not_picked":["Dodge and Roll","Underhanded Strike"],"picked":"Footwork+1","floor":13},{"not_picked":["Infinite Blades+1","Flying Knee"],"picked":"Burst","floor":14},{"not_picked":["Phantasmal Killer","Corpse Explosion"],"picked":"Storm of Steel","floor":16},{"not_picked":["Eviscerate","Deflect"],"picked":"Blur","floor":18},{"not_picked":["Poisoned Stab","All Out Attack"],"picked":"Slice","floor":19},{"not_picked":["Riddle With Holes+1","Slice"],"picked":"Caltrops+1","floor":20},{"not_picked":["Poisoned Stab","Slice"],"picked":"Heel Hook","floor":21},{"not_picked":["Poisoned Stab","Dagger Throw"],"picked":"Backflip+1","floor":23},{"not_picked":["Underhanded Strike","Slice"],"picked":"PiercingWail","floor":25},{"not_picked":["Blade Dance+1","Malaise"],"picked":"Footwork+1","floor":29},{"not_picked":["Tactician+1","Dagger Throw"],"picked":"PiercingWail","floor":31},{"not_picked":["Die Die Die","Glass Knife"],"picked":"Corpse Explosion","floor":33},{"not_picked":["Heel Hook+1","Dodge and Roll"],"picked":"Well Laid Plans+1","floor":35},{"not_picked":["Quick Slash","Bane"],"picked":"Dodge and Roll+1","floor":39},{"not_picked":["Cloak And Dagger","Expertise","Dagger Spray+1"],"picked":"SKIP","floor":40},{"not_picked":["Catalyst","Expertise","Choke"],"picked":"SKIP","floor":42},{"not_picked":["Masterful Stab","Prepared+1","Slice"],"picked":"SKIP","floor":45},{"not_picked":["Flechettes","Sucker Punch","Underhanded Strike"],"picked":"SKIP","floor":48},{"not_picked":["Prepared","Glass Knife"],"picked":"Caltrops+1","floor":54}],"player_experience":465405,"relics_obtained":[{"floor":6,"key":"CaptainsWheel"},{"floor":8,"key":"Frozen Egg 2"},{"floor":9,"key":"Mummified Hand"},{"floor":23,"key":"Meat on the Bone"},{"floor":29,"key":"Incense Burner"},{"floor":40,"key":"Nunchaku"},{"floor":43,"key":"Blood Vial"},{"floor":45,"key":"War Paint"},{"floor":54,"key":"InkBottle"}],"event_choices":[{"damage_healed":0,"gold_gain":0,"player_choice":"Success","damage_taken":7,"relics_obtained":["Sundial"],"max_hp_gain":0,"max_hp_loss":0,"event_name":"Scrap Ooze","floor":2,"gold_loss":0},{"damage_healed":0,"gold_gain":0,"player_choice":"Entered Light","damage_taken":14,"max_hp_gain":0,"max_hp_loss":0,"event_name":"Shining Light","floor":4,"gold_loss":0,"cards_upgraded":["Strike_G","Strike_G"]},{"damage_healed":0,"gold_gain":0,"player_choice":"Shed Blood","damage_taken":18,"max_hp_gain":5,"max_hp_loss":0,"event_name":"Forgotten Altar","floor":22,"gold_loss":0},{"cards_removed":["Predator"],"damage_healed":0,"gold_gain":0,"player_choice":"Gave Card","damage_taken":0,"relics_obtained":["Bag of Marbles"],"max_hp_gain":0,"max_hp_loss":0,"event_name":"WeMeetAgain","floor":27,"gold_loss":0},{"damage_healed":0,"gold_gain":0,"player_choice":"Ignored","damage_taken":0,"max_hp_gain":0,"max_hp_loss":0,"event_name":"Tomb of Lord Red Mask","floor":36,"gold_loss":0},{"damage_healed":0,"gold_gain":0,"player_choice":"Damaged","damage_taken":7,"max_hp_gain":0,"max_hp_loss":0,"event_name":"Wheel of Change","floor":37,"gold_loss":0}],"is_beta":false,"boss_relics":[{"not_picked":["Snecko Eye","Runic Dome"],"picked":"Pandora\u0027s Box"},{"not_picked":["HoveringKite","Coffee Dripper"],"picked":"Philosopher\u0027s Stone"}],"items_purged_floors":[38],"is_endless":false,"potions_floor_spawned":[3,6,7,13,18,25,29,42,45,54],"ascension_level":12}}