{"host":"d61vkvf8c80cu18y","time":1608068041,"event":{"mods":["2.2 Compatiblity","AchievementEnabler","Aspiration","BaseMod","Better Altar","Better Note","Better Sensory Stone","Better Skull","Better Third Choice","BetterRewards","Challenge The Spire","Conspire","Custom Start","Energized Spire","GifTheSpireLib","Hermit","Highlight Path","Hubris","Infinite Spire","Ironclad Rager","Marked Mod","Minty Spire (QoL Compilation)","Quick Restart","Rare Cards Sparkle","Relic Filter","Replay The Spire","Retaliation","Shade Mod","Shop Mod","Spicy Shops","Spikes Relics","StSLib","Stuff the Spire","The Blue Laboratory","The Cursed","The Runesmith","The Sage","The Servant 0.9.4","TheVacant","Thieving Mod","Virulent Crown","thorton"],"gold_per_floor":[114,130,12,25,40,67,67,21,21,21,21,21,31,43,43,43,43],"floor_reached":16,"playtime":1535,"items_purged":[],"score":102,"play_id":"80d376d0-c578-470a-9f13-603fda739243","local_time":"20201215153401","is_ascension_mode":false,"campfire_choices":[{"data":"Catalyst","floor":7,"key":"SMITH"},{"floor":10,"key":"REST"},{"floor":12,"key":"REST"},{"data":"Backstab","floor":15,"key":"SMITH"}],"circlet_count":0,"master_deck":["Survivor","Neutralize","ICR:VenomStrike","ICR:VenomStrike","ICR:VenomStrike","ICR:VenomStrike","ICR:VenomStrike","ICR:Dodge","ICR:Dodge","ICR:Dodge","ICR:Dodge","ICR:Dodge+1","Blade Dance","Dagger Spray+1","Backstab+1","Poisoned Stab","StuffTheSpire:Repulse","Catalyst+1","Bane","Skewer","hubris:TrickCloak"],"relics":["Ring of the Snake","hubris:SlimyHat","BlackRope"],"acts_visited":["Exordium"],"potions_floor_usage":[2,16],"damage_taken":[{"damage":0,"enemies":"Cultist","floor":1,"turns":4},{"damage":0,"enemies":"Small Slimes","floor":2,"turns":2},{"damage":1,"enemies":"Jaw Worm","floor":4,"turns":3},{"damage":9,"enemies":"Exordium Wildlife","floor":5,"turns":5},{"damage":33,"enemies":"3 Sentries","floor":6,"turns":7},{"damage":0,"enemies":"conspire:2 RoseBushes","floor":13,"turns":5},{"damage":4,"enemies":"3 Louse","floor":14,"turns":3},{"damage":52,"enemies":"The Guardian","floor":16,"turns":7}],"seed_played":"6294218887839031990","potions_obtained":[{"floor":1,"key":"blueLaboratory:SuffocatingSmog"},{"floor":5,"key":"blueLaboratory:BottledHope"},{"floor":6,"key":"blueLaboratory:FrostheartPotion"},{"floor":13,"key":"AttackPotion"}],"is_trial":false,"path_per_floor":["M","M","$","M","M","E","R","$","T","R","?","R","M","M","R","B"],"character_chosen":"THE_SILENT","items_purchased":["Backstab","Bane"],"campfire_rested":2,"item_purchase_floors":[3,8],"current_hp_per_floor":[70,70,70,69,60,27,27,27,27,48,34,55,55,51,51,0,0],"gold":43,"neow_bonus":"SILENT_POISONER","is_daily":false,"chose_seed":false,"campfire_upgraded":2,"win_rate":0.0,"timestamp":1608068041,"path_taken":["M","M","$","M","M","E","R","$","T","R","?","R","M","M","R","BOSS"],"items_purchased_type":["Card","Card"],"build_version":"2020-12-13","purchased_purges":0,"victory":false,"max_hp_per_floor":[70,70,70,70,70,70,70,70,70,70,70,70,70,70,70,70,70],"card_choices":[{"not_picked":["Dagger Throw","Expertise"],"picked":"Blade Dance","floor":1},{"not_picked":["Sneak Up","Sucker Punch"],"picked":"Dagger Spray","floor":2},{"not_picked":["Footwork","Terror"],"picked":"Poisoned Stab","floor":4},{"not_picked":["Sucker Punch","Malaise"],"picked":"StuffTheSpire:Repulse","floor":5},{"not_picked":["Deflect","Replay:Poison Smokescreen"],"picked":"Catalyst","floor":6},{"not_picked":["StuffTheSpire:ClusterCrunch","Prepared"],"picked":"Skewer","floor":13},{"not_picked":["Sucker Punch","Dagger Throw"],"picked":"hubris:TrickCloak","floor":14}],"player_experience":346139,"relics_obtained":[{"floor":6,"key":"hubris:SlimyHat"},{"floor":9,"key":"BlackRope"}],"event_choices":[{"damage_healed":48,"gold_gain":0,"player_choice":"Upgrade","damage_taken":14,"max_hp_gain":0,"max_hp_loss":70,"event_name":"betterThird:BetterShining","floor":11,"gold_loss":0,"cards_upgraded":["ICR:Dodge","Dagger Spray"]}],"is_beta":false,"boss_relics":[],"items_purged_floors":[],"is_endless":false,"potions_floor_spawned":[1,5,6,13],"killed_by":"The Guardian","ascension_level":0}}