{"host":"2e3z4r48quhw80cc","time":1608022175,"event":{"mods":["BaseMod","Minty Spire (QoL Compilation)","Quick Restart","StSLib","SuperFastMode"],"gold_per_floor":[110,125,125,145,161,161,336,336,362,439,439,449,478,494,494,594,594,613,613,685,492,492,492,492,492,562,298,298,328,352,352,352,457,457,469,469,469,469,485,485,519,519,546,546,563,596,212,223,223,223],"floor_reached":51,"playtime":1593,"items_purged":["Writhe","Rip and Tear"],"score":834,"play_id":"d4a622fa-cf9a-4343-ac2e-ad1f33f58581","local_time":"20201215174935","is_ascension_mode":true,"campfire_choices":[{"data":"Chaos","floor":6.0,"key":"SMITH"},{"data":"Zap","floor":8.0,"key":"SMITH"},{"data":"Genetic Algorithm","floor":15.0,"key":"SMITH"},{"data":"Self Repair","floor":23.0,"key":"SMITH"},{"data":"Recycle","floor":25.0,"key":"SMITH"},{"data":"Defragment","floor":28.0,"key":"SMITH"},{"data":"Creative AI","floor":32.0,"key":"SMITH"},{"data":"Echo Form","floor":40.0,"key":"SMITH"},{"floor":42.0,"key":"REST"},{"floor":44.0,"key":"REST"},{"floor":49,"key":"REST"}],"circlet_count":0,"master_deck":["Zap+1","Dualcast","Genetic Algorithm+1","BootSequence","Chaos+1","Force Field","Melter","Creative AI+1","Compile Driver","Conserve Battery","Reboot","Auto Shields","Recycle+1","Redo","Rip and Tear","Hologram","Self Repair+1","Defragment+1","Echo Form+1","CurseOfTheBell","Madness+1","Madness+1","Apotheosis+1","FTL+1","White Noise+1","Finesse+1"],"relics":["Cracked Core","Tiny Chest","Toy Ornithopter","White Beast Statue","Bag of Preparation","Pandora\u0027s Box","Pear","Membership Card","Pantograph","Bottled Lightning","Symbiotic Virus","TheAbacus","Gambling Chip","Bronze Scales","Calling Bell","Happy Flower","Toxic Egg 2","Lizard Tail","Art of War","Smiling Mask","MealTicket","Bag of Marbles","ClockworkSouvenir","HornCleat"],"acts_visited":["Exordium","TheCity","TheBeyond"],"potions_floor_usage":[47,50,50],"damage_taken":[{"damage":5.0,"enemies":"2 Louse","floor":1.0,"turns":2.0},{"damage":1.0,"enemies":"Cultist","floor":2.0,"turns":3.0},{"damage":0.0,"enemies":"Small Slimes","floor":4.0,"turns":3.0},{"damage":3.0,"enemies":"Looter","floor":5.0,"turns":4.0},{"damage":23.0,"enemies":"Exordium Thugs","floor":12.0,"turns":7.0},{"damage":32.0,"enemies":"Gremlin Nob","floor":13.0,"turns":4.0},{"damage":0.0,"enemies":"Large Slime","floor":14.0,"turns":4.0},{"damage":15.0,"enemies":"Slime Boss","floor":16.0,"turns":9.0},{"damage":0.0,"enemies":"Spheric Guardian","floor":18.0,"turns":2.0},{"damage":14.0,"enemies":"Book of Stabbing","floor":29.0,"turns":5.0},{"damage":15.0,"enemies":"Champ","floor":33.0,"turns":12.0},{"damage":5.0,"enemies":"Orb Walker","floor":35.0,"turns":4.0},{"damage":45.0,"enemies":"3 Shapes","floor":39.0,"turns":5.0},{"damage":42.0,"enemies":"Giant Head","floor":41.0,"turns":8.0},{"damage":45,"enemies":"Transient","floor":45,"turns":5},{"damage":32,"enemies":"Nemesis","floor":46,"turns":9},{"damage":15,"enemies":"3 Darklings","floor":48,"turns":6},{"damage":14,"enemies":"Time Eater","floor":50,"turns":9}],"seed_played":"3001690142957267672","potions_obtained":[{"floor":4.0,"key":"Fruit Juice"},{"floor":5.0,"key":"Ancient Potion"},{"floor":12.0,"key":"Explosive Potion"},{"floor":13.0,"key":"Fire Potion"},{"floor":14.0,"key":"Explosive Potion"},{"floor":16.0,"key":"PowerPotion"},{"floor":29.0,"key":"EssenceOfSteel"},{"floor":33.0,"key":"FocusPotion"},{"floor":41.0,"key":"BlessingOfTheForge"}],"is_trial":false,"path_per_floor":["M","M","?","M","M","R","?","R","T","T","?","M","E","M","R","B",null,"M","?","T","$","?","R","?","R","T","$","R","E","T","?","R","B",null,"M","?","?","T","M","R","E","R","T","R","M","E","$","M","R","B",null],"character_chosen":"DEFECT","items_purchased":["Membership Card","Self Repair","Symbiotic Virus","Defragment","TheAbacus","ClockworkSouvenir","Fruit Juice","HornCleat","EssenceOfSteel","Finesse+1"],"campfire_rested":3,"item_purchase_floors":[21,21,27,27,27,47,47,47,47,47],"current_hp_per_floor":[70,69,75,80,77,77,77,77,77,77,77,54,22,27,27,17,80,80,80,90,90,72,72,72,72,72,72,72,73,73,73,73,90,95,95,83,73,73,48,48,31,59,59,87,52,40,65,60,90,96],"gold":223,"neow_bonus":"RANDOM_COMMON_RELIC","is_daily":false,"chose_seed":false,"campfire_upgraded":8,"win_rate":0.0,"timestamp":1608022175,"path_taken":["M","M","?","?","M","R","?","R","T","?","?","?","E","M","R","BOSS","M","?","?","?","?","R","?","R","T","$","R","E","?","?","R","BOSS","M","?","?","?","?","R","E","R","T","R","M","E","$","M","R","BOSS"],"items_purchased_type":["Relic","Card","Relic","Card","Relic","Relic","Potion","Relic","Potion","Card"],"build_version":"2020-12-13","purchased_purges":2,"victory":true,"max_hp_per_floor":[75,75,75,80,80,80,80,80,80,80,80,80,80,80,80,80,80,80,80,90,90,95,95,95,95,95,95,95,95,95,95,95,95,95,95,95,95,95,95,95,95,95,95,95,95,95,100,100,100,100],"card_choices":[{"not_picked":["Turbo","Ball Lightning"],"picked":"Genetic Algorithm","floor":1.0},{"not_picked":["Darkness","Compile Driver"],"picked":"BootSequence","floor":2.0},{"not_picked":["Genetic Algorithm","Sweeping Beam"],"picked":"Chaos","floor":4.0},{"not_picked":["Steam","BootSequence","Coolheaded"],"picked":"SKIP","floor":5.0},{"not_picked":["Redo","Streamline"],"picked":"Rebound","floor":12.0},{"not_picked":["Go for the Eyes","Chaos"],"picked":"Force Field","floor":13.0},{"not_picked":["Go for the Eyes","Hologram"],"picked":"Melter","floor":14.0},{"not_picked":["Biased Cognition","Buffer"],"picked":"Creative AI","floor":16.0},{"not_picked":["Leap","Turbo","Auto Shields"],"picked":"SKIP","floor":18.0},{"not_picked":["Blizzard","Sunder","Rip and Tear"],"picked":"SKIP","floor":29.0},{"not_picked":["Buffer","Biased Cognition"],"picked":"Echo Form","floor":33.0},{"not_picked":["Turbo+1","Skim+1","Go for the Eyes"],"picked":"SKIP","floor":35.0},{"not_picked":["Violence+1","Purity+1"],"picked":"Apotheosis+1","floor":37.0},{"not_picked":["Sweeping Beam+1","Melter","Rebound"],"picked":"SKIP","floor":39.0},{"not_picked":["Coolheaded+1","Rebound+1","Compile Driver"],"picked":"SKIP","floor":41.0},{"not_picked":["Cold Snap","Gash"],"picked":"FTL+1","floor":45},{"not_picked":["Gash","Cold Snap"],"picked":"White Noise+1","floor":46},{"not_picked":["Force Field+1","Genetic Algorithm+1","Aggregate+1"],"picked":"SKIP","floor":48}],"player_experience":44158,"relics_obtained":[{"floor":9.0,"key":"Toy Ornithopter"},{"floor":10.0,"key":"White Beast Statue"},{"floor":13.0,"key":"Bag of Preparation"},{"floor":20.0,"key":"Pear"},{"floor":26.0,"key":"Bottled Lightning"},{"floor":29.0,"key":"Gambling Chip"},{"floor":30.0,"key":"Bronze Scales"},{"floor":34.0,"key":"Happy Flower"},{"floor":34.0,"key":"Toxic Egg 2"},{"floor":34.0,"key":"Lizard Tail"},{"floor":38.0,"key":"Art of War"},{"floor":41.0,"key":"Smiling Mask"},{"floor":43.0,"key":"MealTicket"},{"floor":46,"key":"Bag of Marbles"}],"event_choices":[{"damage_healed":6.0,"max_hp_gain":0.0,"max_hp_loss":0.0,"gold_gain":0.0,"event_name":"Wheel of Change","player_choice":"Full Heal","floor":3.0,"gold_loss":0.0,"damage_taken":0.0},{"damage_healed":0.0,"max_hp_gain":0.0,"max_hp_loss":0.0,"gold_gain":175.0,"event_name":"Liars Game","player_choice":"AGREE","floor":7.0,"gold_loss":0.0,"damage_taken":0.0,"cards_obtained":["Doubt"]},{"cards_removed":["Doubt"],"damage_healed":0.0,"max_hp_gain":0.0,"max_hp_loss":0.0,"gold_gain":0.0,"event_name":"Living Wall","player_choice":"Forget","floor":11.0,"gold_loss":0.0,"damage_taken":0.0},{"damage_healed":0.0,"max_hp_gain":0.0,"max_hp_loss":0.0,"gold_gain":0.0,"cards_transformed":["Compile Driver","Rebound"],"event_name":"Drug Dealer","player_choice":"Became Test Subject","floor":19.0,"gold_loss":0.0,"damage_taken":0.0,"cards_obtained":["Rip and Tear","Hologram"]},{"damage_healed":0.0,"max_hp_gain":5.0,"max_hp_loss":0.0,"gold_gain":0.0,"event_name":"Forgotten Altar","player_choice":"Shed Blood","floor":22.0,"gold_loss":0.0,"damage_taken":23.0},{"damage_healed":0.0,"max_hp_gain":0.0,"max_hp_loss":0.0,"gold_gain":0.0,"event_name":"The Mausoleum","player_choice":"Opened","floor":24.0,"gold_loss":0.0,"damage_taken":0.0,"relics_obtained":["Pantograph"],"cards_obtained":["Writhe"]},{"damage_healed":0.0,"max_hp_gain":0.0,"max_hp_loss":0.0,"gold_gain":0.0,"event_name":"Vampires","player_choice":"Ignored","floor":31.0,"gold_loss":0.0,"damage_taken":0.0},{"damage_healed":0.0,"max_hp_gain":0.0,"max_hp_loss":0.0,"gold_gain":0.0,"event_name":"Winding Halls","player_choice":"Embrace Madness","floor":36.0,"gold_loss":0.0,"damage_taken":12.0,"cards_obtained":["Madness","Madness"]},{"damage_healed":0.0,"max_hp_gain":0.0,"max_hp_loss":0.0,"gold_gain":0.0,"event_name":"SensoryStone","player_choice":"Memory 3","floor":37.0,"gold_loss":0.0,"damage_taken":10.0}],"is_beta":false,"boss_relics":[{"not_picked":["Busted Crown","Cursed Key"],"picked":"Pandora\u0027s Box"},{"not_picked":["Astrolabe","Tiny House"],"picked":"Calling Bell"}],"items_purged_floors":[27,47],"is_endless":false,"potions_floor_spawned":[4,5,12,13,14,16,18,29,33,35,39,41,45,46,48],"ascension_level":2}}