{"host":"0cm5wy4nhuju7tij","time":1608010047,"event":{"mods":["2.2 Compatiblity","AchievementEnabler","BaseMod","Better Third Choice","BetterRewards","CCEM","Colored Powertips","Custom Start","Displayed Cursed Tome","Downfall","Filter the Spire","Fireblade Mod","Hermit","Highlight Path","Minty Spire (QoL Compilation)","Permanent Neow","Pikachu Mod","Railgun Mod","Shop Mod","Spicy Shops","StSLib","The Bladedancer","The Elementalist","TheWitcher"],"gold_per_floor":[120,140,154,11,31,31,45,45,72,101,112,112,112],"floor_reached":12,"playtime":486,"items_purged":[],"score":76,"play_id":"5f20ca6f-7429-4e00-9d69-c421a4a520a6","local_time":"20201215002727","is_ascension_mode":true,"campfire_choices":[{"data":"TheRailgun:Teleporter","floor":6,"key":"SMITH"},{"data":"TheRailgun:Negative_Field","floor":8,"key":"SMITH"}],"circlet_count":0,"master_deck":["TheRailgun:Strike","TheRailgun:Strike","TheRailgun:Strike","TheRailgun:Strike","TheRailgun:Defend","TheRailgun:Defend","TheRailgun:Defend","TheRailgun:Defend","TheRailgun:Discharge","TheRailgun:Static","TheRailgun:Zip","TheRailgun:Coin_Flip","TheRailgun:Iron_Dust_Sword","TheRailgun:Thunderbolt","TheRailgun:Teleporter+1","TheRailgun:Negative_Field+1","TheRailgun:Circuit_Breaker","TheRailgun:Oneesama"],"relics":["TheRailgun:CoinRelic","Membership Card","Bag of Marbles","Odd Mushroom"],"acts_visited":["Exordium"],"potions_floor_usage":[12,12],"damage_taken":[{"damage":0,"enemies":"Cultist","floor":1,"turns":3},{"damage":1,"enemies":"Small Slimes","floor":2,"turns":2},{"damage":0,"enemies":"2 Louse","floor":3,"turns":2},{"damage":14,"enemies":"Looter","floor":5,"turns":3},{"damage":30,"enemies":"Exordium Thugs","floor":7,"turns":4},{"damage":13,"enemies":"The Mushroom Lair","floor":10,"turns":3},{"damage":10,"enemies":"3 Louse","floor":11,"turns":2},{"damage":12,"enemies":"Lagavulin","floor":12,"turns":3}],"seed_played":"4883698486798523329","potions_obtained":[{"floor":5,"key":"FearPotion"},{"floor":7,"key":"PowerPotion"},{"floor":11,"key":"Block Potion"}],"is_trial":false,"path_per_floor":["M","M","M","$","M","R","M","R","T","?","M","E"],"character_chosen":"THE_DEFAULT","items_purchased":["Membership Card"],"campfire_rested":0,"item_purchase_floors":[4],"current_hp_per_floor":[77,76,76,76,62,62,32,32,32,19,9,0,0],"gold":112,"neow_bonus":"TEN_PERCENT_HP_BONUS","is_daily":false,"chose_seed":false,"campfire_upgraded":2,"win_rate":0.0,"timestamp":1608010047,"path_taken":["M","?","M","$","M","R","M","R","T","?","M","E"],"items_purchased_type":["Relic"],"build_version":"2020-12-13","purchased_purges":0,"victory":false,"max_hp_per_floor":[77,77,77,77,77,77,77,77,77,77,77,77,77],"card_choices":[{"not_picked":["TheRailgun:Sister_Noise","TheRailgun:Taser"],"picked":"TheRailgun:Coin_Flip","floor":1},{"not_picked":["TheRailgun:Hypercharge","TheRailgun:Push"],"picked":"TheRailgun:Iron_Dust_Sword","floor":2},{"not_picked":["TheRailgun:Electrical_Fire","TheRailgun:Aerial_Shot"],"picked":"TheRailgun:Thunderbolt","floor":3},{"not_picked":["TheRailgun:Battery_Pack","TheRailgun:Overload"],"picked":"TheRailgun:Teleporter","floor":5},{"not_picked":["TheRailgun:Thunderjolt","TheRailgun:Iron_Dust_Vial"],"picked":"TheRailgun:Negative_Field","floor":7},{"not_picked":["TheRailgun:Iron_Dust_Vial","TheRailgun:Sister_Network"],"picked":"TheRailgun:Circuit_Breaker","floor":10},{"not_picked":["TheRailgun:Sister_Network","TheRailgun:Iron_Dust_Shield"],"picked":"TheRailgun:Oneesama","floor":11}],"player_experience":218279,"relics_obtained":[{"floor":9,"key":"Bag of Marbles"},{"floor":10,"key":"Odd Mushroom"}],"event_choices":[{"damage_healed":0,"gold_gain":0,"player_choice":"Fought Mushrooms","damage_taken":0,"max_hp_gain":0,"max_hp_loss":0,"event_name":"Mushrooms","floor":10,"gold_loss":0}],"is_beta":false,"boss_relics":[],"items_purged_floors":[],"is_endless":false,"potions_floor_spawned":[5,7,11],"killed_by":"Lagavulin","ascension_level":1}}