{"host":"egyxg9lnjq7g2hmw","time":1608033732,"event":{"mods":["AchievementEnabler","BaseMod","Block Reminder","Colored Map","Colored Powertips","Highlight Path","Minty Spire (QoL Compilation)","Rare Cards Sparkle","Relic Sorter","StSLib","The IronCluck","slay the spire mod where everything is the same but ironclad has a cowboy hat"],"gold_per_floor":[109,109,128,128,138,138,173,173,173,207,207,234,245,9,9,85,85,99,14,14,14,28,57,75,75,126,126,158,176,190,204,204,275,275,290,337,337,35,55,80,93,105,105,105,115,115,115,146,146,146,146,146,33,67,67,67],"floor_reached":55,"playtime":3958,"items_purged":["Strike_G"],"score":1368,"play_id":"1a52081f-8ae3-4dda-9ac5-004be00f16e2","local_time":"20201215040212","is_ascension_mode":true,"campfire_choices":[{"data":"Sucker Punch","floor":6.0,"key":"SMITH"},{"data":"Glass Knife","floor":8.0,"key":"SMITH"},{"floor":11.0,"key":"DIG"},{"data":"1","floor":15.0,"key":"LIFT"},{"data":"2","floor":25.0,"key":"LIFT"},{"data":"3","floor":27.0,"key":"LIFT"},{"data":"Dagger Spray","floor":32.0,"key":"SMITH"},{"floor":44.0,"key":"RECALL"},{"data":"Dodge and Roll","floor":46.0,"key":"SMITH"},{"data":"Burst","floor":49.0,"key":"SMITH"},{"data":"Dash","floor":52.0,"key":"SMITH"}],"circlet_count":0,"master_deck":["AscendersBane","Defend_G","Defend_G","Defend_G","Defend_G","Defend_G","Survivor+1","Neutralize","Sucker Punch+1","Dodge and Roll+1","Glass Knife+1","Terror","Dagger Spray+1","Well Laid Plans","Venomology","Dodge and Roll+1","Bite","Bite","Bite","Bite","Bite","Doppelganger","Dash+1","Blur+1","Corpse Explosion","Dash","Bandage Up","Glass Knife+1","Backstab","Acrobatics+1","Burst+1"],"relics":["Ring of the Snake","Mango","Potion Belt","Girya","Question Card","Pen Nib","Velvet Choker","Singing Bowl","Nloth\u0027s Gift","Smiling Mask","Regal Pillow","Bag of Preparation","HoveringKite","Bird Faced Urn","DollysMirror","Du-Vu Doll","Pear","Bottled Flame"],"acts_visited":["Exordium","TheCity","TheBeyond","TheEnding"],"potions_floor_usage":[55,55,55],"damage_taken":[{"damage":0.0,"enemies":"Small Slimes","floor":1.0,"turns":5.0},{"damage":0.0,"enemies":"2 Louse","floor":3.0,"turns":3.0},{"damage":0.0,"enemies":"Jaw Worm","floor":5.0,"turns":4.0},{"damage":23.0,"enemies":"3 Sentries","floor":7.0,"turns":17.0},{"damage":10.0,"enemies":"Gremlin Nob","floor":10.0,"turns":5.0},{"damage":15.0,"enemies":"3 Sentries","floor":12.0,"turns":12.0},{"damage":0.0,"enemies":"2 Fungi Beasts","floor":13.0,"turns":3.0},{"damage":1.0,"enemies":"Hexaghost","floor":16.0,"turns":11.0},{"damage":12.0,"enemies":"2 Thieves","floor":18.0,"turns":4.0},{"damage":5.0,"enemies":"Shell Parasite","floor":22.0,"turns":5.0},{"damage":14.0,"enemies":"Book of Stabbing","floor":23.0,"turns":5.0},{"damage":2.0,"enemies":"Sentry and Sphere","floor":24.0,"turns":4.0},{"damage":3.0,"enemies":"Gremlin Leader","floor":28.0,"turns":7.0},{"damage":11.0,"enemies":"Snake Plant","floor":29.0,"turns":3.0},{"damage":0.0,"enemies":"3 Cultists","floor":30.0,"turns":4.0},{"damage":1.0,"enemies":"Snecko","floor":31.0,"turns":4.0},{"damage":34.0,"enemies":"Collector","floor":33.0,"turns":8.0},{"damage":1.0,"enemies":"3 Darklings","floor":35.0,"turns":2.0},{"damage":45.0,"enemies":"2 Orb Walkers","floor":36.0,"turns":4.0},{"damage":15.0,"enemies":"3 Shapes","floor":39.0,"turns":4.0},{"damage":11.0,"enemies":"Mind Bloom Boss Battle","floor":40.0,"turns":7.0},{"damage":0.0,"enemies":"Transient","floor":41.0,"turns":5.0},{"damage":6.0,"enemies":"3 Darklings","floor":42.0,"turns":5.0},{"damage":7.0,"enemies":"Jaw Worm Horde","floor":45.0,"turns":3.0},{"damage":0.0,"enemies":"Maw","floor":47.0,"turns":2.0},{"damage":39.0,"enemies":"Reptomancer","floor":48.0,"turns":5.0},{"damage":76.0,"enemies":"Donu and Deca","floor":50.0,"turns":6.0},{"damage":62.0,"enemies":"Shield and Spear","floor":54.0,"turns":7.0},{"damage":55,"enemies":"The Heart","floor":55,"turns":3}],"seed_played":"-2162724473952073690","potions_obtained":[{"floor":3.0,"key":"FairyPotion"},{"floor":7.0,"key":"Dexterity Potion"},{"floor":13.0,"key":"Poison Potion"},{"floor":23.0,"key":"Explosive Potion"},{"floor":28.0,"key":"ColorlessPotion"},{"floor":30.0,"key":"Fire Potion"},{"floor":31.0,"key":"Dexterity Potion"},{"floor":40.0,"key":"Block Potion"},{"floor":45.0,"key":"SmokeBomb"}],"is_trial":false,"path_per_floor":["M","?","M","?","M","R","E","R","T","E","R","E","M","$","R","B",null,"M","?","?","?","M","E","M","R","T","R","E","M","M","M","R","B",null,"M","?","?","$","M","?","M","M","T","R","M","R","M","E","R","B",null,"R","$","E","B"],"character_chosen":"THE_SILENT","items_purchased":["Pen Nib","DollysMirror","Backstab","BlessingOfTheForge","Strength Potion","Strength Potion"],"campfire_rested":0,"item_purchase_floors":[14,38,38,38,53,53],"current_hp_per_floor":[65,58,58,36,36,36,27,27,27,17,17,2,2,2,2,1,65,53,53,53,53,60,54,62,62,62,62,66,59,67,67,67,46,63,62,23,23,23,20,31,49,59,59,59,66,66,76,62,62,26,73,73,73,33,0,0],"gold":67,"neow_bonus":"TEN_PERCENT_HP_BONUS","is_daily":false,"chose_seed":false,"campfire_upgraded":6,"win_rate":0.0,"timestamp":1608033732,"path_taken":["M","?","M","?","M","R","E","R","T","E","R","E","M","$","R","BOSS","M","?","?","?","?","E","M","R","T","R","E","M","M","M","R","BOSS","M","?","?","?","M","?","M","M","T","R","?","R","M","E","R","BOSS","R","$","E","BOSS"],"items_purchased_type":["Relic","Relic","Card","Potion","Potion","Potion"],"build_version":"2020-12-13","purchased_purges":1,"victory":false,"max_hp_per_floor":[72,72,72,72,72,72,86,86,86,86,86,86,86,86,86,86,86,86,86,60,60,62,62,64,64,64,64,66,66,68,68,68,68,68,68,70,70,70,72,74,76,76,76,76,78,78,78,88,88,88,88,88,88,90,90,90],"card_choices":[{"not_picked":["Slice","Acrobatics"],"picked":"Sucker Punch","floor":1.0},{"not_picked":["Distraction","Dagger Throw"],"picked":"Dodge and Roll","floor":3.0},{"not_picked":["Dodge and Roll","Tactician","Crippling Poison"],"picked":"SKIP","floor":5.0},{"not_picked":["Quick Slash","Dagger Throw"],"picked":"Glass Knife","floor":7.0},{"not_picked":["Flying Knee","Riddle With Holes"],"picked":"Terror","floor":10.0},{"not_picked":["Wraith Form v2","Quick Slash"],"picked":"Dagger Spray","floor":12.0},{"not_picked":["Slice","Cloak And Dagger","Dagger Throw"],"picked":"Well Laid Plans","floor":13.0},{"not_picked":["Glass Knife","After Image","Envenom"],"picked":"Venomology","floor":16.0},{"not_picked":["Bouncing Flask","Cloak And Dagger+1","Distraction"],"picked":"Dodge and Roll","floor":18.0},{"not_picked":["Slice+1","Escape Plan","Deadly Poison+1","Flying Knee"],"picked":"Singing Bowl","floor":22.0},{"not_picked":["Wraith Form v2","Burst","Underhanded Strike"],"picked":"Doppelganger","floor":23.0},{"not_picked":["Underhanded Strike","Skewer","Flechettes","Blur"],"picked":"Singing Bowl","floor":24.0},{"not_picked":["Bane","Prepared+1","Tactician","Reflex"],"picked":"Singing Bowl","floor":28.0},{"not_picked":["Heel Hook","Calculated Gamble","Dagger Throw"],"picked":"Dash","floor":29.0},{"not_picked":["Outmaneuver+1","Unload","Backflip","Dagger Spray"],"picked":"Singing Bowl","floor":30.0},{"not_picked":["Slice","Acrobatics","Outmaneuver"],"picked":"Blur+1","floor":31.0},{"not_picked":["Adrenaline","Phantasmal Killer","Doppelganger"],"picked":"Corpse Explosion","floor":33.0},{"not_picked":["Heel Hook","Sucker Punch","Finisher"],"picked":"Dash","floor":35.0},{"not_picked":["Bouncing Flask","After Image","Backflip","Blade Dance"],"picked":"Singing Bowl","floor":36.0},{"not_picked":["Finesse","Dark Shackles","Flash of Steel"],"picked":"Bandage Up","floor":37.0},{"not_picked":["Endless Agony","Sucker Punch","Flying Knee","Poisoned Stab"],"picked":"Singing Bowl","floor":39.0},{"not_picked":["Outmaneuver","Deflect","Poisoned Stab","Malaise"],"picked":"Singing Bowl","floor":40.0},{"not_picked":["Deflect","Prepared","Dagger Throw+1","Riddle With Holes"],"picked":"Singing Bowl","floor":41.0},{"not_picked":["Deflect","Backflip+1","Prepared+1"],"picked":"Acrobatics+1","floor":42.0},{"not_picked":["Sucker Punch+1","Dodge and Roll","Backflip","PiercingWail"],"picked":"Singing Bowl","floor":45.0},{"not_picked":["Corpse Explosion","Flechettes","Sucker Punch"],"picked":"Burst","floor":48.0},{"not_picked":["Deadly Poison","Expertise","After Image","Sucker Punch"],"picked":"Singing Bowl","floor":54.0}],"player_experience":461947,"relics_obtained":[{"floor":7.0,"key":"Mango"},{"floor":9.0,"key":"Shovel"},{"floor":10.0,"key":"Potion Belt"},{"floor":11.0,"key":"Girya"},{"floor":12.0,"key":"Question Card"},{"floor":23.0,"key":"Smiling Mask"},{"floor":26.0,"key":"Regal Pillow"},{"floor":28.0,"key":"Bag of Preparation"},{"floor":36.0,"key":"Bird Faced Urn"},{"floor":40.0,"key":"Du-Vu Doll"},{"floor":48.0,"key":"Pear"},{"floor":54.0,"key":"Bottled Flame"}],"event_choices":[{"cards_removed":["Strike_G"],"damage_healed":0.0,"max_hp_gain":0.0,"max_hp_loss":0.0,"gold_gain":0.0,"event_name":"Golden Wing","player_choice":"Card Removal","floor":2.0,"gold_loss":0.0,"damage_taken":7.0},{"damage_healed":0.0,"max_hp_gain":0.0,"max_hp_loss":0.0,"gold_gain":0.0,"event_name":"Shining Light","player_choice":"Entered Light","floor":4.0,"gold_loss":0.0,"damage_taken":22.0,"cards_upgraded":["Dodge and Roll","Survivor"]},{"damage_healed":0.0,"max_hp_gain":0.0,"max_hp_loss":0.0,"gold_gain":0.0,"event_name":"Addict","player_choice":"Obtained Relic","floor":19.0,"gold_loss":85.0,"damage_taken":0.0,"relics_obtained":["Singing Bowl"]},{"damage_healed":0.0,"max_hp_gain":0.0,"max_hp_loss":26.0,"gold_gain":0.0,"event_name":"Vampires","player_choice":"Became a vampire","floor":20.0,"gold_loss":0.0,"damage_taken":0.0,"cards_obtained":["Bite","Bite","Bite","Bite","Bite"]},{"damage_healed":0.0,"max_hp_gain":0.0,"max_hp_loss":0.0,"gold_gain":0.0,"event_name":"N\u0027loth","player_choice":"Traded Relic","floor":21.0,"relics_lost":["Shovel"],"gold_loss":0.0,"damage_taken":0.0,"relics_obtained":["Nloth\u0027s Gift"]},{"damage_healed":0.0,"max_hp_gain":0.0,"max_hp_loss":0.0,"gold_gain":0.0,"event_name":"Mysterious Sphere","player_choice":"Fight","floor":36.0,"gold_loss":0.0,"damage_taken":0.0},{"damage_healed":0.0,"max_hp_gain":0.0,"max_hp_loss":0.0,"gold_gain":0.0,"event_name":"SensoryStone","player_choice":"Memory 1","floor":37.0,"gold_loss":0.0,"damage_taken":0.0},{"damage_healed":0.0,"max_hp_gain":0.0,"max_hp_loss":0.0,"gold_gain":0.0,"event_name":"MindBloom","player_choice":"Fight","floor":40.0,"gold_loss":0.0,"damage_taken":0.0}],"is_beta":false,"boss_relics":[{"not_picked":["Busted Crown","Snecko Eye"],"picked":"Velvet Choker"},{"not_picked":["Tiny House","Cursed Key"],"picked":"HoveringKite"}],"items_purged_floors":[14],"is_endless":false,"potions_floor_spawned":[3,7,13,23,28,30,31,40,42,45,47],"killed_by":"The Heart","ascension_level":16}}