{"host":"sst22apzgpn07t8v","time":1608035424,"event":{"mods":["Act Like it!","BaseMod","Downfall","Hallownest","HololiveMod","Lobotomy","LobotomyExtend","Minty Spire (QoL Compilation)","Replay The Spire","Shop Mod","StSLib"],"gold_per_floor":[100,117,117,134,234,245,297,311,311,227,227,37,37,22,37,37,37],"floor_reached":16,"playtime":1084,"items_purged":[],"score":90,"play_id":"5c006499-8fdc-44e6-947d-d6d781f2a7e2","local_time":"20201215203024","is_ascension_mode":false,"campfire_choices":[],"circlet_count":0,"master_deck":["SpecialBullet","SpecialBullet","SpecialBullet","SpecialBullet","SpecialBullet","SpecialBullet","SpecialBullet","ControlCode","InformationCode","SecurityCode","Overencumbered","ShyLook","Justitia","ShedSkin+1","RapturousDream","Decay","Strike_R+1","expansioncontent:ManipulateTime+1","Mercenary","BigBadWolf","Hornet","BlueStar","Heaven","Regret","Crow Ritual","Scorched","SomewhereSpear"],"relics":["CogitoBucket","downfall:GremlinSack","LetterFromLob","downfall:BrokenWingStatue"],"acts_visited":["Exordium"],"potions_floor_usage":[16,16],"damage_taken":[{"damage":10,"enemies":"Small Slimes","floor":2,"turns":3},{"damage":6,"enemies":"Cultist","floor":4,"turns":3},{"damage":48,"enemies":"Cultist","floor":5,"turns":5},{"damage":2,"enemies":"2 Louse","floor":6,"turns":2},{"damage":3,"enemies":"2 Fungi Beasts","floor":8,"turns":3},{"damage":16,"enemies":"downfall:FleeingMerchant","floor":10,"turns":4},{"damage":10,"enemies":"downfall:FleeingMerchant","floor":12,"turns":4},{"damage":23,"enemies":"downfall:FleeingMerchant","floor":14,"turns":4},{"damage":38,"enemies":"Large Slime","floor":15,"turns":3},{"damage":56,"enemies":"downfall:Defect","floor":16,"turns":5}],"seed_played":"-457599888844747988","potions_obtained":[{"floor":4,"key":"Milkshake"},{"floor":8,"key":"Adrenaline Potion"}],"is_trial":false,"path_per_floor":["R","M","R","M","?","M","T","M","R","$","?","$","?","$","M","B"],"character_chosen":"Angela","items_purchased":["Heaven","Crow Ritual"],"campfire_rested":0,"item_purchase_floors":[10,12],"current_hp_per_floor":[84,82,82,84,44,50,50,58,58,60,60,71,71,66,46,0,0],"gold":37,"neow_bonus":"TWENTY_PERCENT_HP_BONUS","is_daily":false,"chose_seed":false,"campfire_upgraded":0,"win_rate":0.0,"timestamp":1608035424,"path_taken":["R","M","R","M","?","M","T","M","R","?","?","$","?","$","M","BOSS"],"items_purchased_type":["Card","Card"],"build_version":"2020-12-13","purchased_purges":0,"victory":false,"max_hp_per_floor":[84,84,84,84,84,84,84,84,84,84,84,84,84,84,84,81,81],"card_choices":[{"not_picked":["FairyFestival","CrumblingArmor"],"picked":"ShyLook","floor":2},{"not_picked":["Discord","CherryBlossom"],"picked":"SKIP","floor":2},{"not_picked":["RapturousDream","Regret_ego"],"picked":"SKIP","floor":4},{"not_picked":["GreedKing","Scorched"],"picked":"Mercenary","floor":5},{"not_picked":["CherryBlossoms","MeatLantern"],"picked":"BigBadWolf","floor":6},{"not_picked":["BlackSwan_ego","Horn"],"picked":"SKIP","floor":6},{"not_picked":["BlackSwan_ego","Horn"],"picked":"SKIP","floor":6},{"not_picked":["Wellcheers","WallGazer"],"picked":"Funeral","floor":8},{"not_picked":["RapturousDream"],"picked":"Hornet","floor":8},{"not_picked":["SpiderBud","RedShoes"],"picked":"BlueStar","floor":10},{"not_picked":["Soda","Horn"],"picked":"SKIP","floor":10},{"not_picked":["TodaysExpression","Beak"],"picked":"SKIP","floor":12},{"not_picked":["FeatherOfHonor","Horn"],"picked":"SKIP","floor":14},{"not_picked":["CrumblingArmor","PunishingBird"],"picked":"Scorched","floor":15},{"not_picked":["Soda"],"picked":"SomewhereSpear","floor":15}],"player_experience":150379,"relics_obtained":[{"floor":5,"key":"downfall:GremlinSack"},{"floor":6,"key":"LetterFromLob"}],"event_choices":[],"is_beta":false,"boss_relics":[],"items_purged_floors":[],"is_endless":false,"potions_floor_spawned":[4,8],"killed_by":"downfall:Defect","ascension_level":0}}