{"host":"qrt7o4dq2qslzw13","time":1608052920,"event":{"mods":["AchievementEnabler","BaseMod","Colored Map","Colored Powertips","Minty Spire (QoL Compilation)","Quick Restart","Rare Cards Sparkle","StSLib","SuperFastMode"],"gold_per_floor":[367,517,517,533,533,533,545,558,558,558,98,98,98,117,117,191,191,207,207,227,247,262,262,281,281,308,308,308,337,337,18,18,18,18],"floor_reached":33,"playtime":824,"items_purged":[],"score":510,"play_id":"7f6f16ec-2a1d-4514-bd33-0bfed7caed5b","local_time":"20201215122200","is_ascension_mode":true,"campfire_choices":[{"data":"Bash","floor":6.0,"key":"SMITH"},{"data":"Fiend Fire","floor":10.0,"key":"SMITH"},{"data":"Mayhem","floor":13.0,"key":"SMITH"},{"floor":15.0,"key":"REST"},{"floor":23.0,"key":"REST"},{"data":"Barricade","floor":27.0,"key":"SMITH"},{"floor":30.0,"key":"REST"},{"floor":32.0,"key":"REST"}],"circlet_count":0,"master_deck":["AscendersBane","Strike_R","Strike_R","Strike_R","Strike_R","Strike_R","Defend_R","Defend_R","Defend_R","Defend_R","Bash+1","Pommel Strike","Doubt","Fire Breathing+1","Anger","Fiend Fire+1","Feel No Pain","Battle Trance","Sever Soul","Mayhem+1","Flex","Fiend Fire","Writhe","Anger","Barricade+1","Decay","Anger","Spot Weakness","Secret Weapon"],"relics":["Burning Blood","Kunai","Toy Ornithopter","Busted Crown","Pen Nib","Centennial Puzzle","Strawberry"],"acts_visited":["Exordium","TheCity"],"potions_floor_usage":[33],"damage_taken":[{"damage":11.0,"enemies":"Small Slimes","floor":1.0,"turns":4.0},{"damage":4.0,"enemies":"Jaw Worm","floor":4.0,"turns":4.0},{"damage":3.0,"enemies":"2 Louse","floor":7.0,"turns":2.0},{"damage":20.0,"enemies":"Exordium Thugs","floor":8.0,"turns":5.0},{"damage":14.0,"enemies":"Large Slime","floor":14.0,"turns":4.0},{"damage":55.0,"enemies":"The Guardian","floor":16.0,"turns":9.0},{"damage":0.0,"enemies":"Chosen","floor":18.0,"turns":3.0},{"damage":22.0,"enemies":"2 Thieves","floor":20.0,"turns":4.0},{"damage":18.0,"enemies":"Centurion and Healer","floor":21.0,"turns":4.0},{"damage":39.0,"enemies":"Snake Plant","floor":22.0,"turns":4.0},{"damage":6.0,"enemies":"Chosen and Byrds","floor":24.0,"turns":4.0},{"damage":39.0,"enemies":"Slavers","floor":29.0,"turns":5.0},{"damage":73,"enemies":"Automaton","floor":33,"turns":8}],"seed_played":"5913789779570785015","potions_obtained":[{"floor":7.0,"key":"SpeedPotion"},{"floor":14.0,"key":"Regen Potion"},{"floor":16.0,"key":"PowerPotion"},{"floor":21.0,"key":"Fire Potion"},{"floor":22.0,"key":"Block Potion"},{"floor":24.0,"key":"DistilledChaos"}],"is_trial":false,"path_per_floor":["M","?","T","M","?","R","M","M","T","R","$","?","R","M","R","B",null,"M","?","M","M","M","R","M","?","T","R","?","E","R","$","R","B"],"character_chosen":"IRONCLAD","items_purchased":["Feel No Pain","Battle Trance","Sever Soul","Mayhem","Spot Weakness","Secret Weapon","Block Potion"],"campfire_rested":4,"item_purchase_floors":[11,11,11,11,31,31,31],"current_hp_per_floor":[63,63,63,65,65,65,68,54,54,54,54,54,54,46,66,22,57,63,63,52,40,12,32,37,51,51,51,51,30,52,52,74,6,6],"gold":18,"neow_bonus":"TWO_FIFTY_GOLD","is_daily":false,"chose_seed":false,"campfire_upgraded":4,"win_rate":0.0,"timestamp":1608052920,"path_taken":["M","?","?","M","?","R","M","?","T","R","$","?","R","M","R","BOSS","M","?","M","M","M","R","M","?","T","R","?","E","R","$","R","BOSS"],"items_purchased_type":["Card","Card","Card","Card","Card","Card","Potion"],"build_version":"2020-12-13","purchased_purges":0,"victory":false,"max_hp_per_floor":[68,68,68,68,68,68,68,68,68,68,68,68,68,68,68,68,68,68,68,68,68,68,68,68,68,68,68,68,75,75,75,75,75,75],"card_choices":[{"not_picked":["Warcry","Havoc"],"picked":"Pommel Strike","floor":1.0},{"not_picked":["Feel No Pain","Rampage"],"picked":"Fire Breathing","floor":4.0},{"not_picked":["Heavy Blade","Pummel"],"picked":"Anger","floor":7.0},{"not_picked":["Cleave","Bloodletting"],"picked":"Fiend Fire","floor":8.0},{"not_picked":["Heavy Blade","Twin Strike"],"picked":"Flex","floor":14.0},{"not_picked":["Impervious","Limit Break"],"picked":"Fiend Fire","floor":16.0},{"not_picked":["Heavy Blade+1"],"picked":"SKIP","floor":18.0},{"not_picked":["Havoc"],"picked":"SKIP","floor":20.0},{"not_picked":[],"picked":"Anger","floor":21.0},{"not_picked":["Sword Boomerang"],"picked":"SKIP","floor":22.0},{"not_picked":[],"picked":"Barricade","floor":24.0},{"not_picked":[],"picked":"Anger","floor":29.0}],"player_experience":453828,"relics_obtained":[{"floor":3.0,"key":"Kunai"},{"floor":9.0,"key":"Toy Ornithopter"},{"floor":26.0,"key":"Centennial Puzzle"},{"floor":29.0,"key":"Strawberry"}],"event_choices":[{"damage_healed":0.0,"max_hp_gain":0.0,"max_hp_loss":0.0,"gold_gain":150.0,"event_name":"Liars Game","player_choice":"AGREE","floor":2.0,"gold_loss":0.0,"damage_taken":0.0,"cards_obtained":["Doubt"]},{"damage_healed":0.0,"max_hp_gain":0.0,"max_hp_loss":0.0,"gold_gain":0.0,"event_name":"Upgrade Shrine","player_choice":"Upgraded","floor":5.0,"gold_loss":0.0,"damage_taken":0.0,"cards_upgraded":["Fire Breathing"]},{"damage_healed":0.0,"max_hp_gain":0.0,"max_hp_loss":0.0,"gold_gain":0.0,"event_name":"The Cleric","player_choice":"Leave","floor":12.0,"gold_loss":0.0,"damage_taken":0.0},{"damage_healed":0.0,"max_hp_gain":0.0,"max_hp_loss":0.0,"gold_gain":0.0,"event_name":"The Mausoleum","player_choice":"Opened","floor":19.0,"gold_loss":0.0,"damage_taken":0.0,"relics_obtained":["Pen Nib"],"cards_obtained":["Writhe"]},{"damage_healed":14.0,"max_hp_gain":0.0,"max_hp_loss":0.0,"gold_gain":0.0,"event_name":"The Library","player_choice":"Heal","floor":25.0,"gold_loss":0.0,"damage_taken":0.0},{"damage_healed":0.0,"max_hp_gain":0.0,"max_hp_loss":0.0,"gold_gain":0.0,"event_name":"Forgotten Altar","player_choice":"Smashed Altar","floor":28.0,"gold_loss":0.0,"damage_taken":0.0,"cards_obtained":["Decay"]}],"is_beta":false,"boss_relics":[{"not_picked":["Sozu","Snecko Eye"],"picked":"Busted Crown"}],"items_purged_floors":[],"is_endless":false,"potions_floor_spawned":[7,14,16,21,22,24],"killed_by":"Automaton","ascension_level":20}}