{"host":"0vd2boh2oi7jm085","time":1608027826,"event":{"mods":["BaseMod","Colored Map","Colored Powertips","Highlight Path","Minty Spire (QoL Compilation)","Quick Restart","StSLib","The IronCluck"],"gold_per_floor":[109,119,129,144,144,473,473,532,532,532,532,552,552,64,64,135,135,146,146,146,163,163,163,88,105,128,147,165,165,182,182,182,182,182],"floor_reached":33,"playtime":734,"items_purged":["Decay"],"score":457,"play_id":"35cf4a29-e913-4e37-a440-ac34d9b48593","local_time":"20201215022346","is_ascension_mode":true,"campfire_choices":[{"floor":7.0,"key":"REST"},{"floor":11.0,"key":"REST"},{"floor":15.0,"key":"REST"},{"floor":23.0,"key":"REST"},{"floor":32.0,"key":"REST"}],"circlet_count":0,"master_deck":["AscendersBane","Strike_R","Strike_R","Strike_R","Strike_R","Strike_R","Defend_R","Defend_R+1","Defend_R","Defend_R","Bash","Blood for Blood","Whirlwind","Inflame+1","Flex","Infernal Blade+1"],"relics":["Burning Blood","NeowsBlessing","Old Coin","Eternal Feather","Bird Faced Urn","Mercury Hourglass","Red Skull","Self Forming Clay","Fusion Hammer","MutagenicStrength","War Paint","Enchiridion"],"acts_visited":["Exordium","TheCity"],"potions_floor_usage":[33,33],"damage_taken":[{"damage":0.0,"enemies":"Small Slimes","floor":1.0,"turns":2.0},{"damage":0.0,"enemies":"Jaw Worm","floor":2.0,"turns":1.0},{"damage":2.0,"enemies":"2 Louse","floor":3.0,"turns":2.0},{"damage":24.0,"enemies":"Blue Slaver","floor":4.0,"turns":4.0},{"damage":36.0,"enemies":"Gremlin Nob","floor":6.0,"turns":5.0},{"damage":59.0,"enemies":"Lagavulin Event","floor":8.0,"turns":8.0},{"damage":13.0,"enemies":"Large Slime","floor":12.0,"turns":6.0},{"damage":58.0,"enemies":"The Guardian","floor":16.0,"turns":8.0},{"damage":36.0,"enemies":"Shell Parasite","floor":18.0,"turns":6.0},{"damage":6.0,"enemies":"Spheric Guardian","floor":21.0,"turns":3.0},{"damage":22.0,"enemies":"Cultist and Chosen","floor":25.0,"turns":5.0},{"damage":27.0,"enemies":"Snake Plant","floor":27.0,"turns":4.0},{"damage":8.0,"enemies":"Centurion and Healer","floor":28.0,"turns":4.0},{"damage":0.0,"enemies":"3 Cultists","floor":30.0,"turns":2.0},{"damage":29,"enemies":"Collector","floor":33,"turns":5}],"seed_played":"-8828504389781621887","potions_obtained":[{"floor":1.0,"key":"BloodPotion"},{"floor":8.0,"key":"Weak Potion"},{"floor":12.0,"key":"BlessingOfTheForge"},{"floor":16.0,"key":"BlessingOfTheForge"},{"floor":18.0,"key":"PowerPotion"}],"is_trial":false,"path_per_floor":["M","M","M","M","?","E","R","?","T","T","R","M","?","$","R","B",null,"M","$","?","M","?","R","$","M","T","M","M","?","M","?","R","B"],"character_chosen":"IRONCLAD","items_purchased":["Flex","Red Skull","Self Forming Clay"],"campfire_rested":5,"item_purchase_floors":[14,14,14],"current_hp_per_floor":[74,75,75,57,75,45,67,29,29,29,57,52,52,52,75,23,62,34,34,34,36,36,67,67,53,53,34,34,13,21,21,52,27,27],"gold":182,"neow_bonus":"THREE_ENEMY_KILL","is_daily":false,"chose_seed":false,"campfire_upgraded":0,"win_rate":0.0,"timestamp":1608027826,"path_taken":["M","M","M","M","?","E","R","?","T","?","R","M","?","$","R","BOSS","M","$","?","M","?","R","$","M","T","M","M","?","M","?","R","BOSS"],"items_purchased_type":["Card","Relic","Relic"],"build_version":"2020-12-13","purchased_purges":1,"victory":false,"max_hp_per_floor":[75,75,75,75,75,75,75,75,75,75,75,75,75,75,75,75,75,75,75,75,75,75,75,75,75,75,75,75,75,75,75,75,75,75],"card_choices":[{"not_picked":["Twin Strike","Clothesline"],"picked":"Blood for Blood","floor":1.0},{"not_picked":["Dual Wield","Feel No Pain","Dropkick"],"picked":"SKIP","floor":2.0},{"not_picked":["Flex","Burning Pact"],"picked":"Whirlwind","floor":3.0},{"not_picked":["Sentinel","Iron Wave"],"picked":"Inflame","floor":4.0},{"not_picked":["Intimidate","Hemokinesis","Rupture"],"picked":"SKIP","floor":6.0},{"not_picked":["Headbutt","Reckless Charge","Ghostly Armor"],"picked":"SKIP","floor":12.0},{"not_picked":["Sword Boomerang+1","Combust"],"picked":"Infernal Blade","floor":18.0},{"not_picked":["Rupture","Power Through","Clash"],"picked":"SKIP","floor":21.0},{"not_picked":["Havoc","Clothesline","Armaments"],"picked":"SKIP","floor":25.0},{"not_picked":["Iron Wave","Pommel Strike","Headbutt"],"picked":"SKIP","floor":27.0},{"not_picked":["Reckless Charge","Hemokinesis","Burning Pact"],"picked":"SKIP","floor":28.0},{"not_picked":["Bloodletting","Dark Embrace","Headbutt"],"picked":"SKIP","floor":30.0}],"player_experience":88090,"relics_obtained":[{"floor":6.0,"key":"Old Coin"},{"floor":8.0,"key":"Eternal Feather"},{"floor":9.0,"key":"Bird Faced Urn"},{"floor":10.0,"key":"Mercury Hourglass"},{"floor":26.0,"key":"War Paint"},{"floor":29.0,"key":"Enchiridion"}],"event_choices":[{"damage_healed":25.0,"max_hp_gain":0.0,"max_hp_loss":0.0,"gold_gain":0.0,"event_name":"Big Fish","player_choice":"Banana","floor":5.0,"gold_loss":0.0,"damage_taken":0.0},{"damage_healed":0.0,"max_hp_gain":0.0,"max_hp_loss":0.0,"gold_gain":0.0,"event_name":"Dead Adventurer","player_choice":"Searched \u00271\u0027 times","floor":8.0,"gold_loss":0.0,"damage_taken":0.0},{"damage_healed":0.0,"max_hp_gain":0.0,"max_hp_loss":0.0,"gold_gain":0.0,"event_name":"Living Wall","player_choice":"Grow","floor":13.0,"gold_loss":0.0,"damage_taken":0.0,"cards_upgraded":["Inflame"]},{"damage_healed":0.0,"max_hp_gain":0.0,"max_hp_loss":0.0,"gold_gain":0.0,"event_name":"Drug Dealer","player_choice":"Inject Mutagens","floor":20.0,"gold_loss":0.0,"damage_taken":0.0,"relics_obtained":["MutagenicStrength"]},{"damage_healed":0.0,"max_hp_gain":0.0,"max_hp_loss":0.0,"gold_gain":0.0,"event_name":"Forgotten Altar","player_choice":"Smashed Altar","floor":22.0,"gold_loss":0.0,"damage_taken":0.0,"cards_obtained":["Decay"]},{"damage_healed":0.0,"max_hp_gain":0.0,"max_hp_loss":0.0,"gold_gain":0.0,"event_name":"Cursed Tome","player_choice":"Obtained Book","floor":29.0,"gold_loss":0.0,"damage_taken":21.0},{"damage_healed":0.0,"max_hp_gain":0.0,"max_hp_loss":0.0,"gold_gain":0.0,"event_name":"FaceTrader","player_choice":"Leave","floor":31.0,"gold_loss":0.0,"damage_taken":0.0}],"is_beta":false,"boss_relics":[{"not_picked":["Snecko Eye","Mark of Pain"],"picked":"Fusion Hammer"}],"items_purged_floors":[24],"is_endless":false,"potions_floor_spawned":[1,8,12,16,18,25,28,30],"killed_by":"Collector","ascension_level":17}}