{"host":"diimjn7l8zzl9nqr","time":1608019965,"event":{"mods":["BaseMod","DeckTracker","Keyboard Shortcuts","Minty Spire (QoL Compilation)","Permanent Neow","Quick Restart","StSLib"],"gold_per_floor":[17,27,38,52,52,52,83,83,83,83,83],"floor_reached":10,"playtime":248,"items_purged":[],"score":75,"play_id":"97b3b319-68f0-4d85-bf37-0a47b02b2222","local_time":"20201215171245","is_ascension_mode":true,"campfire_choices":[{"data":"Limit Break","floor":6,"key":"SMITH"},{"floor":8,"key":"REST"}],"circlet_count":0,"master_deck":["Strike_R","Strike_R","Strike_R","Strike_R","Strike_R","Defend_R","Defend_R","Defend_R","Defend_R","Bash","Limit Break+1","Twin Strike","Flex","Cleave","Regret","Feed"],"relics":["Burning Blood","The Courier","Frozen Egg 2","Matryoshka"],"acts_visited":["Exordium"],"potions_floor_usage":[10],"damage_taken":[{"damage":6,"enemies":"Cultist","floor":1,"turns":4},{"damage":7,"enemies":"Small Slimes","floor":2,"turns":3},{"damage":6,"enemies":"Jaw Worm","floor":3,"turns":4},{"damage":11,"enemies":"2 Fungi Beasts","floor":4,"turns":4},{"damage":56,"enemies":"Gremlin Nob","floor":7,"turns":6},{"damage":40,"enemies":"Lagavulin","floor":10,"turns":6}],"seed_played":"4700970880468843954","potions_obtained":[{"floor":1,"key":"EssenceOfSteel"},{"floor":2,"key":"ElixirPotion"}],"is_trial":false,"path_per_floor":["M","M","M","M","?","R","E","R","T","E"],"character_chosen":"IRONCLAD","items_purchased":[],"campfire_rested":1,"item_purchase_floors":[],"current_hp_per_floor":[80,79,79,74,74,74,24,48,48,8,8],"gold":83,"neow_bonus":"THREE_RARE_CARDS","is_daily":false,"chose_seed":false,"campfire_upgraded":1,"win_rate":0.0,"timestamp":1608019965,"path_taken":["M","M","M","M","?","R","E","R","T","E"],"items_purchased_type":[],"build_version":"2020-12-13","purchased_purges":0,"victory":false,"max_hp_per_floor":[80,80,80,80,80,80,80,80,80,80,80],"card_choices":[{"not_picked":["Corruption","Double Tap"],"picked":"Limit Break","floor":0},{"not_picked":["Fire Breathing","Sword Boomerang"],"picked":"Twin Strike","floor":1},{"not_picked":["Havoc","Anger"],"picked":"Flex","floor":2},{"not_picked":["Searing Blow","Pommel Strike","Anger"],"picked":"SKIP","floor":3},{"not_picked":["Thunderclap","Perfected Strike"],"picked":"Cleave","floor":4},{"not_picked":["Reckless Charge","Flex"],"picked":"Feed","floor":7}],"player_experience":88519,"relics_obtained":[{"floor":7,"key":"Frozen Egg 2"},{"floor":9,"key":"Matryoshka"}],"event_choices":[{"damage_healed":0,"gold_gain":0,"player_choice":"Box","damage_taken":0,"relics_obtained":["The Courier"],"max_hp_gain":0,"max_hp_loss":0,"event_name":"Big Fish","floor":5,"gold_loss":0,"cards_obtained":["Regret"]}],"is_beta":false,"boss_relics":[],"items_purged_floors":[],"is_endless":false,"potions_floor_spawned":[1,2],"killed_by":"Lagavulin","ascension_level":2}}