{"host":"my93eiszsr4rk5tq","time":1608071665,"event":{"mods":["2.2 Compatiblity","AchievementEnabler","BaseMod","Better Altar","Better Match","Better Note","Better Sensory Stone","Better Skull","Better Third Choice","Colored Powertips","Infinite Spire","Minty Spire (QoL Compilation)","Rare Cards Sparkle","Replay The Spire","Shop Mod","Spicy Shops","StSLib","The Jungle"],"gold_per_floor":[112,50,50,50,325,325,343,343,343,360,360,34,53,73,73,177,177,188,188,188,202,5,5,21,21,47,22,32,32,42,42,42],"floor_reached":31,"playtime":3184,"items_purged":[],"score":275,"play_id":"2591e3c0-b98b-4612-8e68-654e90afa8b0","local_time":"20201216113425","is_ascension_mode":false,"campfire_choices":[{"data":"infinitespire:DeathsTouch","floor":6.0,"key":"SMITH"},{"data":"Deadly Poison","floor":8.0,"key":"SMITH"},{"data":"Deadly Poison","floor":11.0,"key":"SMITH"},{"floor":15.0,"key":"REST"},{"floor":23.0,"key":"REST"}],"circlet_count":0,"master_deck":["Strike_G","Strike_G","Strike_G","Strike_G","Defend_G","Defend_G","Defend_G","Defend_G","Survivor","Neutralize","Caltrops","Decay","infinitespire:DeathsTouch+1","Deadly Poison+1","Deadly Poison+1","Poisoned Stab","Escape Plan","Crippling Poison","Envenom+1","Riddle With Holes+1","Noxious Fumes+1","Deflect+1","Deflect","PiercingWail+1","Panache","Dagger Throw+1","Noxious Fumes","Writhe","Dagger Throw","Deadly Poison","infinitespire:Neurotoxin"],"relics":["Ring of the Snake","NeowsBlessing","TwistedFunnel","Ring of Fangs","ReplayTheSpireMod:Ring of Exchange","Question Card","Chemical X","Dream Catcher","Astrolabe","Shovel","ReplayTheSpireMod:TigerMarble"],"acts_visited":["Exordium","theJungle:Jungle"],"potions_floor_usage":[31,31,31],"damage_taken":[{"damage":0.0,"enemies":"Jaw Worm","floor":1.0,"turns":1.0},{"damage":0.0,"enemies":"Small Slimes","floor":7.0,"turns":1.0},{"damage":0.0,"enemies":"Cultist","floor":10.0,"turns":1.0},{"damage":6.0,"enemies":"2 Fungi Beasts","floor":13.0,"turns":2.0},{"damage":12.0,"enemies":"Blue Slaver","floor":14.0,"turns":2.0},{"damage":7.0,"enemies":"Slime Boss","floor":16.0,"turns":5.0},{"damage":29.0,"enemies":"theJungle:5_Spyders","floor":18.0,"turns":7.0},{"damage":19.0,"enemies":"theJungle:MUSHROOMGANG","floor":21.0,"turns":4.0},{"damage":19.0,"enemies":"theJungle:SlimyTreeVines","floor":24.0,"turns":5.0},{"damage":0.0,"enemies":"theJungle:2_Snecko_Cultists","floor":28.0,"turns":2.0},{"damage":26.0,"enemies":"theJungle:Lyon","floor":30.0,"turns":4.0},{"damage":14,"enemies":"theJungle:Cassacara","floor":31,"turns":5}],"seed_played":"-3704488717916231975","potions_obtained":[{"floor":1.0,"key":"LifebloodPotion"},{"floor":14.0,"key":"ColorlessPotion"},{"floor":16.0,"key":"Adrenaline Potion"}],"is_trial":false,"path_per_floor":["M","$","?","?","?","R","M","R","T","M","R","$","M","M","R","B",null,"M","?","?","M","$","R","M","?","T","$","M","?","M","E"],"character_chosen":"THE_SILENT","items_purchased":["TwistedFunnel","Chemical X","Dream Catcher","Poisoned Stab","Panache","Dagger Throw"],"campfire_rested":2,"item_purchase_floors":[2,12,12,12,22,27],"current_hp_per_floor":[70,70,70,53,53,53,53,53,53,53,53,53,47,35,56,49,70,41,41,41,22,22,43,30,30,30,30,30,30,4,0,0],"gold":42,"neow_bonus":"THREE_ENEMY_KILL","is_daily":false,"chose_seed":false,"campfire_upgraded":3,"win_rate":0.0,"timestamp":1608071665,"path_taken":["M","$","?","?","?","R","?","R","T","M","R","$","M","M","R","BOSS","M","?","?","M","$","R","?","?","T","?","M","?","M","E"],"items_purchased_type":["Relic","Relic","Relic","Card","Card","Card"],"build_version":"2020-12-13","purchased_purges":0,"victory":false,"max_hp_per_floor":[70,70,70,70,70,70,70,70,70,70,70,70,70,70,70,70,70,70,70,70,70,70,70,70,70,70,70,70,70,70,70,70],"card_choices":[{"not_picked":["Predator","Outmaneuver"],"picked":"Caltrops","floor":1.0},{"not_picked":["ReplayTheSpireMod:Echoes of Time","infinitespire:NeuralNetwork"],"picked":"infinitespire:DeathsTouch","floor":4.0},{"not_picked":["Deflect","Heel Hook"],"picked":"Deadly Poison","floor":7.0},{"not_picked":["Flying Knee","Backflip","Malaise"],"picked":"Deadly Poison","floor":10.0},{"not_picked":["Dagger Throw","Dodge and Roll","Flying Knee"],"picked":"Escape Plan","floor":13.0},{"not_picked":["Dash","Deflect","Outmaneuver"],"picked":"Quick Slash","floor":14.0},{"not_picked":["Infinite Blades","Flying Knee","Outmaneuver"],"picked":"Crippling Poison","floor":15.0},{"not_picked":["ReplayTheSpireMod:Necrosis","Night Terror","Burst"],"picked":"Envenom","floor":16.0},{"not_picked":["Underhanded Strike","Slice","Quick Slash"],"picked":"Deflect","floor":18.0},{"not_picked":["Backflip","Quick Slash+1","Prepared+1"],"picked":"PiercingWail+1","floor":21.0},{"not_picked":["Flechettes","Quick Slash","Hidden Blade+1"],"picked":"Dagger Throw+1","floor":23.0},{"not_picked":["Poisoned Stab","Acrobatics","Deadly Poison"],"picked":"Noxious Fumes","floor":24.0},{"not_picked":["Dagger Throw+1","Choke","Prepared"],"picked":"Deadly Poison","floor":28.0},{"not_picked":["Toxin Wave+1","Replay:Poison Smokescreen","Fluid Movement+1"],"picked":"infinitespire:Neurotoxin","floor":30.0}],"player_experience":21019,"relics_obtained":[{"floor":3.0,"key":"Ring of Fangs"},{"floor":3.0,"key":"ReplayTheSpireMod:Ring of Exchange"},{"floor":9.0,"key":"Question Card"},{"floor":26.0,"key":"ReplayTheSpireMod:TigerMarble"}],"event_choices":[{"damage_healed":0.0,"max_hp_gain":0.0,"max_hp_loss":0.0,"gold_gain":275.0,"event_name":"Golden Shrine","player_choice":"Desecrate","floor":5.0,"gold_loss":0.0,"damage_taken":0.0,"cards_obtained":["Regret"]},{"cards_removed":["Deflect"],"damage_healed":0.0,"max_hp_gain":0.0,"max_hp_loss":0.0,"gold_gain":0.0,"event_name":"betterNote:BetterNote","player_choice":"Give","floor":19.0,"gold_loss":0.0,"damage_taken":0.0,"cards_obtained":["Regret"]},{"cards_removed":["Regret"],"damage_healed":0.0,"max_hp_gain":0.0,"max_hp_loss":0.0,"gold_gain":0.0,"event_name":"Purifier","player_choice":"Purged","floor":20.0,"gold_loss":0.0,"damage_taken":0.0},{"damage_healed":0.0,"max_hp_gain":0.0,"max_hp_loss":0.0,"gold_gain":0.0,"event_name":"Upgrade Shrine","player_choice":"Upgraded","floor":29.0,"gold_loss":0.0,"damage_taken":0.0,"cards_upgraded":["Envenom"]}],"is_beta":false,"boss_relics":[{"not_picked":["ReplayTheSpireMod:CursedCoin","Fusion Hammer"],"picked":"Astrolabe"}],"items_purged_floors":[],"is_endless":false,"potions_floor_spawned":[1,14,16,21,24],"killed_by":"theJungle:Cassacara","ascension_level":0}}