{"host":"1p8eqzpvl5sxeu5t","time":1608020541,"event":{"mods":["BaseMod","Bestiary","Block Reminder","Colored Map","Colored Powertips","Downfall","Highlight Path","Minty Spire (QoL Compilation)","Relic Stats","StSLib","The IronCluck","Waifu the Spire","everything is the same but u backflip on backflip","slay the spire mod where everything is the same but ironclad has a cowboy hat"],"gold_per_floor":[99,99,549,574,597,447,447,472,472,505,525,545,563,577,595,691,691,616,632,665,128,139,24,74,102,102,102,37,51,64,64,79,183,183,183,215,238,238,238],"floor_reached":38,"playtime":2291,"items_purged":["Slimebound:Icky","Slimebound:Icky"],"score":586,"play_id":"b8c24620-6e75-4466-a2c4-1f1f38568a00","local_time":"20201215162221","is_ascension_mode":true,"campfire_choices":[{"floor":1,"key":"RECALL"},{"data":"champ:Taunt","floor":6,"key":"SMITH"},{"data":"champ:TornadoPunch","floor":9,"key":"SMITH"},{"data":"champ:DefensiveStyle","floor":18,"key":"SMITH"},{"data":"champ:AdrenalArmor","floor":27,"key":"SMITH"},{"data":"champ:PerfectForm","floor":35,"key":"SMITH"}],"circlet_count":0,"master_deck":["champ:Strike","champ:Defend","champ:Defend","champ:Defend","champ:Execute","champ:Taunt+1","champ:ShieldWall","champ:TornadoPunch+1","champ:Lariat","champ:GutPunch","champ:TornadoPunch","champ:Shatter","champ:DefensiveStyle+1","champ:BringItOn","champ:CheapShot","champ:ShieldThrow","champ:Improvising+1","champ:IronFortress+1","champ:CheapShot+1","champ:DefensiveShout+1","champ:CalledShot","champ:Lariat+1","champ:AdrenalArmor+1","champ:DeathBlow","champ:CrookedStrike","champ:PerfectedStrike","champ:SteelEdge","champ:Circumvent","champ:StanceDance","champ:PerfectForm+1","champ:Circumvent+1"],"relics":["champ:ChampionCrown","downfall:HeartsMalice","Pear","downfall:HeartBlessingRed","downfall:HeartBlessingBlue","Potion Belt","Tiny Chest","StoneCalendar","Astrolabe","downfall:HeartBlessingGreen","Ancient Tea Set","Meat on the Bone","Happy Flower","Oddly Smooth Stone","Singing Bowl","Empty Cage","Bottled Lightning","Juzu Bracelet"],"acts_visited":["Exordium","TheCity","TheBeyond"],"potions_floor_usage":[10,16,16,25],"damage_taken":[{"damage":0,"enemies":"Cultist","floor":2,"turns":1},{"damage":0,"enemies":"3 Sentries","floor":4,"turns":1},{"damage":0,"enemies":"Lagavulin","floor":8,"turns":1},{"damage":41,"enemies":"Gremlin Nob","floor":10,"turns":5},{"damage":0,"enemies":"Jaw Worm","floor":11,"turns":3},{"damage":5,"enemies":"2 Louse","floor":12,"turns":3},{"damage":21,"enemies":"Blue Slaver","floor":13,"turns":4},{"damage":16,"enemies":"Exordium Wildlife","floor":14,"turns":5},{"damage":3,"enemies":"Large Slime","floor":15,"turns":3},{"damage":36,"enemies":"downfall:Ironclad","floor":16,"turns":8},{"damage":11,"enemies":"Spheric Guardian","floor":19,"turns":4},{"damage":30,"enemies":"Book of Stabbing","floor":20,"turns":7},{"damage":11,"enemies":"downfall:FleeingMerchant","floor":21,"turns":5},{"damage":15,"enemies":"Shell Parasite","floor":22,"turns":5},{"damage":28,"enemies":"downfall:FleeingMerchant","floor":23,"turns":6},{"damage":60,"enemies":"Gremlin Leader","floor":25,"turns":8},{"damage":22,"enemies":"downfall:FleeingMerchant","floor":28,"turns":6},{"damage":0,"enemies":"Snake Plant","floor":29,"turns":2},{"damage":9,"enemies":"Centurion and Healer","floor":30,"turns":4},{"damage":35,"enemies":"3 Cultists","floor":32,"turns":4},{"damage":49,"enemies":"downfall:Watcher","floor":33,"turns":7},{"damage":44,"enemies":"Nemesis","floor":36,"turns":7},{"damage":105,"enemies":"Giant Head","floor":38,"turns":12}],"seed_played":"-8566953230030525554","potions_obtained":[{"floor":4,"key":"Swift Potion"},{"floor":8,"key":"Fruit Juice"},{"floor":14,"key":"Fire Potion"},{"floor":15,"key":"PowerPotion"},{"floor":16,"key":"sneckomod:MuddlingPotion"},{"floor":19,"key":"SpeedPotion"},{"floor":20,"key":"champ:UltimateStancePotion"},{"floor":25,"key":"SpeedPotion"},{"floor":30,"key":"BlessingOfTheForge"},{"floor":33,"key":"EssenceOfSteel"}],"is_trial":false,"path_per_floor":["R","M","?","E","T","R","T","E","R","E","M","M","M","M","M","B",null,"R","M","E","$","M","$","T","E","?","R","$","M","M","?","M","B",null,"R","E","T","E"],"character_chosen":"THE_CHAMP","items_purchased":["Meat on the Bone","champ:AdrenalArmor","Happy Flower","champ:PerfectedStrike"],"campfire_rested":0,"item_purchase_floors":[21,21,21,28],"current_hp_per_floor":[90,90,90,100,100,110,110,110,110,74,79,79,63,50,50,23,110,110,99,74,74,68,74,74,60,60,60,74,74,73,73,72,79,112,112,73,73,0,0],"gold":238,"neow_bonus":"THREE_ENEMY_KILL","is_daily":false,"chose_seed":false,"campfire_upgraded":5,"win_rate":0.0,"timestamp":1608020541,"path_taken":["R","M","?","E","?","R","T","E","R","E","M","M","M","M","M","BOSS","R","M","E","$","M","$","T","E","?","R","$","M","?","?","M","BOSS","R","E","?","E"],"items_purchased_type":["Relic","Card","Relic","Card"],"build_version":"2020-12-13","purchased_purges":2,"victory":false,"max_hp_per_floor":[90,90,90,100,100,110,110,110,110,110,110,110,110,110,110,110,110,110,110,110,110,110,110,110,110,110,110,112,112,112,112,112,112,112,112,112,112,112,112],"relic_stats":{"Happy Flower":[20],"Singing Bowl":2,"counters":[23,108],"Astrolabe":["champ:Improvising","champ:IronFortress","champ:CheapShot"],"Tiny Chest":1,"StoneCalendar":[284],"Juzu Bracelet":0,"obtain_stats":[{"Potion Belt":7,"Pear":4,"downfall:HeartBlessingRed":6,"Happy Flower":21,"Singing Bowl":25,"Astrolabe":17,"Oddly Smooth Stone":24,"champ:ChampionCrown":0,"downfall:HeartsMalice":0,"StoneCalendar":10,"downfall:HeartBlessingGreen":18,"Juzu Bracelet":37,"Ancient Tea Set":20,"Empty Cage":34,"downfall:HeartBlessingBlue":6,"Tiny Chest":8,"Bottled Lightning":36,"Meat on the Bone":21},{"Potion Belt":2,"Pear":2,"downfall:HeartBlessingRed":2,"Happy Flower":13,"Singing Bowl":16,"Astrolabe":10,"Oddly Smooth Stone":15,"champ:ChampionCrown":0,"downfall:HeartsMalice":0,"StoneCalendar":4,"downfall:HeartBlessingGreen":10,"Juzu Bracelet":22,"Ancient Tea Set":12,"Empty Cage":21,"downfall:HeartBlessingBlue":2,"Tiny Chest":3,"Bottled Lightning":22,"Meat on the Bone":13},{"Potion Belt":0,"Pear":0,"downfall:HeartBlessingRed":0,"Happy Flower":47,"Singing Bowl":66,"Astrolabe":31,"Oddly Smooth Stone":58,"champ:ChampionCrown":0,"downfall:HeartsMalice":0,"StoneCalendar":5,"downfall:HeartBlessingGreen":31,"Juzu Bracelet":96,"Ancient Tea Set":42,"Empty Cage":89,"downfall:HeartBlessingBlue":0,"Tiny Chest":0,"Bottled Lightning":96,"Meat on the Bone":47}],"Meat on the Bone":60},"card_choices":[{"not_picked":["champ:FocusedBerserking","champ:FalseCounter"],"picked":"champ:ShieldWall","floor":2},{"not_picked":["champ:FlashCut","champ:BladeFlurry"],"picked":"champ:TornadoPunch","floor":4},{"not_picked":["champ:Haymaker","champ:FlashCut"],"picked":"champ:Lariat","floor":8},{"not_picked":["champ:PerfectedStrike","champ:FocusedDefense"],"picked":"champ:GutPunch","floor":10},{"not_picked":["champ:GutPunch","champ:EnragedBash"],"picked":"champ:TornadoPunch","floor":11},{"not_picked":["champ:DefensiveShout","champ:TornadoPunch"],"picked":"champ:Shatter","floor":12},{"not_picked":["champ:FanOfKnives","champ:Aggression"],"picked":"champ:DefensiveStyle","floor":13},{"not_picked":["champ:DeathBlow","champ:Aggression"],"picked":"champ:BringItOn","floor":14},{"not_picked":["champ:DefensiveShout","champ:BringItOn"],"picked":"champ:CheapShot","floor":15},{"not_picked":["champ:Improvising","champ:CheapShot"],"picked":"champ:ShieldThrow","floor":16},{"not_picked":["champ:Haymaker","champ:DefensiveStyle+1"],"picked":"champ:DefensiveShout+1","floor":19},{"not_picked":["champ:BringItOn+1","champ:FanOfKnives"],"picked":"champ:CalledShot","floor":20},{"not_picked":["champ:Haymaker","champ:Duel"],"picked":"champ:Lariat","floor":21},{"not_picked":["champ:AdrenalArmor","champ:TornadoPunch","champ:HeartStrike+1"],"picked":"SKIP","floor":22},{"not_picked":["champ:FalseCounter+1","champ:Backstep"],"picked":"champ:DeathBlow","floor":23},{"not_picked":["champ:FlashCut","champ:FanOfKnives"],"picked":"champ:CrookedStrike","floor":25},{"not_picked":["champ:FlashCut","champ:GladiatorsShout","champ:Encircle"],"picked":"Singing Bowl","floor":28},{"not_picked":["champ:StanceDance","champ:DefensiveShout"],"picked":"champ:SteelEdge","floor":29},{"not_picked":["champ:BringItOn","champ:GutPunch"],"picked":"champ:Circumvent","floor":30},{"not_picked":["champ:Circumvent","champ:FightOn"],"picked":"champ:StanceDance","floor":32},{"not_picked":["champ:IgnorePain","champ:DancingMaster"],"picked":"champ:PerfectForm","floor":33},{"not_picked":["champ:Devastate","champ:Duel"],"picked":"champ:Circumvent+1","floor":36}],"player_experience":806334,"relics_obtained":[{"floor":4,"key":"Pear"},{"floor":7,"key":"Potion Belt"},{"floor":8,"key":"Tiny Chest"},{"floor":10,"key":"StoneCalendar"},{"floor":20,"key":"Ancient Tea Set"},{"floor":24,"key":"Oddly Smooth Stone"},{"floor":25,"key":"Singing Bowl"},{"floor":36,"key":"Bottled Lightning"},{"floor":37,"key":"Juzu Bracelet"}],"event_choices":[{"damage_healed":0,"gold_gain":0,"player_choice":"Upgraded","damage_taken":0,"max_hp_gain":0,"max_hp_loss":0,"event_name":"Upgrade Shrine","floor":26,"gold_loss":0,"cards_upgraded":["champ:Lariat"]}],"is_beta":false,"boss_relics":[{"not_picked":["Sozu","Runic Dome"],"picked":"Astrolabe"},{"not_picked":["Pandora\u0027s Box","Tiny House"],"picked":"Empty Cage"}],"items_purged_floors":[21,23],"is_endless":false,"potions_floor_spawned":[4,8,14,15,16,19,20,25,30,33],"killed_by":"Giant Head","ascension_level":1}}