{"host":"6febr6iklru1ag3j","time":1608007413,"event":{"mods":["BaseMod","DeckTracker","Hermit","Hubris","Minty Spire (QoL Compilation)","Replay The Spire","Shop Mod","StSLib","The Cursed","The Jungle"],"gold_per_floor":[113,127,127,17,32,32,62,80,104,115,115,134,146,146,146,246,246,256,270,270,270],"floor_reached":20,"playtime":809,"items_purged":[],"score":228,"play_id":"2a7c410d-5281-4b31-9c18-3ce7eafab976","local_time":"20201214234333","is_ascension_mode":false,"campfire_choices":[{"floor":6.0,"key":"RECALL"},{"floor":11,"key":"REST"},{"data":"hermit:EternalForm","floor":15,"key":"SMITH"}],"circlet_count":0,"master_deck":["hermit:Strike_Hermit","hermit:Strike_Hermit","hermit:Strike_Hermit","hermit:Strike_Hermit","hermit:Defend_Hermit","hermit:Defend_Hermit","hermit:Defend_Hermit","hermit:Defend_Hermit","hermit:Snapshot","hermit:Covet","hermit:Quickdraw","hermit:Quickdraw","hermit:Headshot","hermit:BigShot","hermit:CalledShot","hermit:CalledShot","hermit:Deadeye","hermit:TakeAim","hermit:Headshot","hermit:Dive","hermit:EternalForm+1","hermit:GhostlyPresence+1"],"relics":["hubris:HollowSoul","Bronze Scales","PreservedInsect","Black Star"],"acts_visited":["Exordium","TheCity"],"potions_floor_usage":[],"damage_taken":[{"damage":1.0,"enemies":"Jaw Worm","floor":1.0,"turns":3.0},{"damage":5.0,"enemies":"Small Slimes","floor":2.0,"turns":3.0},{"damage":0.0,"enemies":"Cultist","floor":5.0,"turns":3.0},{"damage":26.0,"enemies":"3 Sentries","floor":7.0,"turns":7.0},{"damage":9,"enemies":"Looter","floor":8,"turns":3},{"damage":9,"enemies":"Blue Slaver","floor":10,"turns":2},{"damage":0,"enemies":"2 Fungi Beasts","floor":12,"turns":2},{"damage":3,"enemies":"Lots of Slimes","floor":13,"turns":2},{"damage":0,"enemies":"Slime Boss","floor":16,"turns":6},{"damage":19,"enemies":"Shell Parasite","floor":18,"turns":4},{"damage":19,"enemies":"2 Thieves","floor":19,"turns":4},{"damage":15,"enemies":"Shelled Parasite and Fungi","floor":20,"turns":4}],"seed_played":"2593042269944413258","potions_obtained":[{"floor":2.0,"key":"SmokeBomb"},{"floor":5.0,"key":"LiquidBronze"},{"floor":10,"key":"Energy Potion"},{"floor":18,"key":"hermit:Tonic"}],"is_trial":false,"path_per_floor":["M","M","?","$","M","R","E","M","T","M","R","M","M","?","R","B",null,"M","M","M"],"character_chosen":"HERMIT","items_purchased":["hermit:BigShot","hermit:CalledShot"],"campfire_rested":1,"item_purchase_floors":[4,4],"current_hp_per_floor":[74,69,69,69,69,69,43,34,34,25,47,47,44,75,75,75,75,56,37,22,22],"gold":270,"neow_bonus":"BOSS_RELIC","is_daily":false,"chose_seed":false,"campfire_upgraded":1,"win_rate":0.0,"timestamp":1608007413,"path_taken":["M","M","?","$","M","R","E","M","T","M","R","M","M","?","R","BOSS","M","?","M"],"items_purchased_type":["Card","Card"],"build_version":"2020-12-13","purchased_purges":0,"victory":false,"max_hp_per_floor":[75,75,75,75,75,75,75,75,75,75,75,75,75,75,75,75,75,75,75,75,75],"card_choices":[{"not_picked":["hermit:BodyArmor","hermit:Vantage"],"picked":"hermit:Quickdraw","floor":1.0},{"not_picked":["hermit:DeadMansHand","hermit:Quickdraw","hermit:TakeAim"],"picked":"SKIP","floor":2.0},{"not_picked":["hermit:DeadMansHand","hermit:TakeAim"],"picked":"hermit:Quickdraw","floor":2.0},{"not_picked":["hermit:Enervate","hermit:LowProfile"],"picked":"hermit:Deadeye","floor":5.0},{"not_picked":["hermit:Spite","hermit:RoundhouseKick"],"picked":"hermit:TakeAim","floor":7.0},{"not_picked":["hermit:SprayPray","hermit:GoldenBullet"],"picked":"hermit:Headshot","floor":8},{"not_picked":["hermit:LowProfile","hermit:SprayPray"],"picked":"hermit:Dive","floor":10},{"not_picked":["hermit:LowProfile","hermit:HoleUp"],"picked":"hermit:EternalForm","floor":12},{"not_picked":["hermit:GoldenBullet","hermit:Desperado","hermit:Combo"],"picked":"SKIP","floor":13},{"not_picked":["hermit:CursedWeapon","hermit:BodyArmor","hermit:Desperado"],"picked":"SKIP","floor":18},{"not_picked":["hermit:Feint+1","hermit:Manifest"],"picked":"hermit:GhostlyPresence+1","floor":19}],"player_experience":364462,"relics_obtained":[{"floor":7.0,"key":"Bronze Scales"},{"floor":9,"key":"PreservedInsect"}],"event_choices":[{"damage_healed":31,"gold_gain":0,"player_choice":"Full Heal","damage_taken":0,"max_hp_gain":0,"max_hp_loss":0,"event_name":"Wheel of Change","floor":14,"gold_loss":0}],"is_beta":false,"boss_relics":[{"not_picked":["hubris:VirtuousBlindfold","Busted Crown"],"picked":"Black Star"}],"items_purged_floors":[],"is_endless":false,"potions_floor_spawned":[2,5,10,12,18],"killed_by":"Shelled Parasite and Fungi","ascension_level":0}}