{"host":"qfskrnw3pl1q86j0","time":1608066888,"event":{"mods":["BaseMod","Block Reminder","Hermit","Marisa????????","Minty Spire (QoL Compilation)","Quick Restart","Random Character Button","StSLib","The Poker Player","slay the spire mod where everything is the same but ironclad has a cowboy hat"],"gold_per_floor":[118,136,203,1,76,76,106,106,106,132,142,161,180,192,192,289,289,308,65,75,75,90,119,119,119,119,166,166,192,192,291,291,392,392,405,454,464,481,481,481,494,494,544,544,544,554,585,595,595,595],"floor_reached":51,"playtime":2037,"items_purged":["Strike_MRS"],"score":850,"play_id":"ecc1693a-9274-4145-816d-d3079d0e137f","local_time":"20201215221448","is_ascension_mode":false,"campfire_choices":[{"data":"MasterSpark","floor":6.0,"key":"SMITH"},{"data":"GrandCross","floor":8.0,"key":"SMITH"},{"data":"MilkyWay","floor":15.0,"key":"SMITH"},{"data":"GrandCross","floor":24.0,"key":"SMITH"},{"data":"Singularity","floor":30.0,"key":"SMITH"},{"data":"SprinkleStarSeal","floor":32.0,"key":"SMITH"},{"data":"OortCloud","floor":40.0,"key":"SMITH"},{"floor":42.0,"key":"REST"},{"data":"LuminesStrike","floor":49.0,"key":"SMITH"}],"circlet_count":0,"master_deck":["Strike_MRS+1","Strike_MRS+1","Strike_MRS+1","Defend_MRS+1","Defend_MRS+1","Defend_MRS+1","Defend_MRS+1","MasterSpark+1","UpSweep","GrandCross+1","SprinkleStarSeal+1","Singularity+1","AsteroidBelt+1","NonDirectionalLaser","LuminesStrike+1","MilkyWay+1","PowerUp+1","SporeBomb+1","BlazeAway+1","MilkyWay+1","GrandCross+1","GalacticHalo+1","MilkyWay+1","OortCloud+1","MilkyWay+1","Parasite"],"relics":["MiniHakkero","TungstenRod","Bag of Preparation","Matryoshka","Lizard Tail","Runic Dome","Toxic Egg 2","Pear","Bottled Tornado","PreservedInsect","HandmadeGrimoire","War Paint","Strawberry","Pen Nib","Black Star","CatCart","Smiling Mask","Regal Pillow","Nunchaku"],"acts_visited":["Exordium","TheCity","TheBeyond"],"potions_floor_usage":[50,50,50],"damage_taken":[{"damage":0.0,"enemies":"Jaw Worm","floor":1.0,"turns":4.0},{"damage":0.0,"enemies":"2 Louse","floor":2.0,"turns":2.0},{"damage":3.0,"enemies":"Gremlin Nob","floor":7.0,"turns":5.0},{"damage":12.0,"enemies":"3 Sentries","floor":10.0,"turns":6.0},{"damage":4.0,"enemies":"Small Slimes","floor":11.0,"turns":4.0},{"damage":2.0,"enemies":"2 Fungi Beasts","floor":12.0,"turns":4.0},{"damage":3.0,"enemies":"Blue Slaver","floor":13.0,"turns":3.0},{"damage":4.0,"enemies":"3 Louse","floor":14.0,"turns":3.0},{"damage":3.0,"enemies":"Hexaghost","floor":16.0,"turns":7.0},{"damage":2.0,"enemies":"3 Byrds","floor":18.0,"turns":4.0},{"damage":1.0,"enemies":"Chosen","floor":20.0,"turns":4.0},{"damage":4.0,"enemies":"3 Cultists","floor":22.0,"turns":4.0},{"damage":15.0,"enemies":"Gremlin Leader","floor":23.0,"turns":3.0},{"damage":0.0,"enemies":"Slavers","floor":29.0,"turns":2.0},{"damage":80.0,"enemies":"Collector","floor":33.0,"turns":8.0},{"damage":0.0,"enemies":"3 Darklings","floor":35.0,"turns":3.0},{"damage":60.0,"enemies":"Orin","floor":36.0,"turns":11.0},{"damage":0.0,"enemies":"Orb Walker","floor":37.0,"turns":1.0},{"damage":0.0,"enemies":"3 Darklings","floor":38.0,"turns":4.0},{"damage":3.0,"enemies":"Spire Growth","floor":41.0,"turns":3.0},{"damage":4.0,"enemies":"Transient","floor":46.0,"turns":5.0},{"damage":3.0,"enemies":"Nemesis","floor":47.0,"turns":3.0},{"damage":0.0,"enemies":"Writhing Mass","floor":48.0,"turns":5.0},{"damage":33,"enemies":"Donu and Deca","floor":50,"turns":10}],"seed_played":"-1390147784239545137","potions_obtained":[{"floor":11.0,"key":"BlessingOfTheForge"},{"floor":13.0,"key":"DistilledChaos"},{"floor":16.0,"key":"Weak Potion"},{"floor":20.0,"key":"BottledSpark"},{"floor":22.0,"key":"ColorlessPotion"},{"floor":29.0,"key":"Fire Potion"},{"floor":36.0,"key":"Fire Potion"},{"floor":38.0,"key":"StarNLove"},{"floor":47.0,"key":"PowerPotion"}],"is_trial":false,"path_per_floor":["M","M","?","$","?","R","E","R","T","E","M","M","M","M","R","B",null,"M","$","M","?","M","E","R","?","T","T","?","E","R","?","R","B",null,"M","?","M","M","?","R","M","R","T","?","?","M","E","M","R","B",null],"character_chosen":"MARISA","items_purchased":["Singularity","AsteroidBelt","Toxic Egg 2"],"campfire_rested":1,"item_purchase_floors":[4,4,19],"current_hp_per_floor":[54,54,54,54,44,44,41,41,41,29,25,23,20,16,16,13,75,73,73,72,82,78,63,63,63,63,70,92,92,92,92,92,12,92,92,32,32,32,32,32,29,56,56,56,56,52,49,49,49,16],"gold":595,"neow_bonus":"ONE_RARE_RELIC","is_daily":false,"chose_seed":false,"campfire_upgraded":8,"win_rate":0.0,"timestamp":1608066888,"path_taken":["M","M","?","$","?","R","E","R","T","E","M","M","M","M","R","BOSS","M","$","M","?","M","E","R","?","T","?","?","E","R","?","R","BOSS","M","?","M","M","?","R","?","R","T","?","?","M","E","?","R","BOSS"],"items_purchased_type":["Card","Card","Relic"],"build_version":"2020-12-13","purchased_purges":1,"victory":true,"max_hp_per_floor":[75,75,75,75,75,75,75,75,75,75,75,75,75,75,75,75,75,75,75,75,85,85,85,85,85,85,92,92,92,92,92,92,92,92,92,92,92,92,92,92,92,92,92,87,87,87,87,87,87,87],"card_choices":[{"not_picked":["NonDirectionalLaser","WitchLeyline"],"picked":"GrandCross","floor":1.0},{"not_picked":["MysteriousBeam","EventHorizon"],"picked":"SprinkleStarSeal","floor":2.0},{"not_picked":["MysteriousBeam","BlazingStar"],"picked":"NonDirectionalLaser","floor":7.0},{"not_picked":["StarlightTyphoon","MeteoricShower"],"picked":"LuminesStrike","floor":10.0},{"not_picked":["Acceleration","MeteoricShower"],"picked":"MilkyWay","floor":11.0},{"not_picked":["DoubleSpark","ShootingEcho","GravityBeat"],"picked":"SKIP","floor":12.0},{"not_picked":["DC","WitchOfGreed"],"picked":"PowerUp","floor":13.0},{"not_picked":["MaximisePower","Robbery","WitchLeyline"],"picked":"SKIP","floor":14.0},{"not_picked":["WitchOfGreed","NonDirectionalLaser"],"picked":"SporeBomb+1","floor":18.0},{"not_picked":["DC","ManaConvection+1"],"picked":"BlazeAway+1","floor":20.0},{"not_picked":["NonDirectionalLaser","AsteroidBelt+1"],"picked":"MilkyWay+1","floor":22.0},{"not_picked":["RefractionSpark","LuminesStrike"],"picked":"GrandCross","floor":23.0},{"not_picked":["CollectingQuirk","UnstableBomb"],"picked":"GalacticHalo+1","floor":29.0},{"not_picked":["Acceleration+1","FairyDestructionRay"],"picked":"MilkyWay+1","floor":35.0},{"not_picked":["Singularity","DragonMeteor+1"],"picked":"OortCloud","floor":37.0},{"not_picked":["DarkSpark+1","GalacticHalo+1"],"picked":"MilkyWay+1","floor":38.0},{"not_picked":["DeepEcoloBomb+1","SporeBomb+1","EventHorizon"],"picked":"SKIP","floor":41.0},{"not_picked":["WitchOfGreed+1","UnstableBomb","MysteriousBeam"],"picked":"SKIP","floor":46.0},{"not_picked":["MagicAbsorber+1","MilkyWay+1","AbsoluteMagnitude"],"picked":"SKIP","floor":47.0},{"not_picked":["DeepEcoloBomb+1","MachineGunSpark+1","WitchLeyline"],"picked":"SKIP","floor":48.0}],"player_experience":841970,"relics_obtained":[{"floor":7.0,"key":"Bag of Preparation"},{"floor":9.0,"key":"Matryoshka"},{"floor":10.0,"key":"Lizard Tail"},{"floor":23.0,"key":"Bottled Tornado"},{"floor":26.0,"key":"PreservedInsect"},{"floor":26.0,"key":"HandmadeGrimoire"},{"floor":27.0,"key":"War Paint"},{"floor":27.0,"key":"Strawberry"},{"floor":29.0,"key":"Pen Nib"},{"floor":36.0,"key":"CatCart"},{"floor":43.0,"key":"Smiling Mask"},{"floor":47.0,"key":"Regal Pillow"},{"floor":47.0,"key":"Nunchaku"}],"event_choices":[{"damage_healed":0.0,"max_hp_gain":0.0,"max_hp_loss":0.0,"gold_gain":67.0,"event_name":"Golden Wing","player_choice":"Gained Gold","floor":3.0,"gold_loss":0.0,"damage_taken":0.0},{"damage_healed":0.0,"max_hp_gain":0.0,"max_hp_loss":0.0,"gold_gain":75.0,"event_name":"World of Goop","player_choice":"Gather Gold","floor":5.0,"gold_loss":0.0,"damage_taken":11.0},{"damage_healed":0.0,"max_hp_gain":0.0,"max_hp_loss":0.0,"gold_gain":0.0,"event_name":"The Mausoleum","player_choice":"Opened","floor":21.0,"gold_loss":0.0,"damage_taken":0.0,"relics_obtained":["Pear"]},{"damage_healed":0.0,"max_hp_gain":0.0,"max_hp_loss":0.0,"gold_gain":0.0,"event_name":"Back to Basics","player_choice":"Simplicity","floor":25.0,"gold_loss":0.0,"damage_taken":0.0,"cards_upgraded":["Strike_MRS","Strike_MRS","Strike_MRS","Defend_MRS","Defend_MRS","Defend_MRS","Defend_MRS"]},{"damage_healed":30.0,"max_hp_gain":0.0,"max_hp_loss":0.0,"gold_gain":0.0,"event_name":"The Library","player_choice":"Heal","floor":28.0,"gold_loss":0.0,"damage_taken":0.0},{"damage_healed":0.0,"max_hp_gain":0.0,"max_hp_loss":0.0,"gold_gain":99.0,"event_name":"Nest","player_choice":"Stole From Cult","floor":31.0,"gold_loss":0.0,"damage_taken":0.0},{"damage_healed":0.0,"max_hp_gain":0.0,"max_hp_loss":0.0,"gold_gain":0.0,"event_name":"OrinTheCat","player_choice":"Fight","floor":36.0,"gold_loss":0.0,"damage_taken":0.0},{"damage_healed":0.0,"max_hp_gain":0.0,"max_hp_loss":0.0,"gold_gain":0.0,"event_name":"Tomb of Lord Red Mask","player_choice":"Ignored","floor":39.0,"gold_loss":0.0,"damage_taken":0.0},{"damage_healed":0.0,"max_hp_gain":0.0,"max_hp_loss":5.0,"gold_gain":0.0,"event_name":"Winding Halls","player_choice":"Max HP","floor":44.0,"gold_loss":0.0,"damage_taken":0.0},{"damage_healed":0.0,"max_hp_gain":0.0,"max_hp_loss":0.0,"gold_gain":0.0,"event_name":"Match and Keep!","player_choice":"0 cards matched","floor":45.0,"gold_loss":0.0,"damage_taken":0.0,"cards_obtained":[]}],"is_beta":false,"boss_relics":[{"not_picked":["Velvet Choker","Runic Pyramid"],"picked":"Runic Dome"},{"not_picked":["Calling Bell","Astrolabe"],"picked":"Black Star"}],"items_purged_floors":[4],"is_endless":false,"potions_floor_spawned":[11,13,16,20,22,29,36,38,47],"ascension_level":0}}