{"host":"4jkxfxw6g7t9vgog","time":1608035020,"event":{"mods":["BaseMod","Colored Map","Minty Spire (QoL Compilation)"],"gold_per_floor":[115,127,147,36,48,66,86,113,113,113,113,128,128,8,8,108,158,171,171,171,21,35,66,66,66,89,121,121,136,136,148,148,248,248,259,259,259,104,117,117,128,146,197,197,197],"floor_reached":44,"playtime":2709,"items_purged":["Defend_B"],"score":498,"play_id":"a1611790-92f4-49c2-9b47-74d9e342d1ea","local_time":"20201215152340","is_ascension_mode":true,"campfire_choices":[{"floor":11,"key":"REST"},{"data":"Defragment","floor":13,"key":"SMITH"},{"data":"Buffer","floor":15,"key":"SMITH"},{"floor":24,"key":"REST"},{"floor":28,"key":"REST"},{"data":"Fission","floor":30,"key":"SMITH"},{"floor":32,"key":"REST"},{"floor":40,"key":"REST"}],"circlet_count":0,"master_deck":["Strike_B+1","Strike_B","Strike_B","Zap","Dualcast","Conserve Battery+1","Defragment+1","Capacitor","Melter+1","Double Energy","Hologram","Ball Lightning","Buffer+1","Consume","Conserve Battery","Multi-Cast","Reinforced Body","Sunder","Steam","Hyperbeam","Lockon","Sweeping Beam+1","Lockon","Fission+1","BootSequence","Buffer","Coolheaded+1","Master of Strategy","Loop","Darkness+1","Defragment","Ball Lightning"],"relics":["Cracked Core","Potion Belt","Mango","Tiny House","Strange Spoon","Peace Pipe","Bronze Scales","Gambling Chip","SlaversCollar","DataDisk"],"acts_visited":["Exordium","TheCity","TheBeyond"],"potions_floor_usage":[8,12,23,23,29,33],"damage_taken":[{"damage":9,"enemies":"Small Slimes","floor":1,"turns":5},{"damage":4,"enemies":"Jaw Worm","floor":2,"turns":3},{"damage":5,"enemies":"2 Louse","floor":3,"turns":2},{"damage":2,"enemies":"Blue Slaver","floor":5,"turns":4},{"damage":1,"enemies":"2 Fungi Beasts","floor":6,"turns":3},{"damage":23,"enemies":"Large Slime","floor":7,"turns":7},{"damage":10,"enemies":"Lagavulin","floor":8,"turns":8},{"damage":5,"enemies":"Exordium Thugs","floor":12,"turns":4},{"damage":20,"enemies":"Slime Boss","floor":16,"turns":9},{"damage":28,"enemies":"2 Thieves","floor":18,"turns":4},{"damage":3,"enemies":"Chosen","floor":22,"turns":5},{"damage":49,"enemies":"Book of Stabbing","floor":23,"turns":6},{"damage":36,"enemies":"Slavers","floor":27,"turns":6},{"damage":19,"enemies":"Sentry and Sphere","floor":29,"turns":4},{"damage":6,"enemies":"Cultist and Chosen","floor":31,"turns":6},{"damage":24,"enemies":"Automaton","floor":33,"turns":10},{"damage":21,"enemies":"3 Shapes","floor":35,"turns":5},{"damage":52,"enemies":"3 Darklings","floor":39,"turns":6},{"damage":8,"enemies":"Spire Growth","floor":41,"turns":6},{"damage":26,"enemies":"Jaw Worm Horde","floor":42,"turns":4},{"damage":22,"enemies":"3 Darklings","floor":44,"turns":3}],"seed_played":"-6732549857544893454","potions_obtained":[{"floor":3,"key":"Strength Potion"},{"floor":6,"key":"BlessingOfTheForge"},{"floor":8,"key":"Block Potion"},{"floor":17,"key":"GamblersBrew"},{"floor":22,"key":"Dexterity Potion"},{"floor":29,"key":"EssenceOfSteel"},{"floor":42,"key":"CultistPotion"}],"is_trial":false,"path_per_floor":["M","M","M","$","M","M","M","E","T","?","R","M","R","$","R","B",null,"M","?","?","$","M","E","R","?","T","E","R","M","R","M","R","B",null,"M","?","T","$","M","R","M","M","T","M"],"character_chosen":"DEFECT","items_purchased":["Capacitor","Melter","Consume","Conserve Battery","Strange Spoon","Loop"],"campfire_rested":5,"item_purchase_floors":[4,4,14,14,21,38],"current_hp_per_floor":[66,62,57,57,55,54,31,21,35,17,43,38,38,38,38,18,94,66,66,66,66,63,14,42,42,42,6,34,15,15,9,37,13,94,73,73,73,73,21,49,41,15,15,0,0],"gold":197,"neow_bonus":"REMOVE_CARD","is_daily":false,"chose_seed":false,"campfire_upgraded":3,"win_rate":0.0,"timestamp":1608035020,"path_taken":["M","M","M","$","M","M","M","E","T","?","R","M","R","$","R","BOSS","M","?","?","?","M","E","R","?","T","E","R","M","R","M","R","BOSS","M","?","?","$","?","R","M","M","T","?"],"items_purchased_type":["Card","Card","Card","Card","Relic","Card"],"build_version":"2020-12-13","purchased_purges":1,"victory":false,"max_hp_per_floor":[75,75,75,75,75,75,75,75,89,89,89,89,89,89,89,89,94,94,94,94,94,94,94,94,94,94,94,94,94,94,94,94,94,94,94,94,94,94,94,94,94,94,94,94,94],"card_choices":[{"not_picked":["Turbo","Cold Snap"],"picked":"Conserve Battery","floor":1},{"not_picked":["Recycle","Stack","Heatsinks"],"picked":"SKIP","floor":2},{"not_picked":["Self Repair","Gash"],"picked":"Defragment","floor":3},{"not_picked":["Cold Snap","Aggregate"],"picked":"Double Energy","floor":5},{"not_picked":["Turbo","Compile Driver","Gash"],"picked":"SKIP","floor":6},{"not_picked":["Compile Driver","Turbo"],"picked":"Hologram","floor":7},{"not_picked":["BootSequence","Hologram"],"picked":"Ball Lightning","floor":8},{"not_picked":["Gash","Coolheaded"],"picked":"Buffer","floor":12},{"not_picked":["Amplify","Rainbow"],"picked":"Multi-Cast","floor":16},{"not_picked":["Skim","Scrape"],"picked":"Reinforced Body","floor":17},{"not_picked":["Scrape","Ball Lightning"],"picked":"Sunder","floor":18},{"not_picked":["Cold Snap+1","Melter"],"picked":"Sweeping Beam+1","floor":22},{"not_picked":["Leap","Static Discharge"],"picked":"Lockon","floor":23},{"not_picked":["Doom and Gloom","Cold Snap"],"picked":"Fission","floor":27},{"not_picked":["Recycle+1","Genetic Algorithm","Coolheaded"],"picked":"SKIP","floor":29},{"not_picked":["Sweeping Beam","Streamline+1"],"picked":"BootSequence","floor":31},{"not_picked":["Hyperbeam","Fission"],"picked":"Buffer","floor":33},{"not_picked":["Stack","Redo"],"picked":"Coolheaded+1","floor":35},{"not_picked":["Dark Shackles","Transmutation"],"picked":"Master of Strategy","floor":36},{"not_picked":["Turbo+1","Conserve Battery"],"picked":"Darkness+1","floor":39},{"not_picked":["Rebound+1","Turbo+1"],"picked":"Defragment","floor":41},{"not_picked":["Hologram","Turbo"],"picked":"Ball Lightning","floor":42}],"player_experience":291768,"relics_obtained":[{"floor":8,"key":"Potion Belt"},{"floor":9,"key":"Mango"},{"floor":23,"key":"Peace Pipe"},{"floor":26,"key":"Bronze Scales"},{"floor":27,"key":"Gambling Chip"},{"floor":43,"key":"DataDisk"}],"event_choices":[{"damage_healed":0,"gold_gain":0,"player_choice":"Entered Light","damage_taken":18,"max_hp_gain":0,"max_hp_loss":0,"event_name":"Shining Light","floor":10,"gold_loss":0,"cards_upgraded":["Melter","Strike_B"]},{"damage_healed":0,"gold_gain":0,"cards_transformed":["Defend_B","Defend_B"],"player_choice":"Became Test Subject","damage_taken":0,"max_hp_gain":0,"max_hp_loss":0,"event_name":"Drug Dealer","floor":19,"gold_loss":0,"cards_obtained":["Steam","Hyperbeam"]},{"damage_healed":0,"gold_gain":0,"player_choice":"Read","damage_taken":0,"max_hp_gain":0,"max_hp_loss":0,"event_name":"The Library","floor":20,"gold_loss":0,"cards_obtained":["Lockon"]},{"cards_removed":["Defend_B"],"damage_healed":0,"gold_gain":0,"player_choice":"Elegance","damage_taken":0,"max_hp_gain":0,"max_hp_loss":0,"event_name":"Back to Basics","floor":25,"gold_loss":0},{"damage_healed":0,"gold_gain":0,"player_choice":"Memory 1","damage_taken":0,"max_hp_gain":0,"max_hp_loss":0,"event_name":"SensoryStone","floor":36,"gold_loss":0}],"is_beta":false,"boss_relics":[{"not_picked":["Nuclear Battery","Coffee Dripper"],"picked":"Tiny House"},{"not_picked":["Runic Dome","Philosopher\u0027s Stone"],"picked":"SlaversCollar"}],"items_purged_floors":[38],"is_endless":false,"potions_floor_spawned":[3,6,8,22,29,42],"killed_by":"3 Darklings","ascension_level":1}}