{"host":"684z1xpuwaoqmmh1","time":1608036441,"event":{"mods":["Bard","BaseMod","Downfall","Hermit","Jorbs\u0027s Wanderer Trilogy","Marisa????????","Minty Spire (QoL Compilation)","StSLib","The Hierophant","The Mystic","The Runesmith"],"gold_per_floor":[367,384,398,398,398,441,455,2,28,28,28,67,67,108,108,228,228,247,265,265,190,218,297,297,297,297,325,325,391,157,231,231,231,231],"floor_reached":33,"playtime":1535,"items_purged":["hermit:Strike_Hermit"],"score":450,"play_id":"176c616c-26fd-4feb-a64d-f27f23dbd9c8","local_time":"20201215144721","is_ascension_mode":true,"campfire_choices":[{"data":"hermit:FlashPowder","floor":10,"key":"SMITH"},{"data":"hermit:EyeOfTheStorm","floor":13,"key":"SMITH"},{"data":"hermit:FromBeyond","floor":15,"key":"SMITH"},{"data":"hermit:DeadOrAlive","floor":24,"key":"SMITH"},{"data":"hermit:FromBeyond","floor":32,"key":"SMITH"}],"circlet_count":0,"master_deck":["hermit:Strike_Hermit+1","hermit:Strike_Hermit","hermit:Defend_Hermit","hermit:Defend_Hermit","hermit:Defend_Hermit+1","hermit:Defend_Hermit","hermit:Snapshot","hermit:Covet","Clumsy","hermit:Enervate","hermit:PistolWhip","hermit:Misfire","Injury","hermit:FlashPowder+1","hermit:EyeOfTheStorm+1","hermit:FromBeyond+1","hermit:RoundhouseKick","hermit:Spite+1","hermit:DeadOrAlive+1","hermit:Manifest","hermit:GhostlyPresence","hermit:ShadowCloak","hermit:FromBeyond+1","hermit:BodyArmor","hermit:Scavenge"],"relics":["hermit:Momento","Golden Idol","Omamori","Lee\u0027s Waffle","Thread and Needle","Boot","Runesmith:AutoHammer","Toy Ornithopter","Cursed Key","StoneCalendar","Necronomicon","Shuriken","InkBottle","Eternal Feather"],"acts_visited":["Exordium","TheCity"],"potions_floor_usage":[6,22,23,23,31],"damage_taken":[{"damage":7,"enemies":"Jaw Worm","floor":1,"turns":4},{"damage":5,"enemies":"2 Louse","floor":2,"turns":2},{"damage":3,"enemies":"Small Slimes","floor":3,"turns":2},{"damage":34,"enemies":"3 Sentries","floor":6,"turns":10},{"damage":0,"enemies":"Blue Slaver","floor":7,"turns":3},{"damage":11,"enemies":"Lagavulin","floor":12,"turns":6},{"damage":14,"enemies":"3 Sentries","floor":14,"turns":8},{"damage":21,"enemies":"Hexaghost","floor":16,"turns":9},{"damage":0,"enemies":"Shell Parasite","floor":18,"turns":4},{"damage":0,"enemies":"Chosen","floor":19,"turns":3},{"damage":16,"enemies":"Snake Plant","floor":22,"turns":4},{"damage":7,"enemies":"Slavers","floor":23,"turns":5},{"damage":0,"enemies":"Chosen and Byrds","floor":27,"turns":5},{"damage":0,"enemies":"Gremlin Leader","floor":29,"turns":5},{"damage":28,"enemies":"Book of Stabbing","floor":31,"turns":7},{"damage":41,"enemies":"Collector","floor":33,"turns":6}],"seed_played":"6134695885966142409","potions_obtained":[{"floor":3,"key":"SteroidPotion"},{"floor":6,"key":"Fire Potion"},{"floor":12,"key":"sneckomod:MuddlingPotion"},{"floor":14,"key":"Slimebound:ThreeZeroPotion"},{"floor":27,"key":"Weak Potion"},{"floor":31,"key":"BlessingOfTheForge"}],"is_trial":false,"path_per_floor":["M","M","M","?","?","E","M","$","T","R","?","E","R","E","R","B",null,"M","M","?","$","M","E","R","?","T","M","?","E","$","E","R","B"],"character_chosen":"HERMIT","items_purchased":["Lee\u0027s Waffle","Thread and Needle","hermit:ShadowCloak","hermit:FromBeyond","hermit:BodyArmor"],"campfire_rested":0,"item_purchase_floors":[8,8,30,30,30],"current_hp_per_floor":[61,56,53,53,38,4,4,82,82,82,75,64,64,50,50,29,69,69,69,69,69,58,61,61,45,45,45,45,45,45,22,37,0,0],"gold":231,"neow_bonus":"TWO_FIFTY_GOLD","is_daily":false,"chose_seed":false,"campfire_upgraded":5,"win_rate":0.0,"timestamp":1608036441,"path_taken":["M","M","M","?","?","E","M","$","T","R","?","E","R","E","R","BOSS","M","M","?","$","M","E","R","?","T","M","?","E","?","E","R","BOSS"],"items_purchased_type":["Relic","Relic","Card","Card","Card"],"build_version":"2020-12-13","purchased_purges":1,"victory":false,"max_hp_per_floor":[75,75,75,75,75,75,75,82,82,82,82,82,82,82,82,82,82,82,82,82,82,82,82,82,82,82,82,82,82,82,82,82,82,82],"card_choices":[{"not_picked":["hermit:Ricochet","hermit:Manifest"],"picked":"hermit:Enervate","floor":1},{"not_picked":["hermit:Ricochet","hermit:Virtue"],"picked":"hermit:PistolWhip","floor":2},{"not_picked":["hermit:SprayPray","hermit:Headshot"],"picked":"hermit:Misfire","floor":3},{"not_picked":["hermit:PistolWhip","hermit:Snipe"],"picked":"hermit:FlashPowder","floor":6},{"not_picked":["hermit:SprayPray","hermit:Maintenance"],"picked":"hermit:EyeOfTheStorm","floor":7},{"not_picked":["hermit:NoHoldsBarred","hermit:BodyArmor","hermit:Virtue"],"picked":"SKIP","floor":12},{"not_picked":["hermit:TrackingShot","hermit:HighNoon"],"picked":"hermit:FromBeyond","floor":14},{"not_picked":["hermit:HeroicBravado","hermit:HighNoon"],"picked":"hermit:RoundhouseKick","floor":16},{"not_picked":["hermit:Ricochet","hermit:HoleUp","hermit:ItchyTrigger"],"picked":"SKIP","floor":18},{"not_picked":["hermit:TrackingShot+1","hermit:Coalescence+1"],"picked":"hermit:Spite+1","floor":19},{"not_picked":["hermit:Desperado","hermit:ItchyTrigger"],"picked":"hermit:Manifest","floor":22},{"not_picked":["hermit:EternalForm","hermit:Virtue","hermit:Glare"],"picked":"SKIP","floor":23},{"not_picked":["hermit:Roulette","hermit:Desperado","hermit:Coalescence"],"picked":"SKIP","floor":27},{"not_picked":["hermit:Horror","hermit:Snipe"],"picked":"hermit:GhostlyPresence","floor":29},{"not_picked":["hermit:Dive","hermit:Deadeye+1"],"picked":"hermit:Scavenge","floor":31}],"player_experience":2308133,"relics_obtained":[{"floor":6,"key":"Omamori"},{"floor":9,"key":"Boot"},{"floor":12,"key":"Runesmith:AutoHammer"},{"floor":14,"key":"Toy Ornithopter"},{"floor":23,"key":"StoneCalendar"},{"floor":25,"key":"Necronomicon"},{"floor":26,"key":"Shuriken"},{"floor":29,"key":"InkBottle"},{"floor":31,"key":"Eternal Feather"}],"event_choices":[{"damage_healed":0,"gold_gain":0,"player_choice":"Take Wound","damage_taken":0,"relics_obtained":["Golden Idol"],"max_hp_gain":0,"max_hp_loss":0,"event_name":"Golden Idol","floor":4,"gold_loss":0,"cards_obtained":["Injury"]},{"damage_healed":0,"gold_gain":0,"player_choice":"Entered Light","damage_taken":15,"max_hp_gain":0,"max_hp_loss":0,"event_name":"Shining Light","floor":5,"gold_loss":0,"cards_upgraded":["hermit:Defend_Hermit","hermit:Strike_Hermit"]},{"cards_removed":["hermit:Strike_Hermit"],"damage_healed":0,"gold_gain":0,"player_choice":"Card Removal","damage_taken":7,"max_hp_gain":0,"max_hp_loss":0,"event_name":"Golden Wing","floor":11,"gold_loss":0},{"damage_healed":0,"gold_gain":0,"player_choice":"Read","damage_taken":0,"max_hp_gain":0,"max_hp_loss":0,"event_name":"The Library","floor":20,"gold_loss":0,"cards_obtained":["hermit:DeadOrAlive"]},{"damage_healed":0,"gold_gain":0,"player_choice":"Obtained Book","damage_taken":16,"max_hp_gain":0,"max_hp_loss":0,"event_name":"Cursed Tome","floor":25,"gold_loss":0},{"damage_healed":0,"gold_gain":0,"player_choice":"Ignored","damage_taken":0,"max_hp_gain":0,"max_hp_loss":0,"event_name":"Vampires","floor":28,"gold_loss":0}],"is_beta":false,"boss_relics":[{"not_picked":["Busted Crown","Calling Bell"],"picked":"Cursed Key"}],"items_purged_floors":[21],"is_endless":false,"potions_floor_spawned":[3,6,12,14,19,27,31],"killed_by":"Collector","ascension_level":6}}