{"host":"yvlk1m4foro8gl4v","time":1608057174,"event":{"mods":["AchievementEnabler","Act Like it!","BaseMod","Minty Spire (QoL Compilation)","Relic Stats","StSLib","The Servant 0.9.4","Uncapped","Wandering Minibosses"],"gold_per_floor":[209,221,6,6,6,6,40,40,40,40,51,51,64,79,79,183,183,194,17,17,17,17,17,17,48,103,103,103,31,62,62,62,166,166,181,196,246,246,246,280,280,314,340,372,391,404,414,430,430,430,430,430,254,279,279],"floor_reached":56,"playtime":7364,"items_purged":["Strike_S","Regret","Strike_S+1"],"score":1496,"play_id":"bb882d47-f643-4d69-b674-e60162b1de4d","local_time":"20201215183254","is_ascension_mode":true,"campfire_choices":[{"data":"Sunlight","floor":6,"key":"SMITH"},{"floor":8,"key":"REST"},{"data":"Moondial","floor":10,"key":"SMITH"},{"data":"KidneyShot","floor":12,"key":"SMITH"},{"data":"SpecialFormula","floor":15,"key":"SMITH"},{"data":"SurpressingFire","floor":23,"key":"SMITH"},{"floor":32,"key":"REST"},{"floor":41,"key":"RECALL"},{"data":"MurderousAura","floor":49,"key":"SMITH"},{"floor":52,"key":"DIG"}],"circlet_count":0,"master_deck":["Defend_S+1","Defend_S+1","Defend_S+1","Defend_S+1","KidneyShot+1","Exchange","BottledTime","Sunlight+1","Dilation","Moondial+1","SpecialFormula+1","ShiftingGears","Spin+1","GearUp+1","SurpressingFire+1","Moonlight","Advance","MurderousAura+1","Luminosity+1","Parasite","Misdirection"],"relics":["Uniform","Dream Catcher","Bronze Scales","Mummified Hand","Calipers","Cursed Key","Potion Belt","Centennial Puzzle","Juzu Bracelet","Mercury Hourglass","Empty Cage","Shovel","Orichalcum","Lantern","Anchor","Eternal Feather","Strawberry"],"acts_visited":["Exordium","TheCity","TheBeyond","TheEnding"],"potions_floor_usage":[25,33,54,54,55,55,55,55,55,55,55],"damage_taken":[{"damage":7,"enemies":"Small Slimes","floor":1,"turns":3},{"damage":0,"enemies":"Cultist","floor":2,"turns":3},{"damage":24,"enemies":"Gremlin Nob","floor":7,"turns":3},{"damage":9,"enemies":"Jaw Worm","floor":11,"turns":3},{"damage":8,"enemies":"3 Louse","floor":13,"turns":1},{"damage":1,"enemies":"2 Fungi Beasts","floor":14,"turns":2},{"damage":24,"enemies":"Hexaghost","floor":16,"turns":8},{"damage":0,"enemies":"3 Byrds","floor":18,"turns":2},{"damage":18,"enemies":"Slavers","floor":25,"turns":3},{"damage":0,"enemies":"Gremlin Leader","floor":30,"turns":4},{"damage":75,"enemies":"Champ","floor":33,"turns":18},{"damage":19,"enemies":"3 Darklings","floor":35,"turns":6},{"damage":0,"enemies":"Orb Walker","floor":36,"turns":3},{"damage":0,"enemies":"Mind Bloom Boss Battle","floor":37,"turns":7},{"damage":0,"enemies":"Reptomancer","floor":40,"turns":5},{"damage":23,"enemies":"Giant Head","floor":42,"turns":11},{"damage":0,"enemies":"Reptomancer","floor":44,"turns":5},{"damage":1,"enemies":"3 Darklings","floor":45,"turns":3},{"damage":0,"enemies":"Jaw Worm Horde","floor":46,"turns":2},{"damage":3,"enemies":"Maw","floor":47,"turns":6},{"damage":0,"enemies":"3 Darklings","floor":48,"turns":4},{"damage":30,"enemies":"Time Eater","floor":50,"turns":15},{"damage":24,"enemies":"Shield and Spear","floor":54,"turns":9},{"damage":47,"enemies":"The Heart","floor":55,"turns":12}],"seed_played":"8752441669355487803","potions_obtained":[{"floor":2,"key":"EssenceOfSteel"},{"floor":7,"key":"Fruit Juice"},{"floor":11,"key":"BlessingOfTheForge"},{"floor":16,"key":"LiquidMemories"},{"floor":33,"key":"Energy Potion"},{"floor":35,"key":"PowerPotion"},{"floor":37,"key":"EntropicBrew"},{"floor":40,"key":"Fire Potion"}],"is_trial":false,"path_per_floor":["M","M","$","?","?","R","E","R","T","R","M","R","M","M","R","B",null,"M","$","?","?","?","R","?","E","T","?","?","$","E","$","R","B",null,"M","M","?","?","?","E","R","E","T","E","M","M","M","M","R","B",null,"R","$","E","B",null],"character_chosen":"THE_SERVANT","items_purchased":["Dilation","SurpressingFire","Advance","Block Potion"],"campfire_rested":2,"item_purchase_floors":[3,19,29,53],"current_hp_per_floor":[58,58,58,58,58,58,34,53,53,53,44,44,41,40,40,24,65,65,65,65,54,54,54,54,36,36,36,36,36,44,44,65,3,75,56,56,64,64,64,72,72,49,49,57,64,72,75,75,75,53,75,75,75,66,27],"gold":279,"neow_bonus":"HUNDRED_GOLD","is_daily":false,"chose_seed":false,"campfire_upgraded":6,"win_rate":0.0,"timestamp":1608057174,"path_taken":["M","M","$","?","?","R","E","R","T","R","?","R","M","M","R","BOSS","M","$","?","?","?","R","?","E","T","?","?","$","E","?","R","BOSS","M","M","?","?","?","E","R","E","T","E","M","M","M","M","R","BOSS","R","$","E","BOSS"],"items_purchased_type":["Card","Card","Card","Potion"],"build_version":"2020-12-13","purchased_purges":3,"victory":true,"max_hp_per_floor":[65,65,65,65,65,65,65,65,65,65,65,65,65,65,65,65,65,65,65,65,70,70,70,70,70,70,70,70,70,70,70,70,75,75,75,75,75,75,75,75,75,75,75,75,75,75,75,75,75,75,75,75,75,82,82],"relic_stats":{"Dream Catcher":2,"Centennial Puzzle":[24],"Shovel":1,"counters":[24,138],"Mummified Hand":[38],"Bronze Scales":[508],"Eternal Feather":0,"Juzu Bracelet":1,"Orichalcum":[24],"Cursed Key":2,"obtain_stats":[{"Potion Belt":22,"Lantern":42,"Calipers":9,"Eternal Feather":52,"Uniform":0,"Juzu Bracelet":26,"Orichalcum":40,"Cursed Key":17,"Empty Cage":34,"Mercury Hourglass":30,"Dream Catcher":4,"Centennial Puzzle":25,"Anchor":44,"Shovel":37,"Mummified Hand":7,"Bronze Scales":5,"Strawberry":54},{"Potion Belt":8,"Lantern":16,"Calipers":3,"Eternal Feather":22,"Uniform":0,"Juzu Bracelet":9,"Orichalcum":15,"Cursed Key":7,"Empty Cage":11,"Mercury Hourglass":10,"Dream Catcher":2,"Centennial Puzzle":9,"Anchor":17,"Shovel":14,"Mummified Hand":3,"Bronze Scales":2,"Strawberry":23},{"Potion Belt":25,"Lantern":82,"Calipers":9,"Eternal Feather":117,"Uniform":0,"Juzu Bracelet":28,"Orichalcum":71,"Cursed Key":23,"Empty Cage":50,"Mercury Hourglass":32,"Dream Catcher":6,"Centennial Puzzle":28,"Anchor":87,"Shovel":66,"Mummified Hand":9,"Bronze Scales":6,"Strawberry":126}],"Mercury Hourglass":[369]},"card_choices":[{"not_picked":["FastForward","Starlight"],"picked":"BottledTime","floor":1},{"not_picked":["ShatteredReality","Contraction"],"picked":"Sunlight","floor":2},{"not_picked":["DualDimension","Alleviate"],"picked":"Moondial","floor":7},{"not_picked":["Unruled","Advance"],"picked":"SpecialFormula","floor":8},{"not_picked":["Sabotage","Rearm"],"picked":"ShiftingGears","floor":11},{"not_picked":["Defy","Replace"],"picked":"Spin","floor":13},{"not_picked":["Advance","TimeTheft","FanOfKnives"],"picked":"SKIP","floor":14},{"not_picked":["Gouge","BottledTime"],"picked":"GearUp+1","floor":18},{"not_picked":["Rewind","Deadline","DoubleEdge"],"picked":"SKIP","floor":25},{"not_picked":["Unruled","KillingDoll","Foresight+1"],"picked":"SKIP","floor":30},{"not_picked":["SoulSculpture","TheWorld"],"picked":"MurderousAura","floor":33},{"not_picked":["DoubleEdge","RealityMarble+1","ShatteredReality+1"],"picked":"SKIP","floor":35},{"not_picked":["Starlight","StarChef+1","Hightail+1"],"picked":"SKIP","floor":36},{"not_picked":["ShiftingGears","Solidify","Rewind+1"],"picked":"SKIP","floor":40},{"not_picked":["Rearm+1","Spin+1"],"picked":"Luminosity+1","floor":42},{"not_picked":["Replace+1","Spin+1","GearUp"],"picked":"SKIP","floor":44},{"not_picked":["Gouge","Replace+1","Ricochet"],"picked":"SKIP","floor":45},{"not_picked":["Alleviate+1","TimeWarp","Rewind"],"picked":"SKIP","floor":46},{"not_picked":["Initiator","Potential+1","DualDimension"],"picked":"SKIP","floor":47},{"not_picked":["ShatteredReality+1","Gouge","WasteNot"],"picked":"SKIP","floor":48},{"not_picked":["TimeWarp+1","Contraction"],"picked":"Misdirection","floor":54}],"player_experience":686969,"relics_obtained":[{"floor":7,"key":"Mummified Hand"},{"floor":9,"key":"Calipers"},{"floor":25,"key":"Centennial Puzzle"},{"floor":26,"key":"Juzu Bracelet"},{"floor":30,"key":"Mercury Hourglass"},{"floor":37,"key":"Shovel"},{"floor":40,"key":"Orichalcum"},{"floor":42,"key":"Lantern"},{"floor":44,"key":"Anchor"},{"floor":52,"key":"Eternal Feather"},{"floor":54,"key":"Strawberry"}],"event_choices":[{"damage_healed":0,"gold_gain":0,"player_choice":"Box","damage_taken":0,"relics_obtained":["Dream Catcher"],"max_hp_gain":0,"max_hp_loss":0,"event_name":"Big Fish","floor":4,"gold_loss":0,"cards_obtained":["Regret"]},{"damage_healed":0,"gold_gain":0,"player_choice":"Gave Potion","damage_taken":0,"relics_obtained":["Bronze Scales"],"max_hp_gain":0,"max_hp_loss":0,"event_name":"WeMeetAgain","floor":5,"gold_loss":0},{"damage_healed":0,"gold_gain":0,"player_choice":"Simplicity","damage_taken":0,"max_hp_gain":0,"max_hp_loss":0,"event_name":"Back to Basics","floor":20,"gold_loss":0,"cards_upgraded":["Strike_S","Strike_S","Strike_S","Defend_S","Defend_S","Defend_S","Defend_S"]},{"damage_healed":0,"gold_gain":0,"player_choice":"Shed Blood","damage_taken":16,"max_hp_gain":5,"max_hp_loss":0,"event_name":"Forgotten Altar","floor":21,"gold_loss":0},{"damage_healed":0,"gold_gain":0,"player_choice":"Opened","damage_taken":0,"relics_obtained":["Potion Belt"],"max_hp_gain":0,"max_hp_loss":0,"event_name":"The Mausoleum","floor":22,"gold_loss":0},{"damage_healed":0,"gold_gain":0,"player_choice":"Upgraded","damage_taken":0,"max_hp_gain":0,"max_hp_loss":0,"event_name":"Upgrade Shrine","floor":24,"gold_loss":0,"cards_upgraded":["Spin"]},{"damage_healed":0,"gold_gain":0,"player_choice":"Read","damage_taken":0,"max_hp_gain":0,"max_hp_loss":0,"event_name":"The Library","floor":27,"gold_loss":0,"cards_obtained":["Moonlight"]},{"damage_healed":0,"gold_gain":0,"player_choice":"Ignored","damage_taken":0,"max_hp_gain":0,"max_hp_loss":0,"event_name":"Vampires","floor":28,"gold_loss":0},{"damage_healed":0,"gold_gain":0,"player_choice":"Fight","damage_taken":0,"max_hp_gain":0,"max_hp_loss":0,"event_name":"MindBloom","floor":37,"gold_loss":0},{"cards_removed":["Strike_S"],"damage_healed":0,"gold_gain":0,"player_choice":"Removed Attack","damage_taken":0,"max_hp_gain":0,"max_hp_loss":0,"event_name":"Falling","floor":38,"gold_loss":0},{"damage_healed":0,"gold_gain":0,"player_choice":"Ignored","damage_taken":0,"max_hp_gain":0,"max_hp_loss":0,"event_name":"Tomb of Lord Red Mask","floor":39,"gold_loss":0}],"is_beta":false,"boss_relics":[{"not_picked":["SacredBark","Astrolabe"],"picked":"Cursed Key"},{"not_picked":["Busted Crown","SlaversCollar"],"picked":"Empty Cage"}],"items_purged_floors":[3,19,53],"is_endless":false,"potions_floor_spawned":[2,7,11,16,33,35,37,40,45,46,48],"ascension_level":2}}