{"host":"l2dnabsh5e0fsksb","time":1608010212,"event":{"mods":["2.2 Compatiblity","BaseMod","Downfall","Minty Spire (QoL Compilation)","Quick Restart","StSLib"],"gold_per_floor":[99,129,179,104,379,379,379,409,334,361,376,390,54,73,86,165,165,90,120,395,410,422,422,448,21,49,67,67,85,68,82,101,178,178,178,196,226,241,191,191,245,273,273,600,612,612,632,80,97,97,97,125,6,6,6],"floor_reached":56,"playtime":2466,"items_purged":["Regret","Regret","Slimebound:Dissolve","Slimebound:FormOfPuddle"],"score":2485,"play_id":"074cb9c3-37e7-4248-91b8-0d0190a16eea","local_time":"20201215160012","is_ascension_mode":true,"campfire_choices":[{"floor":1.0,"key":"RECALL"},{"data":"Slimebound:OneTwoCombo","floor":4.0,"key":"SMITH"},{"data":"Slimebound:SplitLeeching","floor":9.0,"key":"SMITH"},{"data":"Slimebound:SplitAcid","floor":18.0,"key":"SMITH"},{"data":"Slimebound:MinionMaster","floor":23.0,"key":"SMITH"},{"data":"Slimebound:LevelUp","floor":35.0,"key":"SMITH"},{"data":"Slimebound:Split","floor":43.0,"key":"SMITH"},{"floor":54,"key":"REST"}],"circlet_count":0,"master_deck":["AscendersBane","Slimebound:Tackle","Slimebound:Split+1","Slimebound:CorrosiveSpit","Slimebound:OneTwoCombo+1","Slimebound:SplitLeeching+1","Slimebound:ProtectTheBoss","Slimebound:SplitSpecialist","Slimebound:DisruptingSlam","Slimebound:SplitMire","Slimebound:HauntingLick","Slimebound:OneTwoCombo","Slimebound:SpikyOuterGoop","Slimebound:SplitLeeching","Slimebound:SplitAcid+1","Slimebound:LeechEnergy","Slimebound:MinionMaster+1","Slimebound:PressTheAttack","Slimebound:GoopSpray+1","Slimebound:SplitLeeching","Slimebound:Repurpose","Slimebound:MassRepurpose","Slimebound:SpikyOuterGoop","Slimebound:RejuvenatingLick","Slimebound:FinishingTackle","Slimebound:SpikyOuterGoop","Slimebound:RainOfGoop","Slimebound:LevelUp+1","Slimebound:MegaLick","Slimebound:SplitAcid","Slimebound:AcidTongue","Slimebound:OneTwoCombo","Slimebound:OneTwoCombo","Slimebound:ItLooksTasty","Slimebound:GrowthPunch","Slimebound:ProtectTheBoss","Slimebound:SplitBruiser+1","Slimebound:RainOfGoop","Slimebound:SplitBruiser+1","Slimebound:Darklings","Slimebound:SplitLeeching+1","Slimebound:ProtectTheBoss+1","Slimebound:SpikyOuterGoop","Slimebound:AcidTongue","Slimebound:PrepareCrush","Slimebound:SplitMire","Slimebound:FirmFortitude+1","Slimebound:SplitSpecialist","Slimebound:SpikyOuterGoop","Slimebound:SplitMire"],"relics":["Slimebound:AbsorbEndCombat","downfall:HeartsMalice","Orichalcum","downfall:HeartBlessingRed","Vajra","downfall:HeartBlessingBlue","Anchor","Black Star","downfall:HeartBlessingGreen","Smiling Mask","Mercury Hourglass","Bronze Scales","White Beast Statue","Pantograph","Thread and Needle","Guardian:PocketSentry","Pandora\u0027s Box","InkBottle","Mango","Blood Vial","Potion Belt","PreservedInsect","Old Coin","Art of War","Slimebound:PotencyRelic","Ginger","Bottled Flame"],"acts_visited":["Exordium","TheCity","TheBeyond","TheEnding"],"potions_floor_usage":[55,55,55],"damage_taken":[{"damage":0.0,"enemies":"Lagavulin","floor":2.0,"turns":1.0},{"damage":0.0,"enemies":"Cultist","floor":6.0,"turns":1.0},{"damage":0.0,"enemies":"3 Sentries","floor":8.0,"turns":1.0},{"damage":27.0,"enemies":"Lagavulin","floor":10.0,"turns":5.0},{"damage":10.0,"enemies":"Jaw Worm","floor":11.0,"turns":2.0},{"damage":4.0,"enemies":"2 Louse","floor":12.0,"turns":2.0},{"damage":23.0,"enemies":"downfall:FleeingMerchant","floor":13.0,"turns":4.0},{"damage":12.0,"enemies":"Gremlin Gang","floor":14.0,"turns":2.0},{"damage":8.0,"enemies":"3 Louse","floor":15.0,"turns":2.0},{"damage":39.0,"enemies":"downfall:Ironclad","floor":16.0,"turns":4.0},{"damage":47.0,"enemies":"Slavers","floor":19.0,"turns":4.0},{"damage":12.0,"enemies":"Spheric Guardian","floor":21.0,"turns":2.0},{"damage":13.0,"enemies":"3 Cultists","floor":22.0,"turns":3.0},{"damage":31.0,"enemies":"downfall:FleeingMerchant","floor":25.0,"turns":4.0},{"damage":29.0,"enemies":"Book of Stabbing","floor":26.0,"turns":3.0},{"damage":18.0,"enemies":"Chosen and Byrds","floor":27.0,"turns":2.0},{"damage":12.0,"enemies":"Centurion and Healer","floor":29.0,"turns":3.0},{"damage":8.0,"enemies":"downfall:FleeingMerchant","floor":30.0,"turns":2.0},{"damage":8.0,"enemies":"Shelled Parasite and Fungi","floor":31.0,"turns":3.0},{"damage":21.0,"enemies":"Snake Plant","floor":32.0,"turns":3.0},{"damage":37.0,"enemies":"downfall:Defect","floor":33.0,"turns":6.0},{"damage":7.0,"enemies":"3 Shapes","floor":36.0,"turns":2.0},{"damage":28.0,"enemies":"Reptomancer","floor":37.0,"turns":4.0},{"damage":21.0,"enemies":"3 Darklings","floor":38.0,"turns":3.0},{"damage":12.0,"enemies":"Nemesis","floor":42.0,"turns":3.0},{"damage":16.0,"enemies":"Reptomancer","floor":44.0,"turns":2.0},{"damage":24.0,"enemies":"Maw","floor":45.0,"turns":3.0},{"damage":8.0,"enemies":"Spire Growth","floor":47.0,"turns":3.0},{"damage":52.0,"enemies":"Transient","floor":49.0,"turns":5.0},{"damage":4.0,"enemies":"downfall:Watcher","floor":50.0,"turns":4.0},{"damage":44,"enemies":"downfall:CharBossMerchant","floor":52,"turns":5},{"damage":81,"enemies":"downfall:NeowBoss","floor":55,"turns":14}],"seed_played":"3228970349770077","potions_obtained":[{"floor":11.0,"key":"Slimebound:SlimedPotion"},{"floor":12.0,"key":"Slimebound:SlimyTonguePotion"},{"floor":16.0,"key":"Dexterity Potion"},{"floor":26.0,"key":"SkillPotion"},{"floor":27.0,"key":"AttackPotion"},{"floor":29.0,"key":"ColorlessPotion"},{"floor":30.0,"key":"PowerPotion"},{"floor":32.0,"key":"hexamod:EctoCoolerPotion"},{"floor":33.0,"key":"EssenceOfSteel"},{"floor":36.0,"key":"DuplicationPotion"},{"floor":37.0,"key":"FairyPotion"},{"floor":38.0,"key":"Explosive Potion"},{"floor":42.0,"key":"LiquidMemories"},{"floor":44.0,"key":"PowerPotion"},{"floor":45.0,"key":"SpeedPotion"},{"floor":47.0,"key":"sneckomod:MuddlingPotion"},{"floor":49.0,"key":"Slimebound:SlimedPotion"},{"floor":52,"key":"Strength Potion"}],"is_trial":false,"path_per_floor":["R","E","?","R","?","M","T","E","R","E","M","M","$","M","M","B",null,"R","E","?","M","M","R","T","$","E","M","?","M","$","M","M","B",null,"R","M","E","M","$","?","T","E","R","E","M","?","M","$","M","B",null,"E","$","R","B",null],"character_chosen":"SLIMEBOUND","items_purchased":["Slimebound:OneTwoCombo","Slimebound:SpikyOuterGoop","Slimebound:SplitLeeching","Slimebound:MassRepurpose","White Beast Statue","Guardian:PocketSentry","Slimebound:LevelUp","Slimebound:MegaLick","Slimebound:PotencyRelic","Slimebound:PrepareCrush","Slimebound:SplitMire","Slimebound:SpikyOuterGoop","Slimebound:SplitMire"],"campfire_rested":1,"item_purchase_floors":[13,13,13,25,25,30,30,30,48,48,48,53,53],"current_hp_per_floor":[49,49,49,49,49,49,49,49,59,46,44,46,49,49,55,40,58,58,37,37,37,42,42,42,47,40,38,38,50,60,64,53,49,60,60,64,66,69,69,69,69,78,78,78,74,74,78,78,64,78,78,57,57,78,76],"gold":6,"neow_bonus":"THREE_ENEMY_KILL","is_daily":false,"chose_seed":false,"campfire_upgraded":6,"win_rate":0.0,"timestamp":1608010212,"path_taken":["R","E","?","R","?","M","T","E","R","E","M","M","$","?","M","BOSS","R","E","?","M","?","R","T","$","E","M","?","M","$","?","M","BOSS","R","M","E","M","?","?","T","E","R","E","M","?","?","$","M","BOSS","E","$","R","BOSS"],"items_purchased_type":["Card","Card","Card","Card","Relic","Relic","Card","Card","Relic","Card","Card","Card","Card"],"build_version":"2020-12-13","purchased_purges":4,"victory":true,"max_hp_per_floor":[54,54,54,54,54,54,54,54,64,64,64,64,64,64,64,64,64,64,64,64,64,64,64,64,64,64,64,64,64,64,64,64,64,64,64,64,78,78,78,78,78,78,78,78,78,78,78,78,78,78,78,78,78,78,78],"card_choices":[{"not_picked":["Slimebound:GrowthPunch","Slimebound:PressTheAttack"],"picked":"Slimebound:OneTwoCombo","floor":2.0},{"not_picked":["Slimebound:SlimeSpikes","Slimebound:SlimeTap"],"picked":"Slimebound:SplitLeeching","floor":6.0},{"not_picked":["Slimebound:Replication","Slimebound:SlimeSpikes"],"picked":"Slimebound:ProtectTheBoss","floor":8.0},{"not_picked":["Slimebound:ItLooksTasty","Slimebound:GrowthPunch"],"picked":"Slimebound:SplitSpecialist","floor":10.0},{"not_picked":["Slimebound:Chomp","Slimebound:GrowthPunch"],"picked":"Slimebound:DisruptingSlam","floor":11.0},{"not_picked":["Slimebound:PressTheAttack","Slimebound:SplitBruiser"],"picked":"Slimebound:SplitMire","floor":12.0},{"not_picked":["Slimebound:LeechingTouch","Slimebound:ViciousTackle"],"picked":"Slimebound:HauntingLick","floor":13.0},{"not_picked":["Slimebound:LeechEnergy","Slimebound:TongueLash"],"picked":"Slimebound:SplitAcid","floor":14.0},{"not_picked":["Slimebound:Schlurp","Slimebound:FinishingTackle"],"picked":"Slimebound:LeechEnergy","floor":15.0},{"not_picked":["Slimebound:DuplicatedForm","Slimebound:TagTeam"],"picked":"Slimebound:MinionMaster","floor":16.0},{"not_picked":["Slimebound:LeechEnergy","Slimebound:SlimeSpikes"],"picked":"Slimebound:PressTheAttack","floor":19.0},{"not_picked":["Slimebound:ForwardTackle+1","Slimebound:PressTheAttack"],"picked":"Slimebound:GoopSpray+1","floor":21.0},{"not_picked":["Slimebound:ViciousTackle","Slimebound:ForwardTackle"],"picked":"Slimebound:SplitLeeching","floor":22.0},{"not_picked":["Slimebound:SplitMire","Slimebound:FinishingTackle+1"],"picked":"Slimebound:Repurpose","floor":25.0},{"not_picked":["Slimebound:SlimeBarrage","Slimebound:BestDefense"],"picked":"Slimebound:SpikyOuterGoop","floor":26.0},{"not_picked":["Slimebound:BestDefense+1","Slimebound:ViciousTackle"],"picked":"Slimebound:RejuvenatingLick","floor":27.0},{"not_picked":["Slimebound:Schlurp","Slimebound:FlameTackle"],"picked":"Slimebound:SpikyOuterGoop","floor":29.0},{"not_picked":["Slimebound:TagTeam","Slimebound:FinishingTackle"],"picked":"Slimebound:RainOfGoop","floor":30.0},{"not_picked":["Slimebound:SlimeTap","Slimebound:GoopSpray"],"picked":"Slimebound:SplitAcid","floor":31.0},{"not_picked":["Slimebound:RainOfGoop","Slimebound:GoopTackle"],"picked":"Slimebound:AcidTongue","floor":32.0},{"not_picked":["Slimebound:MassRepurpose","Slimebound:PrepareCrush"],"picked":"Slimebound:OneTwoCombo","floor":33.0},{"not_picked":["Slimebound:FlameTackle","Slimebound:Chomp"],"picked":"Slimebound:SplitBruiser+1","floor":36.0},{"not_picked":["Slimebound:Grow","Slimebound:Chomp"],"picked":"Slimebound:RainOfGoop","floor":37.0},{"not_picked":["Slimebound:LeechEnergy+1","Slimebound:HauntingLick"],"picked":"Slimebound:SplitBruiser+1","floor":38.0},{"not_picked":["Slimebound:SplitBruiser","Slimebound:SplitAcid"],"picked":"Slimebound:SplitLeeching+1","floor":42.0},{"not_picked":["Slimebound:DuplicatedForm","Slimebound:SamplingLick"],"picked":"Slimebound:ProtectTheBoss+1","floor":44.0},{"not_picked":["Slimebound:FinishingTackle","Slimebound:Schlurp"],"picked":"Slimebound:SpikyOuterGoop","floor":45.0},{"not_picked":["Slimebound:HungryTackle","Slimebound:ComboTackle+1"],"picked":"Slimebound:AcidTongue","floor":47.0},{"not_picked":["Slimebound:Replication","Slimebound:SlimeSpikes"],"picked":"Slimebound:FirmFortitude+1","floor":49.0},{"not_picked":["Slimebound:ViciousTackle+1","Slimebound:Chomp"],"picked":"Slimebound:SplitSpecialist","floor":52}],"player_experience":1680471,"relics_obtained":[{"floor":2.0,"key":"Orichalcum"},{"floor":8.0,"key":"Vajra"},{"floor":10.0,"key":"Anchor"},{"floor":19.0,"key":"Smiling Mask"},{"floor":19.0,"key":"Mercury Hourglass"},{"floor":24.0,"key":"Bronze Scales"},{"floor":26.0,"key":"Pantograph"},{"floor":26.0,"key":"Thread and Needle"},{"floor":37.0,"key":"InkBottle"},{"floor":37.0,"key":"Mango"},{"floor":41.0,"key":"Blood Vial"},{"floor":42.0,"key":"Potion Belt"},{"floor":42.0,"key":"PreservedInsect"},{"floor":44.0,"key":"Old Coin"},{"floor":44.0,"key":"Art of War"},{"floor":52,"key":"Ginger"},{"floor":52,"key":"Bottled Flame"}],"event_choices":[{"cards_removed":["Slimebound:DouseInSlime"],"damage_healed":0.0,"max_hp_gain":0.0,"max_hp_loss":0.0,"gold_gain":0.0,"event_name":"Falling","player_choice":"Removed Skill","floor":46.0,"gold_loss":0.0,"damage_taken":0.0}],"is_beta":false,"boss_relics":[{"not_picked":["Tiny House","Slimebound:AbsorbEndCombatUpgraded"],"picked":"Black Star"},{"not_picked":["Philosopher\u0027s Stone","Astrolabe"],"picked":"Pandora\u0027s Box"}],"items_purged_floors":[13,30,39,48],"is_endless":false,"potions_floor_spawned":[11,12,15,16,26,27,29,30,31,32,33,36,37,38,42,44,45,47,49,52],"ascension_level":15}}