{"host":"4agyp7e20ejnk5oq","time":1608034899,"event":{"mods":["BaseMod","Colored Map","Friendly Minions","Infinite Spire","Minty Spire (QoL Compilation)","Relic Sorter","Replay The Spire","StSLib"],"gold_per_floor":[117,192,192,192,70,114,139,139,190,190,190],"floor_reached":10,"playtime":282,"items_purged":["Replay:Hysterical Blindness"],"score":78,"play_id":"91f64188-8073-4d25-a117-46a62fd3a903","local_time":"20201215132139","is_ascension_mode":true,"campfire_choices":[],"circlet_count":0,"master_deck":["Strike_B","Strike_B","Strike_B","Strike_B","Defend_B","Defend_B","Defend_B","Defend_B","Zap","Dualcast","Rainbow","Barrage","Injury","Ball Lightning","Compile Driver","White Noise"],"relics":["Cracked Core","Golden Idol","ReplayTheSpireMod:CursedCoin","Blue Doll","Juzu Bracelet","infinitespire:Freezer"],"acts_visited":["Exordium"],"potions_floor_usage":[8],"damage_taken":[{"damage":0,"enemies":"Cultist","floor":1,"turns":3},{"damage":29,"enemies":"3 Sentries","floor":6,"turns":7},{"damage":1,"enemies":"Jaw Worm","floor":7,"turns":3},{"damage":28,"enemies":"Gremlin Nob","floor":8,"turns":4},{"damage":14,"enemies":"3 Sentries","floor":10,"turns":2}],"seed_played":"7029477811528644783","potions_obtained":[{"floor":6,"key":"Swift Potion"}],"is_trial":false,"path_per_floor":["M","?","?","?","$","E","M","E","T","E"],"character_chosen":"DEFECT","items_purchased":["ReplayTheSpireMod:CursedCoin","Ball Lightning","Blue Doll"],"campfire_rested":0,"item_purchase_floors":[5,5,5],"current_hp_per_floor":[75,64,69,69,69,40,39,11,11,0,0],"gold":190,"neow_bonus":"ONE_RANDOM_RARE_CARD","is_daily":false,"chose_seed":false,"campfire_upgraded":0,"win_rate":0.0,"timestamp":1608034899,"path_taken":["M","?","?","?","?","E","M","E","T","E"],"items_purchased_type":["Relic","Card","Relic"],"build_version":"2020-12-13","purchased_purges":1,"victory":false,"max_hp_per_floor":[75,75,80,80,80,80,80,80,80,80,80],"card_choices":[{"not_picked":["Sweeping Beam","Cold Snap"],"picked":"Barrage","floor":1},{"not_picked":["Barrage","Cold Snap"],"picked":"Compile Driver","floor":6},{"not_picked":["Coolheaded","Conserve Battery"],"picked":"White Noise","floor":7},{"not_picked":["Ball Lightning","Reprogram","Steam"],"picked":"SKIP","floor":8}],"player_experience":332208,"relics_obtained":[{"floor":6,"key":"Juzu Bracelet"},{"floor":9,"key":"infinitespire:Freezer"}],"event_choices":[{"damage_healed":0,"gold_gain":75,"player_choice":"Gather Gold","damage_taken":11,"max_hp_gain":0,"max_hp_loss":0,"event_name":"World of Goop","floor":2,"gold_loss":0},{"damage_healed":0,"gold_gain":0,"player_choice":"Donut","damage_taken":0,"max_hp_gain":5,"max_hp_loss":0,"event_name":"Big Fish","floor":3,"gold_loss":0},{"damage_healed":0,"gold_gain":0,"player_choice":"Take Wound","damage_taken":0,"relics_obtained":["Golden Idol"],"max_hp_gain":0,"max_hp_loss":0,"event_name":"Golden Idol","floor":4,"gold_loss":0,"cards_obtained":["Injury"]}],"is_beta":false,"boss_relics":[],"items_purged_floors":[5],"is_endless":false,"potions_floor_spawned":[6,8],"killed_by":"3 Sentries","ascension_level":1}}