{"host":"oihpulxxofncj7su","time":1608003738,"event":{"mods":["AchievementEnabler","BaseMod","Bestiary","BetterRewards","Colored Powertips","Highlight Path","Minty Spire (QoL Compilation)","Quick Restart","Spicy Shops","StSLib","The Cursed","The Servant 0.9.4"],"gold_per_floor":[117,67,67,67,83,108,108,118,118,118,135,163,163,175,175,274,274,290,141,158,171,26,26,37,55,55,2,21,21,31,31,31,131,131,151,167,187,237,17,45,59,77,77,77,0,0,0,0],"floor_reached":47,"playtime":14374,"items_purged":["Strike_S","Strike_S","Strike_S","Defend_S"],"score":494,"play_id":"a3bcfc44-6672-45b5-9600-6b0b9c92eb1e","local_time":"20201214224218","is_ascension_mode":false,"campfire_choices":[{"data":"Exchange","floor":7,"key":"SMITH"},{"floor":10,"key":"REST"},{"data":"FanOfKnives","floor":13,"key":"SMITH"},{"floor":15,"key":"REST"},{"data":"Luminosity","floor":23,"key":"SMITH"},{"floor":29,"key":"RECALL"},{"data":"RealityMarble","floor":32,"key":"SMITH"},{"data":"ReturningBlade","floor":44,"key":"PURGE"},{"floor":46,"key":"REST"}],"circlet_count":0,"master_deck":["Defend_S","Defend_S","KidneyShot+1","Exchange+1","InstantArmor+1","Ricochet","DualDimension","Comet","Rearm","FanOfKnives+1","FastForward","PendulumOfEternity","FastForward","Luminosity+1","Ricochet","RealityMarble+1","Dilation","Barrier"],"relics":["Uniform","NeowsBlessing","The Courier","Ornamental Fan","Busted Crown","TungstenRod","Fusion Hammer","Peace Pipe","Blood Vial","Sundial","Red Mask"],"acts_visited":["Exordium","TheCity","TheBeyond"],"potions_floor_usage":[8,12,20,24,28,33,35,38,40,42],"damage_taken":[{"damage":0,"enemies":"2 Louse","floor":1,"turns":1},{"damage":0,"enemies":"Small Slimes","floor":5,"turns":1},{"damage":0,"enemies":"3 Sentries","floor":6,"turns":2},{"damage":0,"enemies":"Jaw Worm","floor":8,"turns":2},{"damage":0,"enemies":"Blue Slaver","floor":11,"turns":6},{"damage":13,"enemies":"Lagavulin","floor":12,"turns":7},{"damage":0,"enemies":"3 Louse","floor":14,"turns":2},{"damage":24,"enemies":"Slime Boss","floor":16,"turns":10},{"damage":0,"enemies":"Chosen","floor":18,"turns":4},{"damage":0,"enemies":"3 Byrds","floor":20,"turns":4},{"damage":3,"enemies":"Centurion and Healer","floor":21,"turns":10},{"damage":0,"enemies":"Snecko","floor":24,"turns":4},{"damage":5,"enemies":"Snake Plant","floor":25,"turns":6},{"damage":0,"enemies":"Centurion and Healer","floor":28,"turns":6},{"damage":5,"enemies":"Shelled Parasite and Fungi","floor":30,"turns":5},{"damage":22,"enemies":"Champ","floor":33,"turns":15},{"damage":0,"enemies":"Orb Walker","floor":35,"turns":5},{"damage":0,"enemies":"3 Shapes","floor":36,"turns":4},{"damage":7,"enemies":"Spire Growth","floor":37,"turns":7},{"damage":0,"enemies":"Mind Bloom Boss Battle","floor":38,"turns":9},{"damage":4,"enemies":"Giant Head","floor":40,"turns":12},{"damage":0,"enemies":"3 Darklings","floor":41,"turns":6},{"damage":21,"enemies":"Jaw Worm Horde","floor":42,"turns":5},{"damage":63,"enemies":"Reptomancer","floor":47,"turns":3}],"seed_played":"-1872645529311313847","potions_obtained":[{"floor":6,"key":"Swift Potion"},{"floor":8,"key":"SteroidPotion"},{"floor":16,"key":"SkillPotion"},{"floor":18,"key":"DistilledChaos"},{"floor":21,"key":"LiquidBronze"},{"floor":25,"key":"PowerPotion"},{"floor":33,"key":"GamblersBrew"},{"floor":37,"key":"SteroidPotion"},{"floor":38,"key":"Weak Potion"},{"floor":41,"key":"BlessingOfTheForge"}],"is_trial":false,"path_per_floor":["M","?","?","?","M","E","R","M","T","R","M","E","R","M","R","B",null,"M","$","M","M","$","R","M","M","T","$","M","R","M","?","R","B",null,"M","M","M","?","$","E","M","M","T","R","?","R","E"],"character_chosen":"THE_SERVANT","items_purchased":["ReturningBlade","FastForward","Luminosity","Ricochet"],"campfire_rested":3,"item_purchase_floors":[19,19,22,27],"current_hp_per_floor":[65,65,58,45,45,45,45,45,45,64,64,51,51,51,65,41,65,65,65,65,62,62,62,62,57,57,57,57,57,52,52,52,30,65,65,65,58,58,58,54,56,37,37,37,37,56,0,0],"gold":0,"neow_bonus":"THREE_ENEMY_KILL","is_daily":false,"chose_seed":false,"campfire_upgraded":4,"win_rate":0.0,"timestamp":1608003738,"path_taken":["M","?","?","?","M","E","R","M","T","R","M","E","R","?","R","BOSS","M","$","M","M","$","R","M","M","T","$","M","R","M","?","R","BOSS","M","M","M","?","$","E","M","M","T","R","?","R","E"],"items_purchased_type":["Card","Card","Card","Card"],"build_version":"2020-12-13","purchased_purges":4,"victory":false,"max_hp_per_floor":[65,65,65,65,65,65,65,65,65,65,65,65,65,65,65,65,65,65,65,65,65,65,65,65,65,65,65,65,65,65,65,65,65,65,65,65,65,65,65,65,65,65,65,65,65,65,65,65],"card_choices":[{"not_picked":["Starlight","Advance"],"picked":"InstantArmor","floor":1},{"not_picked":["Sabotage","Starlight"],"picked":"Ricochet","floor":5},{"not_picked":["MoonPhase","Ricochet"],"picked":"DualDimension","floor":6},{"not_picked":["Revamp","RealityMarble"],"picked":"Comet","floor":8},{"not_picked":["Defy","TimeWarp"],"picked":"Rearm","floor":11},{"not_picked":["Defy","Rearm"],"picked":"FanOfKnives","floor":12},{"not_picked":["Rearm","ShatteredReality"],"picked":"FastForward","floor":14},{"not_picked":["Solidify","Duplication"],"picked":"PendulumOfEternity","floor":16},{"not_picked":["DoubleEdge"],"picked":"SKIP","floor":18},{"not_picked":["Foresight"],"picked":"SKIP","floor":20},{"not_picked":["Replace"],"picked":"SKIP","floor":21},{"not_picked":["ReturningBlade"],"picked":"SKIP","floor":24},{"not_picked":["Spin"],"picked":"SKIP","floor":25},{"not_picked":[],"picked":"RealityMarble","floor":28},{"not_picked":["FastForward"],"picked":"SKIP","floor":30},{"not_picked":[],"picked":"Dilation","floor":33},{"not_picked":["Replace"],"picked":"SKIP","floor":35},{"not_picked":["Rewind+1"],"picked":"SKIP","floor":36},{"not_picked":["Comet"],"picked":"SKIP","floor":37},{"not_picked":[],"picked":"Barrier","floor":40},{"not_picked":["Moonlight"],"picked":"SKIP","floor":41},{"not_picked":["StarChef"],"picked":"SKIP","floor":42}],"player_experience":392548,"relics_obtained":[{"floor":6,"key":"The Courier"},{"floor":12,"key":"Ornamental Fan"},{"floor":26,"key":"TungstenRod"},{"floor":38,"key":"Peace Pipe"},{"floor":40,"key":"Blood Vial"},{"floor":43,"key":"Sundial"}],"event_choices":[{"cards_removed":["Strike_S"],"damage_healed":0,"gold_gain":0,"player_choice":"Card Removal","damage_taken":0,"max_hp_gain":0,"max_hp_loss":0,"event_name":"The Cleric","floor":2,"gold_loss":50},{"cards_removed":["Defend_S"],"damage_healed":0,"gold_gain":0,"player_choice":"Card Removal","damage_taken":7,"max_hp_gain":0,"max_hp_loss":0,"event_name":"Golden Wing","floor":3,"gold_loss":0},{"damage_healed":0,"gold_gain":0,"player_choice":"Entered Light","damage_taken":13,"max_hp_gain":0,"max_hp_loss":0,"event_name":"Shining Light","floor":4,"gold_loss":0,"cards_upgraded":["InstantArmor","KidneyShot"]},{"damage_healed":0,"gold_gain":0,"player_choice":"Fight","damage_taken":0,"max_hp_gain":0,"max_hp_loss":0,"event_name":"MindBloom","floor":38,"gold_loss":0},{"damage_healed":0,"gold_gain":0,"player_choice":"Paid","damage_taken":0,"relics_obtained":["Red Mask"],"max_hp_gain":0,"max_hp_loss":0,"event_name":"Tomb of Lord Red Mask","floor":45,"gold_loss":77}],"is_beta":false,"boss_relics":[{"not_picked":["Pandora\u0027s Box","Coffee Dripper"],"picked":"Busted Crown"},{"not_picked":["Cursed Key","Tiny House"],"picked":"Fusion Hammer"}],"items_purged_floors":[19,22,39,39],"is_endless":false,"potions_floor_spawned":[6,8,16,18,21,25,33,37,38,41],"killed_by":"Reptomancer","ascension_level":0}}