{"host":"m3rs92yjkwi06hli","time":1608063484,"event":{"mods":["Act Like it!","Aspiration","BaseMod","Colored Map","Conspire","Defuse TimeMaze Blight","Energized Spire","Hubris","Infinite Spire","Minty Spire (QoL Compilation)","Relic Stats","Replay The Spire","Spicy Shops","StSLib","The Necromancer"],"gold_per_floor":[117,117,117,133,133,133,166,166,192,226,226,239,264,290,290,385,385,397,397,241,340,358,358,255,255,255,280,280,411,421,454,454,588,588,642,696,753,405,305,305,355,333,333,433,458,458,499,499,499],"floor_reached":48,"playtime":1681,"items_purged":[],"score":882,"play_id":"ecce3462-aa0d-4b0a-a546-4c64b4aa3c12","local_time":"20201215141804","is_ascension_mode":true,"campfire_choices":[{"data":"Negative_Energy_Arrows","floor":6,"key":"SMITH"},{"data":"Death_March_Dance","floor":8,"key":"SMITH"},{"data":"Bone_Bullets","floor":11,"key":"SMITH"},{"data":"Corrupt","floor":15,"key":"SMITH"},{"data":"Summon_Lich","floor":23,"key":"SMITH"},{"data":"Summon_Vampire_Lady","floor":25,"key":"SMITH"},{"data":"Summon_Vampire_Lady","floor":32,"key":"SMITH"},{"data":"Consume_Illness","floor":40,"key":"SMITH"},{"data":"Summon_Lich","floor":46,"key":"SMITH"}],"circlet_count":0,"master_deck":["Strike_W","Strike_W","Defend_W","Defend_W","Defend_W","Defend_W","Negative_Energy_Arrows+1","Bone_Wall","Negative_Energy_Shield","Summon_Death_Knight+1","Negative_Energy_Javelin","Death_March_Dance+1","Bone_Bullets+1","Negative_Energy_Javelin","Corrupt+1","Blood_Is_Power","Grasp_Heart","Negative_Energy_Javelin","Summon_Lich+1","Summon_Vampire_Lady+1","Summon_Vampire_Lady+1","Consume_Illness+1","Negative_Energy_Shield","Negative_Energy_Shield","Negative_Energy_Bomb","Spectral_Armor","Grasp_Heart","Shade_Step","hubris:NaturalOne","Bone_Bullets","Chill_Blood+1","Negative_Energy_Mist","Overencumbered","Shame","Summon_Lich+1","Consume_Illness+1"],"relics":["aspiration:BabyByrd","Runic Capacitor","Cables","Red Skull","Replay:Blank Codex","Vampiric Spirits","FaceOfCleric","infinitespire:DarkRift","Unceasing Top","aspiration:TomeofQuesting","infinitespire:PuzzleCube","Cursed Key","Raider\u0027s Mask","energizedSpire:MagnifyingGlass","ReplayTheSpireMod:Onyx Gauntlets","The Specimen","Ring of Greed","ReplayTheSpireMod:Spearhead","Ring of Searing","aspiration:EnhancedActuators","Sizzling Blood","infinitespire:Chaos","Blue Doll","Golden Idol","hubris:TinFlute","Centennial Puzzle"],"acts_visited":["Exordium","TheCity","TheBeyond"],"potions_floor_usage":[14,29,33,47,48],"damage_taken":[{"damage":0,"enemies":"2 Louse","floor":1,"turns":1},{"damage":0,"enemies":"Small Slimes","floor":4,"turns":2},{"damage":0,"enemies":"Gremlin Nob","floor":7,"turns":1},{"damage":5,"enemies":"Lagavulin","floor":10,"turns":9},{"damage":0,"enemies":"Cultist","floor":12,"turns":3},{"damage":0,"enemies":"Gremlin Nob","floor":13,"turns":3},{"damage":0,"enemies":"The Mushroom Lair","floor":14,"turns":3},{"damage":41,"enemies":"Slime Boss","floor":16,"turns":6},{"damage":6,"enemies":"Chosen","floor":18,"turns":3},{"damage":5,"enemies":"2 Thieves","floor":22,"turns":3},{"damage":16,"enemies":"Book of Stabbing","floor":27,"turns":5},{"damage":23,"enemies":"Gremlin Leader","floor":29,"turns":5},{"damage":0,"enemies":"Snake Plant","floor":30,"turns":2},{"damage":0,"enemies":"Replay:Snechameleon","floor":31,"turns":4},{"damage":0,"enemies":"Pondfish","floor":33,"turns":10},{"damage":0,"enemies":"3 Shapes","floor":35,"turns":3},{"damage":23,"enemies":"3 Darklings","floor":36,"turns":5},{"damage":0,"enemies":"Maw","floor":37,"turns":6},{"damage":17,"enemies":"Transient","floor":45,"turns":5},{"damage":79,"enemies":"Giant Head","floor":47,"turns":7},{"damage":26,"enemies":"Spire Growth","floor":48,"turns":2}],"seed_played":"631262246942347802","potions_obtained":[{"floor":10,"key":"Explosive Potion"},{"floor":13,"key":"DistilledChaos"},{"floor":14,"key":"FearPotion"},{"floor":16,"key":"Reflective Coating"},{"floor":27,"key":"Adrenaline Potion"},{"floor":31,"key":"Block Potion"},{"floor":35,"key":"Fire Potion"},{"floor":36,"key":"Elixir"},{"floor":45,"key":"PowerPotion"}],"is_trial":false,"path_per_floor":["M","?","?","M","?","R","E","R","T","E","R","M","E","?","R","B",null,"M","?","$","?","M","R","$","R","T","E","?","E","M","E","R","B",null,"M","M","M","$","NS","R","?","$","T","?","M","R","E","M"],"character_chosen":"NECROMANCER","items_purchased":["ReplayTheSpireMod:TigerMarble","Summon_Vampire_Lady","Dead Branch","Negative_Energy_Mist","infinitespire:Chaos"],"campfire_rested":0,"item_purchase_floors":[20,24,38,38,42],"current_hp_per_floor":[75,60,60,64,64,64,66,66,66,63,63,65,67,73,73,36,75,71,71,71,71,70,70,70,70,70,56,64,59,61,75,75,75,75,75,54,65,65,65,65,65,69,69,69,66,66,16,0,0],"gold":499,"neow_bonus":"THREE_ENEMY_KILL","is_daily":false,"chose_seed":false,"campfire_upgraded":9,"win_rate":0.0,"timestamp":1608063484,"path_taken":["M","?","?","?","?","R","E","R","T","E","R","M","E","?","R","BOSS","M","?","$","?","M","R","$","R","T","E","?","E","M","E","R","BOSS","M","M","M","$","NS","R","?","$","T","?","?","R","E","M"],"items_purchased_type":["Relic","Card","Relic","Card","Relic"],"build_version":"2020-12-13","purchased_purges":0,"victory":false,"max_hp_per_floor":[75,75,75,75,75,75,75,75,75,75,75,75,75,75,75,75,75,75,75,75,75,75,75,75,75,75,75,75,75,75,75,75,75,75,75,75,75,75,75,75,75,79,79,79,80,80,81,81,81],"relic_stats":{"Centennial Puzzle":[7],"FaceOfCleric":2,"counters":[21,88],"Golden Idol":13,"Cursed Key":1,"obtain_stats":[{"Vampiric Spirits":42,"aspiration:TomeofQuesting":42,"Blue Doll":42,"Runic Capacitor":42,"Sizzling Blood":42,"Raider\u0027s Mask":42,"Smiling Mask":41,"Cursed Key":42,"Ring of Searing":42,"Centennial Puzzle":47,"hubris:Icosahedron":19,"FaceOfCleric":42,"aspiration:EnhancedActuators":42,"aspiration:BabyByrd":42,"Ring of Peace":41,"Honey Jar":17,"Vampire_Amulet":0,"infinitespire:Chaos":42,"Red Skull":42,"Replay:Blank Codex":42,"hubris:TinFlute":43,"NeowsBlessing":0,"The Specimen":42,"Golden Idol":42,"Dead Branch":38,"hubris:SphereOfDissonance":29,"infinitespire:EmptyRelic":42,"Replay:WaspNest":26,"infinitespire:CheckeredPen":10,"Ring of Greed":41,"Odd Mushroom":14,"Cables":42,"infinitespire:EvilPickle":33,"Runic Dome":34,"conspire:GiftBox":31,"infinitespire:DarkRift":42,"ReplayTheSpireMod:Spearhead":42,"ReplayTheSpireMod:Shallot":27,"ReplayTheSpireMod:TigerMarble":20,"energizedSpire:MagnifyingGlass":42,"Membership Card":41,"ReplayTheSpireMod:Onyx Gauntlets":42,"ReplayTheSpireMod:Lightbulb":13,"FossilizedHelix":7,"hubris:OldNail":9,"Unceasing Top":42,"infinitespire:PuzzleCube":42},{"Vampiric Spirits":18,"aspiration:TomeofQuesting":18,"Blue Doll":18,"Runic Capacitor":18,"Sizzling Blood":18,"Raider\u0027s Mask":18,"Smiling Mask":18,"Cursed Key":18,"Ring of Searing":18,"Centennial Puzzle":20,"hubris:Icosahedron":9,"FaceOfCleric":18,"aspiration:EnhancedActuators":18,"aspiration:BabyByrd":18,"Ring of Peace":18,"Honey Jar":8,"Vampire_Amulet":0,"infinitespire:Chaos":18,"Red Skull":18,"Replay:Blank Codex":18,"hubris:TinFlute":18,"NeowsBlessing":0,"The Specimen":18,"Golden Idol":18,"Dead Branch":18,"hubris:SphereOfDissonance":12,"infinitespire:EmptyRelic":18,"Replay:WaspNest":10,"infinitespire:CheckeredPen":4,"Ring of Greed":18,"Odd Mushroom":7,"Cables":18,"infinitespire:EvilPickle":15,"Runic Dome":15,"conspire:GiftBox":14,"infinitespire:DarkRift":18,"ReplayTheSpireMod:Spearhead":18,"ReplayTheSpireMod:Shallot":11,"ReplayTheSpireMod:TigerMarble":9,"energizedSpire:MagnifyingGlass":18,"Membership Card":18,"ReplayTheSpireMod:Onyx Gauntlets":18,"ReplayTheSpireMod:Lightbulb":6,"FossilizedHelix":3,"hubris:OldNail":3,"Unceasing Top":18,"infinitespire:PuzzleCube":18},{"Vampiric Spirits":74,"aspiration:TomeofQuesting":74,"Blue Doll":74,"Runic Capacitor":74,"Sizzling Blood":74,"Raider\u0027s Mask":74,"Smiling Mask":74,"Cursed Key":74,"Ring of Searing":74,"Centennial Puzzle":86,"hubris:Icosahedron":31,"FaceOfCleric":74,"aspiration:EnhancedActuators":74,"aspiration:BabyByrd":74,"Ring of Peace":74,"Honey Jar":28,"Vampire_Amulet":0,"infinitespire:Chaos":74,"Red Skull":74,"Replay:Blank Codex":74,"hubris:TinFlute":74,"NeowsBlessing":0,"The Specimen":74,"Golden Idol":74,"Dead Branch":74,"hubris:SphereOfDissonance":44,"infinitespire:EmptyRelic":74,"Replay:WaspNest":34,"infinitespire:CheckeredPen":13,"Ring of Greed":74,"Odd Mushroom":22,"Cables":74,"infinitespire:EvilPickle":60,"Runic Dome":60,"conspire:GiftBox":50,"infinitespire:DarkRift":74,"ReplayTheSpireMod:Spearhead":74,"ReplayTheSpireMod:Shallot":39,"ReplayTheSpireMod:TigerMarble":31,"energizedSpire:MagnifyingGlass":74,"Membership Card":74,"ReplayTheSpireMod:Onyx Gauntlets":74,"ReplayTheSpireMod:Lightbulb":19,"FossilizedHelix":4,"hubris:OldNail":4,"Unceasing Top":74,"infinitespire:PuzzleCube":74}],"Unceasing Top":[1],"Cables":[0,0,0,0,0]},"card_choices":[{"not_picked":["Toxic_Smoke_Screen","Blood_Curse"],"picked":"Negative_Energy_Shield","floor":1},{"not_picked":["Chill_Blood","Flesh_Made_Foul"],"picked":"Negative_Energy_Javelin","floor":4},{"not_picked":["Plague_Bolt","Toxic_Smoke_Screen"],"picked":"Death_March_Dance","floor":7},{"not_picked":["Thousand_Bone_Knives","Blood_Magic"],"picked":"Bone_Bullets","floor":10},{"not_picked":["Bone_Bullets","Scare"],"picked":"Negative_Energy_Javelin","floor":12},{"not_picked":["Chill_Blood","Death_March_Dance"],"picked":"Corrupt","floor":13},{"not_picked":["Consume_Illness","Death_March_Dance"],"picked":"Blood_Is_Power","floor":14},{"not_picked":["Blood_Magic","Negative_Energy_Bomb"],"picked":"Grasp_Heart","floor":16},{"not_picked":["Bone_Bullets","Whirlwind_of_Bones","Blood_Whip+1"],"picked":"Negative_Energy_Javelin","floor":18},{"not_picked":["Death_Knell","Spectral_Walk","Bone_Armor"],"picked":"Summon_Lich","floor":22},{"not_picked":["Finger_Of_Death","Blood_Magic","Shackles_Of_Pain"],"picked":"Consume_Illness","floor":27},{"not_picked":["Thousand_Bone_Knives","Death_Coil","Slay_Living"],"picked":"Negative_Energy_Shield","floor":29},{"not_picked":["Bone_Shift+1","Pandemic","Consume_Illness"],"picked":"Negative_Energy_Shield","floor":30},{"not_picked":["Detonate_Bones","Blood_Magic"],"picked":"Negative_Energy_Bomb","floor":31},{"not_picked":["Acid_Javelin","Cloudkill","Violent_Necrosis"],"picked":"Spectral_Armor","floor":31},{"not_picked":["Negative_Energy_Bomb","Blood_Wake","Reap_The_Weak"],"picked":"Grasp_Heart","floor":33},{"not_picked":["Blood_Curse+1","Exploit+1","Blood_Is_Power"],"picked":"Shade_Step","floor":35},{"not_picked":["Shackles_Of_Pain+1","Exploit+1","Bones_to_Steel+1"],"picked":"Bone_Bullets","floor":36},{"not_picked":["Consume_Illness","Death_Coil","Plague_Bolt+1"],"picked":"Chill_Blood+1","floor":37},{"not_picked":["Death_March_Dance","Death_Coil"],"picked":"Summon_Lich","floor":45},{"not_picked":["Necrotic_Claws+1","Vampiric_Strike+1"],"picked":"Consume_Illness+1","floor":47}],"player_experience":747293,"relics_obtained":[{"floor":7,"key":"FossilizedHelix"},{"floor":9,"key":"hubris:OldNail"},{"floor":10,"key":"infinitespire:CheckeredPen"},{"floor":13,"key":"ReplayTheSpireMod:Lightbulb"},{"floor":14,"key":"Odd Mushroom"},{"floor":26,"key":"Replay:WaspNest"},{"floor":27,"key":"ReplayTheSpireMod:Shallot"},{"floor":29,"key":"hubris:SphereOfDissonance"},{"floor":31,"key":"conspire:GiftBox"},{"floor":41,"key":"Ring of Peace"},{"floor":41,"key":"Ring of Greed"},{"floor":41,"key":"Membership Card"},{"floor":41,"key":"Smiling Mask"},{"floor":42,"key":"Blue Doll"},{"floor":42,"key":"Golden Idol"},{"floor":43,"key":"hubris:TinFlute"},{"floor":47,"key":"Centennial Puzzle"}],"event_choices":[{"damage_healed":0,"gold_gain":0,"player_choice":"Entered Light","damage_taken":15,"max_hp_gain":0,"max_hp_loss":0,"event_name":"Shining Light","floor":2,"gold_loss":0,"cards_upgraded":["Strike_W","Strike_W"]},{"damage_healed":0,"gold_gain":0,"player_choice":"1 cards matched","damage_taken":0,"max_hp_gain":0,"max_hp_loss":0,"event_name":"Match and Keep!","floor":3,"gold_loss":0,"cards_obtained":["Summon_Death_Knight"]},{"damage_healed":0,"gold_gain":0,"player_choice":"Grow","damage_taken":0,"max_hp_gain":0,"max_hp_loss":0,"event_name":"Living Wall","floor":5,"gold_loss":0,"cards_upgraded":["Summon_Death_Knight"]},{"damage_healed":0,"gold_gain":0,"player_choice":"Fought Mushrooms","damage_taken":0,"max_hp_gain":0,"max_hp_loss":0,"event_name":"Mushrooms","floor":14,"gold_loss":0},{"damage_healed":0,"gold_gain":99,"player_choice":"Stole From Cult","damage_taken":0,"max_hp_gain":0,"max_hp_loss":0,"event_name":"Nest","floor":21,"gold_loss":0},{"damage_healed":0,"gold_gain":100,"player_choice":"Pray","damage_taken":0,"max_hp_gain":0,"max_hp_loss":0,"event_name":"Golden Shrine","floor":44,"gold_loss":0}],"is_beta":false,"boss_relics":[{"not_picked":["ReplayTheSpireMod:DimensionalGlitch","aspiration:SecretTechniqueScroll"],"picked":"Honey Jar"},{"not_picked":["ReplayTheSpireMod:SealedPack","Snecko Heart"],"picked":"Runic Dome"}],"items_purged_floors":[],"is_endless":false,"potions_floor_spawned":[10,13,14,16,27,31,35,36,45],"killed_by":"Spire Growth","ascension_level":3}}