{"host":"6wux4armhsntp4yb","time":1608069227,"event":{"mods":["BaseMod","Colored Map","Minty Spire (QoL Compilation)","Relic Stats"],"gold_per_floor":[363,376,395,470,189,189,218,218,218,218,143,175,175,213,213,309,309,327,352,352,352,352,352,382,382,382,411,411,429,443,6,6,83,83,99,99,99,22,22,57,57,57,129,158,158,170,202,202,202,202,202,202,202,25,58,58],"floor_reached":57,"playtime":6847,"items_purged":["Decay","Strike_G","All Out Attack","Doubt"],"score":2981,"play_id":"04229921-a45c-49bf-bfc6-22b7488aaf35","local_time":"20201216065347","is_ascension_mode":true,"campfire_choices":[{"data":"Footwork","floor":6.0,"key":"SMITH"},{"data":"Noxious Fumes","floor":8.0,"key":"SMITH"},{"data":"Well Laid Plans","floor":10.0,"key":"SMITH"},{"data":"Leg Sweep","floor":15.0,"key":"SMITH"},{"data":"Malaise","floor":23.0,"key":"SMITH"},{"data":"Concentrate","floor":25.0,"key":"SMITH"},{"data":"Expertise","floor":28.0,"key":"SMITH"},{"data":"Well Laid Plans","floor":32.0,"key":"SMITH"},{"data":"Acrobatics","floor":41.0,"key":"SMITH"},{"data":"Madness","floor":45.0,"key":"SMITH"},{"floor":49.0,"key":"RECALL"},{"data":"Blur","floor":53.0,"key":"SMITH"}],"circlet_count":0,"master_deck":["AscendersBane","Defend_G","Defend_G+1","Defend_G","Defend_G","Neutralize+1","Leg Sweep+1","Blur+1","Footwork+1","Well Laid Plans+1","Noxious Fumes+1","Predator+1","Malaise+1","Well Laid Plans+1","Corpse Explosion","Concentrate+1","Expertise+1","Venomology","Escape Plan+1","Dash+1","Acrobatics+1","Madness+1","Madness+1","Tactician+1","Chrysalis","Catalyst"],"relics":["Ring of the Snake","TwistedFunnel","Odd Mushroom","Snake Skull","Centennial Puzzle","Bloody Idol","Whetstone","Black Star","Tiny Chest","Juzu Bracelet","Molten Egg 2","Meat on the Bone","Strawberry","Membership Card","White Beast Statue","Bronze Scales","Cursed Key","Lizard Tail","Gremlin Horn","Toy Ornithopter","Potion Belt","Dream Catcher","War Paint","Vajra","Tough Bandages"],"acts_visited":["Exordium","TheCity","TheBeyond","TheEnding"],"potions_floor_usage":[56,56,56,56,56],"damage_taken":[{"damage":4.0,"enemies":"Small Slimes","floor":1.0,"turns":7.0},{"damage":0.0,"enemies":"2 Louse","floor":2.0,"turns":5.0},{"damage":2.0,"enemies":"Jaw Worm","floor":3.0,"turns":7.0},{"damage":0.0,"enemies":"The Mushroom Lair","floor":7.0,"turns":4.0},{"damage":6.0,"enemies":"3 Sentries","floor":12.0,"turns":7.0},{"damage":3.0,"enemies":"Gremlin Nob","floor":14.0,"turns":5.0},{"damage":0.0,"enemies":"Hexaghost","floor":16.0,"turns":9.0},{"damage":16.0,"enemies":"3 Byrds","floor":18.0,"turns":3.0},{"damage":2.0,"enemies":"Shell Parasite","floor":19.0,"turns":9.0},{"damage":19.0,"enemies":"Book of Stabbing","floor":24.0,"turns":8.0},{"damage":14.0,"enemies":"Gremlin Leader","floor":27.0,"turns":8.0},{"damage":0.0,"enemies":"Snecko","floor":29.0,"turns":7.0},{"damage":4.0,"enemies":"3 Cultists","floor":30.0,"turns":4.0},{"damage":14.0,"enemies":"Champ","floor":33.0,"turns":18.0},{"damage":0.0,"enemies":"3 Darklings","floor":35.0,"turns":3.0},{"damage":0.0,"enemies":"Nemesis","floor":40.0,"turns":11.0},{"damage":0.0,"enemies":"Giant Head","floor":44.0,"turns":11.0},{"damage":0.0,"enemies":"Orb Walker","floor":46.0,"turns":5.0},{"damage":3.0,"enemies":"Nemesis","floor":47.0,"turns":7.0},{"damage":8.0,"enemies":"Awakened One","floor":50.0,"turns":18.0},{"damage":12.0,"enemies":"Time Eater","floor":51.0,"turns":17.0},{"damage":56.0,"enemies":"Shield and Spear","floor":55.0,"turns":7.0},{"damage":53,"enemies":"The Heart","floor":56,"turns":9}],"seed_played":"1108142890228014719","potions_obtained":[{"floor":1.0,"key":"Explosive Potion"},{"floor":3.0,"key":"Dexterity Potion"},{"floor":12.0,"key":"ColorlessPotion"},{"floor":14.0,"key":"ColorlessPotion"},{"floor":24.0,"key":"Fire Potion"},{"floor":27.0,"key":"EssenceOfSteel"},{"floor":29.0,"key":"Weak Potion"},{"floor":33.0,"key":"Block Potion"},{"floor":35.0,"key":"CunningPotion"},{"floor":40.0,"key":"Regen Potion"},{"floor":44.0,"key":"Energy Potion"},{"floor":47.0,"key":"Fire Potion"},{"floor":55.0,"key":"ColorlessPotion"}],"is_trial":false,"path_per_floor":["M","M","M","?","$","R","?","R","T","R","?","E","?","E","R","B",null,"M","M","?","?","?","R","E","R","T","E","R","M","M","$","R","B",null,"M","?","?","$","T","E","R","?","T","E","R","M","E","?","R","B","B",null,"R","$","E","B",null],"character_chosen":"THE_SILENT","items_purchased":["TwistedFunnel","Well Laid Plans","Membership Card","White Beast Statue","Bronze Scales","Acrobatics","Chrysalis"],"campfire_rested":0,"item_purchase_floors":[5,5,31,31,31,38,54],"current_hp_per_floor":[55,55,53,42,42,42,42,42,42,42,42,36,36,33,33,33,53,37,35,35,35,35,35,21,21,21,19,19,36,49,49,49,40,60,65,65,65,65,65,67,67,55,60,65,65,67,67,67,67,59,47,62,62,62,43,27],"gold":58,"neow_bonus":"TWO_FIFTY_GOLD","is_daily":false,"chose_seed":false,"campfire_upgraded":11,"win_rate":0.0,"timestamp":1608069227,"path_taken":["M","M","M","?","$","R","?","R","T","R","?","E","?","E","R","BOSS","M","M","?","?","?","R","E","R","T","E","R","M","M","$","R","BOSS","BOSS","M","?","?","?","?","E","R","?","T","E","R","M","E","?","R","BOSS","BOSS","R","$","E","BOSS"],"items_purchased_type":["Relic","Card","Relic","Relic","Relic","Card","Card"],"build_version":"2020-12-13","purchased_purges":4,"victory":true,"max_hp_per_floor":[66,66,66,66,66,66,66,66,66,66,66,66,60,60,60,60,60,60,60,60,60,60,60,60,60,60,67,67,67,67,67,67,67,67,67,67,67,67,67,67,67,67,67,67,67,67,67,67,67,67,67,67,67,67,67,67],"relic_stats":{"Gremlin Horn":[3,3],"counters":[23,189],"Snake Skull":[228],"Juzu Bracelet":2,"Whetstone":["Neutralize","Predator"],"War Paint":["Defend_G","Madness"],"Cursed Key":1,"Centennial Puzzle":[36],"Lizard Tail":0,"Dream Catcher":0,"Tough Bandages":[72],"Bloody Idol":52,"Bronze Scales":[473],"Tiny Chest":1,"Black Star":6,"obtain_stats":[{"TwistedFunnel":5,"Gremlin Horn":40,"Vajra":55,"Snake Skull":9,"Juzu Bracelet":24,"Whetstone":14,"Cursed Key":34,"Centennial Puzzle":12,"Lizard Tail":40,"Dream Catcher":47,"Tough Bandages":55,"Strawberry":27,"Tiny Chest":24,"Ring of the Snake":0,"Potion Belt":44,"Golden Idol":13,"Odd Mushroom":7,"War Paint":47,"White Beast Statue":31,"Bloody Idol":22,"Bronze Scales":31,"Molten Egg 2":26,"Black Star":17,"Membership Card":31,"Toy Ornithopter":44,"Meat on the Bone":27},{"TwistedFunnel":3,"Gremlin Horn":16,"Vajra":22,"Snake Skull":4,"Juzu Bracelet":10,"Whetstone":6,"Cursed Key":14,"Centennial Puzzle":5,"Lizard Tail":16,"Dream Catcher":19,"Tough Bandages":22,"Strawberry":11,"Tiny Chest":10,"Ring of the Snake":0,"Potion Belt":17,"Golden Idol":5,"Odd Mushroom":4,"War Paint":19,"White Beast Statue":13,"Bloody Idol":9,"Bronze Scales":13,"Molten Egg 2":10,"Black Star":7,"Membership Card":13,"Toy Ornithopter":17,"Meat on the Bone":11},{"TwistedFunnel":19,"Gremlin Horn":115,"Vajra":180,"Snake Skull":23,"Juzu Bracelet":64,"Whetstone":35,"Cursed Key":101,"Centennial Puzzle":30,"Lizard Tail":115,"Dream Catcher":138,"Tough Bandages":180,"Strawberry":72,"Tiny Chest":64,"Ring of the Snake":0,"Potion Belt":126,"Golden Idol":30,"Odd Mushroom":23,"War Paint":138,"White Beast Statue":83,"Bloody Idol":56,"Bronze Scales":83,"Molten Egg 2":64,"Black Star":44,"Membership Card":83,"Toy Ornithopter":126,"Meat on the Bone":72}],"Toy Ornithopter":30,"Ring of the Snake":[46],"Meat on the Bone":48},"card_choices":[{"not_picked":["All Out Attack","Masterful Stab"],"picked":"Leg Sweep","floor":1.0},{"not_picked":["Poisoned Stab","Accuracy"],"picked":"Blur","floor":2.0},{"not_picked":["Outmaneuver","Well Laid Plans"],"picked":"Footwork","floor":3.0},{"not_picked":["Riddle With Holes","Slice"],"picked":"Noxious Fumes","floor":7.0},{"not_picked":["Slice","Skewer","Underhanded Strike"],"picked":"SKIP","floor":12.0},{"not_picked":["Outmaneuver","Dagger Throw"],"picked":"Predator","floor":14.0},{"not_picked":["Storm of Steel","Night Terror"],"picked":"Malaise","floor":16.0},{"not_picked":["Choke","Underhanded Strike","Deadly Poison"],"picked":"SKIP","floor":18.0},{"not_picked":["Acrobatics","Terror"],"picked":"Well Laid Plans","floor":19.0},{"not_picked":["Cloak And Dagger","Slice"],"picked":"Concentrate","floor":24.0},{"not_picked":["A Thousand Cuts","Bane+1"],"picked":"Expertise","floor":27.0},{"not_picked":["Masterful Stab+1","Predator+1","Deflect"],"picked":"SKIP","floor":29.0},{"not_picked":["Terror","Poisoned Stab+1","Infinite Blades"],"picked":"SKIP","floor":30.0},{"not_picked":["Envenom","A Thousand Cuts"],"picked":"Venomology","floor":33.0},{"not_picked":["Calculated Gamble","Bane+1"],"picked":"Escape Plan+1","floor":35.0},{"not_picked":["Acrobatics","Eviscerate+1","Caltrops"],"picked":"SKIP","floor":40.0},{"not_picked":["Endless Agony+1","A Thousand Cuts","Noxious Fumes"],"picked":"SKIP","floor":44.0},{"not_picked":["Quick Slash+1","Predator+1","Poisoned Stab+1"],"picked":"SKIP","floor":46.0},{"not_picked":["Eviscerate+1","Dodge and Roll"],"picked":"Tactician+1","floor":47.0},{"not_picked":["Dagger Spray+1","Flying Knee+1"],"picked":"Catalyst","floor":55.0}],"player_experience":5644600,"relics_obtained":[{"floor":7.0,"key":"Odd Mushroom"},{"floor":9.0,"key":"Snake Skull"},{"floor":12.0,"key":"Centennial Puzzle"},{"floor":14.0,"key":"Whetstone"},{"floor":24.0,"key":"Tiny Chest"},{"floor":24.0,"key":"Juzu Bracelet"},{"floor":26.0,"key":"Molten Egg 2"},{"floor":27.0,"key":"Meat on the Bone"},{"floor":27.0,"key":"Strawberry"},{"floor":40.0,"key":"Lizard Tail"},{"floor":40.0,"key":"Gremlin Horn"},{"floor":44.0,"key":"Toy Ornithopter"},{"floor":44.0,"key":"Potion Belt"},{"floor":47.0,"key":"Dream Catcher"},{"floor":47.0,"key":"War Paint"},{"floor":55.0,"key":"Vajra"},{"floor":55.0,"key":"Tough Bandages"}],"event_choices":[{"damage_healed":0.0,"max_hp_gain":0.0,"max_hp_loss":0.0,"gold_gain":75.0,"event_name":"World of Goop","player_choice":"Gather Gold","floor":4.0,"gold_loss":0.0,"damage_taken":11.0},{"damage_healed":0.0,"max_hp_gain":0.0,"max_hp_loss":0.0,"gold_gain":0.0,"event_name":"Mushrooms","player_choice":"Fought Mushrooms","floor":7.0,"gold_loss":0.0,"damage_taken":0.0},{"cards_removed":["Strike_G"],"damage_healed":0.0,"max_hp_gain":0.0,"max_hp_loss":0.0,"gold_gain":0.0,"event_name":"The Cleric","player_choice":"Card Removal","floor":11.0,"gold_loss":75.0,"damage_taken":0.0},{"damage_healed":0.0,"max_hp_gain":0.0,"max_hp_loss":6.0,"gold_gain":0.0,"event_name":"Golden Idol","player_choice":"Lose Max HP","floor":13.0,"gold_loss":0.0,"damage_taken":0.0,"relics_obtained":["Golden Idol"]},{"damage_healed":0.0,"max_hp_gain":0.0,"max_hp_loss":0.0,"gold_gain":0.0,"event_name":"Ghosts","player_choice":"Ignored","floor":20.0,"gold_loss":0.0,"damage_taken":0.0},{"damage_healed":0.0,"max_hp_gain":0.0,"max_hp_loss":0.0,"gold_gain":0.0,"cards_transformed":["Strike_G","Strike_G"],"event_name":"Drug Dealer","player_choice":"Became Test Subject","floor":21.0,"gold_loss":0.0,"damage_taken":0.0,"cards_obtained":["All Out Attack","Corpse Explosion"]},{"damage_healed":0.0,"max_hp_gain":0.0,"max_hp_loss":0.0,"gold_gain":0.0,"event_name":"Forgotten Altar","player_choice":"Gave Idol","floor":22.0,"relics_lost":["Golden Idol"],"gold_loss":0.0,"damage_taken":0.0,"relics_obtained":["Bloody Idol"]},{"damage_healed":0.0,"max_hp_gain":0.0,"max_hp_loss":0.0,"gold_gain":0.0,"cards_transformed":["Strike_G"],"event_name":"Transmorgrifier","player_choice":"Transformed","floor":36.0,"gold_loss":0.0,"damage_taken":0.0,"cards_obtained":["Dash"]},{"cards_removed":["Defend_G"],"damage_healed":0.0,"max_hp_gain":0.0,"max_hp_loss":0.0,"gold_gain":0.0,"event_name":"Bonfire Elementals","player_choice":"Offered Basic","floor":37.0,"gold_loss":0.0,"damage_taken":0.0},{"damage_healed":0.0,"max_hp_gain":0.0,"max_hp_loss":0.0,"gold_gain":0.0,"event_name":"Winding Halls","player_choice":"Embrace Madness","floor":42.0,"gold_loss":0.0,"damage_taken":12.0,"cards_obtained":["Madness","Madness"]},{"cards_removed":["Survivor"],"damage_healed":0.0,"max_hp_gain":0.0,"max_hp_loss":0.0,"gold_gain":0.0,"event_name":"Falling","player_choice":"Removed Skill","floor":48.0,"gold_loss":0.0,"damage_taken":0.0}],"is_beta":false,"boss_relics":[{"not_picked":["Pandora\u0027s Box","Fusion Hammer"],"picked":"Black Star"},{"not_picked":["Philosopher\u0027s Stone","Astrolabe"],"picked":"Cursed Key"}],"items_purged_floors":[5,31,38,54],"is_endless":false,"potions_floor_spawned":[1,3,12,14,16,24,27,29,33,35,40,44,46,47,55],"ascension_level":20}}