{"host":"ek3xvuouaw6vk9if","time":1608075140,"event":{"mods":["BaseMod","Downfall","Minty Spire (QoL Compilation)","Permanent Neow","Quick Restart","Replay The Spire","StSLib"],"gold_per_floor":[99,109,109,109,123,123,123,157,168,203,222,17,29,29,40,138,138,138,138,167,183,213,244,311,323,363,300,412,444,441,471,497,607,619,631,660,684,260,260,274,327,327,252,277,64,64,82,98,116,116],"floor_reached":51,"playtime":5802,"items_purged":["champ:Defend","Parasite"],"score":874,"play_id":"8f07fb32-81ec-43d9-b631-96f3cfa61fef","local_time":"20201215183220","is_ascension_mode":false,"campfire_choices":[{"data":"champ:SteelEdge","floor":1.0,"key":"SMITH"},{"data":"champ:SkillfulDodge","floor":3.0,"key":"SMITH"},{"data":"champ:GutPunch","floor":6.0,"key":"SMITH"},{"data":"champ:HeavySlash","floor":18.0,"key":"SMITH"},{"data":"champ:Lariat","floor":25.0,"key":"SMITH"},{"data":"champ:Circumvent","floor":27.0,"key":"SMITH"},{"floor":35,"key":"RECALL"},{"data":"Replay:SS_forest_6","floor":43,"key":"SMITH"}],"circlet_count":0,"master_deck":["champ:Strike","champ:Strike","champ:Strike","champ:Defend","champ:Defend","champ:Execute","champ:Taunt","champ:SteelEdge+1","champ:SkillfulDodge+1","champ:GutPunch+1","champ:DefensiveStyle","champ:Backstep","champ:LastStand","champ:DefensiveShout","champ:SkillfulDodge","Apotheosis","champ:Circumvent+1","champ:HeavySlash+1","champ:FalseCounter","champ:Lariat+1","champ:Lariat+1","champ:HoldFirm","champ:BringItOn+1","champ:EnGarde","champ:HeavySlash","champ:DefensiveShout+1","champ:StanceDance+1","champ:HoldFirm","Replay:SS_forest_6+1","champ:StanceDance","Parasite","champ:FocusedDefense"],"relics":["champ:ChampionCrown","Vajra","StrikeDummy","Ancient Tea Set","Snecko Eye","Happy Flower","MawBank","ReplayTheSpireMod:TigerMarble","Thread and Needle","downfall:HeartBlessingGreen","champ:BlackKnightHelmet","The Courier","Sozu","Pondfish Scales","Boot","Strawberry","downfall:HeartBlessingRed","Toy Ornithopter","ClockworkSouvenir","Lantern","Torii"],"acts_visited":["Exordium","TheCity","TheBeyond"],"potions_floor_usage":[33,33],"damage_taken":[{"damage":7.0,"enemies":"2 Louse","floor":2.0,"turns":3.0},{"damage":5.0,"enemies":"Cultist","floor":5.0,"turns":5.0},{"damage":44.0,"enemies":"Lagavulin","floor":8.0,"turns":8.0},{"damage":0.0,"enemies":"Small Slimes","floor":9.0,"turns":3.0},{"damage":21.0,"enemies":"Gremlin Nob","floor":10.0,"turns":4.0},{"damage":8.0,"enemies":"3 Louse","floor":11.0,"turns":4.0},{"damage":5.0,"enemies":"downfall:FleeingMerchant","floor":12.0,"turns":4.0},{"damage":19.0,"enemies":"Large Slime","floor":13.0,"turns":5.0},{"damage":6.0,"enemies":"Exordium Wildlife","floor":15.0,"turns":4.0},{"damage":12.0,"enemies":"downfall:Defect","floor":16.0,"turns":8.0},{"damage":12.0,"enemies":"Gremlin Leader","floor":20.0,"turns":5.0},{"damage":0.0,"enemies":"Chosen","floor":21.0,"turns":2.0},{"damage":17.0,"enemies":"Replay:Snechameleon","floor":22.0,"turns":4.0},{"damage":1.0,"enemies":"Snecko","floor":23.0,"turns":4.0},{"damage":10.0,"enemies":"Slavers","floor":26.0,"turns":3.0},{"damage":32.0,"enemies":"Slavers","floor":28.0,"turns":7.0},{"damage":0.0,"enemies":"Shelled Parasite and Fungi","floor":29.0,"turns":4.0},{"damage":6.0,"enemies":"downfall:FleeingMerchant","floor":30.0,"turns":4.0},{"damage":14,"enemies":"Centurion and Healer","floor":31,"turns":4},{"damage":8,"enemies":"Sentry and Sphere","floor":32,"turns":4},{"damage":3,"enemies":"downfall:Ironclad","floor":33,"turns":6},{"damage":0,"enemies":"3 Shapes","floor":36,"turns":4},{"damage":5,"enemies":"3 Darklings","floor":37,"turns":7},{"damage":13,"enemies":"downfall:FleeingMerchant","floor":38,"turns":4},{"damage":0,"enemies":"Transient","floor":40,"turns":5},{"damage":20,"enemies":"Reptomancer","floor":44,"turns":5},{"damage":0,"enemies":"downfall:FleeingMerchant","floor":45,"turns":1},{"damage":0,"enemies":"Writhing Mass","floor":47,"turns":4},{"damage":16,"enemies":"Sphere and 2 Shapes","floor":48,"turns":6},{"damage":12,"enemies":"4 Shapes","floor":49,"turns":4},{"damage":8,"enemies":"downfall:Watcher","floor":50,"turns":7}],"seed_played":"65909203888296234","potions_obtained":[{"floor":2.0,"key":"ColorlessPotion"},{"floor":4.0,"key":"DistilledChaos"},{"floor":4.0,"key":"hexamod:EctoCoolerPotion"},{"floor":8.0,"key":"LifebloodPotion"},{"floor":11.0,"key":"LiquidMemories"},{"floor":16.0,"key":"Venom Potion"},{"floor":21.0,"key":"LiquidBronze"},{"floor":23.0,"key":"Strength Potion"},{"floor":28.0,"key":"SteroidPotion"}],"is_trial":false,"path_per_floor":["R","M","R","?","M","R","T","E","M","E","M","$","M","?","M","B",null,"R","?","E","M","E","M","T","R","E","R","?","M","$","M","M","B",null,"R","M","M","$","?","M","T","T","R","E","$","?","M","M","M","B",null],"character_chosen":"THE_CHAMP","items_purchased":["Apotheosis","champ:HoldFirm","Pondfish Scales","ClockworkSouvenir","Lantern","Torii"],"campfire_rested":0,"item_purchase_floors":[12,38,38,45,45,45],"current_hp_per_floor":[90,88,88,88,88,88,88,62,72,54,51,51,42,42,36,24,90,90,90,90,90,78,77,77,77,77,77,45,45,55,47,54,54,90,90,90,90,85,85,90,90,97,97,87,87,87,87,83,93,94],"gold":116,"neow_bonus":"THREE_RARE_CARDS","is_daily":false,"chose_seed":false,"campfire_upgraded":7,"win_rate":0.0,"timestamp":1608075140,"path_taken":["R","M","R","?","M","R","T","E","?","E","M","$","M","?","M","BOSS","R","?","E","M","E","M","T","R","E","R","?","M","$","M","M","BOSS","R","M","M","$","?","M","T","?","R","E","$","?","?","M","M","BOSS"],"items_purchased_type":["Card","Card","Relic","Relic","Relic","Relic"],"build_version":"2020-12-13","purchased_purges":2,"victory":true,"max_hp_per_floor":[90,90,90,90,90,90,90,90,90,90,90,90,90,90,90,90,90,90,90,90,90,90,90,90,90,90,90,90,90,90,90,90,90,90,90,90,90,90,90,90,90,97,97,97,94,94,94,94,94,94],"card_choices":[{"not_picked":["champ:VampiricStrike","champ:ShieldThrow"],"picked":"champ:SteelEdge","floor":0.0},{"not_picked":["champ:EnragedBash","champ:RecklessLeap"],"picked":"champ:SkillfulDodge","floor":2.0},{"not_picked":["champ:AdrenalArmor","champ:PerfectedStrike"],"picked":"champ:GutPunch","floor":5.0},{"not_picked":["champ:PreciseThrust","champ:Devastate"],"picked":"champ:DefensiveStyle","floor":8.0},{"not_picked":["champ:BringItOn","champ:PreciseThrust"],"picked":"champ:Backstep","floor":9.0},{"not_picked":["champ:PreciseThrust","champ:HeartStrike"],"picked":"champ:LastStand","floor":10.0},{"not_picked":["champ:BerserkerStyle","champ:BladeFlurry"],"picked":"champ:DefensiveShout","floor":11.0},{"not_picked":["champ:DeathBlow","champ:FanOfKnives"],"picked":"champ:SkillfulDodge","floor":12.0},{"not_picked":["champ:ArenaPreparation","champ:FlashCut","champ:StanceDance"],"picked":"SKIP","floor":13.0},{"not_picked":["champ:BringItOn","champ:TornadoPunch"],"picked":"champ:Circumvent","floor":15.0},{"not_picked":["champ:ShieldThrow","champ:LastStand"],"picked":"champ:HeavySlash","floor":16.0},{"not_picked":["champ:Encircle+1","champ:FlashCut","champ:AdrenalArmor"],"picked":"SKIP","floor":20.0},{"not_picked":["champ:BringItOn","champ:DefensiveShout"],"picked":"champ:FalseCounter","floor":21.0},{"not_picked":["champ:BladeFlurry","champ:Riposte+1","champ:GladiatorsShout"],"picked":"SKIP","floor":22.0},{"not_picked":["champ:RisingSlash","champ:Circumvent"],"picked":"champ:Lariat","floor":23.0},{"not_picked":["champ:BringItOn","champ:Circumvent"],"picked":"champ:Lariat+1","floor":26.0},{"not_picked":["champ:RapidStrikes+1","champ:FlashCut+1","champ:BladeFlurry"],"picked":"SKIP","floor":29.0},{"not_picked":["champ:BladeFlurry","champ:Haymaker+1"],"picked":"champ:HoldFirm","floor":30},{"not_picked":["champ:DefensiveShout","champ:PerfectedStrike"],"picked":"champ:BringItOn+1","floor":31},{"not_picked":["champ:Circumvent","champ:DeathBlow"],"picked":"champ:EnGarde","floor":32},{"not_picked":["champ:StrikeOfGenius","champ:MurderStrike"],"picked":"champ:HeavySlash","floor":33},{"not_picked":["champ:BladeFlurry+1","champ:FocusedGladiator+1","champ:Encircle"],"picked":"SKIP","floor":36},{"not_picked":["champ:FlashCut","champ:RecklessLeap"],"picked":"champ:DefensiveShout+1","floor":37},{"not_picked":["champ:HeartStrike","champ:PreciseThrust+1"],"picked":"champ:StanceDance+1","floor":38},{"not_picked":["expansioncontent:BronzeBeam","expansioncontent:Collect"],"picked":"Replay:SS_forest_6","floor":39},{"not_picked":["champ:BringItOn","champ:BerserkersShout","champ:IronFortress+1"],"picked":"SKIP","floor":40},{"not_picked":["champ:FanOfKnives+1","champ:RapidStrikes","champ:CrookedStrike"],"picked":"SKIP","floor":44},{"not_picked":["champ:StanceDance","champ:Improvising","champ:BringItOn+1"],"picked":"SKIP","floor":45},{"not_picked":["champ:TornadoPunch+1","champ:Shatter","champ:Encircle+1"],"picked":"SKIP","floor":47},{"not_picked":["champ:GladiatorsShout","champ:DefensiveShout","champ:GladiatorStyle+1"],"picked":"SKIP","floor":48},{"not_picked":["champ:PerfectedStrike+1","champ:EnragedBash"],"picked":"champ:FocusedDefense","floor":49}],"player_experience":675303,"relics_obtained":[{"floor":7.0,"key":"Vajra"},{"floor":8.0,"key":"StrikeDummy"},{"floor":10.0,"key":"Ancient Tea Set"},{"floor":20.0,"key":"Happy Flower"},{"floor":22.0,"key":"MawBank"},{"floor":24.0,"key":"ReplayTheSpireMod:TigerMarble"},{"floor":26.0,"key":"Thread and Needle"},{"floor":28.0,"key":"champ:BlackKnightHelmet"},{"floor":28.0,"key":"The Courier"},{"floor":41,"key":"Boot"},{"floor":42,"key":"Strawberry"},{"floor":44,"key":"Toy Ornithopter"}],"event_choices":[{"damage_healed":0.0,"max_hp_gain":0.0,"max_hp_loss":0.0,"gold_gain":0.0,"event_name":"Lab","player_choice":"Got Potions","floor":4.0,"gold_loss":0.0,"damage_taken":0.0},{"damage_healed":0,"gold_gain":0,"cards_transformed":["champ:Defend"],"player_choice":"Transformed","damage_taken":0,"max_hp_gain":0,"max_hp_loss":0,"event_name":"Transmorgrifier","floor":46,"gold_loss":0,"cards_obtained":["champ:StanceDance"]}],"is_beta":false,"boss_relics":[{"not_picked":["Replay:Wanted Poster","SacredBark"],"picked":"Snecko Eye"},{"not_picked":["SlaversCollar","Abe\u0027s Treasure"],"picked":"Sozu"}],"items_purged_floors":[38,45],"is_endless":false,"potions_floor_spawned":[2,8,11,15,16,21,22,23,28,29,32,40,44,47,48],"ascension_level":0}}