{"host":"cyh4fejqtcjbfr7k","time":1608017449,"event":{"mods":["2.2 Compatiblity","AchievementEnabler","BaseMod","Colored Map","Colored Powertips","DeckTracker","Downfall","Googly Eyes","Hubris","Infinite Spire","Minty Spire (QoL Compilation)","Replay The Spire","Shop Mod","StSLib","SuperFastMode","The Disciple","Unceasing Turn Reminder"],"gold_per_floor":[115,115,115,129,140,169,169,202,226,226,226,226,258,268,268,370,370,388,388,388,388,388,388,418,418,418,418,438,438,438,458,458,557,557,567,567,191,191,191],"floor_reached":38,"playtime":1708,"items_purged":["Decay"],"score":447,"play_id":"90b2ceb0-6f9d-4634-8902-59e1adc8e48f","local_time":"20201215003049","is_ascension_mode":true,"campfire_choices":[{"floor":7,"key":"REST"},{"floor":10,"key":"REST"},{"data":"1","floor":12,"key":"LIFT"},{"floor":15,"key":"REST"},{"data":"2","floor":23,"key":"LIFT"},{"floor":25,"key":"REST"},{"floor":27,"key":"REST"},{"floor":32,"key":"REST"}],"circlet_count":0,"master_deck":["Strike_R","Strike_R","Strike_R","Strike_R","Strike_R","Defend_R","Defend_R","Defend_R","Defend_R","Bash+1","Body Slam","Pummel","Inflame+1","Dropkick","Twin Strike","Juggernaut","Flex","Demon Form+1","Ghostly Armor","Armaments","Shrug It Off","Demon Form+1","Inflame+1"],"relics":["Burning Blood","WingedGreaves","Girya","ReplayTheSpireMod:TigerMarble","ReplayTheSpireMod:Spearhead","hubris:SlimyHat","Black Star","Membership Card","hubris:Towel","hubris:MedicalManual","hubris:ToyBattleship","HornCleat","BargainBundle","Meat on the Bone","Champion Belt"],"acts_visited":["Exordium","TheCity","TheBeyond"],"potions_floor_usage":[24,33,33,33,38,38,38,38],"damage_taken":[{"damage":9,"enemies":"2 Louse","floor":1,"turns":2},{"damage":14,"enemies":"Jaw Worm","floor":4,"turns":4},{"damage":0,"enemies":"Small Slimes","floor":5,"turns":2},{"damage":31,"enemies":"Lagavulin","floor":6,"turns":5},{"damage":34,"enemies":"3 Sentries","floor":8,"turns":10},{"damage":18,"enemies":"Lagavulin","floor":13,"turns":3},{"damage":17,"enemies":"Exordium Thugs","floor":14,"turns":3},{"damage":47,"enemies":"Slime Boss","floor":16,"turns":10},{"damage":12,"enemies":"Chosen","floor":18,"turns":3},{"damage":61,"enemies":"Slavers","floor":24,"turns":7},{"damage":21,"enemies":"Spheric Guardian","floor":28,"turns":4},{"damage":11,"enemies":"3 Cultists","floor":31,"turns":5},{"damage":70,"enemies":"Collector","floor":33,"turns":10},{"damage":21,"enemies":"3 Shapes","floor":35,"turns":9},{"damage":66,"enemies":"3 Darklings","floor":38,"turns":6}],"seed_played":"2804304613228612747","potions_obtained":[{"floor":1,"key":"infinitespire:BlackPotion"},{"floor":4,"key":"DistilledChaos"},{"floor":6,"key":"Elixir"},{"floor":31,"key":"Swift Potion"},{"floor":33,"key":"ElixirPotion"},{"floor":35,"key":"SkillPotion"}],"is_trial":false,"path_per_floor":["M","?","T","M","M","E","R","E","T","R","?","R","E","M","R","B",null,"M","?","$","?","?","R","E","R","T","R","M","?","?","M","R","B",null,"M","?","$","M"],"character_chosen":"IRONCLAD","items_purchased":["Membership Card","BargainBundle","Meat on the Bone","Champion Belt","EntropicBrew"],"campfire_rested":6,"item_purchase_floors":[20,37,37,37,37],"current_hp_per_floor":[77,77,77,69,75,50,74,46,46,70,70,70,68,57,80,39,80,74,74,64,64,64,64,9,33,33,57,42,42,68,63,80,16,80,65,65,65,0,0],"gold":191,"neow_bonus":"UPGRADE_CARD","is_daily":false,"chose_seed":false,"campfire_upgraded":0,"win_rate":0.0,"timestamp":1608017449,"path_taken":["M","?","?","M","?","E","R","E","T","R","?","R","E","M","R","BOSS","M","?","?","?","?","R","E","R","T","R","?","?","?","M","R","BOSS","M","?","$","?"],"items_purchased_type":["Relic","Relic","Relic","Relic","Potion"],"build_version":"2020-12-13","purchased_purges":1,"victory":false,"max_hp_per_floor":[80,80,80,80,80,80,80,80,80,80,80,80,80,80,80,80,80,80,80,80,80,80,80,80,80,80,80,80,80,80,80,80,80,80,80,80,80,80,80],"card_choices":[{"not_picked":["Thunderclap","Clash"],"picked":"Body Slam","floor":1},{"not_picked":["Headbutt","Uppercut"],"picked":"Pummel","floor":4},{"not_picked":["Twin Strike","True Grit"],"picked":"Inflame","floor":5},{"not_picked":["Perfected Strike","Hemogenesis"],"picked":"Dropkick","floor":6},{"not_picked":["Replay:Undeath\u0027s Touch","Massacre"],"picked":"Twin Strike","floor":8},{"not_picked":["Shrug It Off","Wild Strike"],"picked":"Juggernaut","floor":13},{"not_picked":["Pommel Strike","Massacre"],"picked":"Flex","floor":14},{"not_picked":["Immolate","Hemogenesis"],"picked":"Demon Form","floor":16},{"not_picked":["Wild Strike","Cleave+1"],"picked":"Ghostly Armor","floor":18},{"not_picked":["Feel No Pain+1","Havoc+1","Bludgeon"],"picked":"SKIP","floor":24},{"not_picked":["Clash","Feel No Pain"],"picked":"Armaments","floor":28},{"not_picked":["ReplayTheSpireMod:Strike From Hell","Body Slam"],"picked":"Shrug It Off","floor":31},{"not_picked":["hubris:StunningStrike","Demonic Infusion"],"picked":"Demon Form","floor":33},{"not_picked":["Havoc+1","Cleave"],"picked":"Inflame+1","floor":35}],"player_experience":580298,"relics_obtained":[{"floor":3,"key":"WingedGreaves"},{"floor":6,"key":"Girya"},{"floor":8,"key":"ReplayTheSpireMod:TigerMarble"},{"floor":9,"key":"ReplayTheSpireMod:Spearhead"},{"floor":13,"key":"hubris:SlimyHat"},{"floor":24,"key":"hubris:MedicalManual"},{"floor":24,"key":"hubris:ToyBattleship"},{"floor":26,"key":"HornCleat"}],"event_choices":[{"damage_healed":0,"gold_gain":0,"player_choice":"Upgraded","damage_taken":0,"max_hp_gain":0,"max_hp_loss":0,"event_name":"Upgrade Shrine","floor":11,"gold_loss":0,"cards_upgraded":["Inflame"]},{"damage_healed":0,"gold_gain":0,"player_choice":"Upgraded","damage_taken":0,"max_hp_gain":0,"max_hp_loss":0,"event_name":"Upgrade Shrine","floor":19,"gold_loss":0,"cards_upgraded":["Demon Form"]},{"damage_healed":0,"gold_gain":0,"player_choice":"Smashed Altar","damage_taken":0,"max_hp_gain":0,"max_hp_loss":0,"event_name":"Forgotten Altar","floor":21,"gold_loss":0,"cards_obtained":["Decay"]},{"damage_healed":0,"gold_gain":0,"player_choice":"Ignored","damage_taken":0,"max_hp_gain":0,"max_hp_loss":0,"event_name":"Beggar","floor":29,"gold_loss":0},{"damage_healed":26,"gold_gain":0,"player_choice":"Heal","damage_taken":0,"max_hp_gain":0,"max_hp_loss":0,"event_name":"The Library","floor":30,"gold_loss":0},{"damage_healed":0,"gold_gain":0,"player_choice":"Upgraded","damage_taken":0,"max_hp_gain":0,"max_hp_loss":0,"event_name":"Upgrade Shrine","floor":36,"gold_loss":0,"cards_upgraded":["Demon Form"]}],"is_beta":false,"boss_relics":[{"not_picked":["infinitespire:Burning Sword","hubris:Backtick"],"picked":"Black Star"},{"not_picked":["Ooze Armor","ReplayTheSpireMod:DimensionalGlitch","Replay:Grab Bag"]}],"items_purged_floors":[37],"is_endless":false,"potions_floor_spawned":[1,4,6,31,33,35],"killed_by":"3 Darklings","ascension_level":2}}