{"host":"udyc8f81k2jocuhg","time":1608045695,"event":{"mods":["2.2 Compatiblity","BaseMod","Better Third Choice","Colored Powertips","Conspire","Custom Start","GifTheSpireLib","Hermit","Minty Spire (QoL Compilation)","Permanent Neow","Quick Restart","Relic Filter","Relic Stats","Replay The Spire","Shop Mod","Spikes Relics","StSLib","Stuff the Spire"],"gold_per_floor":[361,375,387,17,28,63,63,76,76,76,76],"floor_reached":10,"playtime":490,"items_purged":[],"score":123,"play_id":"385187cf-a3f3-439f-a75a-a7c4718d02d0","local_time":"20201215162135","is_ascension_mode":true,"campfire_choices":[{"data":"Caltrops","floor":7.0,"key":"SMITH"}],"circlet_count":0,"master_deck":["AscendersBane","Strike_G","Strike_G","Strike_G","Strike_G","Strike_G","Defend_G","Defend_G","Defend_G","Defend_G","Defend_G","Survivor","Neutralize","Cloak And Dagger","Well Laid Plans","Caltrops+1","After Image"],"relics":["Ring of the Snake","Vampiric Spirits","White Beast Statue","SnailShell"],"acts_visited":["Exordium"],"potions_floor_usage":[10],"damage_taken":[{"damage":1.0,"enemies":"Small Slimes","floor":1.0,"turns":4.0},{"damage":0.0,"enemies":"Cultist","floor":2.0,"turns":4.0},{"damage":3.0,"enemies":"2 Louse","floor":3.0,"turns":3.0},{"damage":0.0,"enemies":"Looter","floor":5.0,"turns":5.0},{"damage":10.0,"enemies":"Replay:BlueRogue","floor":6.0,"turns":12.0},{"damage":23.0,"enemies":"Exordium Thugs","floor":8.0,"turns":6.0},{"damage":15,"enemies":"Gremlin Nob","floor":10,"turns":5}],"seed_played":"-909376654031385842","potions_obtained":[{"floor":3.0,"key":"Strength Potion"},{"floor":6.0,"key":"Doom Potion"},{"floor":8.0,"key":"LifebloodPotion"}],"is_trial":false,"path_per_floor":["M","M","M","$","M","E","R","M","T","E"],"character_chosen":"THE_SILENT","items_purchased":["Vampiric Spirits","Well Laid Plans"],"campfire_rested":0,"item_purchase_floors":[4,4],"current_hp_per_floor":[43,43,40,40,41,32,32,11,11,0,0],"gold":76,"neow_bonus":"TWO_FIFTY_GOLD","is_daily":false,"chose_seed":false,"campfire_upgraded":1,"win_rate":0.0,"timestamp":1608045695,"path_taken":["M","M","M","$","M","E","R","M","T","E"],"items_purchased_type":["Relic","Card"],"build_version":"2020-11-30","purchased_purges":0,"victory":false,"max_hp_per_floor":[66,66,66,66,66,66,66,66,66,66,66],"relic_stats":{"counters":[7,39],"obtain_stats":[{"SnailShell":9,"Vampiric Spirits":4,"White Beast Statue":6,"Ring of the Snake":0},{"SnailShell":6,"Vampiric Spirits":3,"White Beast Statue":5,"Ring of the Snake":0},{"SnailShell":34,"Vampiric Spirits":11,"White Beast Statue":28,"Ring of the Snake":0}],"Ring of the Snake":[14]},"card_choices":[{"not_picked":["Dodge and Roll","PiercingWail"],"picked":"Cloak And Dagger","floor":1.0},{"not_picked":["Deadly Poison","StuffTheSpire:BumpUp","InfectiousVector"],"picked":"SKIP","floor":2.0},{"not_picked":["Quick Slash","StuffTheSpire:ClusterCrunch","Distraction"],"picked":"SKIP","floor":3.0},{"not_picked":["Sucker Punch","Toxin Wave"],"picked":"Caltrops","floor":5.0},{"not_picked":["Underhanded Strike","StuffTheSpire:Injection","Prepared"],"picked":"SKIP","floor":6.0},{"not_picked":["Dash","Deadly Poison"],"picked":"After Image","floor":8.0}],"player_experience":1909876,"relics_obtained":[{"floor":6.0,"key":"White Beast Statue"},{"floor":9.0,"key":"SnailShell"}],"event_choices":[],"is_beta":false,"boss_relics":[],"items_purged_floors":[],"is_endless":false,"potions_floor_spawned":[3,6,8],"killed_by":"Gremlin Nob","ascension_level":15}}