{"host":"bg8va46pgqgvtzim","time":1608040056,"event":{"mods":["BaseMod","Minty Spire (QoL Compilation)","Quick Restart","StSLib","SuperFastMode"],"gold_per_floor":[118,118,118,131,142,142,152,152,177,177,188,138,138,165,165,265,265,284,284,301,301,320,348,348,365,388,402,412,412,445,458,458,563,563,579,579,599,524,524,524,554,554,554,572,598,609,644,387,387,387,387,387,21,52,52],"floor_reached":56,"playtime":2012,"items_purged":["Strike_G","Decay","Strike_G"],"score":1667,"play_id":"b3288d86-efd9-4006-a7f9-37b02165c324","local_time":"20201215214736","is_ascension_mode":true,"campfire_choices":[{"data":"Eviscerate","floor":6.0,"key":"SMITH"},{"data":"Prepared","floor":10.0,"key":"SMITH"},{"data":"Acrobatics","floor":13.0,"key":"SMITH"},{"data":"Neutralize","floor":15.0,"key":"SMITH"},{"data":"Tactician","floor":24.0,"key":"SMITH"},{"data":"Prepared","floor":29.0,"key":"SMITH"},{"data":"Reflex","floor":32.0,"key":"SMITH"},{"floor":40.0,"key":"RECALL"},{"data":"Survivor","floor":42.0,"key":"SMITH"},{"data":"Terror","floor":49.0,"key":"SMITH"},{"data":"Defend_G","floor":52,"key":"SMITH"}],"circlet_count":0,"master_deck":["Defend_G+1","Defend_G+1","Defend_G+1","Defend_G+1","Defend_G+1","Survivor+1","Neutralize+1","Reflex+1","Eviscerate+1","Prepared+1","Acrobatics+1","After Image","CurseOfTheBell","Acrobatics+1","Tactician+1","After Image","Prepared+1","Calculated Gamble+1","After Image","Calculated Gamble+1","Terror+1","Acrobatics+1","Well Laid Plans","Thinking Ahead"],"relics":["Ring of the Snake","War Paint","Ancient Tea Set","PreservedInsect","Bronze Scales","Calling Bell","Snake Skull","Sundial","Pocketwatch","MutagenicStrength","Art of War","Bag of Preparation","Happy Flower","WristBlade","Anchor","Molten Egg 2","MealTicket","ClockworkSouvenir","Pen Nib"],"acts_visited":["Exordium","TheCity","TheBeyond","TheEnding"],"potions_floor_usage":[55],"damage_taken":[{"damage":0.0,"enemies":"2 Louse","floor":1.0,"turns":4.0},{"damage":0.0,"enemies":"Jaw Worm","floor":4.0,"turns":5.0},{"damage":0.0,"enemies":"Small Slimes","floor":5.0,"turns":4.0},{"damage":1.0,"enemies":"Exordium Thugs","floor":7.0,"turns":6.0},{"damage":0.0,"enemies":"Exordium Wildlife","floor":11.0,"turns":4.0},{"damage":2.0,"enemies":"3 Sentries","floor":14.0,"turns":4.0},{"damage":4.0,"enemies":"Hexaghost","floor":16.0,"turns":8.0},{"damage":3.0,"enemies":"2 Thieves","floor":18.0,"turns":3.0},{"damage":1.0,"enemies":"Chosen","floor":20.0,"turns":3.0},{"damage":0.0,"enemies":"Centurion and Healer","floor":22.0,"turns":5.0},{"damage":9.0,"enemies":"Slavers","floor":23.0,"turns":4.0},{"damage":9.0,"enemies":"Cultist and Chosen","floor":25.0,"turns":5.0},{"damage":0.0,"enemies":"Snake Plant","floor":27.0,"turns":3.0},{"damage":0.0,"enemies":"Shelled Parasite and Fungi","floor":28.0,"turns":2.0},{"damage":0.0,"enemies":"Book of Stabbing","floor":30.0,"turns":1.0},{"damage":0.0,"enemies":"Centurion and Healer","floor":31.0,"turns":1.0},{"damage":0.0,"enemies":"Champ","floor":33.0,"turns":1.0},{"damage":0.0,"enemies":"3 Shapes","floor":35.0,"turns":2.0},{"damage":0.0,"enemies":"3 Darklings","floor":37.0,"turns":2.0},{"damage":0.0,"enemies":"Nemesis","floor":41.0,"turns":1.0},{"damage":0.0,"enemies":"Sphere and 2 Shapes","floor":44.0,"turns":1.0},{"damage":0.0,"enemies":"Reptomancer","floor":45.0,"turns":1.0},{"damage":0.0,"enemies":"Writhing Mass","floor":46.0,"turns":1.0},{"damage":0.0,"enemies":"Nemesis","floor":47.0,"turns":1.0},{"damage":0,"enemies":"Awakened One","floor":50,"turns":2},{"damage":0,"enemies":"Shield and Spear","floor":54,"turns":1},{"damage":0,"enemies":"The Heart","floor":55,"turns":4}],"seed_played":"1245316165309281197","potions_obtained":[{"floor":1.0,"key":"Energy Potion"},{"floor":4.0,"key":"SmokeBomb"},{"floor":11.0,"key":"Weak Potion"},{"floor":18.0,"key":"Explosive Potion"},{"floor":20.0,"key":"PowerPotion"},{"floor":30.0,"key":"FairyPotion"},{"floor":41.0,"key":"GhostInAJar"},{"floor":45.0,"key":"Swift Potion"}],"is_trial":false,"path_per_floor":["M","?","T","M","M","R","M","?","T","R","M","?","R","E","R","B",null,"M","?","M","?","M","E","R","M","T","M","M","R","E","M","R","B",null,"M","?","M","$","?","R","E","R","T","M","E","M","E","$","R","B",null,"R","$","E","B",null],"character_chosen":"THE_SILENT","items_purchased":["ClockworkSouvenir","Well Laid Plans","Thinking Ahead"],"campfire_rested":0,"item_purchase_floors":[48,53,53],"current_hp_per_floor":[70,56,56,56,56,56,55,55,55,55,55,55,55,53,53,49,70,67,67,66,66,66,57,57,48,48,48,48,48,48,48,48,48,70,70,70,70,70,70,70,70,70,70,70,70,70,70,70,70,70,70,70,70,70,70],"gold":52,"neow_bonus":"RANDOM_COMMON_RELIC","is_daily":false,"chose_seed":false,"campfire_upgraded":10,"win_rate":0.0,"timestamp":1608040056,"path_taken":["M","?","?","M","M","R","M","?","T","R","?","?","R","E","R","BOSS","M","?","M","?","M","E","R","?","T","M","M","R","E","M","R","BOSS","M","?","?","$","?","R","E","R","T","M","E","M","E","?","R","BOSS","R","$","E","BOSS"],"items_purchased_type":["Relic","Card","Card"],"build_version":"2020-12-13","purchased_purges":3,"victory":true,"max_hp_per_floor":[70,70,70,70,70,70,70,70,70,70,70,70,70,70,70,70,70,70,70,70,70,70,70,70,70,70,70,70,70,70,70,70,70,70,70,70,70,70,70,70,70,70,70,70,70,70,70,70,70,70,70,70,70,70,70],"card_choices":[{"not_picked":["Distraction","Outmaneuver","Slice"],"picked":"SKIP","floor":1.0},{"not_picked":["All Out Attack","PiercingWail"],"picked":"Reflex","floor":4.0},{"not_picked":["Flying Knee","Tactician"],"picked":"Eviscerate","floor":5.0},{"not_picked":["Underhanded Strike","Terror"],"picked":"Prepared","floor":7.0},{"not_picked":["Cloak And Dagger","Tools of the Trade"],"picked":"Acrobatics","floor":11.0},{"not_picked":["Dagger Throw","Blur","Skewer"],"picked":"SKIP","floor":14.0},{"not_picked":["Envenom","Storm of Steel"],"picked":"After Image","floor":16.0},{"not_picked":["Poisoned Stab","Finisher+1","Deadly Poison"],"picked":"SKIP","floor":18.0},{"not_picked":["Dagger Throw","Deadly Poison"],"picked":"Acrobatics+1","floor":20.0},{"not_picked":["Outmaneuver+1","Concentrate"],"picked":"Tactician","floor":22.0},{"not_picked":["Poisoned Stab+1","Backflip+1"],"picked":"After Image","floor":23.0},{"not_picked":["Sucker Punch","Deadly Poison+1"],"picked":"Prepared","floor":25.0},{"not_picked":["Dagger Spray","Backflip","Masterful Stab"],"picked":"SKIP","floor":27.0},{"not_picked":["Infinite Blades","Sucker Punch","Riddle With Holes"],"picked":"SKIP","floor":28.0},{"not_picked":["Tactician","Flying Knee","Dagger Spray"],"picked":"SKIP","floor":30.0},{"not_picked":["Bane","Acrobatics","Leg Sweep"],"picked":"SKIP","floor":31.0},{"not_picked":["Blade Dance","Dagger Throw+1"],"picked":"Calculated Gamble+1","floor":35.0},{"not_picked":["Underhanded Strike+1","Caltrops+1"],"picked":"Calculated Gamble+1","floor":37.0},{"not_picked":["Quick Slash","Leg Sweep","Flechettes+1"],"picked":"SKIP","floor":41.0},{"not_picked":["Endless Agony","Finisher+1"],"picked":"Terror","floor":44.0},{"not_picked":["Tactician+1","Blur+1"],"picked":"Acrobatics+1","floor":45.0},{"not_picked":["Heel Hook+1","Catalyst","Eviscerate+1"],"picked":"SKIP","floor":46.0},{"not_picked":["Outmaneuver","Sucker Punch+1","Storm of Steel"],"picked":"SKIP","floor":47.0},{"not_picked":["Backstab+1","Footwork","Poisoned Stab+1"],"picked":"SKIP","floor":54}],"player_experience":2106331,"relics_obtained":[{"floor":3.0,"key":"Ancient Tea Set"},{"floor":9.0,"key":"PreservedInsect"},{"floor":14.0,"key":"Bronze Scales"},{"floor":17.0,"key":"Snake Skull"},{"floor":17.0,"key":"Sundial"},{"floor":17.0,"key":"Pocketwatch"},{"floor":23.0,"key":"Art of War"},{"floor":26.0,"key":"Bag of Preparation"},{"floor":30.0,"key":"Happy Flower"},{"floor":41.0,"key":"Anchor"},{"floor":45.0,"key":"Molten Egg 2"},{"floor":47.0,"key":"MealTicket"},{"floor":54,"key":"Pen Nib"}],"event_choices":[{"damage_healed":0.0,"max_hp_gain":0.0,"max_hp_loss":0.0,"gold_gain":0.0,"event_name":"Shining Light","player_choice":"Entered Light","floor":2.0,"gold_loss":0.0,"damage_taken":14.0,"cards_upgraded":["Defend_G","Defend_G"]},{"cards_removed":["Strike_G"],"damage_healed":0.0,"max_hp_gain":0.0,"max_hp_loss":0.0,"gold_gain":0.0,"event_name":"Purifier","player_choice":"Purged","floor":8.0,"gold_loss":0.0,"damage_taken":0.0},{"cards_removed":["Strike_G"],"damage_healed":0.0,"max_hp_gain":0.0,"max_hp_loss":0.0,"gold_gain":0.0,"event_name":"The Cleric","player_choice":"Card Removal","floor":12.0,"gold_loss":50.0,"damage_taken":0.0},{"cards_removed":["Strike_G"],"damage_healed":0.0,"max_hp_gain":0.0,"max_hp_loss":0.0,"gold_gain":0.0,"event_name":"Back to Basics","player_choice":"Elegance","floor":19.0,"gold_loss":0.0,"damage_taken":0.0},{"damage_healed":0.0,"max_hp_gain":0.0,"max_hp_loss":0.0,"gold_gain":0.0,"event_name":"Drug Dealer","player_choice":"Inject Mutagens","floor":21.0,"gold_loss":0.0,"damage_taken":0.0,"relics_obtained":["MutagenicStrength"]},{"damage_healed":0.0,"max_hp_gain":0.0,"max_hp_loss":0.0,"gold_gain":0.0,"event_name":"Duplicator","player_choice":"Copied","floor":36.0,"gold_loss":0.0,"damage_taken":0.0,"cards_obtained":["After Image"]},{"damage_healed":0.0,"max_hp_gain":0.0,"max_hp_loss":0.0,"gold_gain":0.0,"event_name":"Wheel of Change","player_choice":"Cursed","floor":39.0,"gold_loss":0.0,"damage_taken":0.0,"cards_obtained":["Decay"]}],"is_beta":false,"boss_relics":[{"not_picked":["Busted Crown","Ectoplasm"],"picked":"Calling Bell"},{"not_picked":["Astrolabe","Cursed Key"],"picked":"WristBlade"}],"items_purged_floors":[38,48,53],"is_endless":false,"potions_floor_spawned":[1,4,11,18,20,30,31,41,44,45,47],"ascension_level":1}}