{"host":"aovv4e73998kgan0","time":1608017985,"event":{"mods":["BaseMod","Minty Spire (QoL Compilation)","StSLib"],"gold_per_floor":[111,121,23,36,49,49,75,91,91,119,139,139,139,152,152,252,252,241,257,275,289,302,328,328,359,359,359,389,253,253,270,270,367,367,385,395,411,411,411],"floor_reached":38,"playtime":4808,"items_purged":["Strike_B","Strike_B"],"score":501,"play_id":"ca425f50-c9fd-4dd0-b08a-1bcafebadf41","local_time":"20201215023945","is_ascension_mode":true,"campfire_choices":[{"data":"Zap","floor":6,"key":"SMITH"},{"data":"Loop","floor":12,"key":"SMITH"},{"data":"Creative AI","floor":15,"key":"SMITH"},{"data":"Echo Form","floor":24,"key":"SMITH"},{"data":"Leap","floor":27,"key":"SMITH"},{"data":"Hologram","floor":32,"key":"SMITH"}],"circlet_count":0,"master_deck":["Strike_B","Strike_B","Defend_B","Defend_B","Defend_B","Defend_B","Zap+1","Dualcast","Creative AI+1","Barrage","Rebound","Leap+1","Compile Driver","Glacier","Conserve Battery","Redo","BootSequence","Loop+1","Hologram+1","Echo Form+1","Leap","Steam","Self Repair","Streamline+1","Go for the Eyes","Ball Lightning","Amplify","Capacitor","Fission"],"relics":["Cracked Core","Bronze Scales","Mummified Hand","Thread and Needle","Sozu","Eternal Feather","Strawberry","Torii","Anchor","Nuclear Battery"],"acts_visited":["Exordium","TheCity","TheBeyond"],"potions_floor_usage":[5,16,18],"damage_taken":[{"damage":2,"enemies":"Small Slimes","floor":1,"turns":3},{"damage":6,"enemies":"Jaw Worm","floor":2,"turns":2},{"damage":0,"enemies":"2 Louse","floor":4,"turns":3},{"damage":5,"enemies":"Blue Slaver","floor":5,"turns":4},{"damage":13,"enemies":"Lagavulin","floor":7,"turns":7},{"damage":9,"enemies":"Lots of Slimes","floor":8,"turns":3},{"damage":20,"enemies":"Gremlin Nob","floor":10,"turns":5},{"damage":0,"enemies":"2 Fungi Beasts","floor":11,"turns":3},{"damage":0,"enemies":"Exordium Wildlife","floor":14,"turns":3},{"damage":13,"enemies":"Slime Boss","floor":16,"turns":9},{"damage":7,"enemies":"2 Thieves","floor":18,"turns":5},{"damage":4,"enemies":"Chosen","floor":19,"turns":7},{"damage":0,"enemies":"3 Cultists","floor":20,"turns":6},{"damage":2,"enemies":"Shelled Parasite and Fungi","floor":21,"turns":7},{"damage":2,"enemies":"Chosen and Byrds","floor":22,"turns":5},{"damage":56,"enemies":"Slavers","floor":23,"turns":6},{"damage":0,"enemies":"Book of Stabbing","floor":25,"turns":5},{"damage":17,"enemies":"Slavers","floor":28,"turns":6},{"damage":7,"enemies":"3 Cultists","floor":31,"turns":3},{"damage":17,"enemies":"Automaton","floor":33,"turns":11},{"damage":34,"enemies":"3 Darklings","floor":35,"turns":6},{"damage":2,"enemies":"3 Shapes","floor":36,"turns":5},{"damage":8,"enemies":"3 Darklings","floor":37,"turns":8},{"damage":57,"enemies":"Maw","floor":38,"turns":7}],"seed_played":"8391299804746147269","potions_obtained":[{"floor":4,"key":"Ancient Potion"},{"floor":5,"key":"Fruit Juice"},{"floor":11,"key":"DistilledChaos"},{"floor":14,"key":"Swift Potion"}],"is_trial":false,"path_per_floor":["M","M","$","M","M","R","E","M","T","E","M","R","?","M","R","B",null,"M","M","M","M","M","E","R","E","T","R","E","$","?","M","R","B",null,"M","M","M","M"],"character_chosen":"DEFECT","items_purchased":["Leap","Capacitor"],"campfire_rested":0,"item_purchase_floors":[3,29],"current_hp_per_floor":[73,67,67,67,67,67,54,45,45,25,25,25,25,25,25,12,80,73,69,69,74,72,23,38,52,52,67,57,57,57,50,65,55,87,60,65,64,7,7],"gold":411,"neow_bonus":"ONE_RANDOM_RARE_CARD","is_daily":false,"chose_seed":false,"campfire_upgraded":6,"win_rate":0.0,"timestamp":1608017985,"path_taken":["M","M","$","M","M","R","E","M","T","E","M","R","?","M","R","BOSS","M","M","M","M","M","E","R","E","T","R","E","$","?","M","R","BOSS","M","M","M","M"],"items_purchased_type":["Card","Card"],"build_version":"2020-12-13","purchased_purges":2,"victory":false,"max_hp_per_floor":[75,75,75,75,80,80,80,80,80,80,80,80,80,80,80,80,80,80,80,80,80,80,80,80,87,87,87,87,87,87,87,87,87,87,87,87,87,87,87],"card_choices":[{"not_picked":["Gash","Sunder"],"picked":"Barrage","floor":1},{"not_picked":["Beam Cell","Heatsinks"],"picked":"Rebound","floor":2},{"not_picked":["Go for the Eyes","Darkness"],"picked":"Compile Driver","floor":4},{"not_picked":["Compile Driver","Leap"],"picked":"Glacier","floor":5},{"not_picked":["Hello World","Coolheaded"],"picked":"Conserve Battery","floor":7},{"not_picked":["Seek","Auto Shields"],"picked":"Redo","floor":8},{"not_picked":["Leap","Capacitor"],"picked":"BootSequence","floor":10},{"not_picked":["Aggregate","Sunder"],"picked":"Loop","floor":11},{"not_picked":["Tempest","Melter"],"picked":"Hologram","floor":14},{"not_picked":["Electrodynamics","Meteor Strike"],"picked":"Echo Form","floor":16},{"not_picked":["Streamline+1","Blizzard"],"picked":"Leap","floor":18},{"not_picked":["Cold Snap+1","Stack"],"picked":"Steam","floor":19},{"not_picked":["Lockon","Compile Driver"],"picked":"Self Repair","floor":20},{"not_picked":["Hologram","Go for the Eyes"],"picked":"Streamline+1","floor":21},{"not_picked":["Blizzard+1","Ball Lightning","Beam Cell+1"],"picked":"SKIP","floor":22},{"not_picked":["Cold Snap","Coolheaded+1"],"picked":"Go for the Eyes","floor":23},{"not_picked":["Compile Driver","Meteor Strike"],"picked":"Ball Lightning","floor":25},{"not_picked":["Ball Lightning","Beam Cell"],"picked":"Amplify","floor":28},{"not_picked":["Skim","Steam Power","Stack"],"picked":"SKIP","floor":31},{"not_picked":["Creative AI","Multi-Cast"],"picked":"Fission","floor":33},{"not_picked":["Sunder","Coolheaded","Beam Cell"],"picked":"SKIP","floor":35},{"not_picked":["Hologram","Streamline","Conserve Battery"],"picked":"SKIP","floor":36},{"not_picked":["Leap","Steam","Stack"],"picked":"SKIP","floor":37}],"player_experience":150613,"relics_obtained":[{"floor":7,"key":"Bronze Scales"},{"floor":9,"key":"Mummified Hand"},{"floor":10,"key":"Thread and Needle"},{"floor":23,"key":"Eternal Feather"},{"floor":25,"key":"Strawberry"},{"floor":26,"key":"Torii"},{"floor":28,"key":"Anchor"}],"event_choices":[{"damage_healed":0,"gold_gain":0,"player_choice":"Ignored","damage_taken":0,"max_hp_gain":0,"max_hp_loss":0,"event_name":"Golden Idol","floor":13,"gold_loss":0},{"damage_healed":0,"gold_gain":0,"player_choice":"Ignored","damage_taken":0,"max_hp_gain":0,"max_hp_loss":0,"event_name":"Vampires","floor":30,"gold_loss":0}],"is_beta":false,"boss_relics":[{"not_picked":["Tiny House","Calling Bell"],"picked":"Sozu"},{"not_picked":["Cursed Key","Velvet Choker"],"picked":"Nuclear Battery"}],"items_purged_floors":[3,29],"is_endless":false,"potions_floor_spawned":[4,5,11,14,20,21,25,28,31,36],"killed_by":"Maw","ascension_level":1}}