{"host":"vh33hu3wddwn6yt6","time":1608057419,"event":{"mods":["AchievementEnabler","Act Like it!","Aspiration","BaseMod","Better Altar","Better Match","Better Note","Better Sensory Stone","Better Skull","Better Third Choice","BetterRewards","Downfall","Hubris","Minty Spire (QoL Compilation)","Permanent Neow","Replay The Spire","Shade Mod","Shop Mod","Spicy Shops","StSLib","SuperFastMode","The Blackbeard","The Necromancer","The Poker Player","The Servant 0.9.4","Wandering Minibosses"],"gold_per_floor":[99,126,51,51,51,81,81,116,41,73,92,103,84,100,112,209,209,134,146,146,160,160,192,217,217,227,254,251,287,340,340,354,456,456,456,490,129,179,179,179,179,192,192,221,221,237,254,254,273,273,273],"floor_reached":50,"playtime":1184,"items_purged":["Clumsy"],"score":876,"play_id":"3b3e7cdd-7679-40f7-bd58-0f8a5a10d54e","local_time":"20201215193659","is_ascension_mode":true,"campfire_choices":[{"floor":1,"key":"RECALL"},{"data":"DoubleEdge","floor":3,"key":"SMITH"},{"data":"SoulSculpture","floor":9,"key":"SMITH"},{"data":"FlawlessForm","floor":18,"key":"SMITH"},{"data":"InstantArmor","floor":20,"key":"SMITH"},{"data":"MurderousAura","floor":22,"key":"SMITH"},{"floor":25,"key":"REST"},{"data":"Barricade","floor":35,"key":"SMITH"},{"floor":40,"key":"REST"},{"data":"Spin","floor":43,"key":"SMITH"}],"circlet_count":0,"master_deck":["Strike_S","Strike_S","Strike_S","Strike_S","Defend_S","Defend_S","Defend_S","Defend_S","KidneyShot","Exchange","DoubleEdge+1","SoulSculpture+1","MurderousAura+1","Spin","InstantArmor+1","MurderousAura","InstantArmor","FlawlessForm+1","Luminosity","Luminosity+1","Barricade+1","Spin+1","Berserk","Spin+1","Spin"],"relics":["Uniform","downfall:HeartsMalice","hubris:Metronome","downfall:HeartBlessingRed","hubris:FunFungus","hubris:ToyBattleship","downfall:HeartBlessingBlue","Replay:Wax Seal","ReplayTheSpireMod:CursedCoin","hubris:Zylophone","aspiration:IroncladSkillbook","downfall:HeartBlessingGreen","Replay:WaspNest","Toy Ornithopter","MawBank","Bag of Marbles","OrangePellets","Replay:Baseball","Replay:Bronze Core","hubris:TenFootPole","hubris:PeanutButter","Bottled Lightning","TungstenRod","KneeBrace","Gambling Chip","hubris:Towel"],"acts_visited":["Exordium","TheCity","TheBeyond"],"potions_floor_usage":[10,23,23,32,49,50],"damage_taken":[{"damage":0,"enemies":"3 Sentries","floor":2,"turns":1},{"damage":0,"enemies":"Small Slimes","floor":4,"turns":1},{"damage":0,"enemies":"Gremlin Nob","floor":6,"turns":1},{"damage":0,"enemies":"Lagavulin","floor":8,"turns":3},{"damage":0,"enemies":"Gremlin Nob","floor":10,"turns":2},{"damage":0,"enemies":"Cultist","floor":11,"turns":2},{"damage":0,"enemies":"2 Louse","floor":12,"turns":2},{"damage":0,"enemies":"downfall:FleeingMerchant","floor":13,"turns":4},{"damage":0,"enemies":"Blue Slaver","floor":14,"turns":1},{"damage":0,"enemies":"3 Louse","floor":15,"turns":2},{"damage":10,"enemies":"downfall:Watcher","floor":16,"turns":7},{"damage":0,"enemies":"Chosen","floor":19,"turns":4},{"damage":0,"enemies":"Shell Parasite","floor":21,"turns":2},{"damage":21,"enemies":"Slavers","floor":23,"turns":5},{"damage":0,"enemies":"Centurion and Healer","floor":26,"turns":4},{"damage":1,"enemies":"Gremlin Leader","floor":27,"turns":4},{"damage":0,"enemies":"downfall:FleeingMerchant","floor":28,"turns":4},{"damage":0,"enemies":"downfall:FleeingMerchant","floor":30,"turns":3},{"damage":0,"enemies":"Sentry and Sphere","floor":32,"turns":4},{"damage":0,"enemies":"downfall:Defect","floor":33,"turns":6},{"damage":30,"enemies":"Reptomancer","floor":36,"turns":4},{"damage":0,"enemies":"Mind Bloom Boss Battle","floor":38,"turns":6},{"damage":0,"enemies":"3 Darklings","floor":42,"turns":5},{"damage":0,"enemies":"R_Hoarder","floor":44,"turns":6},{"damage":0,"enemies":"Orb Walker","floor":46,"turns":2},{"damage":6,"enemies":"Transient","floor":47,"turns":5},{"damage":0,"enemies":"Jaw Worm Horde","floor":49,"turns":3},{"damage":102,"enemies":"downfall:Silent","floor":50,"turns":8}],"seed_played":"-5362108939581732985","potions_obtained":[{"floor":6,"key":"DuplicationPotion"},{"floor":11,"key":"LiquidMemories"},{"floor":14,"key":"Strength Potion"},{"floor":27,"key":"DuplicationPotion"},{"floor":32,"key":"Milkshake"},{"floor":49,"key":"FearPotion"}],"is_trial":false,"path_per_floor":["R","E","R","M","?","E","T","E","R","E","M","M","$","M","M","B",null,"R","M","R","M","R","E","T","R","M","E","$","T","$","?","M","B",null,"R","E","$","?","?","R","T","M","R","E","?","M","M","?","M","B"],"character_chosen":"THE_SERVANT","items_purchased":["ReplayTheSpireMod:CursedCoin","hubris:Zylophone","OrangePellets","Replay:Baseball","Toxic Potion","hubris:PeanutButter","Bottled Lightning"],"campfire_rested":2,"item_purchase_floors":[13,13,30,30,30,37,37],"current_hp_per_floor":[65,65,65,65,65,65,65,65,75,75,75,75,75,75,75,65,75,75,75,75,75,75,58,58,75,75,75,75,75,75,75,75,75,75,75,49,49,53,53,75,75,75,75,75,75,75,74,74,75,0,0],"gold":273,"neow_bonus":"THREE_ENEMY_KILL","is_daily":false,"chose_seed":false,"campfire_upgraded":7,"win_rate":0.0,"timestamp":1608057419,"path_taken":["R","E","R","M","?","E","T","E","R","E","M","M","$","M","M","BOSS","R","M","R","?","R","E","T","R","M","E","$","?","$","?","M","BOSS","R","E","$","?","?","R","T","M","R","E","?","M","?","?","M","BOSS"],"items_purchased_type":["Relic","Relic","Relic","Relic","Potion","Relic","Relic"],"build_version":"2020-12-13","purchased_purges":1,"victory":false,"max_hp_per_floor":[65,65,65,65,65,65,65,65,75,75,75,75,75,75,75,75,75,75,75,75,75,75,75,75,75,75,75,75,75,75,75,75,75,75,75,75,75,75,75,75,75,75,75,75,75,75,75,75,75,75,75],"card_choices":[{"not_picked":["Potential","TimeWarp"],"picked":"DoubleEdge","floor":2},{"not_picked":["Rewind","ReturningBlade"],"picked":"InstantArmor","floor":4},{"not_picked":["Revamp","FastForward"],"picked":"SoulSculpture","floor":6},{"not_picked":["BottledTime","Sunlight"],"picked":"MurderousAura","floor":8},{"not_picked":["Rearm","Potential"],"picked":"Spin","floor":10},{"not_picked":["Rearm","TimeWarp"],"picked":"InstantArmor","floor":11},{"not_picked":["Contraction","Comet","Potential"],"picked":"SKIP","floor":12},{"not_picked":["FastForward","Starlight","BottledTime"],"picked":"SKIP","floor":13},{"not_picked":["TimeWarp","MurderousAura","Shuttle"],"picked":"SKIP","floor":14},{"not_picked":["TimeWarp","Shuttle"],"picked":"MurderousAura","floor":14},{"not_picked":["Alleviate","DoubleEdge"],"picked":"InstantArmor","floor":15},{"not_picked":["Deny","TrueSight"],"picked":"FlawlessForm","floor":16},{"not_picked":["Run Through+1","Iron Wave","Rewind"],"picked":"Luminosity","floor":19},{"not_picked":["TimeWarp+1","Contraction","Gouge","hubris:ReadiedAction"],"picked":"SKIP","floor":21},{"not_picked":["FastForward","Carnage","Sword Boomerang"],"picked":"Luminosity+1","floor":23},{"not_picked":["Replay:Undeath\u0027s Touch","Combust","Contraction","True Grit+1"],"picked":"SKIP","floor":26},{"not_picked":["Advance","SilverBlades+1","Deadline+1","Rampage+1"],"picked":"SKIP","floor":27},{"not_picked":["StarChef+1","Dropkick","Burning Pact+1"],"picked":"Barricade","floor":28},{"not_picked":["Replace","KillingDoll","GearUp"],"picked":"Spin","floor":30},{"not_picked":["ReplayTheSpireMod:Muscle Training","Alleviate","Cleave+1","hubris:CleavingFinish+1"],"picked":"SKIP","floor":32},{"not_picked":["TrueSight","Limit Break","Feed"],"picked":"Berserk","floor":33},{"not_picked":["Defy","ReplayTheSpireMod:Limb From Limb","True Grit","Armaments"],"picked":"SKIP","floor":36},{"not_picked":["Defy","Heavy Blade","Armaments+1"],"picked":"Spin+1","floor":42},{"not_picked":["TimeTheft+1","Hemokinesis","Replay:Undeath\u0027s Touch","ReplayTheSpireMod:Strike From Hell"],"picked":"SKIP","floor":44},{"not_picked":["hubris:ReadiedAction+1","BestPractice+1","FastForward+1","Life Link"],"picked":"SKIP","floor":46},{"not_picked":["Armaments+1","Pommel Strike+1","Unruled","Shrug It Off"],"picked":"SKIP","floor":47},{"not_picked":["Inflame+1","TimeWarp+1","Iron Wave+1"],"picked":"Spin","floor":49}],"player_experience":522422,"relics_obtained":[{"floor":2,"key":"hubris:Metronome"},{"floor":6,"key":"hubris:FunFungus"},{"floor":8,"key":"hubris:ToyBattleship"},{"floor":10,"key":"Replay:Wax Seal"},{"floor":23,"key":"Replay:WaspNest"},{"floor":24,"key":"Toy Ornithopter"},{"floor":27,"key":"MawBank"},{"floor":29,"key":"Bag of Marbles"},{"floor":36,"key":"hubris:TenFootPole"},{"floor":38,"key":"TungstenRod"},{"floor":41,"key":"KneeBrace"},{"floor":44,"key":"Gambling Chip"}],"event_choices":[{"damage_healed":3,"gold_gain":0,"player_choice":"LEAVE ","damage_taken":0,"relics_obtained":[],"max_hp_gain":0,"max_hp_loss":0,"event_name":"betterSkull:BetterSkull","floor":5,"gold_loss":0,"cards_upgraded":[]},{"cards_removed":["InstantArmor"],"damage_healed":0,"gold_gain":0,"player_choice":"Removed Skill","damage_taken":0,"max_hp_gain":0,"max_hp_loss":0,"event_name":"Falling","floor":39,"gold_loss":0},{"damage_healed":0,"gold_gain":0,"player_choice":"Ignored","damage_taken":0,"max_hp_gain":0,"max_hp_loss":0,"event_name":"Transmorgrifier","floor":45,"gold_loss":0}],"is_beta":false,"boss_relics":[{"not_picked":["hubris:BlackHole","hubris:HollowSoul"],"picked":"aspiration:IroncladSkillbook"},{"not_picked":["Replay:Drink Me","Coffee Dripper"],"picked":"Replay:Bronze Core"}],"items_purged_floors":[13],"is_endless":false,"potions_floor_spawned":[6,11,14,16,21,27,32,33,42,47,49],"killed_by":"downfall:Silent","ascension_level":1}}