{"host":"kpyoctgc7jne3jiy","time":1608031011,"event":{"mods":["AchievementEnabler","BaseMod","Minty Spire (QoL Compilation)"],"gold_per_floor":[111,130,2,2,2,36,36,68,68,86,51,51,65,85,85,186,186,199,199,219,219,230,230,265,281,281,281,298,333,333,346,346,346,346],"floor_reached":33,"playtime":2663,"items_purged":[],"score":356,"play_id":"00363238-03a7-414c-874b-26541e1927bf","local_time":"20201215121651","is_ascension_mode":true,"campfire_choices":[{"floor":7.0,"key":"REST"},{"data":"Noxious Fumes","floor":12.0,"key":"SMITH"},{"floor":15.0,"key":"REST"},{"data":"Neutralize","floor":23.0,"key":"SMITH"},{"floor":27,"key":"REST"},{"floor":30,"key":"REST"},{"data":"Catalyst","floor":32,"key":"SMITH"}],"circlet_count":0,"master_deck":["Strike_G+1","Strike_G+1","Strike_G+1","Strike_G+1","Strike_G+1","Defend_G+1","Defend_G+1","Defend_G+1","Defend_G+1","Defend_G+1","Survivor","Neutralize+1","Good Instincts","Poisoned Stab","Heel Hook+1","Noxious Fumes+1","PiercingWail","Bane","Poisoned Stab","Catalyst","Catalyst+1","Deadly Poison","Backflip","Poisoned Stab","Dodge and Roll","Deadly Poison","Dash","Dodge and Roll+1"],"relics":["Ring of the Snake","Thread and Needle","Omamori","Bottled Lightning","Ice Cream","Philosopher\u0027s Stone","Orichalcum","Bronze Scales","Pocketwatch"],"acts_visited":["Exordium","TheCity"],"potions_floor_usage":[33,33],"damage_taken":[{"damage":3.0,"enemies":"Cultist","floor":1.0,"turns":6.0},{"damage":0.0,"enemies":"2 Louse","floor":2.0,"turns":2.0},{"damage":18.0,"enemies":"3 Sentries","floor":6.0,"turns":9.0},{"damage":19.0,"enemies":"Lagavulin","floor":8.0,"turns":8.0},{"damage":0.0,"enemies":"Small Slimes","floor":10.0,"turns":3.0},{"damage":6.0,"enemies":"2 Fungi Beasts","floor":13.0,"turns":3.0},{"damage":0.0,"enemies":"Exordium Thugs","floor":14.0,"turns":4.0},{"damage":11.0,"enemies":"The Guardian","floor":16.0,"turns":8.0},{"damage":0.0,"enemies":"Shell Parasite","floor":18.0,"turns":4.0},{"damage":0.0,"enemies":"Chosen","floor":20.0,"turns":4.0},{"damage":23.0,"enemies":"Snecko","floor":22.0,"turns":5.0},{"damage":8.0,"enemies":"Gremlin Leader","floor":24.0,"turns":7.0},{"damage":9,"enemies":"Cultist and Chosen","floor":25,"turns":7},{"damage":0,"enemies":"Snake Plant","floor":28,"turns":3},{"damage":22,"enemies":"Book of Stabbing","floor":29,"turns":4},{"damage":0,"enemies":"Chosen and Byrds","floor":31,"turns":5},{"damage":62,"enemies":"Automaton","floor":33,"turns":6}],"seed_played":"6085384411204104679","potions_obtained":[{"floor":6.0,"key":"Strength Potion"},{"floor":8.0,"key":"Block Potion"},{"floor":13.0,"key":"Regen Potion"},{"floor":22.0,"key":"EssenceOfSteel"},{"floor":29,"key":"AttackPotion"}],"is_trial":false,"path_per_floor":["M","M","$","?","?","E","R","E","T","M","?","R","M","M","R","B",null,"M","?","M","$","M","R","E","M","T","R","M","E","R","M","R","B"],"character_chosen":"THE_SILENT","items_purchased":["Noxious Fumes","PiercingWail"],"campfire_rested":4,"item_purchase_floors":[3,3],"current_hp_per_floor":[67,67,67,53,41,23,44,25,25,25,42,42,36,36,57,46,70,70,70,70,70,47,47,39,30,30,51,51,29,50,50,50,0,0],"gold":346,"neow_bonus":"RANDOM_COLORLESS","is_daily":false,"chose_seed":false,"campfire_upgraded":3,"win_rate":0.0,"timestamp":1608031011,"path_taken":["M","?","$","?","?","E","R","E","T","M","?","R","M","M","R","BOSS","M","?","M","$","M","R","E","M","T","R","M","E","R","M","R","BOSS"],"items_purchased_type":["Card","Card"],"build_version":"2020-12-13","purchased_purges":0,"victory":false,"max_hp_per_floor":[70,70,70,70,70,70,70,70,70,70,70,70,70,70,70,70,70,70,70,70,70,70,70,70,70,70,70,70,70,70,70,70,70,70],"card_choices":[{"not_picked":["Impatience","Jack Of All Trades"],"picked":"Good Instincts","floor":0.0},{"not_picked":["Cloak And Dagger","Bane"],"picked":"Poisoned Stab","floor":1.0},{"not_picked":["Setup","Prepared"],"picked":"Heel Hook","floor":2.0},{"not_picked":["Dagger Throw","Storm of Steel"],"picked":"Bane","floor":6.0},{"not_picked":["Expertise","Calculated Gamble"],"picked":"Poisoned Stab","floor":8.0},{"not_picked":["Underhanded Strike","Endless Agony","Cloak And Dagger"],"picked":"SKIP","floor":10.0},{"not_picked":["Poisoned Stab","Prepared"],"picked":"Catalyst","floor":13.0},{"not_picked":["Flying Knee","Cloak And Dagger"],"picked":"Catalyst","floor":14.0},{"not_picked":["Flying Knee","Poisoned Stab"],"picked":"Deadly Poison","floor":18.0},{"not_picked":["Quick Slash","Accuracy","Blade Dance+1"],"picked":"SKIP","floor":20.0},{"not_picked":["Sucker Punch","Tactician"],"picked":"Backflip","floor":22.0},{"not_picked":["Outmaneuver","Acrobatics"],"picked":"Poisoned Stab","floor":24.0},{"not_picked":["Quick Slash","Prepared+1"],"picked":"Dodge and Roll","floor":25},{"not_picked":["Dodge and Roll","Backstab"],"picked":"Deadly Poison","floor":28},{"not_picked":["Reflex+1","Underhanded Strike"],"picked":"Dash","floor":29},{"not_picked":["Deadly Poison","Setup"],"picked":"Dodge and Roll+1","floor":31}],"player_experience":205287,"relics_obtained":[{"floor":6.0,"key":"Omamori"},{"floor":8.0,"key":"Bottled Lightning"},{"floor":9.0,"key":"Ice Cream"},{"floor":24.0,"key":"Orichalcum"},{"floor":26,"key":"Bronze Scales"},{"floor":29,"key":"Pocketwatch"}],"event_choices":[{"damage_healed":0.0,"max_hp_gain":0.0,"max_hp_loss":0.0,"gold_gain":0.0,"event_name":"Shining Light","player_choice":"Entered Light","floor":4.0,"gold_loss":0.0,"damage_taken":14.0,"cards_upgraded":["Defend_G","Heel Hook"]},{"damage_healed":0.0,"max_hp_gain":0.0,"max_hp_loss":0.0,"gold_gain":0.0,"event_name":"Scrap Ooze","player_choice":"Success","floor":5.0,"gold_loss":0.0,"damage_taken":12.0,"relics_obtained":["Thread and Needle"]},{"damage_healed":17.0,"max_hp_gain":0.0,"max_hp_loss":0.0,"gold_gain":0.0,"event_name":"The Cleric","player_choice":"Healed","floor":11.0,"gold_loss":35.0,"damage_taken":0.0},{"damage_healed":0.0,"max_hp_gain":0.0,"max_hp_loss":0.0,"gold_gain":0.0,"event_name":"Back to Basics","player_choice":"Simplicity","floor":19.0,"gold_loss":0.0,"damage_taken":0.0,"cards_upgraded":["Strike_G","Strike_G","Strike_G","Strike_G","Strike_G","Defend_G","Defend_G","Defend_G","Defend_G"]}],"is_beta":false,"boss_relics":[{"not_picked":["Calling Bell","Pandora\u0027s Box"],"picked":"Philosopher\u0027s Stone"}],"items_purged_floors":[],"is_endless":false,"potions_floor_spawned":[6,8,13,22,29],"killed_by":"Automaton","ascension_level":4}}