{"host":"eqdfsjv4ws7ianga","time":1608060839,"event":{"mods":["Abigail Mod","Ascension Reborn","BaseMod","CapriCore","Friendly Minions","GungeonMod","Hermit","Kiyohime£¨?ýï£©","Koishi","Minty Spire (QoL Compilation)","READ ME - Guardian Mod","READ ME - Snecko Mod","StSLib","The Animator","The Immortal","The Jungle","The Poker Player","WarShipGirlsR/??á´Ò³R mod"],"gold_per_floor":[117,131,131,141,153,183,183,183,183,196,215,215,390,406,406,506,506,519,618,643,425,425,425,475,475,475,462,305,323,323,132,132,234,234,252,252,262,217,237,264,274,274,326,36,36,36,52,71,71,71,71],"floor_reached":50,"playtime":4209,"items_purged":["Doubt"],"score":547,"play_id":"becc4f32-76e8-463f-b536-e344257e054a","local_time":"20201216043359","is_ascension_mode":true,"campfire_choices":[{"data":"AbbyMod:FatalEntropy","floor":7.0,"key":"SMITH"},{"data":"AbbyMod:HolidayWishes","floor":15.0,"key":"SMITH"},{"data":"AbbyMod:MysteryKey","floor":23.0,"key":"SMITH"},{"floor":25.0,"key":"REST"},{"floor":30.0,"key":"RECALL"},{"data":"AbbyMod:FleetingSanity","floor":32.0,"key":"SMITH"},{"floor":42.0,"key":"REST"},{"data":"AbbyMod:AbsoluteCorruption","floor":49,"key":"SMITH"}],"circlet_count":0,"master_deck":["AbbyMod:Ab_Strike","AbbyMod:Ab_Strike","AbbyMod:Ab_Strike","AbbyMod:Ab_Strike+1","AbbyMod:Ab_Defend","AbbyMod:Ab_Defend","AbbyMod:FleetingSanity+1","AbbyMod:ForeheadBeam","AbbyMod:HolidayWishes+1","AbbyMod:Takeuchi","AbbyMod:FatalEntropy+1","AbbyMod:PreciousMemories+1","AbbyMod:EyesOfMadness","AbbyMod:MysteryKey+1","AbbyMod:Dabigail+1","AbbyMod:TentacleSwarm+1","AbbyMod:FarAwayFriend","AbbyMod:EyesOfMadness","AbbyMod:PantyShot","AbbyMod:TeddyBear","AbbyMod:AbsoluteCorruption+1","AbbyMod:MysteryKey+1","AbbyMod:Hitomi+1"],"relics":["AbbyMod:Salem_Diary","NeowsBlessing","DemoMod:PinkGuonStone","Letter Opener","AbbyMod:YogBlessing","Red Mask","Medical Kit","Bronze Scales","DemoMod:DecoyRelic","ClockworkSouvenir","Lee\u0027s Waffle","Sozu","Meat on the Bone","Strawberry","DollysMirror","Toy Ornithopter"],"acts_visited":["Exordium","TheCity","TheBeyond"],"potions_floor_usage":[50],"damage_taken":[{"damage":0.0,"enemies":"Jaw Worm","floor":1.0,"turns":1.0},{"damage":0.0,"enemies":"Cultist","floor":2.0,"turns":1.0},{"damage":0.0,"enemies":"2 Louse","floor":4.0,"turns":2.0},{"damage":0.0,"enemies":"Blue Slaver","floor":5.0,"turns":5.0},{"damage":21.0,"enemies":"Gremlin Nob","floor":6.0,"turns":5.0},{"damage":0.0,"enemies":"3 Louse","floor":10.0,"turns":3.0},{"damage":1.0,"enemies":"2 Fungi Beasts","floor":11.0,"turns":3.0},{"damage":2.0,"enemies":"Large Slime","floor":14.0,"turns":8.0},{"damage":9.0,"enemies":"The Guardian","floor":16.0,"turns":9.0},{"damage":5.0,"enemies":"Spheric Guardian","floor":18.0,"turns":3.0},{"damage":20.0,"enemies":"Masked Bandits","floor":20.0,"turns":3.0},{"damage":9.0,"enemies":"2 Thieves","floor":27.0,"turns":4.0},{"damage":1.0,"enemies":"Snake Plant","floor":29.0,"turns":2.0},{"damage":16.0,"enemies":"Collector","floor":33.0,"turns":11.0},{"damage":0.0,"enemies":"3 Darklings","floor":35.0,"turns":4.0},{"damage":0.0,"enemies":"Orb Walker","floor":37.0,"turns":3.0},{"damage":0.0,"enemies":"Writhing Mass","floor":39.0,"turns":3.0},{"damage":31.0,"enemies":"Giant Head","floor":40.0,"turns":8.0},{"damage":5.0,"enemies":"Spire Growth","floor":41.0,"turns":4.0},{"damage":28.0,"enemies":"4 Shapes","floor":47.0,"turns":9.0},{"damage":18,"enemies":"Maw","floor":48,"turns":7},{"damage":85,"enemies":"Donu and Deca","floor":50,"turns":6}],"seed_played":"-3623413799568141253","potions_obtained":[{"floor":2.0,"key":"SteroidPotion"},{"floor":11.0,"key":"DuplicationPotion"},{"floor":14.0,"key":"Fire Potion"},{"floor":18.0,"key":"FearPotion"},{"floor":29.0,"key":"GamblersBrew"},{"floor":33.0,"key":"LiquidBronze"}],"is_trial":false,"path_per_floor":["M","M","?","M","M","E","R","?","T","M","M","T","?","M","R","B",null,"M","?","?","$","?","R","T","R","T","M","$","M","R","$","R","B",null,"M","?","M","$","M","E","M","R","T","$","T","?","M","M","R","B"],"character_chosen":"Ab_Foreigner","items_purchased":["Medical Kit","ClockworkSouvenir","AbbyMod:FarAwayFriend","Lee\u0027s Waffle","AbbyMod:EyesOfMadness","AbbyMod:AbsoluteCorruption","DollysMirror"],"campfire_rested":2,"item_purchase_floors":[21,28,31,31,38,44,44],"current_hp_per_floor":[60,60,60,60,60,46,46,33,33,33,32,32,32,30,30,21,67,62,62,42,42,30,30,30,51,51,42,42,41,41,79,79,63,79,79,79,79,79,79,48,43,66,73,73,73,73,60,52,52,0,0],"gold":71,"neow_bonus":"THREE_ENEMY_KILL","is_daily":false,"chose_seed":false,"campfire_upgraded":5,"win_rate":0.0,"timestamp":1608060839,"path_taken":["M","M","?","M","?","E","R","?","T","M","M","?","?","M","R","BOSS","M","?","?","$","?","R","?","R","T","M","$","M","R","$","R","BOSS","M","?","?","?","M","E","?","R","T","$","?","?","M","M","R","BOSS"],"items_purchased_type":["Relic","Relic","Card","Relic","Card","Card","Relic"],"build_version":"2020-12-13","purchased_purges":1,"victory":false,"max_hp_per_floor":[60,60,60,60,60,67,67,67,67,67,67,67,67,67,67,67,67,67,67,67,67,72,72,72,72,72,72,72,72,72,79,79,79,79,79,79,79,79,79,79,79,79,86,86,86,86,86,86,86,86,86],"card_choices":[{"not_picked":["AbbyMod:AttoSecond","AbbyMod:SanityCheck"],"picked":"AbbyMod:HolidayWishes","floor":1.0},{"not_picked":["AbbyMod:FamiliarShield","AbbyMod:AceInTheHole"],"picked":"AbbyMod:Takeuchi","floor":2.0},{"not_picked":["AbbyMod:SanityCheck","AbbyMod:Dabigail"],"picked":"AbbyMod:FatalEntropy","floor":4.0},{"not_picked":["AbbyMod:Thflth","AbbyMod:StarRadiance"],"picked":"AbbyMod:CommandSpell","floor":5.0},{"not_picked":["AbbyMod:BadGirl","AbbyMod:Ab_FiveStars"],"picked":"AbbyMod:PreciousMemories","floor":6.0},{"not_picked":["AbbyMod:Ab_SwirlOfMadness","AbbyMod:LargeTentacle"],"picked":"AbbyMod:EyesOfMadness","floor":10.0},{"not_picked":["AbbyMod:CloneArmy","AbbyMod:TentacleSwarm","AbbyMod:Ab_PuppyEyes"],"picked":"SKIP","floor":11.0},{"not_picked":["AbbyMod:CloneArmy","AbbyMod:TentacleSwarm","AbbyMod:Ab_PuppyEyes"],"picked":"SKIP","floor":11.0},{"not_picked":["AbbyMod:OldOneLimb","AbbyMod:InsaneStrike","AbbyMod:SweetPancakes"],"picked":"SKIP","floor":14.0},{"not_picked":["AbbyMod:OldOneLimb","AbbyMod:InsaneStrike","AbbyMod:SweetPancakes"],"picked":"SKIP","floor":14.0},{"not_picked":["AbbyMod:BlackKey","AbbyMod:CosmicSpark"],"picked":"AbbyMod:MysteryKey","floor":16.0},{"not_picked":["AbbyMod:Keyblade","AbbyMod:SuperMuscular","AbbyMod:ChocoKey"],"picked":"SKIP","floor":18.0},{"not_picked":["AbbyMod:Hitomi","AbbyMod:MeltBrain"],"picked":"AbbyMod:Dabigail+1","floor":20.0},{"not_picked":["AbbyMod:SuperMuscular","AbbyMod:AceInTheHole+1","AbbyMod:StarRadiance"],"picked":"SKIP","floor":27.0},{"not_picked":["AbbyMod:Keyblade","AbbyMod:LifeSentence"],"picked":"AbbyMod:TentacleSwarm+1","floor":29.0},{"not_picked":["AbbyMod:Ab_FiveStars","AbbyMod:Ygna+1","AbbyMod:ConsumeFlesh"],"picked":"SKIP","floor":35.0},{"not_picked":["AbbyMod:LiftSkirt","AbbyMod:SuperMuscular+1","AbbyMod:Dabigail"],"picked":"SKIP","floor":37.0},{"not_picked":["AbbyMod:AttoSecond","AbbyMod:AlignStars+1","AbbyMod:OldOneLimb"],"picked":"SKIP","floor":39.0},{"not_picked":["AbbyMod:Ab_DarkestPact","AbbyMod:BlackKey"],"picked":"AbbyMod:PantyShot","floor":40.0},{"not_picked":["AbbyMod:AdultWords","AbbyMod:FamiliarShield"],"picked":"AbbyMod:TeddyBear","floor":41.0},{"not_picked":["AbbyMod:PapaProtection","AbbyMod:ChocoKey+1","AbbyMod:Thflth"],"picked":"SKIP","floor":47},{"not_picked":["AbbyMod:Ygna+1","AbbyMod:CosmicSpark"],"picked":"AbbyMod:Hitomi+1","floor":48}],"player_experience":413737,"relics_obtained":[{"floor":6.0,"key":"DemoMod:PinkGuonStone"},{"floor":9.0,"key":"Letter Opener"},{"floor":20.0,"key":"Red Mask"},{"floor":24.0,"key":"Bronze Scales"},{"floor":26.0,"key":"DemoMod:DecoyRelic"},{"floor":40.0,"key":"Meat on the Bone"},{"floor":43.0,"key":"Strawberry"},{"floor":45.0,"key":"Toy Ornithopter"}],"event_choices":[{"damage_healed":0.0,"max_hp_gain":0.0,"max_hp_loss":0.0,"gold_gain":0.0,"event_name":"The Woman in Blue","player_choice":"Bought 0 Potions","floor":3.0,"gold_loss":0.0,"damage_taken":0.0},{"damage_healed":0.0,"max_hp_gain":0.0,"max_hp_loss":0.0,"gold_gain":0.0,"event_name":"Shining Light","player_choice":"Entered Light","floor":8.0,"gold_loss":0.0,"damage_taken":13.0,"cards_upgraded":["AbbyMod:Ab_Strike","AbbyMod:PreciousMemories"]},{"damage_healed":0.0,"max_hp_gain":0.0,"max_hp_loss":0.0,"gold_gain":175.0,"event_name":"Liars Game","player_choice":"AGREE","floor":13.0,"gold_loss":0.0,"damage_taken":0.0,"cards_obtained":["Doubt"]},{"damage_healed":0.0,"max_hp_gain":0.0,"max_hp_loss":0.0,"gold_gain":99.0,"event_name":"Nest","player_choice":"Stole From Cult","floor":19.0,"gold_loss":0.0,"damage_taken":0.0},{"damage_healed":0.0,"max_hp_gain":0.0,"max_hp_loss":0.0,"gold_gain":0.0,"event_name":"Masked Bandits","player_choice":"Fought Bandits","floor":20.0,"gold_loss":0.0,"damage_taken":0.0},{"damage_healed":0.0,"max_hp_gain":5.0,"max_hp_loss":0.0,"gold_gain":0.0,"event_name":"Forgotten Altar","player_choice":"Shed Blood","floor":22.0,"gold_loss":0.0,"damage_taken":17.0},{"damage_healed":0.0,"max_hp_gain":0.0,"max_hp_loss":0.0,"gold_gain":0.0,"event_name":"Lab","player_choice":"Got Potions","floor":36.0,"gold_loss":0.0,"damage_taken":0.0},{"cards_removed":["AbbyMod:Ab_Defend"],"damage_healed":0.0,"max_hp_gain":0.0,"max_hp_loss":0.0,"gold_gain":0.0,"event_name":"Falling","player_choice":"Removed Skill","floor":46.0,"gold_loss":0.0,"damage_taken":0.0}],"is_beta":false,"boss_relics":[{"not_picked":["Astrolabe","Runic Dome"],"picked":"AbbyMod:YogBlessing"},{"not_picked":["Calling Bell","Cursed Key"],"picked":"Sozu"}],"items_purged_floors":[21],"is_endless":false,"potions_floor_spawned":[2,11,14,18,29,33,35,41,47],"killed_by":"Donu and Deca","ascension_level":0}}