{"host":"oa83uhtarp6rwisx","time":1608053863,"event":{"mods":["Act Like it!","BaseMod","Better Altar","Better Third Choice","Highlight Path","Minty Spire (QoL Compilation)","Quick Restart","Rare Cards Sparkle","Replay The Spire","Spicy Shops","StSLib","Waifu the Spire","slay the spire mod where everything is the same but ironclad has a cowboy hat"],"gold_per_floor":[117,130,148,14,34,63,83,83,161,193,193,227,259,284,296,411,423,448,460,487,598,13,42,42,52,52,3,3,3,20,38,38,38,38],"floor_reached":33,"playtime":2403,"items_purged":[],"score":328,"play_id":"94aacffe-87e1-400a-b970-9bbd828c9244","local_time":"20201215093743","is_ascension_mode":true,"campfire_choices":[{"floor":8,"key":"REST"},{"floor":15,"key":"REST"},{"floor":24,"key":"REST"},{"floor":32,"key":"REST"}],"circlet_count":0,"master_deck":["Strike_R","Strike_R+1","Strike_R","Strike_R+1","Defend_R","Defend_R+1","Defend_R","Defend_R","Bash","Shockwave","Thunderclap","Headbutt","Run Through","Armaments+1","Run Through","Anger+1","Iron Wave","Searing Blow","Wild Strike","Flex+1","Clothesline","Run Through","Eclipse+1","Thunderclap","Intimidate+1","Perfected Strike","Carnage","Violence+1","Thunderclap","Dual Wield+1","Wild Strike","Cleave","Carnage","Anger+1","Rampage","Ghostly Armor+1"],"relics":["Burning Blood","Replay:Wax Seal","Dream Catcher","Toxic Egg 2","Bird Faced Urn","MawBank","Replay:Grab Bag","Philosopher\u0027s Stone","Fusion Hammer","Black Star","Runic Pyramid","Simple Rune","ReplayTheSpireMod:Spearhead","Whetstone","Mummified Hand","Bottled Flame"],"acts_visited":["Exordium","TheCity"],"potions_floor_usage":[10,16,16,16,23,31],"damage_taken":[{"damage":10,"enemies":"Cultist","floor":1,"turns":4},{"damage":6,"enemies":"2 Louse","floor":2,"turns":3},{"damage":2,"enemies":"Small Slimes","floor":3,"turns":3},{"damage":0,"enemies":"3 Louse","floor":5,"turns":2},{"damage":39,"enemies":"Gremlin Nob","floor":6,"turns":6},{"damage":17,"enemies":"Exordium Wildlife","floor":7,"turns":5},{"damage":18,"enemies":"3 Sentries","floor":10,"turns":8},{"damage":4,"enemies":"Replay:BlueRogue","floor":12,"turns":6},{"damage":9,"enemies":"Blue Slaver","floor":13,"turns":3},{"damage":8,"enemies":"Lots of Slimes","floor":14,"turns":3},{"damage":69,"enemies":"The Guardian","floor":16,"turns":11},{"damage":35,"enemies":"3 Byrds","floor":18,"turns":5},{"damage":30,"enemies":"Shell Parasite","floor":20,"turns":4},{"damage":27,"enemies":"Book of Stabbing","floor":23,"turns":6},{"damage":0,"enemies":"Sentry and Sphere","floor":25,"turns":2},{"damage":0,"enemies":"Snake Plant","floor":30,"turns":2},{"damage":41,"enemies":"Cultist and Chosen","floor":31,"turns":5},{"damage":90,"enemies":"Automaton","floor":33,"turns":6}],"seed_played":"-3587368672312104517","potions_obtained":[{"floor":1,"key":"Milkshake"},{"floor":2,"key":"Dexterity Potion"},{"floor":6,"key":"SkillPotion"},{"floor":7,"key":"Swift Potion"},{"floor":10,"key":"Adrenaline Potion"},{"floor":18,"key":"DistilledChaos"},{"floor":30,"key":"Cursed Concoction"}],"is_trial":false,"path_per_floor":["M","M","M","$","M","E","M","R","T","E","?","E","M","M","R","B",null,"M","?","M","?","$","E","R","M","T","$","$","?","M","M","R","B"],"character_chosen":"IRONCLAD","items_purchased":["Replay:Wax Seal","Run Through","Simple Rune","Perfected Strike","Carnage","Violence+1","ReplayTheSpireMod:Spearhead","Cleave"],"campfire_rested":4,"item_purchase_floors":[4,4,22,22,22,22,22,27],"current_hp_per_floor":[84,84,88,88,88,55,44,70,70,58,58,60,57,55,81,18,88,61,61,37,37,37,18,44,50,50,50,50,50,56,21,47,0,0],"gold":38,"neow_bonus":"TEN_PERCENT_HP_BONUS","is_daily":false,"chose_seed":false,"campfire_upgraded":0,"win_rate":0.0,"timestamp":1608053863,"path_taken":["M","?","M","$","M","E","M","R","T","E","?","E","M","M","R","BOSS","M","?","M","?","$","E","R","M","T","?","$","?","?","?","R","BOSS"],"items_purchased_type":["Relic","Card","Relic","Card","Card","Card","Relic","Card"],"build_version":"2020-12-13","purchased_purges":0,"victory":false,"max_hp_per_floor":[88,88,88,88,88,88,88,88,88,88,88,88,88,88,88,88,88,88,88,88,88,88,88,88,88,88,88,88,88,88,88,88,88,88],"card_choices":[{"not_picked":["Feel No Pain","Combust"],"picked":"Shockwave","floor":1},{"not_picked":["Perfected Strike","Shockwave"],"picked":"Thunderclap","floor":2},{"not_picked":["Warcry","Life Link"],"picked":"Headbutt","floor":3},{"not_picked":["Body Slam","ReplayTheSpireMod:Stacked"],"picked":"Armaments","floor":5},{"not_picked":["Replay:Undeath\u0027s Touch","Inflame"],"picked":"Run Through","floor":6},{"not_picked":["Heavy Blade","Sword Boomerang"],"picked":"Anger","floor":7},{"not_picked":["Headbutt","Shrug It Off"],"picked":"Iron Wave","floor":8},{"not_picked":["Body Slam","Hemokinesis"],"picked":"Searing Blow","floor":10},{"not_picked":["Second Wind+1","Brutality"],"picked":"Wild Strike","floor":12},{"not_picked":["Perfected Strike","Anger"],"picked":"Flex+1","floor":13},{"not_picked":["Combust","Pummel"],"picked":"Clothesline","floor":14},{"not_picked":["Hemokinesis","Defy Death+1"],"picked":"Run Through","floor":15},{"not_picked":["Corruption","Brutality"],"picked":"Eclipse+1","floor":16},{"not_picked":["Warcry+1","Headbutt"],"picked":"Thunderclap","floor":18},{"not_picked":["Reckless Charge","Ghostly Armor+1"],"picked":"Intimidate+1","floor":20},{"not_picked":["Barricade","Rage+1"],"picked":"Thunderclap","floor":23},{"not_picked":["Replay:Undeath\u0027s Touch","Burning Pact+1"],"picked":"Dual Wield+1","floor":24},{"not_picked":["ReplayTheSpireMod:LeadingStrike","ReplayTheSpireMod:Strike From Hell+1"],"picked":"Wild Strike","floor":25},{"not_picked":["Life Link+1","Wild Strike+1"],"picked":"Anger+1","floor":30},{"not_picked":["ReplayTheSpireMod:Strike From Hell","Pummel"],"picked":"Rampage","floor":31},{"not_picked":["Shrug It Off+1","Pommel Strike"],"picked":"Ghostly Armor+1","floor":32}],"player_experience":79634,"relics_obtained":[{"floor":6,"key":"Dream Catcher"},{"floor":9,"key":"Toxic Egg 2"},{"floor":10,"key":"Bird Faced Urn"},{"floor":12,"key":"MawBank"},{"floor":23,"key":"Whetstone"},{"floor":23,"key":"Mummified Hand"},{"floor":26,"key":"Bottled Flame"}],"event_choices":[{"damage_healed":0,"gold_gain":0,"player_choice":"Grow","damage_taken":0,"max_hp_gain":0,"max_hp_loss":0,"event_name":"Living Wall","floor":11,"gold_loss":0,"cards_upgraded":["Armaments"]},{"damage_healed":0,"gold_gain":0,"player_choice":"Ignored","damage_taken":0,"max_hp_gain":0,"max_hp_loss":0,"event_name":"Ghosts","floor":19,"gold_loss":0},{"damage_healed":0,"gold_gain":99,"player_choice":"Steal","damage_taken":0,"max_hp_gain":0,"max_hp_loss":0,"event_name":"betterThird:BetterNest","floor":21,"gold_loss":0},{"damage_healed":0,"gold_gain":0,"cards_transformed":["Strike_R"],"player_choice":"Transformed","damage_taken":0,"max_hp_gain":0,"max_hp_loss":0,"event_name":"Transmorgrifier","floor":29,"gold_loss":0,"cards_obtained":["Carnage"]}],"is_beta":false,"boss_relics":[{"not_picked":["Replay:Drink Me","Painkiller Herb"],"picked":"Replay:Grab Bag"},{"not_picked":["Electric Blood","Ectoplasm"],"picked":"Philosopher\u0027s Stone"},{"not_picked":["Cursed Key","Replay:Wanted Poster"],"picked":"Fusion Hammer"},{"not_picked":["Snecko Eye","SacredBark"],"picked":"Black Star"},{"not_picked":["SlaversCollar","Runic Cube"],"picked":"Runic Pyramid"}],"items_purged_floors":[],"is_endless":false,"potions_floor_spawned":[1,2,6,7,10,18,30],"killed_by":"Automaton","ascension_level":1}}