{"host":"8rgizj6m5sl53afx","time":1608030643,"event":{"mods":["AchievementEnabler","BaseMod","Colored Map","Minty Spire (QoL Compilation)","Permanent Neow","Relic Stats","Slay-I","StSLib","SuperFastMode"],"gold_per_floor":[110,126,126,143,153,153,153,153,153,153,167,186,261,261,261,358,408,424,274,274,274,274,274,274],"floor_reached":23,"playtime":512,"items_purged":["Strike_R"],"score":227,"play_id":"081810b8-f733-40aa-baaf-2c25ba265b93","local_time":"20201215201043","is_ascension_mode":true,"campfire_choices":[{"data":"Fiend Fire","floor":6,"key":"SMITH"},{"data":"True Grit","floor":8,"key":"SMITH"},{"data":"Shrug It Off","floor":10,"key":"SMITH"},{"data":"Pommel Strike","floor":15,"key":"SMITH"}],"circlet_count":0,"master_deck":["Strike_R","Strike_R","Strike_R","Strike_R","Defend_R","Defend_R","Defend_R","Defend_R","Bash","Fiend Fire+1","Pommel Strike+1","Shrug It Off+1","Battle Trance+1","True Grit+1","Shrug It Off","Intimidate","Sword Boomerang+1","Inflame"],"relics":["Burning Blood","Turnip","Tiny House","StoneCalendar","MutagenicStrength"],"acts_visited":["Exordium","TheCity"],"potions_floor_usage":[14,14],"damage_taken":[{"damage":15,"enemies":"Small Slimes","floor":1,"turns":4},{"damage":12,"enemies":"Jaw Worm","floor":2,"turns":2},{"damage":2,"enemies":"2 Louse","floor":4,"turns":3},{"damage":4,"enemies":"Looter","floor":5,"turns":3},{"damage":14,"enemies":"3 Louse","floor":11,"turns":4},{"damage":2,"enemies":"2 Fungi Beasts","floor":12,"turns":4},{"damage":0,"enemies":"3 Sentries","floor":14,"turns":1},{"damage":26,"enemies":"The Guardian","floor":16,"turns":19},{"damage":21,"enemies":"2 Thieves","floor":18,"turns":5},{"damage":67,"enemies":"Book of Stabbing","floor":23,"turns":7}],"seed_played":"5959995704753406681","potions_obtained":[{"floor":2,"key":"BloodPotion"},{"floor":12,"key":"SmokeBomb"},{"floor":16,"key":"Strength Potion"},{"floor":17,"key":"ElixirPotion"},{"floor":18,"key":"Block Potion"}],"is_trial":false,"path_per_floor":["M","M","?","M","M","R","?","R","T","R","M","M","?","E","R","B",null,"M","$","?","$","?","E"],"character_chosen":"IRONCLAD","items_purchased":["Inflame"],"campfire_rested":0,"item_purchase_floors":[19],"current_hp_per_floor":[63,57,57,61,63,63,63,63,63,63,55,59,48,68,68,48,77,62,62,62,62,62,0,0],"gold":274,"neow_bonus":"THREE_RARE_CARDS","is_daily":false,"chose_seed":false,"campfire_upgraded":4,"win_rate":0.0,"timestamp":1608030643,"path_taken":["M","M","?","M","M","R","?","R","T","R","M","M","?","E","R","BOSS","M","$","?","$","?","E"],"items_purchased_type":["Card"],"build_version":"2020-12-13","purchased_purges":1,"victory":false,"max_hp_per_floor":[72,72,72,72,72,72,72,72,72,72,72,72,72,72,72,72,77,77,77,77,77,77,77,77],"relic_stats":{"counters":[10,52],"StoneCalendar":[52],"Turnip":[0],"obtain_stats":[{"Tiny House":17,"MutagenicStrength":22,"StoneCalendar":20,"Turnip":9,"Burning Blood":0},{"Tiny House":8,"MutagenicStrength":9,"StoneCalendar":9,"Turnip":4,"Burning Blood":0},{"Tiny House":40,"MutagenicStrength":45,"StoneCalendar":45,"Turnip":12,"Burning Blood":0}],"Burning Blood":54},"card_choices":[{"not_picked":["Barricade","Berserk"],"picked":"Fiend Fire","floor":0},{"not_picked":["Anger","Twin Strike"],"picked":"Pommel Strike","floor":1},{"not_picked":["Burning Pact","Entrench"],"picked":"Shrug It Off","floor":2},{"not_picked":["Hemokinesis","Evolve"],"picked":"Battle Trance","floor":4},{"not_picked":["Intimidate","Iron Wave"],"picked":"True Grit","floor":5},{"not_picked":["Clash","Second Wind"],"picked":"Shrug It Off","floor":11},{"not_picked":["Iron Wave","Ghostly Armor","Power Through"],"picked":"SKIP","floor":12},{"not_picked":["Uppercut","Thunderclap"],"picked":"Intimidate","floor":17},{"not_picked":["Pommel Strike","Body Slam"],"picked":"Sword Boomerang+1","floor":18}],"player_experience":232520,"relics_obtained":[{"floor":9,"key":"Turnip"}],"event_choices":[{"damage_healed":0,"gold_gain":0,"player_choice":"Ignored","damage_taken":0,"max_hp_gain":0,"max_hp_loss":0,"event_name":"Golden Wing","floor":3,"gold_loss":0},{"damage_healed":0,"gold_gain":0,"player_choice":"Leave","damage_taken":0,"max_hp_gain":0,"max_hp_loss":0,"event_name":"The Cleric","floor":7,"gold_loss":0},{"damage_healed":0,"gold_gain":75,"player_choice":"Gather Gold","damage_taken":11,"max_hp_gain":0,"max_hp_loss":0,"event_name":"World of Goop","floor":13,"gold_loss":0},{"damage_healed":0,"gold_gain":0,"player_choice":"Opened","damage_taken":0,"relics_obtained":["StoneCalendar"],"max_hp_gain":0,"max_hp_loss":0,"event_name":"The Mausoleum","floor":20,"gold_loss":0},{"damage_healed":0,"gold_gain":0,"player_choice":"Inject Mutagens","damage_taken":0,"relics_obtained":["MutagenicStrength"],"max_hp_gain":0,"max_hp_loss":0,"event_name":"Drug Dealer","floor":22,"gold_loss":0}],"is_beta":false,"boss_relics":[{"not_picked":["Empty Cage","Runic Pyramid"],"picked":"Tiny House"}],"items_purged_floors":[19],"is_endless":false,"potions_floor_spawned":[2,12,16,18],"killed_by":"Book of Stabbing","ascension_level":4}}