{"host":"zr590xw2unlz0wv7","time":1608043683,"event":{"mods":["BaseMod","Minty Spire (QoL Compilation)","READ ME - Guardian Mod","StSLib"],"gold_per_floor":[113,130,130,130,149,175,175,191,240,254,110,127,127,153,153,153,153],"floor_reached":16,"playtime":366,"items_purged":[],"score":140,"play_id":"0eaca98a-e745-443b-a097-ea1b743613d8","local_time":"20201215224803","is_ascension_mode":true,"campfire_choices":[{"data":"Armaments","floor":7.0,"key":"SMITH"},{"floor":15,"key":"REST"}],"circlet_count":0,"master_deck":["Strike_R","Strike_R+1","Strike_R","Strike_R","Strike_R","Defend_R","Defend_R","Defend_R+1","Bash","Perfected Strike","Armaments+1","Berserk","Perfected Strike","Rupture+1","Brutality","Hemokinesis","Limit Break"],"relics":["Burning Blood","NeowsBlessing","Singing Bowl","Potion Belt","Bag of Preparation"],"acts_visited":["Exordium"],"potions_floor_usage":[14,14],"damage_taken":[{"damage":0.0,"enemies":"Cultist","floor":1.0,"turns":1.0},{"damage":0.0,"enemies":"Small Slimes","floor":2.0,"turns":1.0},{"damage":0.0,"enemies":"Jaw Worm","floor":5.0,"turns":1.0},{"damage":24.0,"enemies":"Gremlin Nob","floor":6.0,"turns":3.0},{"damage":7.0,"enemies":"3 Louse","floor":8.0,"turns":4.0},{"damage":0.0,"enemies":"Exordium Wildlife","floor":10.0,"turns":3.0},{"damage":16.0,"enemies":"Large Slime","floor":12.0,"turns":4.0},{"damage":39,"enemies":"3 Sentries","floor":14,"turns":4},{"damage":33,"enemies":"Hexaghost","floor":16,"turns":8}],"seed_played":"3012730543077400587","potions_obtained":[{"floor":5.0,"key":"SpeedPotion"},{"floor":8.0,"key":"LiquidMemories"},{"floor":10.0,"key":"Explosive Potion"}],"is_trial":false,"path_per_floor":["M","M","?","?","M","E","R","M","T","M","$","M","?","E","R","B"],"character_chosen":"IRONCLAD","items_purchased":["Brutality"],"campfire_rested":1,"item_purchase_floors":[11],"current_hp_per_floor":[80,80,73,57,63,47,47,46,46,52,52,42,42,9,33,0,0],"gold":153,"neow_bonus":"THREE_ENEMY_KILL","is_daily":false,"chose_seed":false,"campfire_upgraded":1,"win_rate":0.0,"timestamp":1608043683,"path_taken":["M","?","?","?","M","E","R","M","T","M","$","M","?","E","R","BOSS"],"items_purchased_type":["Card"],"build_version":"2020-12-13","purchased_purges":0,"victory":false,"max_hp_per_floor":[80,80,80,80,80,82,82,82,82,82,82,82,82,82,82,82,82],"card_choices":[{"not_picked":["Havoc","Metallicize"],"picked":"Perfected Strike","floor":1.0},{"not_picked":["Anger","Shockwave"],"picked":"Armaments","floor":2.0},{"not_picked":["Warcry","Wild Strike"],"picked":"Berserk","floor":5.0},{"not_picked":["Headbutt","Thunderclap","Shrug It Off"],"picked":"Singing Bowl","floor":6.0},{"not_picked":["Wild Strike","Clothesline"],"picked":"Perfected Strike","floor":8.0},{"not_picked":["Power Through","Pommel Strike"],"picked":"Rupture","floor":10.0},{"not_picked":["Second Wind","Pummel"],"picked":"Hemokinesis","floor":12.0},{"not_picked":["Wild Strike","Disarm"],"picked":"Limit Break","floor":14}],"player_experience":484762,"relics_obtained":[{"floor":6.0,"key":"Singing Bowl"},{"floor":9.0,"key":"Potion Belt"},{"floor":14,"key":"Bag of Preparation"}],"event_choices":[{"cards_removed":["Defend_R"],"damage_healed":0.0,"max_hp_gain":0.0,"max_hp_loss":0.0,"gold_gain":0.0,"event_name":"Golden Wing","player_choice":"Card Removal","floor":3.0,"gold_loss":0.0,"damage_taken":7.0},{"damage_healed":0.0,"max_hp_gain":0.0,"max_hp_loss":0.0,"gold_gain":0.0,"event_name":"Shining Light","player_choice":"Entered Light","floor":4.0,"gold_loss":0.0,"damage_taken":16.0,"cards_upgraded":["Strike_R","Defend_R"]},{"damage_healed":0,"gold_gain":0,"player_choice":"Grow","damage_taken":0,"max_hp_gain":0,"max_hp_loss":0,"event_name":"Living Wall","floor":13,"gold_loss":0,"cards_upgraded":["Rupture"]}],"is_beta":false,"boss_relics":[],"items_purged_floors":[],"is_endless":false,"potions_floor_spawned":[5,8,10],"killed_by":"Hexaghost","ascension_level":5}}