{"host":"onmzcmq5a68cxj3d","time":1608071332,"event":{"mods":["BaseMod","Colored Map","Minty Spire (QoL Compilation)","Remove Card Discount Mod"],"gold_per_floor":[114,114,132,128,203,203,168,168,168,168,168,118,118,153,153,249,249,269,269,57,57,57,57,57,57,57,57,57,57,57,57,57,160,160,180,180,29,29,46,46,46,46,73,43,43,43,43,43,43,43,43],"floor_reached":50,"playtime":1660,"items_purged":["Wraith Form v2","Bash","Defend_R","Strike_R"],"score":450,"play_id":"6e7ef58a-71fb-4949-bb30-9fbb6ded28d0","local_time":"20201215152852","daily_mods":["Heirloom","Time Dilation","Flight"],"is_ascension_mode":false,"campfire_choices":[{"data":"Echo Form","floor":6,"key":"SMITH"},{"data":"Perfected Strike","floor":8,"key":"SMITH"},{"floor":15,"key":"REST"},{"data":"Demon Form","floor":23,"key":"SMITH"},{"data":"RitualDagger","floor":24,"key":"SMITH"},{"data":"Cleave","floor":25,"key":"SMITH"},{"data":"Anger","floor":28,"key":"SMITH"},{"data":"Defend_R","floor":29,"key":"SMITH"},{"data":"Defend_R","floor":30,"key":"SMITH"},{"floor":32,"key":"REST"},{"data":"Feed","floor":40,"key":"SMITH"},{"floor":42,"key":"REST"},{"floor":46,"key":"REST"},{"data":"Defend_R","floor":47,"key":"SMITH"},{"data":"Strike_R","floor":49,"key":"SMITH"}],"circlet_count":0,"master_deck":["Demon Form+1","Echo Form+1","DevaForm+1","Strike_R","Strike_R","Strike_R","Strike_R+1","Defend_R+1","Defend_R+1","Defend_R+1","Perfected Strike+1","Anger+1","RitualDagger+1","Cleave+1","Feed+1"],"relics":["Unceasing Top","StoneCalendar","Meat on the Bone","Bag of Preparation","Mercury Hourglass","White Beast Statue","Black Star","Bronze Scales","Self Forming Clay","Vajra","Pen Nib"],"acts_visited":["Exordium","TheCity","TheBeyond"],"potions_floor_usage":[18,33,41,41,50,50,50],"damage_taken":[{"damage":16,"enemies":"2 Louse","floor":1,"turns":3},{"damage":9,"enemies":"Cultist","floor":3,"turns":4},{"damage":31,"enemies":"3 Sentries","floor":14,"turns":6},{"damage":25,"enemies":"The Guardian","floor":16,"turns":7},{"damage":25,"enemies":"2 Thieves","floor":18,"turns":4},{"damage":43,"enemies":"Champ","floor":33,"turns":7},{"damage":27,"enemies":"3 Darklings","floor":35,"turns":4},{"damage":35,"enemies":"Orb Walker","floor":39,"turns":4},{"damage":26,"enemies":"Reptomancer","floor":41,"turns":3},{"damage":65,"enemies":"Donu and Deca","floor":50,"turns":6}],"seed_played":"-8777391258883005603","potions_obtained":[{"floor":16,"key":"Strength Potion"},{"floor":18,"key":"AttackPotion"},{"floor":33,"key":"GamblersBrew"},{"floor":35,"key":"SmokeBomb"},{"floor":39,"key":"Swift Potion"},{"floor":44,"key":"ColorlessPotion"},{"floor":44,"key":"CultistPotion"}],"is_trial":true,"path_per_floor":["M","?","M","$","?","R","?","R","T","T","?","$","?","E","R","B",null,"M","?","$","?","$","R","R","R","T","$","R","R","R","?","R","B",null,"M","?","$","?","M","R","E","R","T","?","$","R","R","$","R","B"],"character_chosen":"IRONCLAD","items_purchased":["Anger","Bronze Scales","Cleave","Vajra"],"campfire_rested":4,"item_purchase_floors":[12,20,20,37],"current_hp_per_floor":[64,64,55,55,44,44,64,64,64,64,46,46,46,27,51,38,80,55,49,49,49,49,49,49,49,49,49,49,49,49,49,73,42,80,53,53,53,53,30,30,16,38,38,38,38,60,60,60,60,0,0],"gold":43,"neow_bonus":"","is_daily":false,"chose_seed":false,"campfire_upgraded":11,"win_rate":0.0,"timestamp":1608071332,"path_taken":["M","?","?","$","?","R","?","R","T","?","?","$","?","E","R","BOSS","M","?","$","?","$","R","R","R","T","$","R","R","R","?","R","BOSS","M","?","$","?","?","R","E","R","T","?","$","R","R","$","R","BOSS"],"items_purchased_type":["Card","Relic","Card","Relic"],"build_version":"2020-12-13","purchased_purges":4,"victory":false,"max_hp_per_floor":[80,80,80,80,80,80,80,80,80,80,80,80,80,80,80,80,80,80,80,80,80,80,80,80,80,80,80,80,80,80,80,80,80,80,80,76,76,76,76,76,76,76,76,76,76,76,76,76,76,76,76],"card_choices":[{"not_picked":["Wild Strike","Shockwave"],"picked":"Perfected Strike","floor":1},{"not_picked":["Warcry","Headbutt","Twin Strike"],"picked":"SKIP","floor":3},{"not_picked":["Demon Form","Second Wind","Fiend Fire"],"picked":"SKIP","floor":14},{"not_picked":["Wild Strike","Evolve","Dual Wield+1"],"picked":"SKIP","floor":18},{"not_picked":["Immolate","Berserk"],"picked":"Feed","floor":33},{"not_picked":["Rupture","Ghostly Armor+1","Armaments"],"picked":"SKIP","floor":35},{"not_picked":["Iron Wave","Wild Strike","Body Slam+1"],"picked":"SKIP","floor":39}],"player_experience":424719,"relics_obtained":[{"floor":9,"key":"Meat on the Bone"},{"floor":10,"key":"Bag of Preparation"},{"floor":14,"key":"White Beast Statue"},{"floor":26,"key":"Self Forming Clay"},{"floor":43,"key":"Pen Nib"}],"event_choices":[{"damage_healed":0,"gold_gain":0,"player_choice":"Upgraded","damage_taken":0,"max_hp_gain":0,"max_hp_loss":0,"event_name":"Upgrade Shrine","floor":2,"gold_loss":0,"cards_upgraded":["DevaForm"]},{"damage_healed":0,"gold_gain":75,"player_choice":"Gather Gold","damage_taken":11,"max_hp_gain":0,"max_hp_loss":0,"event_name":"World of Goop","floor":5,"gold_loss":0},{"damage_healed":20,"gold_gain":0,"player_choice":"Healed","damage_taken":0,"max_hp_gain":0,"max_hp_loss":0,"event_name":"The Cleric","floor":7,"gold_loss":35},{"damage_healed":0,"gold_gain":0,"player_choice":"Success","damage_taken":18,"relics_obtained":["Mercury Hourglass"],"max_hp_gain":0,"max_hp_loss":0,"event_name":"Scrap Ooze","floor":11,"gold_loss":0},{"damage_healed":0,"gold_gain":0,"player_choice":"Ignored","damage_taken":0,"max_hp_gain":0,"max_hp_loss":0,"event_name":"Liars Game","floor":13,"gold_loss":0},{"damage_healed":0,"gold_gain":0,"player_choice":"Joined the Cult","damage_taken":6,"max_hp_gain":0,"max_hp_loss":0,"event_name":"Nest","floor":19,"gold_loss":0,"cards_obtained":["RitualDagger"]},{"damage_healed":0,"gold_gain":0,"player_choice":"Ignored","damage_taken":0,"max_hp_gain":0,"max_hp_loss":0,"event_name":"Cursed Tome","floor":21,"gold_loss":0},{"damage_healed":0,"gold_gain":0,"player_choice":"Ignored","damage_taken":0,"max_hp_gain":0,"max_hp_loss":0,"event_name":"NoteForYourself","floor":31,"gold_loss":0},{"damage_healed":0,"gold_gain":0,"player_choice":"Max HP","damage_taken":0,"max_hp_gain":0,"max_hp_loss":4,"event_name":"Winding Halls","floor":36,"gold_loss":0},{"damage_healed":0,"gold_gain":0,"player_choice":"Ignored","damage_taken":0,"max_hp_gain":0,"max_hp_loss":0,"event_name":"Mysterious Sphere","floor":38,"gold_loss":0},{"damage_healed":0,"gold_gain":0,"player_choice":"Bought 2 Potions","damage_taken":0,"max_hp_gain":0,"max_hp_loss":0,"event_name":"The Woman in Blue","floor":44,"gold_loss":0}],"is_beta":false,"boss_relics":[{"not_picked":["Coffee Dripper","SlaversCollar"],"picked":"Black Star"},{"not_picked":["Philosopher\u0027s Stone","Fusion Hammer","Runic Dome"]}],"items_purged_floors":[4,4,20,37],"is_endless":false,"potions_floor_spawned":[16,18,33,35,39,41],"killed_by":"Donu and Deca","ascension_level":0}}