{"host":"tto05lt823rp3vzw","time":1608056855,"event":{"mods":["AchievementEnabler","BaseMod","Colored Map","Minty Spire (QoL Compilation)","StSLib","The Dragon Tamer"],"gold_per_floor":[112,127,143,93,53,84,84,117,144,144,144,161,161,173,173,277,277,297,126,140,169,169,169,185,185,240,155,167,567,147,165,165,260,260,260,260,260],"floor_reached":35,"playtime":2653,"items_purged":["DTMod:TargetDefense","DTMod:Strike"],"score":365,"play_id":"d1b4aff7-bc4b-4dc6-b5b3-1cbd63b20aff","local_time":"20201215192735","is_ascension_mode":false,"metric_token":403,"campfire_choices":[{"floor":7,"key":"REST"},{"floor":13,"key":"REST"},{"data":"DTMod:Inferno","floor":15,"key":"SMITH"},{"floor":23,"key":"REST"},{"floor":32,"key":"REST"}],"dtmod_dragon_data":[0,50,1,1,12,8],"circlet_count":0,"master_deck":["DTMod:Strike","DTMod:Strike","DTMod:DoubleHit","DTMod:TargetDefense","DTMod:TargetDefense","DTMod:TargetDefense","DTMod:SwitchingTactic","DTMod:Hide","DTMod:Cover","DTMod:BurningForce","DTMod:BurningEnergy","DTMod:MasterPlan","DTMod:BlazingStrike","DTMod:Inferno+1","DTMod:SealedStrike","DTMod:Feint+1","DTMod:InvisibleFlame","DTMod:BlazingStrike","DTMod:Training+1","DTMod:GhostSkin","DTMod:ComboAttack","DTMod:Training","DTMod:PurifyingFlame","DTMod:BreakAttack","DTMod:RepeatStrike"],"relics":["DTMod:MagicStone","Toy Ornithopter","Juzu Bracelet","Oddly Smooth Stone","GremlinMask","Red Mask","MutagenicStrength","Bag of Preparation","Question Card","Old Coin","Gremlin Horn","DTMod:TacticalNote","Black Star"],"acts_visited":["Exordium","TheCity","TheBeyond"],"potions_floor_usage":[16,28,29,33,33],"damage_taken":[{"damage":0,"enemies":"Small Slimes","floor":1,"turns":3},{"damage":0,"enemies":"Cultist","floor":2,"turns":5},{"damage":0,"enemies":"2 Louse","floor":3,"turns":2},{"damage":23,"enemies":"Lagavulin","floor":6,"turns":10},{"damage":23,"enemies":"Gremlin Nob","floor":8,"turns":5},{"damage":0,"enemies":"Exordium Thugs","floor":12,"turns":4},{"damage":0,"enemies":"2 Fungi Beasts","floor":14,"turns":3},{"damage":1,"enemies":"The Guardian","floor":16,"turns":7},{"damage":13,"enemies":"3 Byrds","floor":18,"turns":7},{"damage":2,"enemies":"2 Thieves","floor":20,"turns":3},{"damage":6,"enemies":"Masked Bandits","floor":21,"turns":6},{"damage":0,"enemies":"Centurion and Healer","floor":24,"turns":4},{"damage":2,"enemies":"3 Cultists","floor":28,"turns":4},{"damage":0,"enemies":"Colosseum Slavers","floor":29,"turns":4},{"damage":0,"enemies":"Colosseum Nobs","floor":29,"turns":2},{"damage":0,"enemies":"Snecko","floor":31,"turns":4},{"damage":18,"enemies":"Collector","floor":33,"turns":8},{"damage":49,"enemies":"3 Darklings","floor":35,"turns":13}],"seed_played":"6892267640286255285","potions_obtained":[{"floor":3,"key":"Regen Potion"},{"floor":8,"key":"DistilledChaos"},{"floor":14,"key":"DuplicationPotion"},{"floor":24,"key":"DuplicationPotion"},{"floor":28,"key":"PowerPotion"},{"floor":29,"key":"Swift Potion"},{"floor":33,"key":"FearPotion"}],"is_trial":false,"path_per_floor":["M","M","M","?","?","E","R","E","T","?","?","M","R","M","R","B",null,"M","$","M","?","?","R","M","?","T","?","M","?","$","M","R","B",null,"M"],"character_chosen":"THE_DT","items_purchased":["DTMod:InvisibleFlame","DTMod:BlazingStrike","DTMod:PurifyingFlame","DTMod:TacticalNote"],"campfire_rested":4,"item_purchase_floors":[19,19,30,30],"current_hp_per_floor":[49,49,49,49,49,26,40,17,17,33,33,33,47,47,47,48,49,36,36,41,42,42,49,49,33,33,33,43,49,49,49,49,36,49,0,0,0],"gold":260,"neow_bonus":"TEN_PERCENT_HP_BONUS","is_daily":false,"chose_seed":false,"campfire_upgraded":1,"win_rate":0.0,"timestamp":1608056855,"path_taken":["M","M","M","?","?","E","R","E","T","?","?","M","R","M","R","BOSS","M","$","M","?","?","R","M","?","T","?","M","?","?","M","R","BOSS","M"],"items_purchased_type":["Card","Card","Card","Relic"],"build_version":"2020-12-13","purchased_purges":2,"victory":false,"max_hp_per_floor":[49,49,49,49,49,49,49,49,49,49,49,49,49,49,49,49,49,49,49,49,49,49,49,49,49,49,49,49,49,49,49,49,49,49,49,49,49],"card_choices":[{"not_picked":["DTMod:BlazingStrike","DTMod:WarmUp"],"picked":"DTMod:Hide","floor":1},{"not_picked":["DTMod:Coolant","DTMod:Punisher"],"picked":"DTMod:Cover","floor":2},{"not_picked":["DTMod:CleansingStrike","DTMod:Hide"],"picked":"DTMod:BurningForce","floor":3},{"not_picked":["DTMod:Shift","DTMod:Adaptation"],"picked":"DTMod:BurningEnergy","floor":6},{"not_picked":["DTMod:Adaptation","DTMod:Hide"],"picked":"DTMod:MasterPlan","floor":8},{"not_picked":["DTMod:FlameSlash","DTMod:CalculatedDefense"],"picked":"DTMod:BlazingStrike","floor":12},{"not_picked":["DTMod:HeatWave","DTMod:RecklessFlurry"],"picked":"DTMod:Inferno","floor":14},{"not_picked":["DTMod:EchoTactic","DTMod:Outburst"],"picked":"DTMod:SealedStrike","floor":16},{"not_picked":["DTMod:Astonish+1","DTMod:Hide"],"picked":"DTMod:Feint+1","floor":18},{"not_picked":["DTMod:RecklessFlurry","DTMod:Observe+1"],"picked":"DTMod:Training+1","floor":20},{"not_picked":["DTMod:Observe","DTMod:Hide"],"picked":"DTMod:GhostSkin","floor":21},{"not_picked":["DTMod:BuildUp","DTMod:StarRain"],"picked":"DTMod:ComboAttack","floor":24},{"not_picked":["DTMod:HeadStart","DTMod:CleansingStrike","DTMod:Threaten"],"picked":"DTMod:Training","floor":28},{"not_picked":["DTMod:CleansingStrike","DTMod:Hide","DTMod:InvisibleFlame+1"],"picked":"DTMod:BreakAttack","floor":31},{"not_picked":["DTMod:Prediction","DTMod:FierySynthesis","DTMod:Safeguard"],"picked":"DTMod:RepeatStrike","floor":33}],"player_experience":94622,"relics_obtained":[{"floor":6,"key":"Toy Ornithopter"},{"floor":8,"key":"Juzu Bracelet"},{"floor":9,"key":"Oddly Smooth Stone"},{"floor":21,"key":"Red Mask"},{"floor":26,"key":"Bag of Preparation"},{"floor":29,"key":"Old Coin"},{"floor":29,"key":"Gremlin Horn"}],"event_choices":[{"cards_removed":["DTMod:Strike"],"damage_healed":0,"gold_gain":0,"player_choice":"Card Removal","damage_taken":0,"max_hp_gain":0,"max_hp_loss":0,"event_name":"The Cleric","floor":4,"gold_loss":50},{"damage_healed":0,"gold_gain":0,"player_choice":"Left Gold","damage_taken":0,"max_hp_gain":0,"max_hp_loss":0,"event_name":"World of Goop","floor":5,"gold_loss":40},{"damage_healed":16,"gold_gain":0,"player_choice":"Banana","damage_taken":0,"max_hp_gain":0,"max_hp_loss":0,"event_name":"Big Fish","floor":10,"gold_loss":0},{"damage_healed":0,"gold_gain":0,"player_choice":"Trade","damage_taken":0,"relics_obtained":["GremlinMask"],"max_hp_gain":0,"max_hp_loss":0,"event_name":"FaceTrader","floor":11,"gold_loss":0},{"damage_healed":0,"gold_gain":0,"player_choice":"Fought Bandits","damage_taken":0,"max_hp_gain":0,"max_hp_loss":0,"event_name":"Masked Bandits","floor":21,"gold_loss":0},{"damage_healed":0,"gold_gain":0,"player_choice":"Inject Mutagens","damage_taken":0,"relics_obtained":["MutagenicStrength"],"max_hp_gain":0,"max_hp_loss":0,"event_name":"Drug Dealer","floor":22,"gold_loss":0},{"damage_healed":0,"gold_gain":0,"player_choice":"Obtained Book","damage_taken":16,"max_hp_gain":0,"max_hp_loss":0,"event_name":"Cursed Tome","floor":25,"gold_loss":0},{"damage_healed":0,"gold_gain":0,"player_choice":"Obtained Relic","damage_taken":0,"relics_obtained":["Question Card"],"max_hp_gain":0,"max_hp_loss":0,"event_name":"Addict","floor":27,"gold_loss":85},{"damage_healed":0,"gold_gain":0,"player_choice":"Fight","damage_taken":0,"max_hp_gain":0,"max_hp_loss":0,"event_name":"Colosseum","floor":29,"gold_loss":0},{"damage_healed":0,"gold_gain":0,"player_choice":"Fought Nobs","damage_taken":0,"max_hp_gain":0,"max_hp_loss":0,"event_name":"Colosseum","floor":29,"gold_loss":0}],"is_beta":false,"boss_relics":[{"not_picked":["Cursed Key","Pandora\u0027s Box"],"picked":"DTMod:MagicStone"},{"not_picked":["SacredBark","Coffee Dripper"],"picked":"Black Star"}],"items_purged_floors":[19,30],"is_endless":false,"potions_floor_spawned":[3,8,14,24,28,29,33],"killed_by":"3 Darklings","ascension_level":0}}