{"host":"e1zuqie93klo2ncl","time":1608027424,"event":{"mods":["AchievementEnabler","BaseMod","Minty Spire (QoL Compilation)","Relic Stats","StSLib"],"gold_per_floor":[117,39,39,4,4,4,19,44,123,123,155,76,89,89,89],"floor_reached":14,"playtime":503,"items_purged":["Strike_G"],"score":192,"play_id":"917b3392-27f8-405d-8257-0a9c4dc0ee15","local_time":"20201215101704","is_ascension_mode":true,"campfire_choices":[{"data":"Neutralize","floor":6,"key":"SMITH"},{"floor":10,"key":"REST"}],"circlet_count":0,"master_deck":["AscendersBane","Strike_G","Strike_G","Strike_G","Strike_G","Defend_G","Defend_G","Defend_G","Defend_G","Survivor","Neutralize+1","Secret Technique","Dagger Throw","Poisoned Stab","Backflip","Bane","Blur","Bane","Deadly Poison","Bouncing Flask"],"relics":["Ring of the Snake","Boot","Pantograph","Smiling Mask"],"acts_visited":["Exordium"],"potions_floor_usage":[8,14],"damage_taken":[{"damage":1,"enemies":"Cultist","floor":1,"turns":4},{"damage":0,"enemies":"Small Slimes","floor":7,"turns":2},{"damage":34,"enemies":"3 Sentries","floor":8,"turns":11},{"damage":19,"enemies":"Gremlin Nob","floor":11,"turns":4},{"damage":2,"enemies":"Jaw Worm","floor":13,"turns":4},{"damage":17,"enemies":"3 Sentries","floor":14,"turns":5}],"seed_played":"2918360127802345742","potions_obtained":[{"floor":1,"key":"Poison Potion"},{"floor":11,"key":"GamblersBrew"}],"is_trial":false,"path_per_floor":["M","$","?","?","?","R","M","E","T","R","E","$","M","E"],"character_chosen":"THE_SILENT","items_purchased":["Poisoned Stab","Backflip","Deadly Poison"],"campfire_rested":1,"item_purchase_floors":[2,2,12],"current_hp_per_floor":[43,43,36,52,52,52,52,18,18,37,18,18,16,0,0],"gold":89,"neow_bonus":"RANDOM_COLORLESS_2","is_daily":false,"chose_seed":false,"campfire_upgraded":1,"win_rate":0.0,"timestamp":1608027424,"path_taken":["M","$","?","?","?","R","?","E","T","R","E","$","M","E"],"items_purchased_type":["Card","Card","Card"],"build_version":"2020-12-13","purchased_purges":1,"victory":false,"max_hp_per_floor":[66,66,66,66,66,66,66,66,66,66,66,66,66,66,66],"relic_stats":{"counters":[6,30],"Pantograph":0,"Boot":[7],"Smiling Mask":25,"obtain_stats":[{"Pantograph":9,"Boot":8,"Smiling Mask":11,"Ring of the Snake":0},{"Pantograph":3,"Boot":3,"Smiling Mask":4,"Ring of the Snake":0},{"Pantograph":17,"Boot":17,"Smiling Mask":21,"Ring of the Snake":0}],"Ring of the Snake":[12]},"card_choices":[{"not_picked":["Chrysalis","Metamorphosis"],"picked":"Secret Technique","floor":0},{"not_picked":["Blur","Dagger Spray"],"picked":"Dagger Throw","floor":1},{"not_picked":["Acrobatics","Cloak And Dagger"],"picked":"Bane","floor":7},{"not_picked":["Backflip","Outmaneuver"],"picked":"Blur","floor":8},{"not_picked":["Accuracy","Acrobatics"],"picked":"Bane","floor":11},{"not_picked":["Acrobatics","Eviscerate"],"picked":"Bouncing Flask","floor":13}],"player_experience":783728,"relics_obtained":[{"floor":8,"key":"Boot"},{"floor":9,"key":"Pantograph"},{"floor":11,"key":"Smiling Mask"}],"event_choices":[{"cards_removed":["Defend_G"],"damage_healed":0,"gold_gain":0,"player_choice":"Card Removal","damage_taken":7,"max_hp_gain":0,"max_hp_loss":0,"event_name":"Golden Wing","floor":3,"gold_loss":0},{"damage_healed":16,"gold_gain":0,"player_choice":"Healed","damage_taken":0,"max_hp_gain":0,"max_hp_loss":0,"event_name":"The Cleric","floor":4,"gold_loss":35},{"damage_healed":0,"gold_gain":0,"player_choice":"Ignored","damage_taken":0,"max_hp_gain":0,"max_hp_loss":0,"event_name":"Liars Game","floor":5,"gold_loss":0}],"is_beta":false,"boss_relics":[],"items_purged_floors":[12],"is_endless":false,"potions_floor_spawned":[1,11],"killed_by":"3 Sentries","ascension_level":20}}