{"host":"ks12kfi5c4d9hdxy","time":1608058341,"event":{"mods":["Act Like it!","BaseMod","Conspire","Gensokyo","GifTheSpireLib","Koishi","Marisa（F雨　魔理沙）","Minty Spire (QoL Compilation)","Quick Restart","Reimu（博丽灵梦）","Remilia（蕾米莉亚）","Replay The Spire","RumiaBox-露米娅的神秘盒子","Shop Mod","StSLib","SuperFastMode","The Administrix","The Servant 0.9.4","Youmu（魂魄妖梦）","Yuyuko","【东方二次创作】八云紫mod","【功能Mod】混沌之环修复补丁","【功能Mod】聪明的最终Boss","篝火指南"],"gold_per_floor":[110,130,130,142,155,182,182,182,182],"floor_reached":8,"playtime":269,"items_purged":[],"score":64,"play_id":"2a332771-9ed4-4b59-9379-16e957caa2f3","local_time":"20201216025221","is_ascension_mode":true,"campfire_choices":[{"data":"Ricochet","floor":7,"key":"SMITH"}],"circlet_count":0,"master_deck":["Strike_S","Strike_S","Strike_S","Strike_S","Defend_S","Defend_S","Defend_S","Defend_S","KidneyShot","Exchange","Revamp","TimeWarp","Ricochet+1","BottledTime","BottledTime","RealityMarble"],"relics":["Uniform","CultistMask","OldScarf"],"acts_visited":["Exordium"],"potions_floor_usage":[6],"damage_taken":[{"damage":0,"enemies":"Cultist","floor":1,"turns":5},{"damage":8,"enemies":"Small Slimes","floor":2,"turns":3},{"damage":3,"enemies":"2 Louse","floor":4,"turns":2},{"damage":4,"enemies":"2 Fungi Beasts","floor":5,"turns":2},{"damage":30,"enemies":"Gremlin Nob","floor":6,"turns":6},{"damage":8,"enemies":"Lagavulin","floor":8,"turns":3}],"seed_played":"-485596091288518111","potions_obtained":[{"floor":4,"key":"BlessingOfTheForge"},{"floor":5,"key":"BlessingOfTheForge"},{"floor":6,"key":"PowerPotion"}],"is_trial":false,"path_per_floor":["M","M","?","M","M","E","R","E"],"character_chosen":"THE_SERVANT","items_purchased":[],"campfire_rested":0,"item_purchase_floors":[],"current_hp_per_floor":[65,57,57,54,50,20,20,12,12],"gold":182,"neow_bonus":"THREE_CARDS","is_daily":false,"chose_seed":false,"campfire_upgraded":1,"win_rate":0.0,"timestamp":1608058341,"path_taken":["M","?","?","M","M","E","R","E"],"items_purchased_type":[],"build_version":"2020-12-13","purchased_purges":0,"victory":false,"max_hp_per_floor":[65,65,65,65,65,65,65,65,65],"card_choices":[{"not_picked":["Unruled","TimeTheft"],"picked":"Revamp","floor":0},{"not_picked":["Collapse","Desolation"],"picked":"TimeWarp","floor":1},{"not_picked":["Desolation","Starlight"],"picked":"Ricochet","floor":2},{"not_picked":["Alleviate","Shuttle"],"picked":"BottledTime","floor":4},{"not_picked":["Rewind","Ricochet"],"picked":"BottledTime","floor":5},{"not_picked":["Foresight","Reset"],"picked":"RealityMarble","floor":6}],"player_experience":527385,"relics_obtained":[{"floor":6,"key":"OldScarf"}],"event_choices":[{"damage_healed":0,"gold_gain":0,"player_choice":"Trade","damage_taken":0,"relics_obtained":["CultistMask"],"max_hp_gain":0,"max_hp_loss":0,"event_name":"FaceTrader","floor":3,"gold_loss":0}],"is_beta":false,"boss_relics":[],"items_purged_floors":[],"is_endless":false,"potions_floor_spawned":[4,5,6],"killed_by":"Lagavulin","ascension_level":2}}