{"host":"kiehjq3lc4w5t4uc","time":1608061411,"event":{"mods":["AchievementEnabler","BaseMod","BetterRewards","Colored Map","Colored Powertips","DeckTracker","Minty Spire (QoL Compilation)","Quick Restart","Rare Cards Sparkle","Relic Stats","Shop Mod","Spicy Shops","StSLib","SuperFastMode","The Cursed"],"gold_per_floor":[119,139,150,325,325,352,382,415,440,440,294,294,312,312,312,408,408,418,381,381,391,193,218,236,263,263,263,295,295,181,119,119,216,216,228,274,200,200,212,243,15,15,15,47,47,64,364,394,394,394],"floor_reached":51,"playtime":4859,"items_purged":["TheCursedMod:Strike_TheCursed"],"score":1073,"play_id":"430815a7-d728-43a5-85a9-e0c3ea06d74c","local_time":"20201216044331","is_ascension_mode":true,"campfire_choices":[{"floor":10,"key":"DIG"},{"data":"TheCursedMod:ForbiddenAlchemy","floor":15,"key":"SMITH"},{"floor":27,"key":"DIG"},{"floor":32,"key":"DIG"},{"data":"TheCursedMod:OutForBlood","floor":45,"key":"SMITH"},{"floor":49,"key":"DIG"}],"circlet_count":0,"master_deck":["TheCursedMod:Strike_TheCursed+1","TheCursedMod:Defend_TheCursed","TheCursedMod:Defend_TheCursed","TheCursedMod:Defend_TheCursed","TheCursedMod:CursedWand+1","TheCursedMod:CleanUpWorkshop","TheCursedMod:ForbiddenAlchemy+1","TheCursedMod:CursedBlade+1","TheCursedMod:SaltUponWound+1","TheCursedMod:CursedShiv","Doubt","TheCursedMod:CursedSpellbook","TheCursedMod:SurpriseAttack","TheCursedMod:OutForBlood+1","TheCursedMod:SaltUponWound","TheCursedMod:Stigma","TheCursedMod:SpitefulStrike","Finesse","TheCursedMod:Stigma+1","TheCursedMod:CursedShiv+1","TheCursedMod:CircleOfAbyss","Shame","TheCursedMod:NeowsMight","TheCursedMod:StingEye+1","TheCursedMod:Hemoplague+1","TheCursedMod:CircleOfBlood","Regret"],"relics":["TheCursedMod:BlackMagic101","Shovel","Meat on the Bone","Potion Belt","Toy Ornithopter","Odd Mushroom","Gambling Chip","Regal Pillow","TheCursedMod:Tack","DollysMirror","TheCursedMod:FourLeafCloverCharm","Membership Card","Ice Cream","Singing Bowl","Matryoshka","Pen Nib","Red Mask","Incense Burner","Bronze Scales","ClockworkSouvenir","Question Card","Ornamental Fan","Cursed Key","Peace Pipe","Vajra","Orichalcum","Mercury Hourglass","Mummified Hand","Lantern","Whetstone","Thread and Needle","Dream Catcher","Eternal Feather"],"acts_visited":["Exordium","TheCity","TheBeyond"],"potions_floor_usage":[6,6,6,7,7,7,8,8,8,8,8,8,8,8,8,8,8,13,13,13,13,16,16,16,16,16,16,16,16,16,16,16,16,16,16,16,16,16,16,18,18,18,18,18,18,18,18,21,21,21,21,21,23,23,23,23,23,24,24,24,24,25,25,25,25,25,28,28,28,28,28,28,33,33,33,33,33,33,33,33,33,33,36,36,36,36,36,36,40,40,40,40,40,40,40,40,44,44,44,44,44,44,44,46,46,46,46,46,46,46,46,46,46,46,48,48,48,48,48,48,48,48,48,50,50,50,50,50,50,50,50,50,50,50],"damage_taken":[{"damage":9.0,"enemies":"2 Louse","floor":1.0,"turns":3.0},{"damage":5.0,"enemies":"Small Slimes","floor":2.0,"turns":4.0},{"damage":2.0,"enemies":"Jaw Worm","floor":3.0,"turns":3.0},{"damage":24,"enemies":"Lagavulin","floor":6,"turns":8},{"damage":3,"enemies":"The Mushroom Lair","floor":7,"turns":2},{"damage":13,"enemies":"Gremlin Nob","floor":8,"turns":4},{"damage":12,"enemies":"Blue Slaver","floor":13,"turns":2},{"damage":23,"enemies":"Slime Boss","floor":16,"turns":8},{"damage":25,"enemies":"Shell Parasite","floor":18,"turns":4},{"damage":23,"enemies":"Spheric Guardian","floor":21,"turns":4},{"damage":9,"enemies":"Slavers","floor":23,"turns":4},{"damage":6,"enemies":"Snecko","floor":24,"turns":4},{"damage":1,"enemies":"Gremlin Leader","floor":25,"turns":5},{"damage":0,"enemies":"Masked Bandits","floor":28,"turns":1},{"damage":33,"enemies":"Collector","floor":33,"turns":4},{"damage":0,"enemies":"3 Shapes","floor":35,"turns":2},{"damage":12,"enemies":"2 Orb Walkers","floor":36,"turns":3},{"damage":5,"enemies":"Orb Walker","floor":39,"turns":2},{"damage":57,"enemies":"Reptomancer","floor":40,"turns":4},{"damage":0,"enemies":"Giant Head","floor":44,"turns":4},{"damage":0,"enemies":"Maw","floor":46,"turns":2},{"damage":3,"enemies":"Nemesis","floor":48,"turns":3},{"damage":58,"enemies":"Time Eater","floor":50,"turns":9}],"seed_played":"6156035624638985371","potions_obtained":[{"floor":3.0,"key":"CultistPotion"},{"floor":7,"key":"SkillPotion"},{"floor":8,"key":"GamblersBrew"},{"floor":13,"key":"DuplicationPotion"},{"floor":23,"key":"Weak Potion"},{"floor":25,"key":"Energy Potion"},{"floor":28,"key":"DuplicationPotion"},{"floor":33,"key":"Block Potion"},{"floor":39,"key":"Dexterity Potion"},{"floor":40,"key":"LiquidMemories"},{"floor":44,"key":"SteroidPotion"},{"floor":46,"key":"SkillPotion"}],"is_trial":false,"path_per_floor":["M","M","M","?","?","E","?","E","T","R","$","?","M","?","R","B",null,"M","$","?","M","$","E","M","E","T","R","?","?","$","$","R","B",null,"M","?","$","?","M","E","$","?","T","E","R","M","?","E","R","B",null],"character_chosen":"THE_CURSED","items_purchased":["Meat on the Bone","DollysMirror","TheCursedMod:Stigma","Membership Card","Finesse","Bronze Scales","ClockworkSouvenir","Question Card","Vajra","Mercury Hourglass","Mummified Hand"],"campfire_rested":0,"item_purchase_floors":[0,11,19,22,22,30,30,31,37,41,41],"current_hp_per_floor":[66,61,59,59,47,40,52,63,63,63,63,48,56,56,56,68,75,69,69,69,52,52,73,69,74,74,74,77,77,77,77,77,44,77,77,65,65,65,62,51,51,51,51,83,83,85,85,84,84,41],"gold":394,"neow_bonus":"","is_daily":false,"chose_seed":false,"campfire_upgraded":2,"win_rate":0.0,"timestamp":1608061411,"path_taken":["M","M","M","?","?","E","?","E","T","R","$","?","M","?","R","BOSS","M","$","?","M","$","E","M","E","T","R","?","?","?","$","R","BOSS","M","?","$","?","M","E","$","?","T","E","R","?","?","E","R","BOSS"],"items_purchased_type":["Relic","Relic","Card","Relic","Card","Relic","Relic","Relic","Relic","Relic","Relic"],"build_version":"2020-12-13","purchased_purges":1,"victory":true,"max_hp_per_floor":[75,75,75,75,75,75,75,75,75,75,75,75,75,75,75,75,75,75,75,75,75,75,75,75,75,75,75,77,77,77,77,77,77,77,77,77,77,77,79,81,81,81,81,83,83,85,85,87,87,87],"relic_stats":{"Regal Pillow":0,"Singing Bowl":12,"counters":[52,179],"Eternal Feather":0,"Pen Nib":[10],"Whetstone":["TheCursedMod:CursedBlade","TheCursedMod:Strike_TheCursed"],"Orichalcum":[6],"Question Card":22,"Cursed Key":1,"Mercury Hourglass":[49],"Peace Pipe":0,"Dream Catcher":0,"Shovel":4,"Ornamental Fan":[96],"Mummified Hand":[7],"Gambling Chip":[47],"Bronze Scales":[225],"obtain_stats":[{"Ice Cream":23,"Lantern":10,"TheCursedMod:FourLeafCloverCharm":34,"Regal Pillow":9,"Torii":38,"Singing Bowl":25,"Nilry\u0027s Codex":19,"TheCursedMod:Tack":6,"Vajra":37,"Incense Burner":29,"Whetstone":43,"Bottled Tornado":13,"TheCursedMod:DemonicMark":8,"Smiling Mask":41,"Boot":43,"Cursed Key":34,"ClockworkSouvenir":30,"Sozu":17,"Centennial Puzzle":46,"Dream Catcher":48,"Shovel":0,"Matryoshka":26,"DollysMirror":22,"Mummified Hand":41,"Gambling Chip":8,"Red Mask":28,"Potion Belt":23,"TheCursedMod:BlackMagic101":0,"NeowsBlessing":0,"Thread and Needle":44,"Eternal Feather":49,"Pen Nib":27,"War Paint":28,"Odd Mushroom":7,"Orichalcum":40,"Question Card":26,"Mercury Hourglass":41,"Peace Pipe":36,"Bottled Flame":27,"CaptainsWheel":39,"Ornamental Fan":32,"Bronze Scales":25,"Bag of Marbles":14,"Membership Card":22,"Toy Ornithopter":6,"Meat on the Bone":9,"Pocketwatch":27},{"Ice Cream":40,"Lantern":6,"TheCursedMod:FourLeafCloverCharm":19,"Regal Pillow":35,"Torii":23,"Singing Bowl":42,"Nilry\u0027s Codex":10,"TheCursedMod:Tack":5,"Vajra":46,"Incense Burner":43,"Whetstone":48,"Bottled Tornado":8,"TheCursedMod:DemonicMark":6,"Smiling Mask":24,"Boot":24,"Cursed Key":44,"ClockworkSouvenir":43,"Sozu":9,"Centennial Puzzle":27,"Dream Catcher":51,"Shovel":29,"Matryoshka":42,"DollysMirror":11,"Mummified Hand":48,"Gambling Chip":35,"Red Mask":43,"Potion Belt":12,"TheCursedMod:BlackMagic101":0,"NeowsBlessing":0,"Thread and Needle":49,"Eternal Feather":51,"Pen Nib":42,"War Paint":15,"Odd Mushroom":34,"Orichalcum":48,"Question Card":13,"Mercury Hourglass":48,"Peace Pipe":46,"Bottled Flame":15,"CaptainsWheel":23,"Ornamental Fan":43,"Bronze Scales":13,"Bag of Marbles":8,"Membership Card":39,"Toy Ornithopter":33,"Meat on the Bone":6,"Pocketwatch":15},{"Ice Cream":136,"Lantern":14,"TheCursedMod:FourLeafCloverCharm":67,"Regal Pillow":114,"Torii":76,"Singing Bowl":145,"Nilry\u0027s Codex":30,"TheCursedMod:Tack":10,"Vajra":155,"Incense Burner":146,"Whetstone":161,"Bottled Tornado":21,"TheCursedMod:DemonicMark":14,"Smiling Mask":78,"Boot":78,"Cursed Key":150,"ClockworkSouvenir":146,"Sozu":28,"Centennial Puzzle":85,"Dream Catcher":170,"Shovel":90,"Matryoshka":145,"DollysMirror":33,"Mummified Hand":161,"Gambling Chip":114,"Red Mask":146,"Potion Belt":37,"TheCursedMod:BlackMagic101":0,"NeowsBlessing":0,"Thread and Needle":165,"Eternal Feather":170,"Pen Nib":145,"War Paint":48,"Odd Mushroom":110,"Orichalcum":161,"Question Card":41,"Mercury Hourglass":161,"Peace Pipe":155,"Bottled Flame":48,"CaptainsWheel":76,"Ornamental Fan":146,"Bronze Scales":41,"Bag of Marbles":21,"Membership Card":132,"Toy Ornithopter":108,"Meat on the Bone":14,"Pocketwatch":48}],"Toy Ornithopter":207,"Meat on the Bone":144},"card_choices":[{"not_picked":["TheCursedMod:WearCloak","TheCursedMod:Wield"],"picked":"TheCursedMod:CursedBlade","floor":1.0},{"not_picked":["TheCursedMod:ReleasedKnowledge","TheCursedMod:CircleOfWindfury"],"picked":"TheCursedMod:SaltUponWound","floor":2.0},{"not_picked":["TheCursedMod:Stretching","TheCursedMod:Torture"],"picked":"TheCursedMod:CursedShiv","floor":3.0},{"not_picked":["TheCursedMod:RavingStaff","TheCursedMod:SpitefulPlan"],"picked":"TheCursedMod:CursedSpellbook","floor":6},{"not_picked":["TheCursedMod:SoulReap","TheCursedMod:CircleOfCorruption","TheCursedMod:WearCloak"],"picked":"SKIP","floor":8},{"not_picked":["TheCursedMod:CircleOfBlood","TheCursedMod:RavingStaff","TheCursedMod:FleshFromBone"],"picked":"SKIP","floor":13},{"not_picked":["TheCursedMod:CollectTribute","TheCursedMod:UltimatePain"],"picked":"TheCursedMod:OutForBlood","floor":16},{"not_picked":["TheCursedMod:SpitefulStrike","TheCursedMod:Wield"],"picked":"TheCursedMod:SaltUponWound","floor":18},{"not_picked":["TheCursedMod:WearCloak","TheCursedMod:VitalStrike","TheCursedMod:EmpowerCircles"],"picked":"SKIP","floor":21},{"not_picked":["TheCursedMod:Wield","TheCursedMod:Obscuration"],"picked":"TheCursedMod:Stigma+1","floor":23},{"not_picked":["TheCursedMod:SmokeScreen","TheCursedMod:TacticalStrike+1"],"picked":"TheCursedMod:CursedShiv+1","floor":24},{"not_picked":["TheCursedMod:SoulReap","TheCursedMod:CursedAmulet"],"picked":"TheCursedMod:CircleOfAbyss","floor":25},{"not_picked":["TheCursedMod:CursedAmulet","TheCursedMod:Wield+1","TheCursedMod:VitalStrike"],"picked":"Singing Bowl","floor":28},{"not_picked":["TheCursedMod:CursedRelics","TheCursedMod:DemonSword","TheCursedMod:ManaCirculation"],"picked":"TheCursedMod:NeowsMight","floor":33},{"not_picked":["TheCursedMod:CursedSpellbook","TheCursedMod:TacticalStrike+1","TheCursedMod:Stigma+1"],"picked":"TheCursedMod:StingEye+1","floor":35},{"not_picked":["TheCursedMod:TroublousMinions","TheCursedMod:Obscuration+1","TheCursedMod:WearCloak"],"picked":"TheCursedMod:Hemoplague+1","floor":36},{"not_picked":["TheCursedMod:BlessingInDisguise","TheCursedMod:CursedMace+1","TheCursedMod:CursedShiv","TheCursedMod:BloodBarrier"],"picked":"Singing Bowl","floor":39},{"not_picked":["TheCursedMod:DoubleShield+1","TheCursedMod:SmokeScreen","TheCursedMod:SpitefulStrike","TheCursedMod:CursedAmulet"],"picked":"Singing Bowl","floor":40},{"not_picked":["TheCursedMod:StunningStrike","TheCursedMod:CursedBlade","TheCursedMod:RapidMovement+1","TheCursedMod:Obscuration+1"],"picked":"Singing Bowl","floor":44},{"not_picked":["TheCursedMod:CursedMace+1","TheCursedMod:SoulCrush","TheCursedMod:Evocation","TheCursedMod:CircleOfFlame+1"],"picked":"Singing Bowl","floor":46},{"not_picked":["TheCursedMod:CircleOfAmplification","TheCursedMod:RapidMovement","TheCursedMod:Obscuration","TheCursedMod:SurpriseAttack+1"],"picked":"Singing Bowl","floor":48}],"player_experience":91360,"relics_obtained":[{"floor":6,"key":"Toy Ornithopter"},{"floor":7,"key":"Odd Mushroom"},{"floor":8,"key":"Gambling Chip"},{"floor":9,"key":"Regal Pillow"},{"floor":10,"key":"TheCursedMod:Tack"},{"floor":23,"key":"Ice Cream"},{"floor":25,"key":"Singing Bowl"},{"floor":26,"key":"Matryoshka"},{"floor":27,"key":"Pen Nib"},{"floor":28,"key":"Red Mask"},{"floor":32,"key":"Ornamental Fan"},{"floor":36,"key":"Peace Pipe"},{"floor":40,"key":"Orichalcum"},{"floor":43,"key":"Lantern"},{"floor":43,"key":"Whetstone"},{"floor":44,"key":"Thread and Needle"},{"floor":48,"key":"Dream Catcher"},{"floor":49,"key":"Eternal Feather"}],"event_choices":[{"damage_healed":0.0,"max_hp_gain":0.0,"max_hp_loss":0.0,"gold_gain":175.0,"event_name":"Liars Game","player_choice":"AGREE","floor":4.0,"gold_loss":0.0,"damage_taken":0.0,"cards_obtained":["Doubt"]},{"damage_healed":0.0,"max_hp_gain":0.0,"max_hp_loss":0.0,"gold_gain":0.0,"event_name":"Scrap Ooze","player_choice":"Success","floor":5.0,"gold_loss":0.0,"damage_taken":12.0,"relics_obtained":["Potion Belt"]},{"damage_healed":0,"gold_gain":0,"player_choice":"Fought Mushrooms","damage_taken":0,"max_hp_gain":0,"max_hp_loss":0,"event_name":"Mushrooms","floor":7,"gold_loss":0},{"damage_healed":0,"gold_gain":0,"player_choice":"Entered Light","damage_taken":15,"max_hp_gain":0,"max_hp_loss":0,"event_name":"Shining Light","floor":12,"gold_loss":0,"cards_upgraded":["TheCursedMod:SaltUponWound","TheCursedMod:CursedWand"]},{"damage_healed":0,"gold_gain":0,"cards_transformed":["TheCursedMod:Strike_TheCursed"],"player_choice":"Change","damage_taken":0,"max_hp_gain":0,"max_hp_loss":0,"event_name":"Living Wall","floor":14,"gold_loss":0,"cards_obtained":["TheCursedMod:SurpriseAttack"]},{"damage_healed":0,"gold_gain":0,"player_choice":"Read","damage_taken":0,"max_hp_gain":0,"max_hp_loss":0,"event_name":"The Library","floor":20,"gold_loss":0,"cards_obtained":["TheCursedMod:SpitefulStrike"]},{"damage_healed":0,"gold_gain":0,"player_choice":"Fought Bandits","damage_taken":0,"max_hp_gain":0,"max_hp_loss":0,"event_name":"Masked Bandits","floor":28,"gold_loss":0},{"damage_healed":0,"gold_gain":0,"player_choice":"Stole Relic","damage_taken":0,"relics_obtained":["Incense Burner"],"max_hp_gain":0,"max_hp_loss":0,"event_name":"Addict","floor":29,"gold_loss":0,"cards_obtained":["Shame"]},{"damage_healed":0,"gold_gain":0,"player_choice":"Fight","damage_taken":0,"max_hp_gain":0,"max_hp_loss":0,"event_name":"Mysterious Sphere","floor":36,"gold_loss":0},{"cards_removed":["TheCursedMod:ForbiddenAlchemy"],"damage_healed":0,"gold_gain":0,"player_choice":"Removed Skill","damage_taken":0,"max_hp_gain":0,"max_hp_loss":0,"event_name":"Falling","floor":38,"gold_loss":0},{"damage_healed":0,"gold_gain":0,"cards_transformed":["TheCursedMod:Defend_TheCursed"],"player_choice":"Transformed","damage_taken":0,"max_hp_gain":0,"max_hp_loss":0,"event_name":"Transmorgrifier","floor":42,"gold_loss":0,"cards_obtained":["TheCursedMod:CircleOfBlood"]},{"damage_healed":0,"gold_gain":300,"player_choice":"Gold","damage_taken":0,"max_hp_gain":0,"max_hp_loss":0,"event_name":"Wheel of Change","floor":47,"gold_loss":0}],"is_beta":false,"boss_relics":[{"not_picked":["Calling Bell","Black Star"],"picked":"TheCursedMod:FourLeafCloverCharm"},{"not_picked":["Velvet Choker","Tiny House"],"picked":"Cursed Key"}],"items_purged_floors":[41],"is_endless":false,"potions_floor_spawned":[3,7,8,13,23,25,28,33,39,40,44,46,48],"ascension_level":1}}