{"host":"6ko66ogg91i6g7xq","time":1608027572,"event":{"mods":["AchievementEnabler","Act Like it!","BaseMod","Colored Map","Colored Powertips","Downfall","Hermit","Minty Spire (QoL Compilation)","Quick Restart","Relic Stats","StSLib","The Jungle","everything is the same but u backflip on backflip"],"gold_per_floor":[110,110,129,129,57,57,85,5,30,46,58,75,92,104,104,206,206,219,144,144,144,144],"floor_reached":21,"playtime":559,"items_purged":["Regret"],"score":227,"play_id":"36fd1a9b-1f61-48d9-af8c-0b86df1185ca","local_time":"20201215051932","is_ascension_mode":true,"campfire_choices":[{"floor":6,"key":"RECALL"},{"floor":15,"key":"REST"}],"circlet_count":0,"master_deck":["Strike_G","Strike_G","Strike_G","Strike_G","Strike_G","Defend_G","Defend_G","Defend_G","Defend_G","Defend_G","Survivor","Neutralize","Deadly Poison+1","Catalyst","Poisoned Stab","Noxious Fumes","Blur","Backflip","Catalyst","Venomology"],"relics":["Ring of the Snake","NeowsBlessing","Bag of Preparation","Unceasing Top","Black Star","Nilry\u0027s Codex"],"acts_visited":["Exordium","TheCity"],"potions_floor_usage":[14,18,18,18,21],"damage_taken":[{"damage":0,"enemies":"2 Louse","floor":1,"turns":1},{"damage":0,"enemies":"Small Slimes","floor":3,"turns":1},{"damage":0,"enemies":"Lagavulin","floor":7,"turns":1},{"damage":2,"enemies":"Jaw Worm","floor":10,"turns":4},{"damage":4,"enemies":"Blue Slaver","floor":11,"turns":3},{"damage":7,"enemies":"2 Fungi Beasts","floor":12,"turns":5},{"damage":8,"enemies":"3 Louse","floor":13,"turns":4},{"damage":15,"enemies":"Large Slime","floor":14,"turns":6},{"damage":46,"enemies":"Slime Boss","floor":16,"turns":10},{"damage":31,"enemies":"Spheric Guardian","floor":18,"turns":6},{"damage":0,"enemies":"2 Thieves","floor":21,"turns":1}],"seed_played":"5332695150870181852","potions_obtained":[{"floor":3,"key":"SneckoOil"},{"floor":7,"key":"Regen Potion"},{"floor":13,"key":"SpeedPotion"},{"floor":14,"key":"EssenceOfSteel"},{"floor":18,"key":"Energy Potion"}],"is_trial":false,"path_per_floor":["M","?","M","?","$","R","E","$","T","M","M","M","M","M","R","B",null,"M","$","?","M"],"character_chosen":"THE_SILENT","items_purchased":["Catalyst","Noxious Fumes"],"campfire_rested":1,"item_purchase_floors":[5,8],"current_hp_per_floor":[70,70,70,70,70,70,70,70,70,68,64,57,49,34,55,9,70,39,39,23,23,23],"gold":144,"neow_bonus":"THREE_ENEMY_KILL","is_daily":false,"chose_seed":false,"campfire_upgraded":0,"win_rate":0.0,"timestamp":1608027572,"path_taken":["M","?","M","?","?","R","E","$","T","?","M","M","M","M","R","BOSS","M","$","?","M"],"items_purchased_type":["Card","Card"],"build_version":"2020-12-13","purchased_purges":1,"victory":false,"max_hp_per_floor":[70,70,70,70,70,70,70,70,70,70,70,70,70,70,70,70,70,70,70,70,70,70],"relic_stats":{"counters":[11,42],"Bag of Preparation":[20],"Black Star":0,"obtain_stats":[{"NeowsBlessing":0,"Nilry\u0027s Codex":20,"Bag of Preparation":2,"Black Star":17,"Unceasing Top":7,"Ring of the Snake":0},{"NeowsBlessing":0,"Nilry\u0027s Codex":10,"Bag of Preparation":1,"Black Star":9,"Unceasing Top":3,"Ring of the Snake":0},{"NeowsBlessing":0,"Nilry\u0027s Codex":41,"Bag of Preparation":1,"Black Star":35,"Unceasing Top":3,"Ring of the Snake":0}],"Unceasing Top":[1],"Ring of the Snake":[22]},"card_choices":[{"not_picked":["Underhanded Strike","Quick Slash","Calculated Gamble"],"picked":"SKIP","floor":1},{"not_picked":["Tactician","Flying Knee"],"picked":"Deadly Poison","floor":3},{"not_picked":["Sucker Punch","Flechettes"],"picked":"Poisoned Stab","floor":7},{"not_picked":["Escape Plan","Reflex"],"picked":"Blur","floor":10},{"not_picked":["Finisher","Dagger Throw"],"picked":"Backflip","floor":11},{"not_picked":["Bane","Concentrate","Underhanded Strike"],"picked":"SKIP","floor":12},{"not_picked":["Dodge and Roll","Noxious Fumes"],"picked":"Catalyst","floor":13},{"not_picked":["Deflect","Acrobatics","Dagger Throw"],"picked":"SKIP","floor":14},{"not_picked":["Wraith Form v2","Glass Knife"],"picked":"Venomology","floor":16},{"not_picked":["All Out Attack","Acrobatics+1","Dagger Throw+1"],"picked":"SKIP","floor":18}],"player_experience":270888,"relics_obtained":[{"floor":7,"key":"Unceasing Top"},{"floor":20,"key":"Nilry\u0027s Codex"}],"event_choices":[{"damage_healed":0,"gold_gain":0,"player_choice":"Box","damage_taken":0,"relics_obtained":["Bag of Preparation"],"max_hp_gain":0,"max_hp_loss":0,"event_name":"Big Fish","floor":2,"gold_loss":0,"cards_obtained":["Regret"]},{"damage_healed":0,"gold_gain":0,"player_choice":"Grow","damage_taken":0,"max_hp_gain":0,"max_hp_loss":0,"event_name":"Living Wall","floor":4,"gold_loss":0,"cards_upgraded":["Deadly Poison"]},{"damage_healed":0,"gold_gain":0,"player_choice":"Obtained Book","damage_taken":16,"max_hp_gain":0,"max_hp_loss":0,"event_name":"Cursed Tome","floor":20,"gold_loss":0}],"is_beta":false,"boss_relics":[{"not_picked":["Fusion Hammer","Runic Dome"],"picked":"Black Star"}],"items_purged_floors":[19],"is_endless":false,"potions_floor_spawned":[3,7,13,14,16,18],"killed_by":"2 Thieves","ascension_level":2}}