{"host":"4myl0piycjadqnwl","time":1608051483,"event":{"mods":["BaseMod","Colored Map","Downfall","Minty Spire (QoL Compilation)","StSLib"],"gold_per_floor":[349,367,45,59,74,103,103,103,137,62,62,78,93,93,110,213,213,213,213,226,226,226,257,338,338,351,386,336,349,367,383,395,496,496,496,496,531,546,546,546,597,626,626,654,670,684,684,697,708,708],"floor_reached":51,"playtime":4032,"items_purged":[],"score":1106,"play_id":"7be01a21-915f-4e2c-a3de-5a8d418c7a97","local_time":"20201215175803","is_ascension_mode":true,"campfire_choices":[{"data":"hexamod:Float","floor":1.0,"key":"SMITH"},{"data":"hexamod:GhostLash","floor":8.0,"key":"SMITH"},{"data":"hexamod:GhostOfSpireFuture","floor":10.0,"key":"SMITH"},{"data":"hexamod:ApocalypticArmor","floor":18.0,"key":"SMITH"},{"data":"hexamod:SkipABeat","floor":25.0,"key":"SMITH"},{"data":"hexamod:Haunt","floor":35.0,"key":"SMITH"},{"data":"hexamod:ApocalypticArmor","floor":43,"key":"SMITH"}],"circlet_count":0,"master_deck":["hexamod:Strike","hexamod:Strike","hexamod:Strike","hexamod:Strike+1","hexamod:Defend+1","hexamod:Defend","hexamod:Defend","hexamod:Defend","hexamod:Sear","hexamod:Float+1","hexamod:Hexaguard","hexamod:GhostOfSpireFuture+1","hexamod:GhostLash+1","hexamod:SpectersWail","hexamod:SkipABeat+1","hexamod:StepThrough","hexamod:FastForward","hexamod:GhostLash+1","hexamod:TimeWarp","hexamod:StepThrough+1","hexamod:RainOfEmbers","hexamod:ApocalypticArmor+1","hexamod:RecurringNightmare","hexamod:GhostOfSpireFuture","hexamod:SpectersWail","hexamod:SuperheatedStrike+1","hexamod:FastForward+1","hexamod:Haunt+1","hexamod:NightmareGuise","expansioncontent:TimeRipple","hexamod:Hexaguard+1","hexamod:FirstSeal","hexamod:ApocalypticArmor+1","hexamod:Rewind+1","hexamod:FastForward"],"relics":["hexamod:SpiritBrand","Bag of Preparation","hexamod:CandleOfCauterizing","StrikeDummy","Turnip","downfall:HeartBlessingGreen","SlaversCollar","Omamori","Bottled Lightning","White Beast Statue","Cursed Key","Du-Vu Doll","hexamod:BolsterEngine","Guardian:PocketSentry","Torii"],"acts_visited":["Exordium","TheCity","TheBeyond"],"potions_floor_usage":[42,48],"damage_taken":[{"damage":0.0,"enemies":"Cultist","floor":2.0,"turns":4.0},{"damage":0.0,"enemies":"downfall:FleeingMerchant","floor":3.0,"turns":4.0},{"damage":0.0,"enemies":"Small Slimes","floor":4.0,"turns":3.0},{"damage":6.0,"enemies":"Jaw Worm","floor":5.0,"turns":3.0},{"damage":4.0,"enemies":"Gremlin Nob","floor":6.0,"turns":4.0},{"damage":13.0,"enemies":"Lagavulin","floor":9.0,"turns":5.0},{"damage":3.0,"enemies":"Exordium Thugs","floor":12.0,"turns":2.0},{"damage":0.0,"enemies":"Blue Slaver","floor":13.0,"turns":2.0},{"damage":4.0,"enemies":"Large Slime","floor":15.0,"turns":4.0},{"damage":20.0,"enemies":"downfall:Watcher","floor":16.0,"turns":6.0},{"damage":3.0,"enemies":"Spheric Guardian","floor":20.0,"turns":4.0},{"damage":13.0,"enemies":"Slavers","floor":23.0,"turns":4.0},{"damage":0.0,"enemies":"Centurion and Healer","floor":26.0,"turns":4.0},{"damage":1.0,"enemies":"Book of Stabbing","floor":27.0,"turns":4.0},{"damage":3.0,"enemies":"Sentry and Sphere","floor":29.0,"turns":4.0},{"damage":0.0,"enemies":"Snecko","floor":30.0,"turns":3.0},{"damage":21.0,"enemies":"3 Cultists","floor":31.0,"turns":5.0},{"damage":0.0,"enemies":"Chosen and Byrds","floor":32.0,"turns":4.0},{"damage":14.0,"enemies":"downfall:Silent","floor":33.0,"turns":7.0},{"damage":4.0,"enemies":"Nemesis","floor":37.0,"turns":7.0},{"damage":6.0,"enemies":"Orb Walker","floor":38.0,"turns":3.0},{"damage":0,"enemies":"Reptomancer","floor":42,"turns":5},{"damage":8,"enemies":"Giant Head","floor":44,"turns":7},{"damage":3,"enemies":"3 Shapes","floor":45,"turns":4},{"damage":22,"enemies":"Spire Growth","floor":46,"turns":4},{"damage":0,"enemies":"Jaw Worm Horde","floor":48,"turns":5},{"damage":0,"enemies":"Maw","floor":49,"turns":6},{"damage":18,"enemies":"downfall:Ironclad","floor":50,"turns":9}],"seed_played":"1674671128875493573","potions_obtained":[{"floor":6.0,"key":"LiquidMemories"},{"floor":9.0,"key":"sneckomod:MuddlingPotion"},{"floor":12.0,"key":"SneckoOil"},{"floor":13.0,"key":"SkillPotion"},{"floor":16.0,"key":"Fire Potion"},{"floor":29.0,"key":"hexamod:DoubleChargePotion"},{"floor":33.0,"key":"champ:CounterPotion"},{"floor":37.0,"key":"champ:CounterPotion"},{"floor":38.0,"key":"FearPotion"},{"floor":42,"key":"EssenceOfSteel"},{"floor":44,"key":"Swift Potion"},{"floor":46,"key":"Fruit Juice"},{"floor":48,"key":"Fire Potion"}],"is_trial":false,"path_per_floor":["R","M","$","M","M","E","T","R","E","R","?","M","M","?","M","B",null,"R","?","M","?","?","E","T","R","M","E","?","M","M","M","M","B",null,"R","?","E","M","?","?","T","E","R","E","M","M","?","M","M","B",null],"character_chosen":"THE_SPIRIT","items_purchased":["Bag of Preparation","hexamod:GhostLash","hexamod:SpectersWail","hexamod:SkipABeat"],"campfire_rested":0,"item_purchase_floors":[3,3,3,3],"current_hp_per_floor":[63,63,63,63,57,53,53,53,40,40,40,37,37,37,33,13,51,51,43,40,40,40,27,27,27,27,26,52,49,49,28,28,14,51,51,51,47,41,41,34,34,41,41,40,44,22,63,68,68,50],"gold":708,"neow_bonus":"TWO_FIFTY_GOLD","is_daily":false,"chose_seed":false,"campfire_upgraded":7,"win_rate":0.0,"timestamp":1608051483,"path_taken":["R","M","$","?","?","E","T","R","E","R","?","M","?","?","M","BOSS","R","?","?","?","?","E","T","R","M","E","?","M","?","M","M","BOSS","R","?","E","M","?","?","T","E","R","E","M","M","?","M","M","BOSS"],"items_purchased_type":["Relic","Card","Card","Card"],"build_version":"2020-12-13","purchased_purges":0,"victory":true,"max_hp_per_floor":[63,63,63,63,63,63,63,63,63,63,63,63,63,63,63,63,63,63,63,63,63,63,63,63,63,63,63,63,63,63,63,63,63,63,63,63,63,63,63,63,63,63,63,63,63,63,63,68,68,68],"card_choices":[{"not_picked":["hexamod:RainOfEmbers","hexamod:Firestarter"],"picked":"hexamod:Hexaguard","floor":2.0},{"not_picked":["hexamod:GhostShield","hexamod:SuperheatedStrike"],"picked":"hexamod:GhostOfSpireFuture","floor":3.0},{"not_picked":["hexamod:Hexaguard","hexamod:BurningTouch"],"picked":"hexamod:StepThrough","floor":4.0},{"not_picked":["hexamod:AdvancingGuard","hexamod:SpectersWail"],"picked":"hexamod:FastForward","floor":5.0},{"not_picked":["hexamod:Firestarter","hexamod:Rewind"],"picked":"hexamod:GhostLash","floor":6.0},{"not_picked":["hexamod:ThermalTransfer","hexamod:AdvancingGuard"],"picked":"hexamod:TimeWarp","floor":9.0},{"not_picked":["hexamod:Hexaguard","hexamod:HeatCrush"],"picked":"hexamod:StepThrough","floor":12.0},{"not_picked":["hexamod:AdvancingGuard","hexamod:SwordOfDarkness"],"picked":"hexamod:RainOfEmbers","floor":13.0},{"not_picked":["hexamod:GhostOfSpirePresent","hexamod:BacktrackSmack","hexamod:HauntingEcho"],"picked":"SKIP","floor":15.0},{"not_picked":["hexamod:TimeWarp","hexamod:GiftsFromTheDead"],"picked":"hexamod:ApocalypticArmor","floor":16.0},{"not_picked":["hexamod:PowerFromBeyond","hexamod:GhostShield"],"picked":"hexamod:RecurringNightmare","floor":20.0},{"not_picked":["hexamod:Hexaguard+1","hexamod:RadiantFlame+1"],"picked":"hexamod:GhostOfSpireFuture","floor":23.0},{"not_picked":["hexamod:ExtraCrispy","hexamod:BacktrackSmack"],"picked":"hexamod:SpectersWail","floor":26.0},{"not_picked":["hexamod:SpectralAdrenaline","hexamod:SpectralSpark+1"],"picked":"hexamod:SuperheatedStrike+1","floor":27.0},{"not_picked":["hexamod:ThermalTransfer","hexamod:NightmareStrike","hexamod:SpectralSpark"],"picked":"SKIP","floor":29.0},{"not_picked":["hexamod:SwordOfDarkness+1","hexamod:HeatShield"],"picked":"hexamod:FastForward+1","floor":30.0},{"not_picked":["hexamod:NightmareGuise","hexamod:RetreatToShadows+1"],"picked":"hexamod:Haunt","floor":31.0},{"not_picked":["hexamod:BacktrackSmack","hexamod:ThermalTransfer"],"picked":"hexamod:NightmareGuise","floor":32.0},{"not_picked":["expansioncontent:GoopSpray","expansioncontent:DarkVoid"],"picked":"expansioncontent:TimeRipple","floor":36.0},{"not_picked":["hexamod:InspiringFlames","hexamod:GhostLash"],"picked":"hexamod:Hexaguard+1","floor":37.0},{"not_picked":["hexamod:BurningTouch","hexamod:GhostOfSpirePresent+1","hexamod:NightmareStrike+1"],"picked":"SKIP","floor":38.0},{"not_picked":["hexamod:NecessarySacrifice+1","hexamod:HauntingEcho+1"],"picked":"hexamod:ApocalypticArmor","floor":42},{"not_picked":["hexamod:Firestarter","hexamod:HauntingEcho+1","hexamod:SpectersWail"],"picked":"SKIP","floor":44},{"not_picked":["hexamod:AdvancingGuard+1","hexamod:BacktrackSmack","hexamod:ShieldOfDarkness"],"picked":"SKIP","floor":45},{"not_picked":["hexamod:ThermalTransfer+1","hexamod:HeatMetal+1"],"picked":"hexamod:Rewind+1","floor":46},{"not_picked":["hexamod:Rewind+1","hexamod:GhostShield+1"],"picked":"hexamod:FastForward","floor":48},{"not_picked":["hexamod:InspiringFlames+1","hexamod:SoulSteal","hexamod:ThermalTransfer"],"picked":"SKIP","floor":49}],"player_experience":1345565,"relics_obtained":[{"floor":6.0,"key":"hexamod:CandleOfCauterizing"},{"floor":7.0,"key":"StrikeDummy"},{"floor":9.0,"key":"Turnip"},{"floor":23.0,"key":"Omamori"},{"floor":24.0,"key":"Bottled Lightning"},{"floor":27.0,"key":"White Beast Statue"},{"floor":37.0,"key":"Du-Vu Doll"},{"floor":41.0,"key":"hexamod:BolsterEngine"},{"floor":42,"key":"Guardian:PocketSentry"},{"floor":44,"key":"Torii"}],"event_choices":[],"is_beta":false,"boss_relics":[{"not_picked":["Pandora\u0027s Box","Astrolabe"],"picked":"SlaversCollar"},{"not_picked":["Snecko Eye","hexamod:IceCube"],"picked":"Cursed Key"}],"items_purged_floors":[],"is_endless":false,"potions_floor_spawned":[6,9,12,13,15,16,27,29,30,31,32,33,37,38,42,44,45,46,48,49],"ascension_level":7}}