{"host":"wha9hktbkslqvblg","time":1608030131,"event":{"mods":["BaseMod","Colored Map","Minty Spire (QoL Compilation)","Relic Stats","SuperFastMode","everything is the same but u backflip on backflip"],"gold_per_floor":[111,111,36,51,201,201,15,15,15,15,15,15,49,49],"floor_reached":13,"playtime":87,"items_purged":["Strike_R","Doubt"],"score":208,"play_id":"2b9ab2d9-ed57-4f3a-8d81-063fdc77a051","local_time":"20201215200211","is_ascension_mode":true,"campfire_choices":[{"data":"Bash","floor":6.0,"key":"SMITH"},{"data":"Inflame","floor":8.0,"key":"SMITH"},{"data":"Pummel","floor":10.0,"key":"SMITH"},{"floor":12,"key":"RECALL"}],"circlet_count":0,"master_deck":["AscendersBane","Strike_R","Strike_R","Strike_R","Strike_R","Defend_R","Defend_R","Defend_R","Defend_R","Bash+1","Pummel+1","Inflame+1"],"relics":["Burning Blood","NeowsBlessing","Ancient Tea Set","InkBottle"],"acts_visited":["Exordium"],"potions_floor_usage":[],"damage_taken":[{"damage":0.0,"enemies":"Jaw Worm","floor":1.0,"turns":1.0},{"damage":0.0,"enemies":"Cultist","floor":4.0,"turns":1.0},{"damage":0,"enemies":"Gremlin Nob","floor":13,"turns":1}],"seed_played":"974455991244872445","potions_obtained":[{"floor":13,"key":"Strength Potion"}],"is_trial":false,"path_per_floor":["M","?","$","M","?","R","$","R","T","R","?","R","E"],"character_chosen":"IRONCLAD","items_purchased":["Inflame"],"campfire_rested":0,"item_purchase_floors":[7],"current_hp_per_floor":[74,70,70,75,75,75,75,75,75,75,75,75,75,75],"gold":49,"neow_bonus":"THREE_ENEMY_KILL","is_daily":false,"chose_seed":false,"campfire_upgraded":3,"win_rate":0.0,"timestamp":1608030131,"path_taken":["M","?","$","?","?","R","$","R","T","R","?","R","E"],"items_purchased_type":["Card"],"build_version":"2020-12-13","purchased_purges":2,"victory":false,"max_hp_per_floor":[75,75,75,75,75,75,75,75,75,75,75,75,75,75],"relic_stats":{"counters":[3,3],"obtain_stats":[{"NeowsBlessing":0,"Ancient Tea Set":9,"Burning Blood":0,"InkBottle":13},{"NeowsBlessing":0,"Ancient Tea Set":2,"Burning Blood":0,"InkBottle":3},{"NeowsBlessing":0,"Ancient Tea Set":2,"Burning Blood":0,"InkBottle":3}],"Burning Blood":11,"InkBottle":[0]},"card_choices":[{"not_picked":["Thunderclap","Ghostly Armor"],"picked":"Pummel","floor":1.0},{"not_picked":["Iron Wave","Flex","Rage"],"picked":"SKIP","floor":4.0}],"player_experience":844352,"relics_obtained":[{"floor":9.0,"key":"Ancient Tea Set"},{"floor":13,"key":"InkBottle"}],"event_choices":[{"damage_healed":0.0,"max_hp_gain":0.0,"max_hp_loss":0.0,"gold_gain":0.0,"event_name":"The Woman in Blue","player_choice":"Bought 0 Potions","floor":2.0,"gold_loss":0.0,"damage_taken":0.0},{"damage_healed":0.0,"max_hp_gain":0.0,"max_hp_loss":0.0,"gold_gain":150.0,"event_name":"Liars Game","player_choice":"AGREE","floor":5.0,"gold_loss":0.0,"damage_taken":0.0,"cards_obtained":["Doubt"]},{"damage_healed":0,"gold_gain":0,"player_choice":"0 cards matched","damage_taken":0,"max_hp_gain":0,"max_hp_loss":0,"event_name":"Match and Keep!","floor":11,"gold_loss":0,"cards_obtained":[]}],"is_beta":false,"boss_relics":[],"items_purged_floors":[3,7],"is_endless":false,"potions_floor_spawned":[13],"killed_by":"Gremlin Nob","ascension_level":20}}