{"host":"Justin","time":1608031209,"event":{"mods":["BaseMod","BetterRewards","Colored Map","Colored Powertips","DeckTracker","Duelist Mod","Hermit","Highlight Path","Hubris","Infinite Spire","Minty Spire (QoL Compilation)","Replay The Spire","Shop Mod","StSLib","The Animator","The Jungle","The Necromancer"],"gold_per_floor":[111,128,139,139,139,139,139,139,139,172,172,203,48,64,64,64,64],"floor_reached":16,"playtime":942,"items_purged":[],"score":108,"play_id":"5b3616ad-4040-4c14-bfea-2d07e09bf728","local_time":"20201215122009","is_ascension_mode":false,"campfire_choices":[{"data":"Deadly Poison","floor":6,"key":"SMITH"},{"data":"Deadly Poison","floor":8,"key":"SMITH"},{"floor":11,"key":"RECALL"},{"data":"Sucker Punch","floor":15,"key":"SMITH"}],"circlet_count":0,"master_deck":["Strike_G","Strike_G","Strike_G","Strike_G","Strike_G","Defend_G","Defend_G","Defend_G","Defend_G","Defend_G","Survivor","Neutralize","Bullet Time","Dagger Spray","Sucker Punch+1","Deadly Poison+1","Deadly Poison+1","Dodge and Roll","Backstab"],"relics":["Ring of the Snake","hubris:Towel","hubris:64BitClover","infinitespire:Lucky Rock","Ornamental Fan","MerchantsRug"],"acts_visited":["Exordium"],"potions_floor_usage":[2,10,16,16],"damage_taken":[{"damage":0,"enemies":"Small Slimes","floor":1,"turns":5},{"damage":0,"enemies":"Jaw Worm","floor":2,"turns":3},{"damage":0,"enemies":"Cultist","floor":3,"turns":4},{"damage":21,"enemies":"Gremlin Nob","floor":10,"turns":4},{"damage":1,"enemies":"Replay:BlueRogue","floor":12,"turns":5},{"damage":1,"enemies":"Looter","floor":14,"turns":3},{"damage":64,"enemies":"Fading Forest","floor":16,"turns":9}],"seed_played":"7490089574727120462","potions_obtained":[{"floor":1,"key":"DuplicationPotion"},{"floor":2,"key":"Weak Potion"},{"floor":3,"key":"Venom Potion"},{"floor":14,"key":"Adrenaline Potion"}],"is_trial":false,"path_per_floor":["M","M","M","?","?","R","$","R","T","E","R","E","$","M","R","B"],"character_chosen":"THE_SILENT","items_purchased":["MerchantsRug"],"campfire_rested":0,"item_purchase_floors":[13],"current_hp_per_floor":[63,63,63,63,63,63,63,63,63,42,42,41,41,40,40,0,0],"gold":64,"neow_bonus":"THREE_RARE_CARDS","is_daily":false,"chose_seed":false,"campfire_upgraded":3,"win_rate":0.0,"timestamp":1608031209,"path_taken":["M","M","M","?","?","R","?","R","T","E","R","E","$","M","R","BOSS"],"items_purchased_type":["Relic"],"build_version":"2020-11-17","purchased_purges":0,"victory":false,"max_hp_per_floor":[63,63,63,63,63,63,63,63,63,63,63,63,63,63,63,63,63],"card_choices":[{"not_picked":["Unload","Atom Bomb"],"picked":"Bullet Time","floor":0},{"not_picked":["Fluid Movement","Dagger Throw"],"picked":"Dagger Spray","floor":1},{"not_picked":["Wraith Form v2","Deflect"],"picked":"Sucker Punch","floor":2},{"not_picked":["hubris:SlightOfHand","Masterful Stab"],"picked":"Deadly Poison","floor":3},{"not_picked":["Quick Slash","Underhanded Strike"],"picked":"Dodge and Roll","floor":10},{"not_picked":["ReplayTheSpireMod:Shiv Toss","PiercingWail"],"picked":"Backstab","floor":12},{"not_picked":["hubris:SlightOfHand","Hidden Blade","Dagger Throw"],"picked":"SKIP","floor":14}],"player_experience":16668,"relics_obtained":[{"floor":9,"key":"hubris:64BitClover"},{"floor":10,"key":"infinitespire:Lucky Rock"},{"floor":12,"key":"Ornamental Fan"}],"event_choices":[],"is_beta":true,"boss_relics":[],"items_purged_floors":[],"is_endless":false,"potions_floor_spawned":[1,2,3,14],"killed_by":"Fading Forest","ascension_level":0}}