{"host":"b6iqmq74l2bwzb3l","time":1608023453,"event":{"mods":["BaseMod","Colored Map","Colored Powertips","Googly Eyes","MarisaÅiñ∂âJÅ@ñÇóùçπÅj","Minty Spire (QoL Compilation)","Quick Restart","StSLib","The Cursed"],"gold_per_floor":[119,138,138,213,224,252,265,265,290,317,344,344,359,370,370,468,468,484,507,432,444,265,265,283,303,303,303,303],"floor_reached":27,"playtime":674,"items_purged":["Strike_MRS","Defend_MRS"],"score":215,"play_id":"e8003054-3ab2-4d43-b4f2-d52ca697c137","local_time":"20201215181053","is_ascension_mode":false,"campfire_choices":[{"data":"UpSweep","floor":8,"key":"SMITH"},{"data":"EnergyFlow","floor":12,"key":"SMITH"},{"data":"MasterSpark","floor":15,"key":"SMITH"},{"data":"BlazingStar","floor":23,"key":"SMITH"}],"circlet_count":0,"master_deck":["Strike_MRS","Strike_MRS","Strike_MRS","Defend_MRS","Defend_MRS","Defend_MRS","MasterSpark+1","UpSweep+1","DC","Parasite","Parasite","WitchLeyline","EnergyFlow+1","BlazingStar+1","EnergyRecoil+1","GasGiant","MeteoricShower"],"relics":["MiniHakkero","NeowsBlessing","Akabeko","BigShroomBag","Art of War","SlaversCollar","Juzu Bracelet","Potion Belt"],"acts_visited":["Exordium","TheCity"],"potions_floor_usage":[16,16,16],"damage_taken":[{"damage":0,"enemies":"Jaw Worm","floor":1,"turns":1},{"damage":0,"enemies":"Cultist","floor":2,"turns":1},{"damage":0,"enemies":"Small Slimes","floor":5,"turns":1},{"damage":30,"enemies":"3 Sentries","floor":6,"turns":7},{"damage":4,"enemies":"Blue Slaver","floor":7,"turns":3},{"damage":8,"enemies":"The Mushroom Lair","floor":10,"turns":3},{"damage":8,"enemies":"Red Slaver","floor":13,"turns":2},{"damage":1,"enemies":"3 Louse","floor":14,"turns":3},{"damage":2,"enemies":"Slime Boss","floor":16,"turns":4},{"damage":12,"enemies":"Shell Parasite","floor":18,"turns":2},{"damage":22,"enemies":"3 Byrds","floor":21,"turns":4},{"damage":39,"enemies":"Centurion and Healer","floor":24,"turns":6},{"damage":18,"enemies":"Snake Plant","floor":25,"turns":4},{"damage":20,"enemies":"Snecko","floor":27,"turns":3}],"seed_played":"-9082956222298580407","potions_obtained":[{"floor":1,"key":"Dexterity Potion"},{"floor":5,"key":"Strength Potion"},{"floor":6,"key":"BlessingOfTheForge"},{"floor":21,"key":"SpeedPotion"}],"is_trial":false,"path_per_floor":["M","M","?","?","M","E","M","R","T","?","T","R","M","M","R","B",null,"M","T","$","M","$","R","M","M","T","M"],"character_chosen":"MARISA","items_purchased":["GasGiant"],"campfire_rested":0,"item_purchase_floors":[22],"current_hp_per_floor":[75,75,80,72,72,42,42,42,42,38,38,38,33,35,35,39,80,68,68,68,52,52,52,19,7,7,0,0],"gold":303,"neow_bonus":"THREE_ENEMY_KILL","is_daily":false,"chose_seed":false,"campfire_upgraded":4,"win_rate":0.0,"timestamp":1608023453,"path_taken":["M","M","?","?","?","E","M","R","T","?","?","R","M","M","R","BOSS","M","?","$","M","$","R","M","M","T","M"],"items_purchased_type":["Card"],"build_version":"2020-12-13","purchased_purges":2,"victory":false,"max_hp_per_floor":[75,75,80,80,80,80,80,80,80,80,80,80,80,80,80,80,80,80,80,80,80,80,80,80,80,80,80,80],"card_choices":[{"not_picked":["Robbery","EnergyRecoil"],"picked":"DC","floor":1},{"not_picked":["MilkyWay","RefractionSpark","ShootingEcho"],"picked":"SKIP","floor":2},{"not_picked":["NonDirectionalLaser","StarBarrage","Robbery"],"picked":"SKIP","floor":5},{"not_picked":["ShootingEcho","OpenUniverse","UnstableBomb"],"picked":"SKIP","floor":6},{"not_picked":["DragonMeteor","GrandCross"],"picked":"WitchLeyline","floor":7},{"not_picked":["SporeBomb","DC"],"picked":"EnergyFlow","floor":10},{"not_picked":["MysteriousBeam","SporeBomb","IllusionStar"],"picked":"SKIP","floor":13},{"not_picked":["6A","ShootingEcho","NonDirectionalLaser"],"picked":"SKIP","floor":14},{"not_picked":["TreasureHunter","MaximisePower"],"picked":"BlazingStar","floor":16},{"not_picked":["ChargeUpSpray","EarthLightRay","PulseMagic+1"],"picked":"SKIP","floor":18},{"not_picked":["MysteriousBeam","DoubleSpark"],"picked":"EnergyRecoil+1","floor":21},{"not_picked":["AsteroidBelt","SporeBomb"],"picked":"MeteoricShower","floor":24},{"not_picked":["UnstableBomb","SatelliteIllusion","SporeBomb"],"picked":"SKIP","floor":25}],"player_experience":307359,"relics_obtained":[{"floor":6,"key":"ShroomBag"},{"floor":9,"key":"Akabeko"},{"floor":10,"key":"BigShroomBag"},{"floor":11,"key":"Art of War"},{"floor":19,"key":"Juzu Bracelet"},{"floor":26,"key":"Potion Belt"}],"event_choices":[{"damage_healed":0,"gold_gain":0,"player_choice":"Donut","damage_taken":0,"max_hp_gain":5,"max_hp_loss":0,"event_name":"Big Fish","floor":3,"gold_loss":0},{"damage_healed":0,"gold_gain":75,"player_choice":"Touch","damage_taken":8,"max_hp_gain":0,"max_hp_loss":0,"event_name":"FaceTrader","floor":4,"gold_loss":0},{"damage_healed":0,"gold_gain":0,"player_choice":"Fought Mushrooms","damage_taken":0,"max_hp_gain":0,"max_hp_loss":0,"event_name":"Mushrooms_MRS","floor":10,"gold_loss":0}],"is_beta":false,"boss_relics":[{"not_picked":["Busted Crown","Cursed Key"],"picked":"SlaversCollar"}],"items_purged_floors":[20,22],"is_endless":false,"potions_floor_spawned":[1,5,6,14,21],"killed_by":"Snecko","ascension_level":0}}