{"host":"kw4o7b3ro2ktmmbe","time":1608030883,"event":{"mods":["BaseMod","Minty Spire (QoL Compilation)","StSLib","The Death Knight","Treasure Hunter"],"gold_per_floor":[118,118,118,129,146,146,176,176,176,191,220,38,52,67,67,169,169,189,288,203,203,54,54,64,92,141,141,141,141,165,193,193,193,193],"floor_reached":33,"playtime":2382,"items_purged":[],"score":364,"play_id":"66571f54-f2d4-484c-bf87-91b3238ec530","local_time":"20201216001443","is_ascension_mode":true,"campfire_choices":[{"data":"DeathKnight:BladedArmor","floor":6.0,"key":"SMITH"},{"data":"DeathKnight:Pestilence","floor":8.0,"key":"SMITH"},{"data":"TH:ElvenBoots","floor":15.0,"key":"SMITH"},{"data":"Pain","floor":23.0,"key":"PURGE"},{"floor":28.0,"key":"REST"},{"floor":32,"key":"REST"}],"circlet_count":0,"master_deck":["DeathKnight:Strike_DeathKnight","DeathKnight:Strike_DeathKnight","DeathKnight:Strike_DeathKnight+1","DeathKnight:Strike_DeathKnight","DeathKnight:Strike_DeathKnight","DeathKnight:Defend_DeathKnight","DeathKnight:Defend_DeathKnight","DeathKnight:Defend_DeathKnight","DeathKnight:Defend_DeathKnight","DeathKnight:Defend_DeathKnight","DeathKnight:RuneTap","DeathKnight:RuneStrike+1","DeathKnight:GargoyleSkin","DeathKnight:Contagion","DeathKnight:BladedArmor+1","TH:ElvenBoots+1","DeathKnight:Pestilence+1","TH:CursedSword","DeathKnight:Frostscythe","TH:CursedSword","DeathKnight:FoulBulwark","DeathKnight:PlagueStrike","TH:Mimic","DeathKnight:Frostscythe","DeathKnight:WraithWalk","TH:TreasureMap","DeathKnight:DancingRuneblade+1","TH:ArmorSpikes","TH:CopperCoins","TH:TreasureMap","DeathKnight:Pestilence"],"relics":["Velvet Choker","WarpedTongs","DeathKnight:HelmOfDomination","Lizard Tail","Mercury Hourglass","Lantern","Black Star","Peace Pipe","PreservedInsect","Frozen Egg 2","Bag of Preparation","Whetstone","Happy Flower","Omamori","Potion Belt"],"acts_visited":["Exordium","TheCity"],"potions_floor_usage":[33],"damage_taken":[{"damage":2.0,"enemies":"2 Louse","floor":1.0,"turns":2.0},{"damage":1.0,"enemies":"Small Slimes","floor":4.0,"turns":3.0},{"damage":7.0,"enemies":"Cultist","floor":5.0,"turns":4.0},{"damage":18.0,"enemies":"3 Sentries","floor":7.0,"turns":8.0},{"damage":38.0,"enemies":"Exordium Thugs","floor":10.0,"turns":6.0},{"damage":14.0,"enemies":"Lagavulin","floor":11.0,"turns":6.0},{"damage":0.0,"enemies":"Exordium Wildlife","floor":13.0,"turns":3.0},{"damage":1.0,"enemies":"2 Fungi Beasts","floor":14.0,"turns":2.0},{"damage":1.0,"enemies":"Slime Boss","floor":16.0,"turns":6.0},{"damage":18.0,"enemies":"Spheric Guardian","floor":18.0,"turns":5.0},{"damage":1.0,"enemies":"Chosen","floor":24.0,"turns":5.0},{"damage":24.0,"enemies":"Gremlin Leader","floor":25.0,"turns":6.0},{"damage":20,"enemies":"Slavers","floor":31,"turns":4},{"damage":47,"enemies":"Collector","floor":33,"turns":5}],"seed_played":"2736883036220648194","potions_obtained":[{"floor":1.0,"key":"FearPotion"},{"floor":11.0,"key":"Fire Potion"},{"floor":14.0,"key":"GamblersBrew"},{"floor":31,"key":"LiquidMemories"}],"is_trial":false,"path_per_floor":["M","?","?","M","M","R","E","R","T","M","E","$","M","M","R","B",null,"M","?","?","?","$","R","M","E","T","$","R","?","T","E","R","B"],"character_chosen":"DEATH_KNIGHT","items_purchased":["Lantern","DeathKnight:FoulBulwark","PreservedInsect"],"campfire_rested":2,"item_purchase_floors":[12,12,22],"current_hp_per_floor":[73,73,73,72,65,65,47,47,47,9,37,37,37,36,36,35,65,47,47,47,33,33,33,32,8,8,8,32,32,32,12,36,0,0],"gold":193,"neow_bonus":"BOSS_RELIC","is_daily":false,"chose_seed":false,"campfire_upgraded":3,"win_rate":0.0,"timestamp":1608030883,"path_taken":["M","?","?","M","?","R","E","R","T","M","E","?","M","M","R","BOSS","M","?","?","?","$","R","M","E","T","$","R","?","?","E","R","BOSS"],"items_purchased_type":["Relic","Card","Relic"],"build_version":"2020-12-13","purchased_purges":0,"victory":false,"max_hp_per_floor":[75,75,75,75,75,75,75,75,75,75,75,75,75,75,75,75,75,75,75,75,80,80,80,80,80,80,80,80,80,80,80,80,80,80],"card_choices":[{"not_picked":["DeathKnight:ThirstingStrike","DeathKnight:DeathCoil"],"picked":"DeathKnight:GargoyleSkin","floor":1.0},{"not_picked":["DeathKnight:IceboundArmor","DeathKnight:BloodStrike"],"picked":"DeathKnight:Contagion","floor":4.0},{"not_picked":["DeathKnight:Culling","DeathKnight:UnholyAssault"],"picked":"DeathKnight:BladedArmor","floor":5.0},{"not_picked":["TH:CopperCoins"],"picked":"TH:ElvenBoots","floor":7.0},{"not_picked":["DeathKnight:Ossuary","DeathKnight:RaiseAlly"],"picked":"DeathKnight:Pestilence","floor":7.0},{"not_picked":["TH:BikiniMail"],"picked":"TH:CursedSword","floor":9.0},{"not_picked":["DeathKnight:DeathCoil","DeathKnight:BladedArmor"],"picked":"DeathKnight:Frostscythe","floor":10.0},{"not_picked":["TH:PixieDust"],"picked":"TH:CursedSword","floor":11.0},{"not_picked":["DeathKnight:FrosPresence","DeathKnight:DeathRune","DeathKnight:MindFreeze"],"picked":"SKIP","floor":11.0},{"not_picked":["DeathKnight:HornOfWinter","DeathKnight:DeathStrike"],"picked":"DeathKnight:PlagueStrike","floor":13.0},{"not_picked":["DeathKnight:DeathRune","DeathKnight:BoneShield","DeathKnight:Rot"],"picked":"SKIP","floor":14.0},{"not_picked":["TH:EnergyPotion"],"picked":"TH:Mimic","floor":16.0},{"not_picked":["DeathKnight:RunicDetonation","DeathKnight:ReapingStrike"],"picked":"DeathKnight:Frostscythe","floor":16.0},{"not_picked":["DeathKnight:BladedArmor","DeathKnight:UnholyPresence"],"picked":"DeathKnight:WraithWalk","floor":18.0},{"not_picked":["DeathKnight:IcyTouch","DeathKnight:Obliterate","DeathKnight:DreadStrike"],"picked":"SKIP","floor":24.0},{"not_picked":["TH:ElvenBoots"],"picked":"TH:TreasureMap","floor":25.0},{"not_picked":["DeathKnight:SindragosasBreath","DeathKnight:DreadStrike"],"picked":"DeathKnight:DancingRuneblade+1","floor":25.0},{"not_picked":["TH:Mimic"],"picked":"TH:ArmorSpikes","floor":26.0},{"not_picked":["TH:DeckOfManyThings"],"picked":"TH:CopperCoins","floor":30.0},{"not_picked":["TH:Mimic"],"picked":"TH:TreasureMap","floor":31},{"not_picked":["DeathKnight:IcyTouch+1","DeathKnight:UnholyFrenzy"],"picked":"DeathKnight:Pestilence","floor":31}],"player_experience":1799990,"relics_obtained":[{"floor":7.0,"key":"DeathKnight:HelmOfDomination"},{"floor":9.0,"key":"Lizard Tail"},{"floor":11.0,"key":"Mercury Hourglass"},{"floor":25.0,"key":"Frozen Egg 2"},{"floor":25.0,"key":"Bag of Preparation"},{"floor":26.0,"key":"Whetstone"},{"floor":30.0,"key":"Happy Flower"},{"floor":31,"key":"Omamori"},{"floor":31,"key":"Potion Belt"}],"event_choices":[{"damage_healed":0.0,"max_hp_gain":0.0,"max_hp_loss":0.0,"gold_gain":0.0,"event_name":"Liars Game","player_choice":"Ignored","floor":2.0,"gold_loss":0.0,"damage_taken":0.0},{"damage_healed":0.0,"max_hp_gain":0.0,"max_hp_loss":0.0,"gold_gain":0.0,"event_name":"Accursed Blacksmith","player_choice":"Rummage","floor":3.0,"gold_loss":0.0,"damage_taken":0.0,"relics_obtained":["WarpedTongs"],"cards_obtained":["Pain"]},{"damage_healed":0.0,"max_hp_gain":0.0,"max_hp_loss":0.0,"gold_gain":99.0,"event_name":"Nest","player_choice":"Stole From Cult","floor":19.0,"gold_loss":0.0,"damage_taken":0.0},{"damage_healed":0.0,"max_hp_gain":0.0,"max_hp_loss":0.0,"gold_gain":0.0,"event_name":"Addict","player_choice":"Obtained Relic","floor":20.0,"gold_loss":85.0,"damage_taken":0.0,"relics_obtained":["Peace Pipe"]},{"damage_healed":0.0,"max_hp_gain":5.0,"max_hp_loss":0.0,"gold_gain":0.0,"event_name":"Forgotten Altar","player_choice":"Shed Blood","floor":21.0,"gold_loss":0.0,"damage_taken":19.0},{"damage_healed":0.0,"max_hp_gain":0.0,"max_hp_loss":0.0,"gold_gain":0.0,"event_name":"Ghosts","player_choice":"Ignored","floor":29.0,"gold_loss":0.0,"damage_taken":0.0}],"is_beta":false,"boss_relics":[{"not_picked":["Cursed Key","Snecko Eye"],"picked":"Black Star"}],"items_purged_floors":[],"is_endless":false,"potions_floor_spawned":[1,11,14,31],"killed_by":"Collector","ascension_level":5}}