{"host":"kh6fvhxn285ncg0o","time":1608015213,"event":{"mods":["Act Like it!","BaseMod","Colored Map","Friendly Minions","Keyboard Shortcuts","Minty Spire (QoL Compilation)","Quick Restart","Relic Stats","StSLib","SuperFastMode"],"gold_per_floor":[116,116,133,145,159,187,213,266,304,316,316],"floor_reached":10,"playtime":274,"items_purged":[],"score":160,"play_id":"1e44ec2d-fe7f-4087-8f39-6c43ed576826","local_time":"20201215155333","is_ascension_mode":true,"campfire_choices":[],"circlet_count":0,"master_deck":["AscendersBane","Strike_R","Strike_R","Strike_R+1","Strike_R","Strike_R","Defend_R","Defend_R","Defend_R","Defend_R","Bash","Feel No Pain","Pain","Body Slam","Blood for Blood+1","Rage","Reaper","Hemokinesis"],"relics":["Burning Blood","NeowsBlessing","WarpedTongs","MawBank","CeramicFish","Whetstone"],"acts_visited":["Exordium"],"potions_floor_usage":[],"damage_taken":[{"damage":0.0,"enemies":"Cultist","floor":1.0,"turns":1.0},{"damage":1.0,"enemies":"Jaw Worm","floor":3.0,"turns":1.0},{"damage":2.0,"enemies":"2 Louse","floor":4.0,"turns":2.0},{"damage":36.0,"enemies":"Gremlin Gang","floor":5.0,"turns":6.0},{"damage":28.0,"enemies":"Lagavulin","floor":6.0,"turns":8.0},{"damage":16.0,"enemies":"Looter","floor":7.0,"turns":5.0},{"damage":22.0,"enemies":"3 Sentries","floor":8.0,"turns":9.0},{"damage":13,"enemies":"Lagavulin","floor":10,"turns":4}],"seed_played":"8844884952273074584","potions_obtained":[{"floor":1.0,"key":"ColorlessPotion"},{"floor":4.0,"key":"SpeedPotion"},{"floor":7.0,"key":"EssenceOfSteel"}],"is_trial":false,"path_per_floor":["M","?","M","M","M","E","M","E","T","E"],"character_chosen":"IRONCLAD","items_purchased":[],"campfire_rested":0,"item_purchase_floors":[],"current_hp_per_floor":[74,74,75,75,45,23,17,13,13,0,0],"gold":316,"neow_bonus":"THREE_ENEMY_KILL","is_daily":false,"chose_seed":false,"campfire_upgraded":0,"win_rate":0.0,"timestamp":1608015213,"path_taken":["M","?","?","M","M","E","M","E","T","E"],"items_purchased_type":[],"build_version":"2020-12-13","purchased_purges":0,"victory":false,"max_hp_per_floor":[75,75,75,75,75,75,75,75,75,75,75],"relic_stats":{"counters":[8,36],"CeramicFish":9,"Whetstone":["Blood for Blood","Strike_R"],"MawBank":48,"obtain_stats":[{"NeowsBlessing":0,"CeramicFish":8,"Whetstone":9,"MawBank":6,"Burning Blood":0,"WarpedTongs":2},{"NeowsBlessing":0,"CeramicFish":7,"Whetstone":7,"MawBank":5,"Burning Blood":0,"WarpedTongs":1},{"NeowsBlessing":0,"CeramicFish":32,"Whetstone":32,"MawBank":18,"Burning Blood":0,"WarpedTongs":1}],"Burning Blood":34,"WarpedTongs":[34]},"card_choices":[{"not_picked":["Wild Strike","Clash"],"picked":"Feel No Pain","floor":1.0},{"not_picked":["Heavy Blade","Anger"],"picked":"Body Slam","floor":3.0},{"not_picked":["Combust","Headbutt"],"picked":"Blood for Blood","floor":4.0},{"not_picked":["Bloodletting","Thunderclap"],"picked":"Rage","floor":5.0},{"not_picked":["Whirlwind","Headbutt"],"picked":"Reaper","floor":6.0},{"not_picked":["Clash","Pommel Strike","Whirlwind"],"picked":"SKIP","floor":7.0},{"not_picked":["Twin Strike","Sword Boomerang"],"picked":"Hemokinesis","floor":8.0}],"player_experience":3168542,"relics_obtained":[{"floor":6.0,"key":"MawBank"},{"floor":8.0,"key":"CeramicFish"},{"floor":9.0,"key":"Whetstone"}],"event_choices":[{"damage_healed":0.0,"max_hp_gain":0.0,"max_hp_loss":0.0,"gold_gain":0.0,"event_name":"Accursed Blacksmith","player_choice":"Rummage","floor":2.0,"gold_loss":0.0,"damage_taken":0.0,"relics_obtained":["WarpedTongs"],"cards_obtained":["Pain"]}],"is_beta":false,"boss_relics":[],"items_purged_floors":[],"is_endless":false,"potions_floor_spawned":[1,4,7],"killed_by":"Lagavulin","ascension_level":20}}