{"host":"684z1xpuwaoqmmh1","time":1608034874,"event":{"mods":["Bard","BaseMod","Downfall","Hermit","Jorbs\u0027s Wanderer Trilogy","Marisa????????","Minty Spire (QoL Compilation)","StSLib","The Hierophant","The Mystic","The Runesmith"],"gold_per_floor":[99,119,152,77,27,58,126,126,36,61,75,87,100,122,132,230,230,230,215,235,85,105,138,138,138,168,93,10,26,26,6,25,128,128,128,142,159,159,214,244,244,169,181,213,232,280,30,30,44,44,44,72,50,50,50],"floor_reached":56,"playtime":3773,"items_purged":["champ:Strike","champ:Defend+1"],"score":2248,"play_id":"a3360664-7a5a-4800-ac2f-86d6d96de2ed","local_time":"20201215142114","is_ascension_mode":true,"campfire_choices":[{"floor":1.0,"key":"RECALL"},{"data":"champ:Taunt","floor":4.0,"key":"SMITH"},{"floor":8.0,"key":"REST"},{"floor":18.0,"key":"REST"},{"floor":25,"key":"REST"},{"floor":27,"key":"REST"},{"floor":35,"key":"REST"},{"floor":42,"key":"REST"},{"floor":54,"key":"REST"}],"circlet_count":0,"master_deck":["champ:Strike+1","champ:Strike+1","champ:Defend+1","champ:Defend+1","champ:Defend+1","champ:Execute","champ:Taunt+1","champ:DefensiveStyle","champ:GladiatorsShout","champ:FlashCut","champ:BerserkerStyle","champ:VampiricStrike+1","champ:FocusedGladiator","champ:GutPunch+1","champ:Encircle+1","champ:Balance","champ:SwordThrow+1","champ:HeavySlash+1","champ:DefensiveShout+1","Ghostly","champ:EnchantCrown","champ:RageSigil","champ:PreciseThrust+1","champ:Duel+1","champ:GladiatorStyle","champ:GutPunch+1","champ:FlashCut+1","champ:RisingSlash+1","champ:CheapShot+1","champ:StanceDance+1","champ:IronFortress+1","champ:VampiricStrike+1","champ:AdrenalArmor+1","champ:ShieldWall","champ:EndlessRage","champ:BringItOn+1","champ:Aggression+1","champ:EnchantSword","champ:SwordSigil"],"relics":["champ:ChampionCrown","Juzu Bracelet","downfall:HeartBlessingRed","Molten Egg 2","Pear","Bottled Flame","Odd Mushroom","Fusion Hammer","Centennial Puzzle","Letter Opener","Calipers","downfall:HeartBlessingGreen","HornCleat","Philosopher\u0027s Stone","Pocketwatch","Boot","downfall:HeartBlessingBlue","Vajra","CatCart","Kunai","Sundial"],"acts_visited":["Exordium","TheCity","TheBeyond","TheEnding"],"potions_floor_usage":[23,28,39,44,44,55],"damage_taken":[{"damage":10.0,"enemies":"Cultist","floor":2.0,"turns":3.0},{"damage":64.0,"enemies":"3 Sentries","floor":3.0,"turns":10.0},{"damage":5.0,"enemies":"downfall:FleeingMerchant","floor":5.0,"turns":4.0},{"damage":52.0,"enemies":"Lagavulin","floor":6.0,"turns":9.0},{"damage":20.0,"enemies":"downfall:FleeingMerchant","floor":9.0,"turns":4.0},{"damage":15.0,"enemies":"Gremlin Nob","floor":10.0,"turns":3.0},{"damage":8.0,"enemies":"Small Slimes","floor":11.0,"turns":3.0},{"damage":16.0,"enemies":"2 Louse","floor":12.0,"turns":2.0},{"damage":10.0,"enemies":"Gremlin Gang","floor":13.0,"turns":2.0},{"damage":24.0,"enemies":"The Mushroom Lair","floor":14.0,"turns":3.0},{"damage":20.0,"enemies":"Large Slime","floor":15.0,"turns":3.0},{"damage":91.0,"enemies":"downfall:Defect","floor":16.0,"turns":6.0},{"damage":13.0,"enemies":"downfall:FleeingMerchant","floor":19.0,"turns":4.0},{"damage":23.0,"enemies":"3 Byrds","floor":20.0,"turns":4.0},{"damage":11.0,"enemies":"Shell Parasite","floor":22.0,"turns":3.0},{"damage":43,"enemies":"Slavers","floor":23,"turns":3},{"damage":54,"enemies":"Book of Stabbing","floor":26,"turns":5},{"damage":26,"enemies":"downfall:FleeingMerchant","floor":28,"turns":4},{"damage":20,"enemies":"Snake Plant","floor":29,"turns":3},{"damage":0,"enemies":"downfall:FleeingMerchant","floor":31,"turns":1},{"damage":38,"enemies":"Centurion and Healer","floor":32,"turns":3},{"damage":53,"enemies":"downfall:Ironclad","floor":33,"turns":7},{"damage":18,"enemies":"3 Shapes","floor":36,"turns":4},{"damage":8,"enemies":"Orb Walker","floor":37,"turns":3},{"damage":24,"enemies":"2 Orb Walkers","floor":39,"turns":4},{"damage":32,"enemies":"Giant Head","floor":40,"turns":6},{"damage":5,"enemies":"Sphere and 2 Shapes","floor":43,"turns":3},{"damage":47,"enemies":"Reptomancer","floor":44,"turns":5},{"damage":17,"enemies":"Maw","floor":45,"turns":6},{"damage":36,"enemies":"Orin","floor":46,"turns":7},{"damage":10,"enemies":"Jaw Worm Horde","floor":49,"turns":3},{"damage":51,"enemies":"downfall:Watcher","floor":50,"turns":4},{"damage":90,"enemies":"downfall:CharBossMerchant","floor":52,"turns":7},{"damage":149,"enemies":"downfall:NeowBoss","floor":55,"turns":15}],"seed_played":"-4095980584765126889","potions_obtained":[{"floor":3.0,"key":"Swift Potion"},{"floor":10.0,"key":"Block Potion"},{"floor":11.0,"key":"champ:CounterPotion"},{"floor":12.0,"key":"Fire Potion"},{"floor":14.0,"key":"Guardian:BlockOnCardUsePotion"},{"floor":22.0,"key":"champ:OpenerPotion"},{"floor":26,"key":"champ:TechniquePotion"},{"floor":29,"key":"sneckomod:MuddlingPotion"},{"floor":38,"key":"Block Potion"},{"floor":43,"key":"SkillPotion"},{"floor":44,"key":"Ancient Potion"},{"floor":45,"key":"Swift Potion"}],"is_trial":false,"path_per_floor":["R","M","E","R","$","E","T","R","$","E","M","M","M","?","M","B",null,"R","$","M","?","M","E","T","R","E","R","$","M","?","$","M","B",null,"R","M","M","?","?","E","T","R","M","E","M","?","$","?","M","B",null,"E","$","R","B",null],"character_chosen":"THE_CHAMP","items_purchased":["champ:BerserkerStyle","champ:GladiatorStyle","HornCleat","champ:FlashCut+1","Kunai","champ:SwordSigil"],"campfire_rested":7,"item_purchase_floors":[5,28,31,31,47,53],"current_hp_per_floor":[90,90,41,41,41,5,15,45,40,56,74,68,67,82,98,45,86,100,100,99,99,100,77,77,100,68,98,100,100,100,100,87,54,89,100,100,100,100,100,100,100,110,110,82,110,110,110,110,110,110,110,110,110,110,110],"gold":50,"neow_bonus":"THREE_CARDS","is_daily":false,"chose_seed":false,"campfire_upgraded":1,"win_rate":0.0,"timestamp":1608034874,"path_taken":["R","M","E","R","?","E","T","R","$","E","M","M","M","?","M","BOSS","R","$","M","?","M","E","T","R","E","R","$","M","?","$","M","BOSS","R","M","M","?","?","E","T","R","M","E","M","?","$","?","M","BOSS","E","$","R","BOSS"],"items_purchased_type":["Card","Card","Relic","Card","Relic","Card"],"build_version":"2020-12-13","purchased_purges":2,"victory":true,"max_hp_per_floor":[90,90,90,90,90,90,100,100,100,100,100,100,100,100,100,100,100,100,100,100,100,100,100,100,100,100,100,100,100,100,100,100,100,100,100,100,100,100,100,100,100,110,110,110,110,110,110,110,110,110,110,110,110,110,110],"card_choices":[{"not_picked":["champ:Balance","champ:BringItOn"],"picked":"champ:DefensiveStyle","floor":0.0},{"not_picked":["champ:PerfectedStrike","champ:ShieldSigil","champ:DefensiveShout"],"picked":"SKIP","floor":2.0},{"not_picked":["champ:SwordSigil","champ:BladeFlurry"],"picked":"champ:GladiatorsShout","floor":3.0},{"not_picked":["champ:CrookedStrike","champ:Backstep"],"picked":"champ:FlashCut","floor":5.0},{"not_picked":["champ:DefensiveStyle","champ:BerserkerStyle"],"picked":"champ:VampiricStrike+1","floor":6.0},{"not_picked":["champ:TornadoPunch+1","champ:Haymaker+1"],"picked":"champ:FocusedGladiator","floor":9.0},{"not_picked":["champ:DeathBlow+1","champ:StanceDance"],"picked":"champ:GutPunch+1","floor":10.0},{"not_picked":["champ:DefensiveShout","champ:ArenaPreparation"],"picked":"champ:Encircle+1","floor":11.0},{"not_picked":["champ:Lariat","champ:Encircle+1"],"picked":"champ:Balance","floor":12.0},{"not_picked":["champ:Circumvent","champ:AdrenalArmor","champ:GladiatorsShout"],"picked":"SKIP","floor":13.0},{"not_picked":["champ:FocusedGladiator","champ:CrookedStrike+1"],"picked":"champ:SwordThrow+1","floor":14.0},{"not_picked":["champ:TornadoPunch+1","champ:SwordSigil","champ:FanOfKnives+1"],"picked":"SKIP","floor":15.0},{"not_picked":["champ:MurderStrike+1","champ:LastStand"],"picked":"champ:HeavySlash+1","floor":16.0},{"not_picked":["champ:BerserkersShout","champ:DefensiveStyle"],"picked":"champ:DefensiveShout+1","floor":19.0},{"not_picked":["champ:DefensiveShout","champ:SwordSigil","champ:StanceDance"],"picked":"SKIP","floor":20.0},{"not_picked":["champ:AdrenalArmor","champ:TornadoPunch+1"],"picked":"champ:EnchantCrown","floor":22.0},{"not_picked":["champ:EnGarde","champ:PerfectedStrike+1"],"picked":"champ:RageSigil","floor":23},{"not_picked":["champ:DefensiveShout","champ:CrookedStrike+1"],"picked":"champ:PreciseThrust+1","floor":26},{"not_picked":["champ:DefensiveShout","champ:Circumvent+1"],"picked":"champ:Duel+1","floor":28},{"not_picked":["champ:BerserkersShout","champ:TornadoPunch+1","champ:Encircle+1"],"picked":"SKIP","floor":29},{"not_picked":["champ:HeartStrike+1","champ:Haymaker+1"],"picked":"champ:GutPunch+1","floor":31},{"not_picked":["champ:RapidStrikes+1","champ:BringItOn"],"picked":"champ:RisingSlash+1","floor":32},{"not_picked":["champ:EnchantShield","champ:SwordThrow+1"],"picked":"champ:CheapShot+1","floor":33},{"not_picked":["champ:BladeFlurry+1","champ:EndlessRage+1"],"picked":"champ:StanceDance+1","floor":36},{"not_picked":["champ:FanOfKnives+1","champ:BerserkersShout+1"],"picked":"champ:IronFortress+1","floor":37},{"not_picked":["champ:RapidStrikes+1","champ:CrookedStrike+1"],"picked":"champ:VampiricStrike+1","floor":39},{"not_picked":["champ:RageSigil+1","champ:GladiatorsShout"],"picked":"champ:AdrenalArmor+1","floor":40},{"not_picked":["champ:BerserkersShout+1","champ:TornadoPunch+1"],"picked":"champ:ShieldWall","floor":43},{"not_picked":["champ:Haymaker+1","champ:Backstep+1"],"picked":"champ:EndlessRage","floor":44},{"not_picked":["champ:BerserkersShout","champ:Balance","champ:BringItOn+1"],"picked":"SKIP","floor":45},{"not_picked":["champ:BerserkersShout","champ:Balance"],"picked":"champ:BringItOn+1","floor":45},{"not_picked":["champ:Circumvent","champ:FanOfKnives+1"],"picked":"champ:Aggression+1","floor":46},{"not_picked":["champ:Encircle+1","champ:DefensiveStyle+1"],"picked":"champ:EnchantSword","floor":49},{"not_picked":["champ:BladeFlurry+1","champ:Circumvent","champ:CrookedStrike+1"],"picked":"SKIP","floor":52}],"player_experience":2304360,"relics_obtained":[{"floor":3.0,"key":"Juzu Bracelet"},{"floor":6.0,"key":"Molten Egg 2"},{"floor":7.0,"key":"Pear"},{"floor":10.0,"key":"Bottled Flame"},{"floor":14.0,"key":"Odd Mushroom"},{"floor":23,"key":"Centennial Puzzle"},{"floor":24,"key":"Letter Opener"},{"floor":26,"key":"Calipers"},{"floor":39,"key":"Pocketwatch"},{"floor":40,"key":"Boot"},{"floor":44,"key":"Vajra"},{"floor":46,"key":"CatCart"},{"floor":52,"key":"Sundial"}],"event_choices":[{"damage_healed":0.0,"max_hp_gain":0.0,"max_hp_loss":0.0,"gold_gain":0.0,"event_name":"Mushrooms","player_choice":"Fought Mushrooms","floor":14.0,"gold_loss":0.0,"damage_taken":0.0},{"damage_healed":0,"gold_gain":0,"player_choice":"Simplicity","damage_taken":0,"max_hp_gain":0,"max_hp_loss":0,"event_name":"Back to Basics","floor":30,"gold_loss":0,"cards_upgraded":["champ:Strike","champ:Strike","champ:Strike","champ:Defend","champ:Defend","champ:Defend","champ:Defend"]},{"damage_healed":0,"gold_gain":0,"player_choice":"Got Potions","damage_taken":0,"max_hp_gain":0,"max_hp_loss":0,"event_name":"Lab","floor":38,"gold_loss":0},{"damage_healed":0,"gold_gain":0,"player_choice":"Fight","damage_taken":0,"max_hp_gain":0,"max_hp_loss":0,"event_name":"Mysterious Sphere","floor":39,"gold_loss":0},{"damage_healed":0,"gold_gain":0,"player_choice":"Fight","damage_taken":0,"max_hp_gain":0,"max_hp_loss":0,"event_name":"OrinTheCat","floor":46,"gold_loss":0},{"cards_removed":["champ:Strike"],"damage_healed":0,"gold_gain":0,"player_choice":"Offered Basic","damage_taken":0,"max_hp_gain":0,"max_hp_loss":0,"event_name":"Bonfire Elementals","floor":48,"gold_loss":0}],"is_beta":false,"boss_relics":[{"not_picked":["Busted Crown","champ:PowerArmor"],"picked":"Fusion Hammer"},{"not_picked":["Calling Bell","Sozu"],"picked":"Philosopher\u0027s Stone"}],"items_purged_floors":[9,31],"is_endless":false,"potions_floor_spawned":[3,10,11,12,14,16,22,26,29,32,43,44,45],"ascension_level":5}}