{"host":"wpg8td78s8974atr","time":1608042708,"event":{"mods":["AchievementEnabler","Act Like it!","BaseMod","Better Third Choice","BetterRewards","Energized Spire","Hallownest","Hermit","Highlight Path","Infinite Spire","Minty Spire (QoL Compilation)","Quick Restart","Rare Cards Sparkle","Shade Mod","Spicy Shops","StSLib","The Animator","The Bladedancer","The Bug Knight","The Cursed","The Gatherer","The Hierophant","The Jungle","The Poker Player","Thieving Mod"],"gold_per_floor":[134,134,19,19,19,19,86,86,111,162,234,285,356,105,105,245,195,252,228,228,268,268,268,322,386,386,443,503,563,563,238,238,388,388,494,703,703],"floor_reached":36,"playtime":4453,"items_purged":["hierophant:Defend_Hierophant","hierophant:Defend_Hierophant"],"score":467,"play_id":"55d697b6-5b03-49d2-88f2-d0917abc9284","local_time":"20201215153148","is_ascension_mode":false,"campfire_choices":[{"data":"hierophant:ChurchCoffers","floor":6.0,"key":"SMITH"},{"floor":8.0,"key":"REST"},{"data":"hierophant:FieryStrike","floor":15.0,"key":"SMITH"},{"data":"RitualDagger","floor":23,"key":"SMITH"},{"floor":30,"key":"REST"},{"data":"hierophant:RepressedViolence","floor":32,"key":"SMITH"}],"circlet_count":0,"master_deck":["hierophant:Strike_Hierophant","hierophant:Strike_Hierophant","hierophant:Strike_Hierophant","hierophant:Strike_Hierophant","hierophant:Punish","hierophant:Defend_Hierophant","hierophant:Defend_Hierophant","hierophant:ChurchCoffers+1","hierophant:RustyCrate+1","hierophant:Doubloon","hierophant:Doubloon","hierophant:OrnateBuckler","hierophant:FieryStrike+1","hierophant:OrnateBuckler","hierophant:ThreeLashes","hierophant:DisplayOfPower","hierophant:Strike_Hierophant","hierophant:RepressedViolence+1","hierophant:MorningPrayer","RitualDagger+1","hierophant:MorningPrayer+1","hierophant:FieryStrike+1","hierophant:OrnateBuckler+1","hierophant:Bribe+1","hierophant:BulkyChest","infinitespire:NeuralNetwork","hierophant:Sermon+1"],"relics":["hierophant:PropheticMaskRelic","OrangePellets","Oddly Smooth Stone","Bronze Scales","Ice Cream","Odd Mushroom","Pocketwatch","HollowMod:PaleOreRelic","MealTicket","Anchor","HornCleat","energizedSpire:HugeHouse","infinitespire:Joker Card","infinitespire:Midas Blood","infinitespire:Bottled Soul","Potion Belt","energizedSpire:DeadBattery","Turnip"],"acts_visited":["Hallownest:Greenpath","TheCity","TheBeyond"],"potions_floor_usage":[16,21,25,33,36],"damage_taken":[{"damage":6.0,"enemies":"Hallownest:2_MossCreeps","floor":1.0,"turns":4.0},{"damage":17.0,"enemies":"Hallownest:eliteCrystalGuardian","floor":7.0,"turns":7.0},{"damage":0.0,"enemies":"Hallownest:2_Baldur","floor":10.0,"turns":2.0},{"damage":14.0,"enemies":"Hallownest:eliteMossKnight","floor":11.0,"turns":12.0},{"damage":0.0,"enemies":"2_ Uuma","floor":12.0,"turns":2.0},{"damage":32,"enemies":"Hallownest:BossBrokenVessel","floor":16,"turns":10},{"damage":2,"enemies":"Shell Parasite","floor":18,"turns":4},{"damage":5,"enemies":"2 Thieves","floor":19,"turns":4},{"damage":0,"enemies":"Snake Plant","floor":21,"turns":4},{"damage":0,"enemies":"3 Cultists","floor":24,"turns":4},{"damage":0,"enemies":"Slavers","floor":25,"turns":5},{"damage":3,"enemies":"Snecko","floor":27,"turns":4},{"damage":4,"enemies":"Centurion and Healer","floor":28,"turns":6},{"damage":0,"enemies":"Snake Plant","floor":29,"turns":2},{"damage":8,"enemies":"Collector","floor":33,"turns":13},{"damage":0,"enemies":"Orb Walker","floor":35,"turns":3},{"damage":4,"enemies":"infinitespire:Three Voidlings","floor":36,"turns":3},{"damage":65,"enemies":"Nightmare_Alpha","floor":36,"turns":10}],"seed_played":"-950249359450689141","potions_obtained":[{"floor":1.0,"key":"SteroidPotion"},{"floor":16,"key":"Block Potion"},{"floor":18,"key":"Energy Potion"},{"floor":19,"key":"SpeedPotion"},{"floor":28,"key":"AttackPotion"},{"floor":33,"key":"BlessingOfTheForge"}],"is_trial":false,"path_per_floor":["M","?","?","?","T","R","E","R","T","M","E","M","?","$","R","B",null,"M","M","?","M","?","R","M","E","T","M","M","M","R","$","R","B",null,"M","?"],"character_chosen":"HIEROPHANT","items_purchased":["hierophant:RustyCrate","OrangePellets","Oddly Smooth Stone","Bronze Scales","Ice Cream","HornCleat","Potion Belt"],"campfire_rested":2,"item_purchase_floors":[0,0,0,0,0,14,31],"current_hp_per_floor":[69,60,60,60,60,60,43,65,65,65,51,51,51,66,66,34,70,68,63,57,57,57,57,57,57,57,54,50,50,70,70,70,62,70,70,5,5],"gold":703,"neow_bonus":"","is_daily":false,"chose_seed":false,"campfire_upgraded":4,"win_rate":0.0,"timestamp":1608042708,"path_taken":["M","?","?","?","?","R","E","R","T","M","E","M","?","$","R","BOSS","M","M","?","M","?","R","M","E","T","M","M","M","R","$","R","BOSS","M","?"],"items_purchased_type":["Card","Relic","Relic","Relic","Relic","Relic","Relic"],"build_version":"2020-12-13","purchased_purges":2,"victory":false,"max_hp_per_floor":[75,75,75,75,75,75,75,75,75,75,75,75,75,75,75,75,70,70,70,70,70,70,70,70,70,70,70,70,70,70,70,70,70,70,70,70,70],"card_choices":[{"not_picked":["hierophant:FlamingChariot","hierophant:Flagellation"],"picked":"hierophant:OrnateBuckler","floor":1.0},{"not_picked":["hierophant:TollTheBells","hierophant:Remorse"],"picked":"hierophant:FieryStrike","floor":7.0},{"not_picked":["hierophant:HammerAndAnvil","hierophant:DivineIntervention"],"picked":"hierophant:OrnateBuckler","floor":10.0},{"not_picked":["hierophant:FieryStrike","hierophant:Remorse"],"picked":"hierophant:ThreeLashes","floor":11.0},{"not_picked":["hierophant:Determination","hierophant:Encroach"],"picked":"hierophant:DisplayOfPower","floor":12.0},{"not_picked":["hierophant:Levitation","hierophant:Determination"],"picked":"hierophant:WrathOfGod","floor":16},{"not_picked":["hierophant:Embezzle","hierophant:Doubloon","hierophant:Smite"],"picked":"SKIP","floor":18},{"not_picked":["hierophant:SealAway","hierophant:RustyCrate"],"picked":"hierophant:MorningPrayer","floor":19},{"not_picked":["hierophant:SecretStash","hierophant:RepressedViolence"],"picked":"hierophant:MorningPrayer+1","floor":21},{"not_picked":["hierophant:Embezzle","hierophant:TollTheBells"],"picked":"hierophant:FieryStrike+1","floor":24},{"not_picked":["hierophant:Generosity","hierophant:Alms","hierophant:DisplayOfPower"],"picked":"SKIP","floor":25},{"not_picked":["hierophant:Shelter+1","hierophant:MorningPrayer"],"picked":"hierophant:OrnateBuckler+1","floor":27},{"not_picked":["hierophant:ConvertCurrency","hierophant:DisplayOfPower","hierophant:Alms+1"],"picked":"SKIP","floor":28},{"not_picked":["hierophant:AuricShield","hierophant:Purify"],"picked":"hierophant:Bribe+1","floor":29},{"not_picked":["hierophant:Anathema","hierophant:MintersHammer"],"picked":"hierophant:BulkyChest","floor":33},{"not_picked":["hierophant:FlamingChariot+1","hierophant:Smite+1","hierophant:HammerAndAnvil+1"],"picked":"SKIP","floor":35},{"not_picked":["infinitespire:SevenWalls","infinitespire:TheBestDefense"],"picked":"infinitespire:NeuralNetwork","floor":36},{"not_picked":["hierophant:Encroach+1","hierophant:SealAway"],"picked":"hierophant:Sermon+1","floor":36}],"player_experience":214181,"relics_obtained":[{"floor":5.0,"key":"Pocketwatch"},{"floor":7.0,"key":"HollowMod:PaleOreRelic"},{"floor":9.0,"key":"MealTicket"},{"floor":11.0,"key":"Anchor"},{"floor":25,"key":"infinitespire:Midas Blood"},{"floor":26,"key":"infinitespire:Bottled Soul"},{"floor":36,"key":"Turnip"}],"event_choices":[{"damage_healed":0,"gold_gain":0,"player_choice":"Dagger","damage_taken":6,"max_hp_gain":0,"max_hp_loss":0,"event_name":"betterThird:BetterNest","floor":20,"gold_loss":0,"cards_obtained":["RitualDagger"]},{"damage_healed":0,"gold_gain":0,"player_choice":"Opened","damage_taken":0,"relics_obtained":["infinitespire:Joker Card"],"max_hp_gain":0,"max_hp_loss":0,"event_name":"The Mausoleum","floor":22,"gold_loss":0}],"is_beta":false,"boss_relics":[{"not_picked":["Empty Cage","energizedSpire:CursedPentagram"],"picked":"energizedSpire:HugeHouse"},{"not_picked":["infinitespire:Cupcake","Busted Crown"],"picked":"energizedSpire:DeadBattery"}],"items_purged_floors":[31,31],"is_endless":false,"potions_floor_spawned":[1,16,18,19,28,33],"killed_by":"Nightmare_Alpha","ascension_level":0}}