{"host":"b6iqmq74l2bwzb3l","time":1608022672,"event":{"mods":["BaseMod","Colored Map","Colored Powertips","Googly Eyes","MarisaÅiñ∂âJÅ@ñÇóùçπÅj","Minty Spire (QoL Compilation)","Quick Restart","StSLib","The Cursed"],"gold_per_floor":[111,128,139,151,151,151,151,151,151,151,161,161,177,202,202,300,300,316,327,107,125,125,150,83,95,95,95,123,234,246,273,285,297,297],"floor_reached":33,"playtime":1289,"items_purged":["Strike_MRS","Defend_MRS+1"],"score":287,"play_id":"7199d10d-5a30-4162-962a-78980d8aa8e4","local_time":"20201215175752","is_ascension_mode":false,"campfire_choices":[{"data":"MillisecondPulsars","floor":6,"key":"SMITH"},{"data":"UpSweep","floor":8,"key":"SMITH"},{"data":"AsteroidBelt","floor":10,"key":"SMITH"},{"data":"MasterSpark","floor":12,"key":"SMITH"},{"data":"GrandCross","floor":15,"key":"SMITH"},{"floor":27,"key":"REST"},{"data":"AsteroidBelt","floor":32,"key":"SMITH"}],"circlet_count":0,"master_deck":["Strike_MRS","Strike_MRS","Strike_MRS","Defend_MRS+1","Defend_MRS","Defend_MRS","MasterSpark+1","UpSweep+1","AsteroidBelt+1","MillisecondPulsars+1","AsteroidBelt+1","GrandCross+1","LuminesStrike","AsteroidBelt+1","ShootTheMoon"],"relics":["BewitchedHakkero","Darkstone Periapt","Regal Pillow","Membership Card","PreservedInsect","Bottled Flame","MawBank"],"acts_visited":["Exordium","TheCity"],"potions_floor_usage":[16,16,23,23,28,33],"damage_taken":[{"damage":0,"enemies":"2 Louse","floor":1,"turns":2},{"damage":5,"enemies":"Small Slimes","floor":2,"turns":3},{"damage":0,"enemies":"Cultist","floor":3,"turns":3},{"damage":2,"enemies":"Blue Slaver","floor":4,"turns":5},{"damage":1,"enemies":"3 Louse","floor":11,"turns":5},{"damage":8,"enemies":"Gremlin Gang","floor":13,"turns":4},{"damage":5,"enemies":"3 Sentries","floor":14,"turns":8},{"damage":10,"enemies":"The Guardian","floor":16,"turns":10},{"damage":3,"enemies":"Spheric Guardian","floor":18,"turns":4},{"damage":2,"enemies":"Shell Parasite","floor":19,"turns":7},{"damage":6,"enemies":"Sentry and Sphere","floor":21,"turns":4},{"damage":2,"enemies":"Book of Stabbing","floor":23,"turns":5},{"damage":30,"enemies":"Snake Plant","floor":25,"turns":5},{"damage":14,"enemies":"Slavers","floor":28,"turns":5},{"damage":2,"enemies":"Cultist and Chosen","floor":31,"turns":8},{"damage":72,"enemies":"Collector","floor":33,"turns":13}],"seed_played":"5050116961036652421","potions_obtained":[{"floor":2,"key":"Energy Potion"},{"floor":4,"key":"Swift Potion"},{"floor":13,"key":"Block Potion"},{"floor":19,"key":"Energy Potion"},{"floor":21,"key":"Fire Potion"},{"floor":25,"key":"BlessingOfTheForge"},{"floor":31,"key":"PowerPotion"}],"is_trial":false,"path_per_floor":["M","M","M","M","?","R","$","R","T","R","M","R","M","E","R","B",null,"M","M","$","M","?","E","$","M","T","R","E","?","?","M","R","B"],"character_chosen":"MARISA","items_purchased":["Membership Card","ShootTheMoon"],"campfire_rested":1,"item_purchase_floors":[20,24],"current_hp_per_floor":[82,77,77,75,59,59,59,59,59,59,58,58,50,45,45,35,82,79,77,77,71,71,69,69,39,39,78,64,64,64,62,62,0,0],"gold":297,"neow_bonus":"TEN_PERCENT_HP_BONUS","is_daily":false,"chose_seed":false,"campfire_upgraded":6,"win_rate":0.0,"timestamp":1608022672,"path_taken":["M","M","M","M","?","R","$","R","T","R","M","R","M","E","R","BOSS","M","M","$","M","?","E","$","M","T","R","E","?","?","M","R","BOSS"],"items_purchased_type":["Relic","Card"],"build_version":"2020-12-13","purchased_purges":2,"victory":false,"max_hp_per_floor":[82,82,82,82,82,82,82,82,82,82,82,82,82,82,82,82,82,82,82,82,82,82,82,82,82,82,82,82,82,82,82,82,82,82],"card_choices":[{"not_picked":["MysteriousBeam","ShootingEcho","SporeBomb"],"picked":"SKIP","floor":1},{"not_picked":["6A","NonDirectionalLaser"],"picked":"AsteroidBelt","floor":2},{"not_picked":["Acceleration","UnstableBomb","NonDirectionalLaser"],"picked":"SKIP","floor":3},{"not_picked":["DoubleSpark","IllusionStar"],"picked":"MillisecondPulsars","floor":4},{"not_picked":["SuperPerseids","WitchOfGreed","OpenUniverse"],"picked":"SKIP","floor":11},{"not_picked":["SuperPerseids","BlazeAway"],"picked":"AsteroidBelt","floor":13},{"not_picked":["GalacticHalo","SatelliteIllusion"],"picked":"GrandCross","floor":14},{"not_picked":["PowerUp","MilkyWay"],"picked":"LuminesStrike","floor":18},{"not_picked":["DC","ChargingUp","PowerUp"],"picked":"SKIP","floor":19},{"not_picked":["Acceleration","EarthLightRay"],"picked":"AsteroidBelt","floor":21},{"not_picked":["EarthLightRay","IllusionStar","MilkyWay"],"picked":"SKIP","floor":23},{"not_picked":["NonDirectionalLaser","BlazeAway","ManaRampage"],"picked":"SKIP","floor":25},{"not_picked":["SatelliteIllusion","DC+1","DoubleSpark"],"picked":"SKIP","floor":28},{"not_picked":["Acceleration+1","ManaConvection+1","WitchOfGreed+1"],"picked":"SKIP","floor":31}],"player_experience":306067,"relics_obtained":[{"floor":9,"key":"Darkstone Periapt"},{"floor":14,"key":"Regal Pillow"},{"floor":23,"key":"PreservedInsect"},{"floor":26,"key":"Bottled Flame"},{"floor":28,"key":"MawBank"}],"event_choices":[{"damage_healed":0,"gold_gain":0,"player_choice":"Entered Light","damage_taken":16,"max_hp_gain":0,"max_hp_loss":0,"event_name":"Shining Light","floor":5,"gold_loss":0,"cards_upgraded":["Defend_MRS","Defend_MRS"]},{"damage_healed":0,"gold_gain":0,"player_choice":"Ignored","damage_taken":0,"max_hp_gain":0,"max_hp_loss":0,"event_name":"Vampires","floor":22,"gold_loss":0},{"damage_healed":0,"gold_gain":99,"player_choice":"Stole From Cult","damage_taken":0,"max_hp_gain":0,"max_hp_loss":0,"event_name":"Nest","floor":29,"gold_loss":0},{"damage_healed":0,"gold_gain":0,"player_choice":"Upgraded","damage_taken":0,"max_hp_gain":0,"max_hp_loss":0,"event_name":"Upgrade Shrine","floor":30,"gold_loss":0,"cards_upgraded":["AsteroidBelt"]}],"is_beta":false,"boss_relics":[{"not_picked":["SacredBark","Philosopher\u0027s Stone"],"picked":"BewitchedHakkero"}],"items_purged_floors":[20,24],"is_endless":false,"potions_floor_spawned":[2,4,13,19,21,25,31],"killed_by":"Collector","ascension_level":0}}