{"host":"uzcks4yhskks9i02","time":1608002776,"event":{"mods":["BaseMod","Minty Spire (QoL Compilation)","Quick Restart"],"gold_per_floor":[116,129,141,156,156,156,176,189,270,270,270,297,297,307,307,405,405,418,433,444,444,444,469,469,501,527,539,539,555,654,669,669,669,669],"floor_reached":33,"playtime":1316,"items_purged":[],"score":374,"play_id":"acca80e3-adc6-418f-97d3-642a48bb159b","local_time":"20201214202616","is_ascension_mode":true,"campfire_choices":[{"floor":6.0,"key":"REST"},{"data":"Night Terror","floor":10.0,"key":"SMITH"},{"floor":13.0,"key":"REST"},{"data":"Crippling Poison","floor":15.0,"key":"SMITH"},{"floor":24.0,"key":"REST"},{"floor":28,"key":"REST"},{"floor":32,"key":"REST"}],"circlet_count":0,"master_deck":["Defend_G","Defend_G","Defend_G","Defend_G","Defend_G","Survivor","Neutralize","Terror","Night Terror+1","Quick Slash","Crippling Poison+1","Poisoned Stab","Bane","Bane","Blur","Dash","Grand Finale","Malaise","Infinite Blades+1","Backstab","Backstab+1","Bite","Bite","Bite","Bite","Bite","Calculated Gamble+1","Blur+1","Calculated Gamble","Cloak And Dagger","Outmaneuver"],"relics":["Ring of the Snake","Matryoshka","Pantograph","SacredBark","Ginger","Akabeko","Kunai","Vajra"],"acts_visited":["Exordium","TheCity"],"potions_floor_usage":[25,33,33],"damage_taken":[{"damage":0.0,"enemies":"Cultist","floor":1.0,"turns":4.0},{"damage":0.0,"enemies":"2 Louse","floor":2.0,"turns":3.0},{"damage":1.0,"enemies":"Jaw Worm","floor":3.0,"turns":4.0},{"damage":11.0,"enemies":"Lots of Slimes","floor":4.0,"turns":4.0},{"damage":5.0,"enemies":"Blue Slaver","floor":7.0,"turns":4.0},{"damage":6.0,"enemies":"2 Fungi Beasts","floor":8.0,"turns":4.0},{"damage":17.0,"enemies":"Lagavulin","floor":12.0,"turns":5.0},{"damage":8.0,"enemies":"3 Louse","floor":14.0,"turns":2.0},{"damage":35.0,"enemies":"Hexaghost","floor":16.0,"turns":10.0},{"damage":29.0,"enemies":"2 Thieves","floor":18.0,"turns":5.0},{"damage":15.0,"enemies":"Shell Parasite","floor":19.0,"turns":8.0},{"damage":9.0,"enemies":"Cultist and Chosen","floor":20.0,"turns":4.0},{"damage":35.0,"enemies":"Slavers","floor":23.0,"turns":5.0},{"damage":27,"enemies":"Book of Stabbing","floor":25,"turns":5},{"damage":7,"enemies":"3 Cultists","floor":27,"turns":5},{"damage":15,"enemies":"Sentry and Sphere","floor":29,"turns":5},{"damage":13,"enemies":"Centurion and Healer","floor":31,"turns":5},{"damage":66,"enemies":"Collector","floor":33,"turns":7}],"seed_played":"7749718485873463274","potions_obtained":[{"floor":2.0,"key":"CultistPotion"},{"floor":3.0,"key":"Block Potion"},{"floor":4.0,"key":"Poison Potion"},{"floor":16.0,"key":"Fire Potion"},{"floor":18.0,"key":"Energy Potion"},{"floor":27,"key":"Weak Potion"},{"floor":31,"key":"CunningPotion"}],"is_trial":false,"path_per_floor":["M","M","M","M","?","R","M","M","T","R","?","E","R","M","R","B",null,"M","M","M","?","?","E","R","E","T","M","R","M","?","M","R","B"],"character_chosen":"THE_SILENT","items_purchased":[],"campfire_rested":5,"item_purchase_floors":[],"current_hp_per_floor":[49,49,48,37,37,58,53,47,47,47,47,30,51,43,43,33,70,41,26,17,40,40,11,25,2,2,1,15,8,8,5,19,0,0],"gold":669,"neow_bonus":"TRANSFORM_TWO_CARDS","is_daily":false,"chose_seed":false,"campfire_upgraded":2,"win_rate":0.0,"timestamp":1608002776,"path_taken":["M","M","?","M","?","R","M","M","T","R","?","E","R","M","R","BOSS","M","M","?","?","?","E","R","E","T","M","R","M","?","M","R","BOSS"],"items_purchased_type":[],"build_version":"2020-12-13","purchased_purges":0,"victory":false,"max_hp_per_floor":[70,70,70,70,70,70,70,70,70,70,70,70,70,70,70,70,70,70,70,70,70,49,49,49,49,49,49,49,49,49,49,49,49,49],"card_choices":[{"not_picked":["Cloak And Dagger","Tactician"],"picked":"Quick Slash","floor":1.0},{"not_picked":["Dagger Throw","Quick Slash"],"picked":"Crippling Poison","floor":2.0},{"not_picked":["Escape Plan","Underhanded Strike"],"picked":"Poisoned Stab","floor":3.0},{"not_picked":["Riddle With Holes","Sucker Punch"],"picked":"Bane","floor":4.0},{"not_picked":["Cloak And Dagger","Sucker Punch"],"picked":"Bane","floor":7.0},{"not_picked":["Blade Dance","Skewer"],"picked":"Blur","floor":8.0},{"not_picked":["Acrobatics","Calculated Gamble"],"picked":"Dash","floor":12.0},{"not_picked":["Cloak And Dagger","Dodge and Roll"],"picked":"Grand Finale","floor":14.0},{"not_picked":["Unload","Grand Finale"],"picked":"Malaise","floor":16.0},{"not_picked":["Underhanded Strike","Blade Dance+1"],"picked":"Infinite Blades+1","floor":18.0},{"not_picked":["Acrobatics","Flying Knee"],"picked":"Backstab","floor":19.0},{"not_picked":["Catalyst","Flying Knee"],"picked":"Backstab+1","floor":20.0},{"not_picked":["Noxious Fumes","Flying Knee"],"picked":"Calculated Gamble+1","floor":23.0},{"not_picked":["Slice","Dagger Throw+1"],"picked":"Blur+1","floor":25},{"not_picked":["Slice","Acrobatics"],"picked":"Calculated Gamble","floor":27},{"not_picked":["Dodge and Roll","Skewer"],"picked":"Cloak And Dagger","floor":29},{"not_picked":["Skewer","Poisoned Stab"],"picked":"Outmaneuver","floor":31}],"player_experience":435522,"relics_obtained":[{"floor":9.0,"key":"Matryoshka"},{"floor":12.0,"key":"Pantograph"},{"floor":23.0,"key":"Ginger"},{"floor":25,"key":"Akabeko"},{"floor":26,"key":"Kunai"},{"floor":26,"key":"Vajra"}],"event_choices":[{"damage_healed":0.0,"max_hp_gain":0.0,"max_hp_loss":0.0,"gold_gain":0.0,"event_name":"Golden Wing","player_choice":"Ignored","floor":5.0,"gold_loss":0.0,"damage_taken":0.0},{"damage_healed":0.0,"max_hp_gain":0.0,"max_hp_loss":0.0,"gold_gain":0.0,"event_name":"The Woman in Blue","player_choice":"Bought 0 Potions","floor":11.0,"gold_loss":0.0,"damage_taken":0.0},{"damage_healed":23.0,"max_hp_gain":0.0,"max_hp_loss":0.0,"gold_gain":0.0,"event_name":"The Library","player_choice":"Heal","floor":21.0,"gold_loss":0.0,"damage_taken":0.0},{"damage_healed":0.0,"max_hp_gain":0.0,"max_hp_loss":21.0,"gold_gain":0.0,"event_name":"Vampires","player_choice":"Became a vampire","floor":22.0,"gold_loss":0.0,"damage_taken":0.0,"cards_obtained":["Bite","Bite","Bite","Bite","Bite"]},{"damage_healed":0,"gold_gain":99,"player_choice":"Stole From Cult","damage_taken":0,"max_hp_gain":0,"max_hp_loss":0,"event_name":"Nest","floor":30,"gold_loss":0}],"is_beta":false,"boss_relics":[{"not_picked":["Calling Bell","Fusion Hammer"],"picked":"SacredBark"}],"items_purged_floors":[],"is_endless":false,"potions_floor_spawned":[2,3,4,16,18,27,31],"killed_by":"Collector","ascension_level":4}}