{"host":"ryuep8ewa00k39z9","time":1608059222,"event":{"mods":["AchievementEnabler","BaseMod","Best Route Mod","Colored Map","Colored Powertips","Displayed Cursed Tome","Highlight Path","Minty Spire (QoL Compilation)","Quick Restart","SuperFastMode"],"gold_per_floor":[118,118,137,154,154,154,180,180,250,250,315,329,361,410,410,482,482,495,495,495,7,19,19,19,53,100,133,133,144,162,173,173,250,250,263,288,300,300,312,312,312,312],"floor_reached":41,"playtime":64319,"items_purged":["Iron Wave"],"score":858,"play_id":"72fbc402-4536-4ec0-9da6-5d0d81da609a","local_time":"20201215130702","is_ascension_mode":true,"campfire_choices":[{"data":"Flame Barrier","floor":6.0,"key":"SMITH"},{"data":"Bludgeon","floor":8.0,"key":"SMITH"},{"data":"Bash","floor":10.0,"key":"SMITH"},{"floor":15.0,"key":"REST"},{"data":"Double Tap","floor":23.0,"key":"SMITH"},{"floor":28.0,"key":"REST"},{"floor":32.0,"key":"REST"},{"floor":40.0,"key":"RECALL"}],"circlet_count":0,"master_deck":["AscendersBane","Bash+1","Uppercut+1","Ghostly Armor","Flame Barrier+1","Bludgeon+1","Power Through","Feed","Immolate","Disarm","Feed","Ghostly Armor","Armaments","Shockwave","Fiend Fire","Warcry","Double Tap+1","Whirlwind","Metallicize+1","Second Wind","Bludgeon","Pommel Strike","Whirlwind+1","Demon Form+1","Inflame+1","Dual Wield","Ghostly Armor"],"relics":["Sozu","Omamori","Oddly Smooth Stone","Frozen Egg 2","Regal Pillow","Pandora\u0027s Box","Bag of Marbles","Strange Spoon","Red Skull","Smiling Mask","StrikeDummy","Black Star","Prayer Wheel"],"acts_visited":["TheCity","TheBeyond"],"potions_floor_usage":[],"damage_taken":[{"damage":3.0,"enemies":"Small Slimes","floor":1.0,"turns":3.0},{"damage":2.0,"enemies":"Jaw Worm","floor":3.0,"turns":3.0},{"damage":6.0,"enemies":"2 Louse","floor":4.0,"turns":2.0},{"damage":14.0,"enemies":"3 Sentries","floor":7.0,"turns":11.0},{"damage":3.0,"enemies":"Red Slaver","floor":12.0,"turns":2.0},{"damage":0.0,"enemies":"Lagavulin","floor":13.0,"turns":4.0},{"damage":9.0,"enemies":"The Guardian","floor":16.0,"turns":9.0},{"damage":14.0,"enemies":"3 Byrds","floor":18.0,"turns":4.0},{"damage":0.0,"enemies":"2 Thieves","floor":22.0,"turns":3.0},{"damage":12.0,"enemies":"Slavers","floor":25.0,"turns":3.0},{"damage":15.0,"enemies":"Book of Stabbing","floor":27.0,"turns":5.0},{"damage":17.0,"enemies":"Chosen and Byrds","floor":29.0,"turns":4.0},{"damage":18.0,"enemies":"Snake Plant","floor":30.0,"turns":3.0},{"damage":0.0,"enemies":"3 Cultists","floor":31.0,"turns":2.0},{"damage":70.0,"enemies":"Automaton","floor":33.0,"turns":10.0},{"damage":16.0,"enemies":"3 Darklings","floor":35.0,"turns":4.0},{"damage":1.0,"enemies":"Mind Bloom Boss Battle","floor":36.0,"turns":7.0},{"damage":1.0,"enemies":"3 Shapes","floor":37.0,"turns":2.0},{"damage":18.0,"enemies":"3 Darklings","floor":39.0,"turns":5.0},{"damage":55,"enemies":"Nemesis","floor":41,"turns":4}],"seed_played":"-2840008218928082071","potions_obtained":[],"is_trial":false,"path_per_floor":["M","?","M","M","?","R","E","R","T","R","?","M","E","T","R","B",null,"M","?","?","$","M","R","$","E","T","E","R","M","M","M","R","B",null,"M","?","M","?","M","R","E"],"character_chosen":"IRONCLAD","items_purchased":["Bag of Marbles","Strange Spoon","Metallicize+1"],"campfire_rested":3,"item_purchase_floors":[21,21,21],"current_hp_per_floor":[65,60,58,52,52,52,38,38,38,38,38,35,35,35,72,63,72,58,58,58,58,61,61,61,52,52,37,76,59,41,47,87,17,70,54,53,55,73,55,55,0,0],"gold":312,"neow_bonus":"BOSS_RELIC","is_daily":false,"chose_seed":false,"campfire_upgraded":4,"win_rate":0.0,"timestamp":1608059222,"path_taken":["M","?","M","M","?","R","E","R","T","R","?","M","E","?","R","BOSS","M","?","?","$","M","R","$","E","T","E","R","M","?","M","R","BOSS","M","?","M","?","M","R","E"],"items_purchased_type":["Relic","Relic","Card"],"build_version":"2020-12-13","purchased_purges":1,"victory":false,"max_hp_per_floor":[75,75,75,75,75,75,75,75,75,75,75,75,75,75,75,75,75,75,75,75,75,78,78,78,81,81,81,81,81,81,87,87,87,87,87,87,90,90,90,90,90,90],"card_choices":[{"not_picked":["Hemokinesis","Headbutt"],"picked":"Uppercut","floor":1.0},{"not_picked":["Havoc","Feel No Pain"],"picked":"Ghostly Armor","floor":3.0},{"not_picked":["Pommel Strike","Headbutt"],"picked":"Flame Barrier","floor":4.0},{"not_picked":["Armaments","Seeing Red"],"picked":"Bludgeon","floor":7.0},{"not_picked":["Wild Strike","Havoc"],"picked":"Power Through","floor":12.0},{"not_picked":["Anger","Sword Boomerang"],"picked":"Feed","floor":13.0},{"not_picked":["Exhume","Offering"],"picked":"Immolate","floor":16.0},{"not_picked":["Clash","Warcry","Flex"],"picked":"SKIP","floor":18.0},{"not_picked":["Wild Strike","Clash"],"picked":"Second Wind","floor":22.0},{"not_picked":["Anger","Rupture+1","Rampage"],"picked":"SKIP","floor":25.0},{"not_picked":["Perfected Strike","Sentinel"],"picked":"Bludgeon","floor":27.0},{"not_picked":["Seeing Red","Clash+1"],"picked":"Pommel Strike","floor":29.0},{"not_picked":["Feel No Pain+1","Anger"],"picked":"Whirlwind+1","floor":30.0},{"not_picked":["Warcry","Iron Wave","Anger+1"],"picked":"SKIP","floor":31.0},{"not_picked":["Bludgeon","Juggernaut+1"],"picked":"Demon Form+1","floor":33.0},{"not_picked":["Whirlwind","Rupture+1","Flex"],"picked":"SKIP","floor":35.0},{"not_picked":["Iron Wave+1","Anger+1"],"picked":"Inflame+1","floor":36.0},{"not_picked":["Flame Barrier","Shrug It Off"],"picked":"Dual Wield","floor":37.0},{"not_picked":["Thunderclap","Carnage","Body Slam+1"],"picked":"SKIP","floor":37.0},{"not_picked":["Havoc","Hemokinesis"],"picked":"Ghostly Armor","floor":39.0},{"not_picked":["Havoc","Twin Strike","Armaments"],"picked":"SKIP","floor":39.0}],"player_experience":3168378,"relics_obtained":[{"floor":7.0,"key":"Oddly Smooth Stone"},{"floor":13.0,"key":"Frozen Egg 2"},{"floor":14.0,"key":"Regal Pillow"},{"floor":25.0,"key":"Red Skull"},{"floor":26.0,"key":"Smiling Mask"},{"floor":27.0,"key":"StrikeDummy"},{"floor":36.0,"key":"Prayer Wheel"}],"event_choices":[{"damage_healed":0.0,"max_hp_gain":0.0,"max_hp_loss":0.0,"gold_gain":0.0,"event_name":"Scrap Ooze","player_choice":"Success","floor":2.0,"gold_loss":0.0,"damage_taken":5.0,"relics_obtained":["Omamori"]},{"damage_healed":0.0,"max_hp_gain":0.0,"max_hp_loss":0.0,"gold_gain":0.0,"event_name":"Living Wall","player_choice":"Grow","floor":5.0,"gold_loss":0.0,"damage_taken":0.0,"cards_upgraded":["Uppercut"]},{"damage_healed":0.0,"max_hp_gain":0.0,"max_hp_loss":0.0,"gold_gain":65.0,"event_name":"Golden Wing","player_choice":"Gained Gold","floor":11.0,"gold_loss":0.0,"damage_taken":0.0},{"damage_healed":0.0,"max_hp_gain":0.0,"max_hp_loss":0.0,"gold_gain":0.0,"cards_transformed":["Clash","Brutality"],"event_name":"Drug Dealer","player_choice":"Became Test Subject","floor":19.0,"gold_loss":0.0,"damage_taken":0.0,"cards_obtained":["Warcry","Double Tap"]},{"damage_healed":0.0,"max_hp_gain":0.0,"max_hp_loss":0.0,"gold_gain":0.0,"event_name":"Match and Keep!","player_choice":"1 cards matched","floor":20.0,"gold_loss":0.0,"damage_taken":0.0,"cards_obtained":["Whirlwind"]},{"damage_healed":0.0,"max_hp_gain":0.0,"max_hp_loss":0.0,"gold_gain":0.0,"event_name":"MindBloom","player_choice":"Fight","floor":36.0,"gold_loss":0.0,"damage_taken":0.0},{"damage_healed":18.0,"max_hp_gain":0.0,"max_hp_loss":0.0,"gold_gain":0.0,"event_name":"Winding Halls","player_choice":"Writhe","floor":38.0,"gold_loss":0.0,"damage_taken":0.0,"cards_obtained":["Writhe"]}],"is_beta":false,"boss_relics":[{"not_picked":["Astrolabe","Empty Cage"],"picked":"Pandora\u0027s Box"},{"not_picked":["SlaversCollar","Coffee Dripper"],"picked":"Black Star"}],"items_purged_floors":[21],"is_endless":false,"potions_floor_spawned":[1,7,13,16,18,25,30,37],"killed_by":"Nemesis","ascension_level":17}}