{"host":"z60ck2mpr6goyib8","time":1608024986,"event":{"mods":["BaseMod","Best Route Mod","Bestiary","Better Third Choice","Block Reminder","Colored Map","Colored Powertips","Googly Eyes","Minty Spire (QoL Compilation)","Quick Restart","Relic Stats","Slay-I","StSLib","everything is the same but u backflip on backflip"],"gold_per_floor":[117,133,149,161,161,187,187,203,228,403,403,403,9,42,42,145,145,162,122,137,137,137,137,137,168,213,232,232,232,245,145,145,240,240,260,260,260],"floor_reached":36,"playtime":1256,"items_purged":["Doubt","Doubt"],"score":595,"play_id":"85a2c19f-a606-4a9d-9d17-ddcfb7ea2eff","local_time":"20201215093626","is_ascension_mode":true,"campfire_choices":[{"floor":7.0,"key":"REST"},{"floor":11.0,"key":"REST"},{"floor":15.0,"key":"REST"},{"floor":23.0,"key":"REST"},{"floor":28.0,"key":"REST"},{"floor":32.0,"key":"REST"}],"circlet_count":0,"master_deck":["Strike_P+1","Strike_P","Strike_P","Defend_P","Defend_P","Defend_P","Defend_P","Eruption+1","Vigilance","EmptyBody","EmptyFist+1","Halt","CutThroughFate","ConjureBlade+1","Wallop","Ragnarok","Swivel","MentalFortress","DeusExMachina"],"relics":["Fusion Hammer","Gambling Chip","Bag of Marbles","Kunai","Blood Vial","Cursed Key","Juzu Bracelet","Whetstone","Busted Crown"],"acts_visited":["TheCity","TheBeyond"],"potions_floor_usage":[35],"damage_taken":[{"damage":0.0,"enemies":"Jaw Worm","floor":1.0,"turns":2.0},{"damage":0.0,"enemies":"Small Slimes","floor":2.0,"turns":3.0},{"damage":0.0,"enemies":"2 Louse","floor":3.0,"turns":1.0},{"damage":1.0,"enemies":"2 Fungi Beasts","floor":4.0,"turns":4.0},{"damage":42.0,"enemies":"Gremlin Nob","floor":6.0,"turns":4.0},{"damage":11.0,"enemies":"Exordium Thugs","floor":8.0,"turns":5.0},{"damage":2.0,"enemies":"3 Sentries","floor":14.0,"turns":4.0},{"damage":25.0,"enemies":"Hexaghost","floor":16.0,"turns":10.0},{"damage":3.0,"enemies":"Spheric Guardian","floor":18.0,"turns":3.0},{"damage":5.0,"enemies":"Shell Parasite","floor":20.0,"turns":4.0},{"damage":53.0,"enemies":"Slavers","floor":25.0,"turns":7.0},{"damage":0.0,"enemies":"Snecko","floor":27.0,"turns":2.0},{"damage":34.0,"enemies":"Gremlin Leader","floor":29.0,"turns":7.0},{"damage":9.0,"enemies":"3 Cultists","floor":30.0,"turns":5.0},{"damage":15.0,"enemies":"Automaton","floor":33.0,"turns":10.0},{"damage":27,"enemies":"3 Darklings","floor":35,"turns":3},{"damage":37,"enemies":"3 Shapes","floor":36,"turns":7}],"seed_played":"-4031803295819570151","potions_obtained":[{"floor":2.0,"key":"EssenceOfSteel"},{"floor":4.0,"key":"Explosive Potion"},{"floor":14.0,"key":"SmokeBomb"},{"floor":25.0,"key":"Fire Potion"},{"floor":30.0,"key":"BlessingOfTheForge"},{"floor":33.0,"key":"DistilledChaos"}],"is_trial":false,"path_per_floor":["M","M","M","M","?","E","R","M","T","?","R","?","$","E","R","B",null,"M","?","M","$","?","R","$","E","T","M","R","E","M","$","R","B",null,"M","M"],"character_chosen":"WATCHER","items_purchased":["Kunai","Wallop"],"campfire_rested":6,"item_purchase_floors":[13,13],"current_hp_per_floor":[65,65,65,64,57,15,36,25,25,25,46,46,46,44,65,42,65,64,64,61,61,61,72,72,19,19,21,42,10,3,3,24,11,57,32,0,0],"gold":260,"neow_bonus":"BOSS_RELIC","is_daily":false,"chose_seed":false,"campfire_upgraded":0,"win_rate":0.0,"timestamp":1608024986,"path_taken":["M","M","M","M","?","E","R","M","T","?","R","?","$","E","R","BOSS","M","?","M","?","?","R","$","E","T","M","R","E","M","$","R","BOSS","M","M"],"items_purchased_type":["Relic","Card"],"build_version":"2020-12-13","purchased_purges":2,"victory":false,"max_hp_per_floor":[72,72,72,72,72,72,72,72,72,72,72,72,72,72,72,72,72,72,72,72,72,72,72,72,72,72,72,72,72,72,72,72,72,72,72,72,72],"relic_stats":{"Blood Vial":18,"Busted Crown":2,"counters":[17,81],"Gambling Chip":[19],"Juzu Bracelet":0,"Kunai":[19],"Whetstone":["EmptyFist","Strike_P"],"Cursed Key":1,"obtain_stats":[{"Blood Vial":14,"Busted Crown":34,"Gambling Chip":6,"Fusion Hammer":0,"Bag of Marbles":9,"Juzu Bracelet":25,"Kunai":13,"Whetstone":26,"PureWater":0,"Cursed Key":17},{"Blood Vial":7,"Busted Crown":15,"Gambling Chip":5,"Fusion Hammer":0,"Bag of Marbles":6,"Juzu Bracelet":11,"Kunai":6,"Whetstone":11,"PureWater":0,"Cursed Key":8},{"Blood Vial":23,"Busted Crown":71,"Gambling Chip":14,"Fusion Hammer":0,"Bag of Marbles":19,"Juzu Bracelet":47,"Kunai":19,"Whetstone":47,"PureWater":0,"Cursed Key":33}]},"card_choices":[{"not_picked":["FollowUp","CarveReality"],"picked":"EmptyBody","floor":1.0},{"not_picked":["EmptyMind","EmptyBody"],"picked":"EmptyFist","floor":2.0},{"not_picked":["FollowUp","Crescendo"],"picked":"Halt","floor":3.0},{"not_picked":["InnerPeace","WaveOfTheHand"],"picked":"CutThroughFate","floor":4.0},{"not_picked":["Evaluate","EmptyMind","Collect"],"picked":"SKIP","floor":6.0},{"not_picked":["JustLucky","Protect"],"picked":"ConjureBlade","floor":8.0},{"not_picked":["EmptyFist","Worship","DevaForm"],"picked":"SKIP","floor":14.0},{"not_picked":["DeusExMachina","Alpha"],"picked":"Ragnarok","floor":16.0},{"not_picked":["CrushJoints","Nirvana"],"picked":"Swivel","floor":18.0},{"not_picked":["Halt","FollowUp","CrushJoints+1"],"picked":"SKIP","floor":20.0},{"not_picked":["Blasphemy","Pray+1"],"picked":"MentalFortress","floor":25.0},{"not_picked":["CrushJoints","Conclude","Crescendo+1"],"picked":"SKIP","floor":27.0},{"not_picked":["FlurryOfBlows","FlyingSleeves","CrushJoints"],"picked":"SKIP","floor":30.0},{"not_picked":["Brilliance","Establishment"],"picked":"DeusExMachina","floor":33.0},{"not_picked":["Meditate+1"],"picked":"SKIP","floor":35}],"player_experience":481721,"relics_obtained":[{"floor":6.0,"key":"Gambling Chip"},{"floor":9.0,"key":"Bag of Marbles"},{"floor":14.0,"key":"Blood Vial"},{"floor":25.0,"key":"Juzu Bracelet"},{"floor":26.0,"key":"Whetstone"}],"event_choices":[{"cards_removed":["Strike_P"],"damage_healed":0.0,"max_hp_gain":0.0,"max_hp_loss":0.0,"gold_gain":0.0,"event_name":"Golden Wing","player_choice":"Card Removal","floor":5.0,"gold_loss":0.0,"damage_taken":7.0},{"damage_healed":0.0,"max_hp_gain":0.0,"max_hp_loss":0.0,"gold_gain":175.0,"event_name":"betterThird:BetterSerpent","player_choice":"AGREE","floor":10.0,"gold_loss":0.0,"damage_taken":228.0},{"damage_healed":0.0,"max_hp_gain":0.0,"max_hp_loss":0.0,"gold_gain":0.0,"event_name":"Living Wall","player_choice":"Grow","floor":12.0,"gold_loss":0.0,"damage_taken":0.0,"cards_upgraded":["ConjureBlade"]},{"damage_healed":0.0,"max_hp_gain":0.0,"max_hp_loss":0.0,"gold_gain":0.0,"event_name":"Designer","player_choice":"Upgrade","floor":19.0,"gold_loss":40.0,"damage_taken":0.0,"cards_upgraded":["Eruption"]},{"damage_healed":0.0,"max_hp_gain":0.0,"max_hp_loss":0.0,"gold_gain":0.0,"event_name":"Beggar","player_choice":"Ignored","floor":22.0,"gold_loss":0.0,"damage_taken":0.0}],"is_beta":false,"boss_relics":[{"not_picked":["SlaversCollar","Velvet Choker"],"picked":"Cursed Key"},{"not_picked":["Pandora\u0027s Box","Philosopher\u0027s Stone"],"picked":"Busted Crown"}],"items_purged_floors":[13,31],"is_endless":false,"potions_floor_spawned":[2,4,14,25,30,33],"killed_by":"3 Shapes","ascension_level":9}}