{"host":"k5dhp0bkccqfauyu","time":1608042785,"event":{"mods":["BaseMod","Better Note","Better Skull","Better Vampires","Colored Map","Colored Powertips","DeckTracker","Minty Spire (QoL Compilation)","Permanent Neow","StSLib","SuperFastMode"],"gold_per_floor":[111,111,124,136,33,33,62,62,62,62,62],"floor_reached":10,"playtime":276,"items_purged":[],"score":132,"play_id":"5f9cd8d2-ba91-49ad-9d65-8716c1ba6b9b","local_time":"20201216013305","is_ascension_mode":true,"campfire_choices":[{"data":"True Grit","floor":6,"key":"SMITH"},{"floor":8,"key":"REST"}],"circlet_count":0,"master_deck":["AscendersBane","Strike_R","Strike_R","Strike_R","Strike_R","Strike_R","Defend_R","Defend_R","Defend_R","Defend_R","Bash","Pommel Strike","Juggernaut","Warcry","Rage","Ghostly Armor","True Grit+1","True Grit"],"relics":["Burning Blood","Ginger","Gremlin Horn","StrikeDummy"],"acts_visited":["Exordium"],"potions_floor_usage":[],"damage_taken":[{"damage":20,"enemies":"Jaw Worm","floor":1,"turns":9},{"damage":6,"enemies":"Cultist","floor":3,"turns":3},{"damage":4,"enemies":"Small Slimes","floor":4,"turns":4},{"damage":41,"enemies":"3 Sentries","floor":7,"turns":16},{"damage":55,"enemies":"Gremlin Nob","floor":10,"turns":4}],"seed_played":"6876237657479808158","potions_obtained":[{"floor":7,"key":"SpeedPotion"}],"is_trial":false,"path_per_floor":["M","?","M","M","$","R","E","R","T","E"],"character_chosen":"IRONCLAD","items_purchased":["Ghostly Armor","True Grit"],"campfire_rested":1,"item_purchase_floors":[5,5],"current_hp_per_floor":[54,54,54,56,56,56,21,41,41,0,0],"gold":62,"neow_bonus":"ONE_RARE_RELIC","is_daily":false,"chose_seed":false,"campfire_upgraded":1,"win_rate":0.0,"timestamp":1608042785,"path_taken":["M","?","M","M","?","R","E","R","T","E"],"items_purchased_type":["Card","Card"],"build_version":"2020-12-13","purchased_purges":0,"victory":false,"max_hp_per_floor":[68,68,68,68,68,68,68,68,68,68,68],"card_choices":[{"not_picked":["Twin Strike","Flex"],"picked":"Pommel Strike","floor":1},{"not_picked":["Perfected Strike","Sever Soul"],"picked":"Warcry","floor":3},{"not_picked":["Sentinel","Heavy Blade"],"picked":"Rage","floor":4},{"not_picked":["Twin Strike","Sword Boomerang"],"picked":"True Grit","floor":7}],"player_experience":1756826,"relics_obtained":[{"floor":7,"key":"Gremlin Horn"},{"floor":9,"key":"StrikeDummy"}],"event_choices":[{"damage_healed":0,"gold_gain":0,"player_choice":"1 cards matched","damage_taken":0,"max_hp_gain":0,"max_hp_loss":0,"event_name":"Match and Keep!","floor":2,"gold_loss":0,"cards_obtained":["Juggernaut"]}],"is_beta":false,"boss_relics":[],"items_purged_floors":[],"is_endless":false,"potions_floor_spawned":[7],"killed_by":"Gremlin Nob","ascension_level":20}}