{"host":"p245q48pmopyklqs","time":1608026413,"event":{"mods":["AchievementEnabler","BaseMod","Minty Spire (QoL Compilation)","Relic Stats","StSLib","SuperFastMode"],"gold_per_floor":[116,127,127,143,222,222,257,269,281,303,340,352,399,428,440,527,539,564,501,513,541,563,575,349,378,378,393,393,422,422,432,432,509,509,528,540,762,629,609,609,641,658,658,524,524,542,542,542,542,542,542,542,542],"floor_reached":52,"playtime":7055,"items_purged":["Strike_R","Exhume"],"score":1511,"play_id":"7388c702-93b7-4cda-ab01-83d275404c59","local_time":"20201215190013","is_ascension_mode":true,"campfire_choices":[{"data":"Spot Weakness","floor":6.0,"key":"SMITH"},{"floor":8.0,"key":"REST"},{"data":"Sword Boomerang","floor":12.0,"key":"SMITH"},{"data":"Heavy Blade","floor":15.0,"key":"SMITH"},{"floor":23.0,"key":"REST"},{"floor":28,"key":"REST"},{"floor":32,"key":"REST"},{"floor":40,"key":"RECALL"},{"floor":47,"key":"REST"},{"floor":49,"key":"REST"}],"circlet_count":0,"master_deck":["AscendersBane","Defend_R","Defend_R","Defend_R","Defend_R","Bash","Heavy Blade+1","Spot Weakness+1","Shrug It Off","Pommel Strike+1","Offering","Bloodletting","Sword Boomerang+1","Shrug It Off","Pummel+1","Shockwave","Offering","Spot Weakness+1"],"relics":["Burning Blood","Matryoshka","MawBank","Blood Vial","Mango","Lizard Tail","Darkstone Periapt","Runic Pyramid","Membership Card","Red Mask","Centennial Puzzle","Ancient Tea Set","Fusion Hammer","Medical Kit","CaptainsWheel","Frozen Egg 2","Whetstone"],"acts_visited":["Exordium","TheCity","TheBeyond"],"potions_floor_usage":[27,29,52,52],"damage_taken":[{"damage":3.0,"enemies":"2 Louse","floor":1.0,"turns":4.0},{"damage":4.0,"enemies":"Jaw Worm","floor":2.0,"turns":4.0},{"damage":10.0,"enemies":"Small Slimes","floor":4.0,"turns":3.0},{"damage":37.0,"enemies":"3 Sentries","floor":7.0,"turns":7.0},{"damage":7.0,"enemies":"Looter","floor":10.0,"turns":2.0},{"damage":31.0,"enemies":"Lagavulin","floor":11.0,"turns":7.0},{"damage":38.0,"enemies":"Gremlin Nob","floor":13.0,"turns":4.0},{"damage":12.0,"enemies":"Exordium Thugs","floor":14.0,"turns":3.0},{"damage":12.0,"enemies":"Slime Boss","floor":16.0,"turns":5.0},{"damage":12.0,"enemies":"Spheric Guardian","floor":18.0,"turns":3.0},{"damage":31.0,"enemies":"Chosen","floor":21.0,"turns":4.0},{"damage":25.0,"enemies":"Snake Plant","floor":22.0,"turns":4.0},{"damage":27.0,"enemies":"Masked Bandits","floor":25.0,"turns":4.0},{"damage":9,"enemies":"Snecko","floor":27,"turns":2},{"damage":56,"enemies":"Book of Stabbing","floor":29,"turns":5},{"damage":18,"enemies":"Colosseum Slavers","floor":30,"turns":4},{"damage":4,"enemies":"Centurion and Healer","floor":31,"turns":4},{"damage":29,"enemies":"Champ","floor":33,"turns":8},{"damage":18,"enemies":"3 Shapes","floor":35,"turns":2},{"damage":15,"enemies":"3 Darklings","floor":36,"turns":2},{"damage":19,"enemies":"Giant Head","floor":41,"turns":3},{"damage":12,"enemies":"4 Shapes","floor":42,"turns":4},{"damage":24,"enemies":"Spire Growth","floor":46,"turns":3},{"damage":55,"enemies":"Awakened One","floor":51,"turns":5},{"damage":23,"enemies":"Donu and Deca","floor":52,"turns":2}],"seed_played":"-8014250619699089072","potions_obtained":[{"floor":2.0,"key":"Strength Potion"},{"floor":4.0,"key":"SteroidPotion"},{"floor":11.0,"key":"SneckoOil"},{"floor":14.0,"key":"Energy Potion"},{"floor":21.0,"key":"Ancient Potion"},{"floor":25.0,"key":"Weak Potion"},{"floor":33,"key":"Dexterity Potion"}],"is_trial":false,"path_per_floor":["M","M","?","M","T","R","E","R","T","M","E","R","E","M","R","B",null,"M","?","?","M","M","R","$","?","T","M","R","E","?","M","R","B",null,"M","M","?","$","?","R","E","M","T","$","?","M","R","?","R","R","B","B"],"character_chosen":"IRONCLAD","items_purchased":["Membership Card","Pummel","Medical Kit","CultistPotion","Whetstone"],"campfire_rested":6,"item_purchase_floors":[24,24,38,38,44],"current_hp_per_floor":[53,55,55,51,51,51,20,42,56,57,34,34,50,46,46,42,77,73,73,73,50,33,59,59,40,40,39,65,17,7,11,37,16,71,61,54,54,54,54,54,43,39,39,39,73,55,73,73,73,73,24,3,3],"gold":542,"neow_bonus":"TRANSFORM_TWO_CARDS","is_daily":false,"chose_seed":false,"campfire_upgraded":3,"win_rate":0.0,"timestamp":1608026413,"path_taken":["M","M","?","M","?","R","E","R","T","M","E","R","E","M","R","BOSS","M","?","?","M","?","R","$","?","T","M","R","E","?","M","R","BOSS","M","M","?","$","?","R","E","?","T","$","?","M","R","?","R","R","BOSS","BOSS"],"items_purchased_type":["Relic","Card","Relic","Potion","Relic"],"build_version":"2020-12-13","purchased_purges":2,"victory":false,"max_hp_per_floor":[75,75,75,75,75,75,75,75,89,89,89,89,89,89,89,89,89,89,89,89,89,89,89,89,89,89,89,89,89,89,89,89,89,89,89,89,89,89,89,89,89,89,89,89,73,73,73,73,73,73,73,73,73],"relic_stats":{"Blood Vial":38,"Darkstone Periapt":0,"Lizard Tail":44,"Centennial Puzzle":[34],"counters":[25,98],"Whetstone":["Pummel","Pommel Strike"],"MawBank":204,"Medical Kit":[6],"obtain_stats":[{"Darkstone Periapt":13,"Mango":9,"Whetstone":44,"Frozen Egg 2":43,"MawBank":7,"Ancient Tea Set":29,"Medical Kit":38,"Burning Blood":0,"Blood Vial":9,"Lizard Tail":11,"Centennial Puzzle":26,"CaptainsWheel":41,"Matryoshka":5,"Fusion Hammer":34,"Red Mask":25,"Membership Card":24,"Runic Pyramid":17},{"Darkstone Periapt":7,"Mango":4,"Whetstone":22,"Frozen Egg 2":22,"MawBank":4,"Ancient Tea Set":15,"Medical Kit":20,"Burning Blood":0,"Blood Vial":4,"Lizard Tail":6,"Centennial Puzzle":13,"CaptainsWheel":21,"Matryoshka":3,"Fusion Hammer":18,"Red Mask":13,"Membership Card":12,"Runic Pyramid":9},{"Darkstone Periapt":31,"Mango":18,"Whetstone":88,"Frozen Egg 2":88,"MawBank":18,"Ancient Tea Set":61,"Medical Kit":81,"Burning Blood":0,"Blood Vial":18,"Lizard Tail":27,"Centennial Puzzle":54,"CaptainsWheel":84,"Matryoshka":11,"Fusion Hammer":77,"Red Mask":54,"Membership Card":50,"Runic Pyramid":39}],"Burning Blood":144},"card_choices":[{"not_picked":["Heavy Blade","Ghostly Armor"],"picked":"Spot Weakness","floor":1.0},{"not_picked":["Anger","Warcry"],"picked":"Shrug It Off","floor":2.0},{"not_picked":["Clothesline","Clash"],"picked":"Pommel Strike","floor":4.0},{"not_picked":["Demon Form","Body Slam"],"picked":"Offering","floor":7.0},{"not_picked":["Sword Boomerang","Ghostly Armor"],"picked":"Bloodletting","floor":10.0},{"not_picked":["Anger","Dark Embrace"],"picked":"Sword Boomerang","floor":11.0},{"not_picked":["Perfected Strike","Iron Wave","Warcry"],"picked":"SKIP","floor":13.0},{"not_picked":["Pommel Strike","Warcry","Heavy Blade"],"picked":"SKIP","floor":14.0},{"not_picked":["Demon Form","Corruption"],"picked":"Exhume","floor":16.0},{"not_picked":["Rage","Warcry+1","Havoc"],"picked":"SKIP","floor":18.0},{"not_picked":["Clothesline","Body Slam"],"picked":"Shrug It Off","floor":21.0},{"not_picked":["Feel No Pain","Iron Wave","Wild Strike"],"picked":"SKIP","floor":22.0},{"not_picked":["Havoc","Thunderclap","Sever Soul"],"picked":"SKIP","floor":27},{"not_picked":["Sword Boomerang","Iron Wave"],"picked":"Shockwave","floor":29},{"not_picked":["Clash","Iron Wave","Bludgeon"],"picked":"SKIP","floor":31},{"not_picked":["Juggernaut","Reaper"],"picked":"Offering","floor":33},{"not_picked":["Sword Boomerang","Rage","Carnage"],"picked":"SKIP","floor":35},{"not_picked":["Sword Boomerang","Rage","Carnage"],"picked":"SKIP","floor":35},{"not_picked":["Perfected Strike","Twin Strike","Clash"],"picked":"SKIP","floor":36},{"not_picked":["Inflame","Wild Strike","Warcry"],"picked":"SKIP","floor":41},{"not_picked":["Disarm","Thunderclap+1","Flame Barrier"],"picked":"SKIP","floor":42},{"not_picked":["Pommel Strike","Carnage","Twin Strike+1"],"picked":"SKIP","floor":46}],"player_experience":2269293,"relics_obtained":[{"floor":5.0,"key":"Matryoshka"},{"floor":7.0,"key":"MawBank"},{"floor":9.0,"key":"Blood Vial"},{"floor":9.0,"key":"Mango"},{"floor":11.0,"key":"Lizard Tail"},{"floor":13.0,"key":"Darkstone Periapt"},{"floor":25.0,"key":"Red Mask"},{"floor":26.0,"key":"Centennial Puzzle"},{"floor":29,"key":"Ancient Tea Set"},{"floor":41,"key":"CaptainsWheel"},{"floor":43,"key":"Frozen Egg 2"}],"event_choices":[{"cards_removed":["Exhume"],"damage_healed":0.0,"max_hp_gain":0.0,"max_hp_loss":0.0,"gold_gain":0.0,"event_name":"Living Wall","player_choice":"Forget","floor":3.0,"gold_loss":0.0,"damage_taken":0.0},{"cards_removed":["Strike_R"],"damage_healed":0.0,"max_hp_gain":0.0,"max_hp_loss":0.0,"gold_gain":0.0,"event_name":"Beggar","player_choice":"Gave Gold","floor":19.0,"gold_loss":75.0,"damage_taken":0.0},{"cards_removed":["Strike_R"],"damage_healed":0.0,"max_hp_gain":0.0,"max_hp_loss":0.0,"gold_gain":0.0,"event_name":"Back to Basics","player_choice":"Elegance","floor":20.0,"gold_loss":0.0,"damage_taken":0.0},{"damage_healed":0.0,"max_hp_gain":0.0,"max_hp_loss":0.0,"gold_gain":0.0,"event_name":"Masked Bandits","player_choice":"Fought Bandits","floor":25.0,"gold_loss":0.0,"damage_taken":0.0},{"damage_healed":0,"gold_gain":0,"player_choice":"Fight","damage_taken":0,"max_hp_gain":0,"max_hp_loss":0,"event_name":"Colosseum","floor":30,"gold_loss":0},{"damage_healed":0,"gold_gain":0,"player_choice":"Fled From Nobs","damage_taken":0,"max_hp_gain":0,"max_hp_loss":0,"event_name":"Colosseum","floor":30,"gold_loss":0},{"damage_healed":0,"gold_gain":222,"player_choice":"Wore Mask","damage_taken":0,"max_hp_gain":0,"max_hp_loss":0,"event_name":"Tomb of Lord Red Mask","floor":37,"gold_loss":0},{"damage_healed":0,"gold_gain":0,"player_choice":"Bought 1 Potion","damage_taken":0,"max_hp_gain":0,"max_hp_loss":0,"event_name":"The Woman in Blue","floor":39,"gold_loss":0},{"damage_healed":73,"gold_gain":0,"player_choice":"Heal","damage_taken":0,"max_hp_gain":0,"max_hp_loss":16,"event_name":"The Moai Head","floor":45,"gold_loss":0},{"damage_healed":0,"gold_gain":0,"player_choice":"Copied","damage_taken":0,"max_hp_gain":0,"max_hp_loss":0,"event_name":"Duplicator","floor":48,"gold_loss":0,"cards_obtained":["Spot Weakness"]}],"is_beta":false,"boss_relics":[{"not_picked":["Black Blood","SlaversCollar"],"picked":"Runic Pyramid"},{"not_picked":["Velvet Choker","Empty Cage"],"picked":"Fusion Hammer"}],"items_purged_floors":[24,44],"is_endless":false,"potions_floor_spawned":[2,4,11,14,21,25,33,41,46],"killed_by":"Donu and Deca","ascension_level":20}}