{"host":"zi8o4akxlgxypwgb","time":1608023674,"event":{"mods":["BaseMod","Minty Spire (QoL Compilation)","Replay The Spire","StSLib","SuperFastMode"],"gold_per_floor":[118,132,132,144,144,179,230,45,123,137,162,162,180,205,205,205,205],"floor_reached":16,"playtime":2117,"items_purged":[],"score":143,"play_id":"5c0cb370-421e-4ef8-9709-5c3a2cb84197","local_time":"20201215171434","is_ascension_mode":true,"campfire_choices":[{"data":"Distraction","floor":15,"key":"SMITH"}],"circlet_count":0,"master_deck":["Strike_G","Strike_G","Strike_G","Strike_G","Defend_G","Defend_G","Defend_G","Defend_G","Defend_G","Survivor","Neutralize","Hidden Blade","Flying Knee","Regret","Finisher","Doppelganger+1","Acrobatics","ReplayTheSpireMod:Tripwire","Distraction+1","Choke","Backflip","Dagger Throw","ReplayTheSpireMod:Necrosis","Blur"],"relics":["Ring of the Snake","NeowsBlessing","ReplayTheSpireMod:Lightbulb","Replay:Rubber Ducky","White Beast Statue","Blue Doll","Shuriken","Odd Mushroom","Smiling Mask"],"acts_visited":["Exordium"],"potions_floor_usage":[14,14,14,14,16],"damage_taken":[{"damage":0.0,"enemies":"2 Louse","floor":1.0,"turns":1.0},{"damage":0.0,"enemies":"Small Slimes","floor":2.0,"turns":1.0},{"damage":0.0,"enemies":"Jaw Worm","floor":4.0,"turns":1.0},{"damage":23.0,"enemies":"Lagavulin","floor":6.0,"turns":5.0},{"damage":7.0,"enemies":"2 Fungi Beasts","floor":10.0,"turns":3.0},{"damage":24.0,"enemies":"The Mushroom Lair","floor":11.0,"turns":4.0},{"damage":5.0,"enemies":"Large Slime","floor":13.0,"turns":3.0},{"damage":11,"enemies":"Gremlin Nob","floor":14,"turns":3},{"damage":2,"enemies":"The Guardian","floor":16,"turns":2}],"seed_played":"-7016053096753111523","potions_obtained":[{"floor":1.0,"key":"Ancient Potion"},{"floor":2.0,"key":"LiquidBronze"},{"floor":4.0,"key":"Poison Potion"},{"floor":10.0,"key":"Regen Potion"},{"floor":11.0,"key":"SkillPotion"},{"floor":12.0,"key":"Block Potion"},{"floor":12.0,"key":"Flashbang"},{"floor":12.0,"key":"EntropicBrew"},{"floor":13.0,"key":"Venom Potion"},{"floor":14,"key":"LiquidMemories"}],"is_trial":false,"path_per_floor":["M","M","?","M","?","E","?","$","T","M","?","?","M","E","R","B"],"character_chosen":"THE_SILENT","items_purchased":["Blue Doll","Choke"],"campfire_rested":0,"item_purchase_floors":[8,8],"current_hp_per_floor":[63,63,63,63,63,40,40,40,40,33,18,18,13,2,2,0,0],"gold":205,"neow_bonus":"THREE_ENEMY_KILL","is_daily":false,"chose_seed":false,"campfire_upgraded":1,"win_rate":0.0,"timestamp":1608023674,"path_taken":["M","M","?","M","?","E","?","$","T","?","?","?","M","E","R","BOSS"],"items_purchased_type":["Relic","Card"],"build_version":"2020-12-13","purchased_purges":0,"victory":false,"max_hp_per_floor":[70,70,70,70,70,70,70,70,70,70,70,70,70,70,70,70,70],"card_choices":[{"not_picked":["Flechettes","Caltrops"],"picked":"Hidden Blade","floor":1.0},{"not_picked":["Underhanded Strike","Caltrops"],"picked":"Flying Knee","floor":2.0},{"not_picked":["Tactician","Slice"],"picked":"Finisher","floor":4.0},{"not_picked":["Blade Dance","Bane"],"picked":"Acrobatics","floor":6.0},{"not_picked":["Cloak And Dagger","Quick Slash"],"picked":"ReplayTheSpireMod:Tripwire","floor":7.0},{"not_picked":["Night Terror","Backflip"],"picked":"Distraction","floor":7.0},{"not_picked":["ReplayTheSpireMod:Exploit Weakness","Catalyst"],"picked":"Backflip","floor":10.0},{"not_picked":["Heel Hook","Blade Dance"],"picked":"Dagger Throw","floor":11.0},{"not_picked":["Dodge and Roll","Outmaneuver"],"picked":"ReplayTheSpireMod:Necrosis","floor":13.0},{"not_picked":["ReplayTheSpireMod:Tripwire","Slice"],"picked":"Blur","floor":14}],"player_experience":307644,"relics_obtained":[{"floor":6.0,"key":"Replay:Rubber Ducky"},{"floor":7.0,"key":"White Beast Statue"},{"floor":9.0,"key":"Shuriken"},{"floor":11.0,"key":"Odd Mushroom"},{"floor":14,"key":"Smiling Mask"}],"event_choices":[{"damage_healed":0.0,"max_hp_gain":0.0,"max_hp_loss":0.0,"gold_gain":0.0,"event_name":"Big Fish","player_choice":"Box","floor":3.0,"gold_loss":0.0,"damage_taken":0.0,"relics_obtained":["ReplayTheSpireMod:Lightbulb"],"cards_obtained":["Regret"]},{"damage_healed":0.0,"max_hp_gain":0.0,"max_hp_loss":0.0,"gold_gain":0.0,"event_name":"Mushrooms","player_choice":"Fought Mushrooms","floor":11.0,"gold_loss":0.0,"damage_taken":0.0},{"damage_healed":0.0,"max_hp_gain":0.0,"max_hp_loss":0.0,"gold_gain":0.0,"event_name":"Lab","player_choice":"Got Potions","floor":12.0,"gold_loss":0.0,"damage_taken":0.0}],"is_beta":false,"boss_relics":[],"items_purged_floors":[],"is_endless":false,"potions_floor_spawned":[1,2,4,10,11,13,14],"killed_by":"The Guardian","ascension_level":6}}