{"host":"3mdjmozz5rahgtdc","time":1608045027,"event":{"mods":["AchievementEnabler","BaseMod","Better Silent Start","Better-Laid Plans","Colored Map","Colored Powertips","Custom Start","DeckTracker","Emptier Cage","KOR Keyword Fix","Keyboard Shortcuts","Minty Spire (QoL Compilation)","Permanent Neow","Quick Restart","StSLib","SuperFastMode"],"gold_per_floor":[111,111,2,16,16,47,47,67,67,67,67,85,106,445,445,574,574,589,612,625,650,274,314,314,190,215,215,231,86,86,110,110,233,233,249,106,120,120,120,160,160,195,220,245,258,293,293,356,356,356],"floor_reached":51,"playtime":1612,"items_purged":["Strike_R","Defend_R"],"score":1243,"play_id":"b6fb4df2-03c2-4b2c-b055-ad495001dfc3","local_time":"20201216001027","is_ascension_mode":true,"campfire_choices":[{"data":"Wild Strike","floor":7.0,"key":"SMITH"},{"data":"Pommel Strike","floor":11.0,"key":"SMITH"},{"data":"Clothesline","floor":15.0,"key":"SMITH"},{"data":"Offering","floor":24.0,"key":"SMITH"},{"data":"Hemokinesis","floor":27.0,"key":"SMITH"},{"data":"Offering","floor":32,"key":"SMITH"},{"data":"Limit Break","floor":41,"key":"SMITH"},{"data":"Entrench","floor":47,"key":"SMITH"},{"data":"Second Wind","floor":49,"key":"SMITH"}],"circlet_count":0,"master_deck":["Bash+1","Clothesline+1","Feel No Pain","Feel No Pain","Pommel Strike+1","Wild Strike+1","Wild Strike","Combust","Offering+1","Cleave+1","Hemokinesis+1","Pummel","Offering+1","Shrug It Off","Second Wind+1","Fiend Fire","Limit Break+1","Flex","Pommel Strike","Entrench+1","Power Through+1","Armaments+1","Headbutt+1","Shockwave+1","Seeing Red+1","Sentinel+1","Ghostly Armor+1"],"relics":["Burning Blood","Golden Idol","Meat on the Bone","Red Skull","Old Coin","Sozu","Akabeko","TheAbacus","Mummified Hand","Bag of Preparation","Pandora\u0027s Box","Orrery","Self Forming Clay","Singing Bowl","Bronze Scales","Calipers","Incense Burner"],"acts_visited":["Exordium","TheCity","TheBeyond"],"potions_floor_usage":[33,50],"damage_taken":[{"damage":7.0,"enemies":"Jaw Worm","floor":1.0,"turns":3.0},{"damage":2.0,"enemies":"2 Louse","floor":4.0,"turns":4.0},{"damage":43.0,"enemies":"Lagavulin","floor":6.0,"turns":8.0},{"damage":6.0,"enemies":"Cultist","floor":8.0,"turns":3.0},{"damage":7.0,"enemies":"Looter","floor":12.0,"turns":2.0},{"damage":27.0,"enemies":"3 Louse","floor":13.0,"turns":3.0},{"damage":6.0,"enemies":"Gremlin Nob","floor":14.0,"turns":3.0},{"damage":31.0,"enemies":"Slime Boss","floor":16.0,"turns":10.0},{"damage":14.0,"enemies":"3 Byrds","floor":18.0,"turns":4.0},{"damage":8.0,"enemies":"Chosen","floor":19.0,"turns":3.0},{"damage":19.0,"enemies":"Centurion and Healer","floor":20.0,"turns":4.0},{"damage":37.0,"enemies":"Shelled Parasite and Fungi","floor":21.0,"turns":4.0},{"damage":11.0,"enemies":"Gremlin Leader","floor":23.0,"turns":4.0},{"damage":8.0,"enemies":"Snake Plant","floor":28.0,"turns":1.0},{"damage":16,"enemies":"Cultist and Chosen","floor":31,"turns":3},{"damage":48,"enemies":"Automaton","floor":33,"turns":8},{"damage":18,"enemies":"3 Darklings","floor":35,"turns":5},{"damage":23,"enemies":"Orb Walker","floor":37,"turns":3},{"damage":15,"enemies":"Reptomancer","floor":40,"turns":3},{"damage":19,"enemies":"Giant Head","floor":42,"turns":5},{"damage":13,"enemies":"Maw","floor":44,"turns":2},{"damage":15,"enemies":"Spire Growth","floor":45,"turns":2},{"damage":13,"enemies":"Nemesis","floor":46,"turns":3},{"damage":18,"enemies":"Mind Bloom Boss Battle","floor":48,"turns":5},{"damage":32,"enemies":"Awakened One","floor":50,"turns":15}],"seed_played":"-8874198580018095745","potions_obtained":[{"floor":6.0,"key":"SneckoOil"},{"floor":8.0,"key":"Block Potion"}],"is_trial":false,"path_per_floor":["M","?","$","M","?","E","R","M","T","?","R","M","M","E","R","B",null,"M","M","M","M","$","E","R","$","T","R","M","$","?","M","R","B",null,"M","$","M","?","?","E","R","E","T","M","M","E","R","?","R","B",null],"character_chosen":"IRONCLAD","items_purchased":["Feel No Pain","Akabeko","Pummel","TheAbacus","Shrug It Off","Bag of Preparation","Orrery"],"campfire_rested":0,"item_purchase_floors":[3,22,22,22,25,29,36],"current_hp_per_floor":[71,71,71,75,55,18,18,30,30,30,30,41,32,44,44,31,68,60,58,57,38,38,45,45,45,45,45,55,55,55,57,57,27,67,55,55,50,50,40,43,43,42,42,49,52,57,57,57,57,43],"gold":356,"neow_bonus":"UPGRADE_CARD","is_daily":false,"chose_seed":false,"campfire_upgraded":9,"win_rate":0.0,"timestamp":1608045027,"path_taken":["M","?","$","M","?","E","R","?","T","?","R","M","M","E","R","BOSS","M","M","M","M","$","E","R","?","T","R","M","$","?","M","R","BOSS","M","$","M","?","?","E","R","E","T","M","M","E","R","?","R","BOSS"],"items_purchased_type":["Card","Relic","Card","Relic","Card","Relic","Relic"],"build_version":"2020-12-13","purchased_purges":2,"victory":true,"max_hp_per_floor":[80,80,80,80,80,80,80,80,80,80,80,80,80,80,80,80,80,80,80,80,80,80,80,80,80,80,80,80,80,80,80,80,80,80,80,80,80,76,76,76,76,76,76,78,78,78,78,78,78,78],"card_choices":[{"not_picked":["Havoc","Rampage"],"picked":"Clothesline","floor":1.0},{"not_picked":["Clash","Perfected Strike"],"picked":"Pommel Strike","floor":4.0},{"not_picked":["Iron Wave","Ghostly Armor"],"picked":"Wild Strike","floor":6.0},{"not_picked":["Rampage","Flex"],"picked":"Wild Strike","floor":8.0},{"not_picked":["Rampage","Heavy Blade","Corruption"],"picked":"SKIP","floor":12.0},{"not_picked":["Dark Embrace","Havoc","Cleave"],"picked":"SKIP","floor":13.0},{"not_picked":["Body Slam","Burning Pact","Heavy Blade"],"picked":"SKIP","floor":14.0},{"not_picked":["Impervious","Fiend Fire"],"picked":"Offering","floor":16.0},{"not_picked":["Pummel","Thunderclap"],"picked":"Cleave+1","floor":18.0},{"not_picked":["Warcry","Rampage","Headbutt"],"picked":"SKIP","floor":19.0},{"not_picked":["Clothesline","Spot Weakness","Burning Pact"],"picked":"SKIP","floor":20.0},{"not_picked":["Armaments","Inflame"],"picked":"Hemokinesis","floor":21.0},{"not_picked":["Havoc+1","Rampage"],"picked":"Offering","floor":23.0},{"not_picked":["Warcry","Intimidate","Body Slam"],"picked":"SKIP","floor":28.0},{"not_picked":["Rupture+1","Dropkick"],"picked":"Second Wind","floor":31},{"not_picked":["Berserk","Demon Form"],"picked":"Fiend Fire","floor":33},{"not_picked":["Anger+1","Carnage","Clash+1"],"picked":"SKIP","floor":35},{"not_picked":["Anger+1","Armaments+1"],"picked":"Power Through+1","floor":36},{"not_picked":["Demon Form","Havoc"],"picked":"Armaments+1","floor":36},{"not_picked":["Thunderclap","Havoc","Cleave+1"],"picked":"SKIP","floor":37},{"not_picked":["Thunderclap+1","Perfected Strike+1"],"picked":"Headbutt+1","floor":40},{"not_picked":["Havoc","True Grit+1"],"picked":"Shockwave+1","floor":42},{"not_picked":["Second Wind","Perfected Strike+1","Clash+1"],"picked":"Singing Bowl","floor":44},{"not_picked":["Entrench+1","Fire Breathing"],"picked":"Seeing Red+1","floor":45},{"not_picked":["Disarm","Pommel Strike"],"picked":"Sentinel+1","floor":46},{"not_picked":["Headbutt+1","Clothesline+1"],"picked":"Ghostly Armor+1","floor":48}],"player_experience":296911,"relics_obtained":[{"floor":6.0,"key":"Meat on the Bone"},{"floor":9.0,"key":"Red Skull"},{"floor":14.0,"key":"Old Coin"},{"floor":23.0,"key":"Mummified Hand"},{"floor":40,"key":"Self Forming Clay"},{"floor":42,"key":"Singing Bowl"},{"floor":43,"key":"Bronze Scales"},{"floor":46,"key":"Calipers"},{"floor":48,"key":"Incense Burner"}],"event_choices":[{"damage_healed":0.0,"max_hp_gain":0.0,"max_hp_loss":0.0,"gold_gain":0.0,"cards_transformed":["Strike_R"],"event_name":"Living Wall","player_choice":"Change","floor":2.0,"gold_loss":0.0,"damage_taken":0.0,"cards_obtained":["Feel No Pain"]},{"damage_healed":0.0,"max_hp_gain":0.0,"max_hp_loss":0.0,"gold_gain":0.0,"event_name":"Golden Idol","player_choice":"Take Damage","floor":5.0,"gold_loss":0.0,"damage_taken":20.0,"relics_obtained":["Golden Idol"]},{"damage_healed":0.0,"max_hp_gain":0.0,"max_hp_loss":0.0,"gold_gain":0.0,"cards_transformed":["Strike_R"],"event_name":"Transmorgrifier","player_choice":"Transformed","floor":10.0,"gold_loss":0.0,"damage_taken":0.0,"cards_obtained":["Combust"]},{"cards_removed":["Strike_R"],"damage_healed":0,"gold_gain":0,"player_choice":"Elegance","damage_taken":0,"max_hp_gain":0,"max_hp_loss":0,"event_name":"Back to Basics","floor":30,"gold_loss":0},{"damage_healed":0,"gold_gain":0,"player_choice":"Max HP","damage_taken":0,"max_hp_gain":0,"max_hp_loss":4,"event_name":"Winding Halls","floor":38,"gold_loss":0},{"damage_healed":0,"gold_gain":0,"player_choice":"Memory 3","damage_taken":10,"max_hp_gain":0,"max_hp_loss":0,"event_name":"SensoryStone","floor":39,"gold_loss":0},{"damage_healed":0,"gold_gain":0,"player_choice":"Fight","damage_taken":0,"max_hp_gain":0,"max_hp_loss":0,"event_name":"MindBloom","floor":48,"gold_loss":0}],"is_beta":false,"boss_relics":[{"not_picked":["Busted Crown","Fusion Hammer"],"picked":"Sozu"},{"not_picked":["Tiny House","Calling Bell"],"picked":"Pandora\u0027s Box"}],"items_purged_floors":[3,25],"is_endless":false,"potions_floor_spawned":[6,8,19,21,28,31,33,37,44,46],"ascension_level":7}}