{"host":"k5dhp0bkccqfauyu","time":1608044726,"event":{"mods":["BaseMod","Better Note","Better Skull","Better Vampires","Colored Map","Colored Powertips","DeckTracker","Minty Spire (QoL Compilation)","Permanent Neow","StSLib","SuperFastMode"],"gold_per_floor":[116,116,126,126,146,178,203,203,251,278,203,41,76,76,76,152,152,169,169,180,180,105,134,134,134,134],"floor_reached":25,"playtime":582,"items_purged":[],"score":570,"play_id":"bd256fd6-9ced-4587-94d2-3e40095ea3ad","local_time":"20201216020526","is_ascension_mode":true,"campfire_choices":[{"data":"Apotheosis","floor":8,"key":"SMITH"},{"floor":15,"key":"REST"},{"data":"Creative AI","floor":24,"key":"SMITH"}],"circlet_count":0,"master_deck":["AscendersBane","Defend_B","Defend_B","Defend_B","Zap","Dualcast","Apotheosis+1","Capacitor","Hologram","Static Discharge","Ball Lightning","Capacitor","Coolheaded","Self Repair","Creative AI+1","Conserve Battery","Genetic Algorithm+1","Ghostly","Ghostly","Ghostly"],"relics":["Cracked Core","Boot","Ancient Tea Set","Vajra","MealTicket","DataDisk","Sundial","Philosopher\u0027s Stone","Enchiridion","Happy Flower"],"acts_visited":["Exordium","TheCity"],"potions_floor_usage":[6,6,13,16,20],"damage_taken":[{"damage":2,"enemies":"2 Louse","floor":1,"turns":2},{"damage":0,"enemies":"Cultist","floor":3,"turns":4},{"damage":4,"enemies":"Jaw Worm","floor":5,"turns":4},{"damage":0,"enemies":"Gremlin Nob","floor":6,"turns":2},{"damage":9,"enemies":"3 Sentries","floor":10,"turns":4},{"damage":36,"enemies":"Gremlin Nob","floor":13,"turns":3},{"damage":30,"enemies":"Slime Boss","floor":16,"turns":7},{"damage":17,"enemies":"Chosen","floor":18,"turns":5},{"damage":17,"enemies":"2 Thieves","floor":20,"turns":3},{"damage":0,"enemies":"Gremlin Leader","floor":23,"turns":6},{"damage":32,"enemies":"Book of Stabbing","floor":25,"turns":5}],"seed_played":"1196326096935963048","potions_obtained":[{"floor":1,"key":"BlessingOfTheForge"},{"floor":3,"key":"AttackPotion"},{"floor":6,"key":"EssenceOfDarkness"},{"floor":10,"key":"LiquidBronze"},{"floor":18,"key":"AttackPotion"}],"is_trial":false,"path_per_floor":["M","?","M","?","M","E","T","R","T","E","?","$","E","?","R","B",null,"M","?","M","?","?","E","R","E"],"character_chosen":"DEFECT","items_purchased":["DataDisk"],"campfire_rested":1,"item_purchase_floors":[12],"current_hp_per_floor":[62,55,55,55,51,51,51,51,51,42,42,57,21,21,40,20,53,46,25,15,15,15,32,32,0,0],"gold":134,"neow_bonus":"RANDOM_COLORLESS_2","is_daily":false,"chose_seed":false,"campfire_upgraded":2,"win_rate":0.0,"timestamp":1608044726,"path_taken":["M","?","M","?","?","E","?","R","T","E","?","$","E","?","R","BOSS","M","?","M","?","?","E","R","E"],"items_purchased_type":["Relic"],"build_version":"2020-12-13","purchased_purges":0,"victory":false,"max_hp_per_floor":[64,64,64,64,64,64,64,64,64,64,64,64,64,64,64,64,64,64,64,64,32,32,32,32,32,32],"card_choices":[{"not_picked":["Transmutation","Thinking Ahead"],"picked":"Apotheosis","floor":0},{"not_picked":["Darkness","Redo"],"picked":"Capacitor","floor":1},{"not_picked":["Stack","Leap"],"picked":"Hologram","floor":3},{"not_picked":["Fusion","Melter"],"picked":"Static Discharge","floor":5},{"not_picked":["Steam","Gash"],"picked":"Ball Lightning","floor":6},{"not_picked":["Steam","FTL"],"picked":"Capacitor","floor":10},{"not_picked":["FTL","Go for the Eyes"],"picked":"Coolheaded","floor":13},{"not_picked":["Fission","Core Surge"],"picked":"Creative AI","floor":16},{"not_picked":["Beam Cell","Lockon"],"picked":"Conserve Battery","floor":18},{"not_picked":["Scrape","Barrage"],"picked":"Genetic Algorithm+1","floor":20},{"not_picked":["Force Field","Compile Driver","Rebound"],"picked":"SKIP","floor":23}],"player_experience":1758415,"relics_obtained":[{"floor":6,"key":"Boot"},{"floor":7,"key":"Ancient Tea Set"},{"floor":9,"key":"Vajra"},{"floor":10,"key":"MealTicket"},{"floor":13,"key":"Sundial"},{"floor":19,"key":"Enchiridion"},{"floor":23,"key":"Happy Flower"}],"event_choices":[{"cards_removed":["Strike_B"],"damage_healed":0,"gold_gain":0,"player_choice":"Card Removal","damage_taken":7,"max_hp_gain":0,"max_hp_loss":0,"event_name":"Golden Wing","floor":2,"gold_loss":0},{"cards_removed":["Strike_B"],"damage_healed":0,"gold_gain":0,"player_choice":"Purged","damage_taken":0,"max_hp_gain":0,"max_hp_loss":0,"event_name":"Purifier","floor":4,"gold_loss":0},{"cards_removed":["Strike_B"],"damage_healed":0,"gold_gain":0,"player_choice":"Card Removal","damage_taken":0,"max_hp_gain":0,"max_hp_loss":0,"event_name":"The Cleric","floor":11,"gold_loss":75},{"damage_healed":0,"gold_gain":0,"cards_transformed":["Strike_B"],"player_choice":"Change","damage_taken":0,"max_hp_gain":0,"max_hp_loss":0,"event_name":"Living Wall","floor":14,"gold_loss":0,"cards_obtained":["Self Repair"]},{"damage_healed":0,"gold_gain":0,"player_choice":"Obtained Book","damage_taken":21,"max_hp_gain":0,"max_hp_loss":0,"event_name":"Cursed Tome","floor":19,"gold_loss":0},{"damage_healed":0,"gold_gain":0,"player_choice":"Became a Ghost","damage_taken":0,"max_hp_gain":0,"max_hp_loss":32,"event_name":"Ghosts","floor":21,"gold_loss":0,"cards_obtained":["Ghostly","Ghostly","Ghostly"]},{"cards_removed":["Defend_B"],"damage_healed":0,"gold_gain":0,"player_choice":"Gave Gold","damage_taken":0,"max_hp_gain":0,"max_hp_loss":0,"event_name":"Beggar","floor":22,"gold_loss":75}],"is_beta":false,"boss_relics":[{"not_picked":["Black Star","Cursed Key"],"picked":"Philosopher\u0027s Stone"}],"items_purged_floors":[],"is_endless":false,"potions_floor_spawned":[1,3,6,10,18],"killed_by":"Book of Stabbing","ascension_level":20}}