{"host":"6bsan6hkua32tfq7","time":1608011781,"event":{"mods":["BaseMod","Better Third Choice","Colored Map","Downfall","Highlight Path","Minty Spire (QoL Compilation)","StSLib"],"gold_per_floor":[117,56,75,86,98,129,129,155,155,155,155,170,183,213,213,289,289,300,53,53,53,53,53,81,81,81,108,108,137,137,160,160,237,237,248,248,267,267,65,99,99,130,130,157,157,185,185,205,205,205,205,205,205,11,41,41],"floor_reached":57,"playtime":2474,"items_purged":["Slice"],"score":3305,"play_id":"4afb96f7-39dc-4057-8692-7fc54937459f","local_time":"20201215065621","is_ascension_mode":true,"campfire_choices":[{"floor":7.0,"key":"REST"},{"floor":10,"key":"REST"},{"data":"Terror","floor":15,"key":"SMITH"},{"floor":23,"key":"REST"},{"floor":25,"key":"REST"},{"data":"Cloak And Dagger","floor":28,"key":"SMITH"},{"data":"Tools of the Trade","floor":30,"key":"SMITH"},{"data":"Cloak And Dagger","floor":32,"key":"SMITH"},{"data":"Panacea","floor":41,"key":"SMITH"},{"floor":45,"key":"RECALL"},{"data":"PiercingWail","floor":49,"key":"SMITH"},{"data":"Madness","floor":53,"key":"SMITH"}],"circlet_count":0,"master_deck":["AscendersBane","Defend_G","Defend_G","Defend_G","Defend_G","Defend_G","Survivor","Neutralize","Prepared","Blade Dance+1","Terror+1","Dagger Spray","Cloak And Dagger+1","Endless Agony","Cloak And Dagger+1","Accuracy","After Image","Tactician+1","Bite","Bite","Bite","Bite","Bite","Necronomicurse","Sucker Punch+1","Tools of the Trade+1","A Thousand Cuts","CurseOfTheBell","Prepared+1","Panacea+1","Master of Strategy","PiercingWail+1","Cloak And Dagger+1","PiercingWail+1","Madness+1","Madness","PiercingWail","expansioncontent:TimeRipple","PiercingWail"],"relics":["Ring of the Snake","NeowsBlessing","betterThird:SlimedRelic","Question Card","Shuriken","Pear","Letter Opener","Pantograph","Runic Pyramid","OrangePellets","Necronomicon","Mummified Hand","Blue Candle","War Paint","Strawberry","Oddly Smooth Stone","Calling Bell","Toy Ornithopter","Darkstone Periapt","Dead Branch","Membership Card","Ninja Scroll","Ornamental Fan","Eternal Feather","Juzu Bracelet","HornCleat","Gremlin Horn"],"acts_visited":["Exordium","TheCity","TheBeyond","TheEnding"],"potions_floor_usage":[16,56],"damage_taken":[{"damage":0.0,"enemies":"Small Slimes","floor":1.0,"turns":1.0},{"damage":0.0,"enemies":"Cultist","floor":3.0,"turns":1.0},{"damage":0.0,"enemies":"Jaw Worm","floor":4.0,"turns":1.0},{"damage":11.0,"enemies":"3 Louse","floor":5.0,"turns":4.0},{"damage":23.0,"enemies":"Gremlin Nob","floor":6.0,"turns":4.0},{"damage":27,"enemies":"3 Sentries","floor":8,"turns":10},{"damage":1,"enemies":"Looter","floor":12,"turns":3},{"damage":0,"enemies":"2 Fungi Beasts","floor":13,"turns":3},{"damage":0,"enemies":"Gremlin Nob","floor":14,"turns":3},{"damage":21,"enemies":"Hexaghost","floor":16,"turns":8},{"damage":7,"enemies":"Chosen","floor":18,"turns":4},{"damage":36,"enemies":"Gremlin Leader","floor":24,"turns":8},{"damage":1,"enemies":"Book of Stabbing","floor":27,"turns":5},{"damage":0,"enemies":"Gremlin Leader","floor":29,"turns":5},{"damage":29,"enemies":"Champ","floor":33,"turns":8},{"damage":1,"enemies":"Orb Walker","floor":35,"turns":2},{"damage":3,"enemies":"3 Darklings","floor":37,"turns":4},{"damage":1,"enemies":"Reptomancer","floor":40,"turns":2},{"damage":8,"enemies":"Giant Head","floor":42,"turns":5},{"damage":0,"enemies":"Reptomancer","floor":44,"turns":2},{"damage":0,"enemies":"Nemesis","floor":46,"turns":3},{"damage":8,"enemies":"Writhing Mass","floor":48,"turns":4},{"damage":25,"enemies":"Awakened One","floor":50,"turns":13},{"damage":31,"enemies":"Time Eater","floor":51,"turns":9},{"damage":3,"enemies":"Shield and Spear","floor":55,"turns":12},{"damage":20,"enemies":"The Heart","floor":56,"turns":7}],"seed_played":"2891502005687508404","potions_obtained":[{"floor":1.0,"key":"BlessingOfTheForge"},{"floor":6.0,"key":"FearPotion"},{"floor":8,"key":"Explosive Potion"},{"floor":12,"key":"SmokeBomb"},{"floor":14,"key":"Strength Potion"},{"floor":27,"key":"LiquidBronze"}],"is_trial":false,"path_per_floor":["M","?","M","M","M","E","R","E","T","R","?","M","M","E","R","B",null,"M","$","?","$","?","R","E","R","T","E","R","E","R","T","R","B",null,"M","?","M","?","$","E","R","E","T","E","R","E","?","M","R","B","B",null,"R","$","E","B",null],"character_chosen":"THE_SILENT","items_purchased":["Tactician","OrangePellets","Membership Card","expansioncontent:TimeRipple","HornCleat"],"campfire_rested":4,"item_purchase_floors":[19,19,39,54,54],"current_hp_per_floor":[59,48,48,48,37,14,33,6,16,38,38,37,37,37,37,41,67,60,60,53,53,32,47,25,40,40,45,45,60,60,60,60,40,55,58,48,51,51,51,50,50,50,50,52,60,60,49,45,60,53,37,54,60,60,59,42],"gold":41,"neow_bonus":"THREE_ENEMY_KILL","is_daily":false,"chose_seed":false,"campfire_upgraded":7,"win_rate":0.0,"timestamp":1608011781,"path_taken":["M","?","M","M","M","E","R","E","T","R","?","?","M","E","R","BOSS","M","$","?","$","?","R","E","R","T","E","R","E","R","?","R","BOSS","M","?","M","?","$","E","R","E","T","E","R","E","?","M","R","BOSS","BOSS","R","$","E","BOSS"],"items_purchased_type":["Card","Relic","Relic","Card","Relic"],"build_version":"2020-12-13","purchased_purges":1,"victory":true,"max_hp_per_floor":[66,66,66,66,66,66,66,66,76,76,76,76,76,76,76,76,76,76,76,53,53,53,53,53,53,53,53,53,60,60,60,60,60,60,60,60,60,60,60,60,60,60,60,60,60,60,60,60,60,60,60,60,60,60,60,60],"card_choices":[{"not_picked":["Bane","Dodge and Roll"],"picked":"Prepared","floor":1.0},{"not_picked":["Cloak And Dagger","Dodge and Roll"],"picked":"Blade Dance","floor":3.0},{"not_picked":["Blade Dance","Accuracy"],"picked":"Terror","floor":4.0},{"not_picked":["Setup","Leg Sweep"],"picked":"Dagger Spray","floor":5.0},{"not_picked":["Quick Slash","Grand Finale"],"picked":"Slice","floor":6.0},{"not_picked":["Dagger Spray","Sucker Punch","Leg Sweep"],"picked":"Cloak And Dagger","floor":8},{"not_picked":["Blur","Deadly Poison","Setup"],"picked":"Endless Agony","floor":12},{"not_picked":["Dagger Throw","Escape Plan","Predator"],"picked":"Cloak And Dagger","floor":13},{"not_picked":["Acrobatics","Underhanded Strike","Prepared"],"picked":"Accuracy","floor":14},{"not_picked":["Storm of Steel","A Thousand Cuts","Corpse Explosion"],"picked":"After Image","floor":16},{"not_picked":["Terror","Underhanded Strike","Sucker Punch","Eviscerate+1"],"picked":"SKIP","floor":18},{"not_picked":["Cloak And Dagger","Escape Plan","Dagger Throw"],"picked":"Sucker Punch+1","floor":24},{"not_picked":["Heel Hook","Cloak And Dagger","Underhanded Strike"],"picked":"Tools of the Trade","floor":27},{"not_picked":["Backflip","Backstab","Dagger Spray","Masterful Stab+1"],"picked":"SKIP","floor":29},{"not_picked":["Burst","Venomology","Phantasmal Killer"],"picked":"A Thousand Cuts","floor":33},{"not_picked":["Reflex+1","Poisoned Stab","Underhanded Strike+1"],"picked":"Prepared+1","floor":35},{"not_picked":["HandOfGreed","Sadistic Nature","PanicButton"],"picked":"Panacea","floor":36},{"not_picked":["Madness","expansioncontent:PolyBeam","expansioncontent:QuickStudy"],"picked":"Master of Strategy","floor":36},{"not_picked":["Acrobatics","Blade Dance+1","Eviscerate"],"picked":"PiercingWail+1","floor":37},{"not_picked":["Backflip","Deflect","Leg Sweep"],"picked":"Cloak And Dagger+1","floor":40},{"not_picked":["Backflip","Deflect+1","Bane","Leg Sweep+1"],"picked":"SKIP","floor":42},{"not_picked":["Infinite Blades","Backstab+1","All Out Attack+1","Backflip"],"picked":"SKIP","floor":44},{"not_picked":["Poisoned Stab","Setup","Dagger Spray"],"picked":"PiercingWail","floor":46},{"not_picked":["Phantasmal Killer","Deflect","Slice"],"picked":"PiercingWail","floor":48},{"not_picked":["Blade Dance","Cloak And Dagger","Acrobatics"],"picked":"PiercingWail","floor":55}],"player_experience":5150271,"relics_obtained":[{"floor":6.0,"key":"Question Card"},{"floor":8,"key":"Shuriken"},{"floor":9,"key":"Pear"},{"floor":14,"key":"Pantograph"},{"floor":22,"key":"Necronomicon"},{"floor":24,"key":"Mummified Hand"},{"floor":26,"key":"Blue Candle"},{"floor":27,"key":"War Paint"},{"floor":29,"key":"Strawberry"},{"floor":31,"key":"Oddly Smooth Stone"},{"floor":34,"key":"Toy Ornithopter"},{"floor":34,"key":"Darkstone Periapt"},{"floor":34,"key":"Dead Branch"},{"floor":40,"key":"Ninja Scroll"},{"floor":42,"key":"Ornamental Fan"},{"floor":44,"key":"Eternal Feather"},{"floor":46,"key":"Juzu Bracelet"},{"floor":55,"key":"Gremlin Horn"}],"event_choices":[{"damage_healed":0.0,"max_hp_gain":0.0,"max_hp_loss":0.0,"gold_gain":0.0,"event_name":"betterThird:BetterGoop","player_choice":"Slimed","floor":2.0,"gold_loss":61.0,"damage_taken":11.0},{"damage_healed":0,"gold_gain":0,"player_choice":"Gave Potion","damage_taken":0,"relics_obtained":["Letter Opener"],"max_hp_gain":0,"max_hp_loss":0,"event_name":"WeMeetAgain","floor":11,"gold_loss":0},{"damage_healed":0,"gold_gain":0,"player_choice":"Became a vampire","damage_taken":0,"max_hp_gain":0,"max_hp_loss":23,"event_name":"Vampires","floor":20,"gold_loss":0,"cards_obtained":["Bite","Bite","Bite","Bite","Bite"]},{"damage_healed":0,"gold_gain":0,"player_choice":"Obtained Book","damage_taken":21,"max_hp_gain":0,"max_hp_loss":0,"event_name":"Cursed Tome","floor":22,"gold_loss":0},{"damage_healed":0,"gold_gain":0,"player_choice":"Memory 3","damage_taken":10,"max_hp_gain":0,"max_hp_loss":0,"event_name":"SensoryStone","floor":36,"gold_loss":0},{"damage_healed":0,"gold_gain":0,"player_choice":"Ignored","damage_taken":0,"max_hp_gain":0,"max_hp_loss":0,"event_name":"Tomb of Lord Red Mask","floor":38,"gold_loss":0},{"damage_healed":0,"gold_gain":0,"player_choice":"Embrace Madness","damage_taken":11,"max_hp_gain":0,"max_hp_loss":0,"event_name":"Winding Halls","floor":47,"gold_loss":0,"cards_obtained":["Madness","Madness"]}],"is_beta":false,"boss_relics":[{"not_picked":["Fusion Hammer","Ectoplasm"],"picked":"Runic Pyramid"},{"not_picked":["Snecko Eye","Ring of the Serpent"],"picked":"Calling Bell"}],"items_purged_floors":[39],"is_endless":false,"potions_floor_spawned":[1,6,8,12,14,27,29,42,44],"ascension_level":20}}