{"host":"og6lam4kt3nibbw0","time":1608048249,"event":{"mods":["AchievementEnabler","BaseMod","Colored Map","DeckTracker","Highlight Path","Keyboard Shortcuts","Minty Spire (QoL Compilation)","Permanent Neow","Quick Restart","StSLib","SuperFastMode"],"gold_per_floor":[111,123,73,91,141,141,157,169,169,169,203,203,231,231,231,305,305,315,365,365,384,309,309,321,321,395,495,395,414,427,444,444,444,444],"floor_reached":33,"playtime":1723,"items_purged":["Defend_G","Strike_G"],"score":514,"play_id":"92e342d9-22bc-4067-9cd5-6b3cc3cc53d6","local_time":"20201216010409","is_ascension_mode":true,"campfire_choices":[{"data":"Dagger Throw","floor":6.0,"key":"SMITH"},{"data":"Poisoned Stab","floor":10.0,"key":"SMITH"},{"data":"Bouncing Flask","floor":12.0,"key":"SMITH"},{"floor":15.0,"key":"REST"},{"data":"Adrenaline","floor":23,"key":"SMITH"},{"floor":25,"key":"REST"},{"data":"Catalyst","floor":32,"key":"SMITH"}],"circlet_count":0,"master_deck":["AscendersBane","Strike_G","Defend_G","Survivor","Neutralize","Quick Slash","Blur","Acrobatics","Dagger Throw+1","Poisoned Stab+1","Prepared","Bouncing Flask+1","Adrenaline+1","Glass Knife","Deadly Poison+1","Wraith Form v2+1","Blur+1","Bouncing Flask","Eviscerate","Catalyst+1"],"relics":["Ring of the Snake","Pear","CaptainsWheel","White Beast Statue","Astrolabe","Meat on the Bone","Eternal Feather"],"acts_visited":["Exordium","TheCity"],"potions_floor_usage":[27,27,33],"damage_taken":[{"damage":1.0,"enemies":"Cultist","floor":1.0,"turns":4.0},{"damage":2.0,"enemies":"2 Louse","floor":2.0,"turns":3.0},{"damage":2.0,"enemies":"Jaw Worm","floor":4.0,"turns":6.0},{"damage":6.0,"enemies":"Looter","floor":7.0,"turns":3.0},{"damage":15.0,"enemies":"Large Slime","floor":8.0,"turns":6.0},{"damage":21.0,"enemies":"Lagavulin","floor":11.0,"turns":7.0},{"damage":11.0,"enemies":"Gremlin Nob","floor":13.0,"turns":4.0},{"damage":24.0,"enemies":"Hexaghost","floor":16.0,"turns":8.0},{"damage":13.0,"enemies":"3 Byrds","floor":18.0,"turns":6.0},{"damage":21.0,"enemies":"2 Thieves","floor":21.0,"turns":4.0},{"damage":9,"enemies":"Snake Plant","floor":24,"turns":3},{"damage":23,"enemies":"Colosseum Slavers","floor":27,"turns":3},{"damage":21,"enemies":"Colosseum Nobs","floor":27,"turns":4},{"damage":7,"enemies":"Centurion and Healer","floor":29,"turns":5},{"damage":13,"enemies":"3 Cultists","floor":30,"turns":6},{"damage":10,"enemies":"Snecko","floor":31,"turns":3},{"damage":29,"enemies":"Collector","floor":33,"turns":5}],"seed_played":"3516772708278126577","potions_obtained":[{"floor":2.0,"key":"DuplicationPotion"},{"floor":7.0,"key":"Block Potion"},{"floor":11.0,"key":"Fruit Juice"},{"floor":16.0,"key":"Regen Potion"},{"floor":18.0,"key":"Dexterity Potion"},{"floor":21.0,"key":"Fire Potion"},{"floor":27,"key":"EssenceOfSteel"},{"floor":29,"key":"SpeedPotion"},{"floor":30,"key":"Dexterity Potion"}],"is_trial":false,"path_per_floor":["M","M","$","M","?","R","M","M","T","R","E","R","E","?","R","B",null,"M","?","?","M","$","R","M","R","T","?","$","M","M","M","R","B"],"character_chosen":"THE_SILENT","items_purchased":["Acrobatics"],"campfire_rested":2,"item_purchase_floors":[3],"current_hp_per_floor":[58,56,56,54,54,54,48,33,43,43,27,27,16,9,31,7,58,60,60,60,39,39,39,30,52,52,32,32,37,36,38,50,21,21],"gold":444,"neow_bonus":"REMOVE_TWO","is_daily":false,"chose_seed":false,"campfire_upgraded":5,"win_rate":0.0,"timestamp":1608048249,"path_taken":["M","M","?","M","?","R","M","?","T","R","E","R","E","?","R","BOSS","M","?","?","M","$","R","M","R","T","?","$","M","M","M","R","BOSS"],"items_purchased_type":["Card"],"build_version":"2020-12-13","purchased_purges":2,"victory":false,"max_hp_per_floor":[60,60,60,60,60,60,60,60,70,70,75,75,75,75,75,75,75,75,75,75,75,75,75,75,75,75,75,75,75,75,75,75,75,75],"card_choices":[{"not_picked":["Deflect","Well Laid Plans"],"picked":"Quick Slash","floor":1.0},{"not_picked":["Outmaneuver","Deflect"],"picked":"Blur","floor":2.0},{"not_picked":["Well Laid Plans","Dash"],"picked":"Dagger Throw","floor":4.0},{"not_picked":["Expertise","Distraction"],"picked":"Poisoned Stab","floor":7.0},{"not_picked":["Sucker Punch","Blur"],"picked":"Prepared","floor":8.0},{"not_picked":["Tools of the Trade","Footwork"],"picked":"Bouncing Flask","floor":11.0},{"not_picked":["Deflect","Die Die Die"],"picked":"Adrenaline","floor":13.0},{"not_picked":["Tools of the Trade","Bullet Time"],"picked":"Glass Knife","floor":16.0},{"not_picked":["Underhanded Strike","Backflip"],"picked":"Bouncing Flask","floor":18.0},{"not_picked":["Terror","Underhanded Strike","Riddle With Holes"],"picked":"SKIP","floor":21.0},{"not_picked":["Choke","Prepared"],"picked":"Eviscerate","floor":24},{"not_picked":["Quick Slash","Flying Knee"],"picked":"Catalyst","floor":27},{"not_picked":["Terror","Dagger Throw","Bane"],"picked":"SKIP","floor":29},{"not_picked":["Dodge and Roll","Slice","Underhanded Strike"],"picked":"SKIP","floor":30},{"not_picked":["Backflip","Dagger Spray","Envenom"],"picked":"SKIP","floor":31}],"player_experience":755920,"relics_obtained":[{"floor":9.0,"key":"Pear"},{"floor":11.0,"key":"CaptainsWheel"},{"floor":13.0,"key":"White Beast Statue"},{"floor":26,"key":"Meat on the Bone"},{"floor":27,"key":"Eternal Feather"}],"event_choices":[{"damage_healed":0.0,"max_hp_gain":0.0,"max_hp_loss":0.0,"gold_gain":50.0,"event_name":"Golden Shrine","player_choice":"Pray","floor":5.0,"gold_loss":0.0,"damage_taken":0.0},{"cards_removed":["Strike_G"],"damage_healed":0.0,"max_hp_gain":0.0,"max_hp_loss":0.0,"gold_gain":0.0,"event_name":"Golden Wing","player_choice":"Card Removal","floor":14.0,"gold_loss":0.0,"damage_taken":7.0},{"damage_healed":0.0,"max_hp_gain":0.0,"max_hp_loss":0.0,"gold_gain":50.0,"event_name":"Nest","player_choice":"Stole From Cult","floor":19.0,"gold_loss":0.0,"damage_taken":0.0},{"damage_healed":0.0,"max_hp_gain":0.0,"max_hp_loss":0.0,"gold_gain":0.0,"event_name":"The Mausoleum","player_choice":"Ignored","floor":20.0,"gold_loss":0.0,"damage_taken":0.0},{"damage_healed":0,"gold_gain":0,"player_choice":"Fight","damage_taken":0,"max_hp_gain":0,"max_hp_loss":0,"event_name":"Colosseum","floor":27,"gold_loss":0},{"damage_healed":0,"gold_gain":0,"player_choice":"Fought Nobs","damage_taken":0,"max_hp_gain":0,"max_hp_loss":0,"event_name":"Colosseum","floor":27,"gold_loss":0}],"is_beta":false,"boss_relics":[{"not_picked":["Black Star","Velvet Choker"],"picked":"Astrolabe"}],"items_purged_floors":[22,28],"is_endless":false,"potions_floor_spawned":[2,7,8,11,16,18,21,24,27,27,29,30,31],"killed_by":"Collector","ascension_level":20}}