{"host":"6hzrz31j95f2y1pa","time":1608015768,"event":{"mods":["BaseMod","Colored Map","Downfall","Minty Spire (QoL Compilation)","StSLib"],"gold_per_floor":[99,127,127,127,156,156,201,34,45,45,56,67,82,100,118,118,118],"floor_reached":16,"playtime":643,"items_purged":[],"score":137,"play_id":"78f8a6c1-8e79-4de2-ba99-2a0ac674941d","local_time":"20201215020248","is_ascension_mode":false,"campfire_choices":[{"data":"champ:Taunt","floor":1,"key":"SMITH"},{"data":"champ:Circumvent","floor":6,"key":"SMITH"},{"data":"champ:BringItOn","floor":10,"key":"SMITH"}],"circlet_count":0,"master_deck":["champ:Strike","champ:Strike","champ:Strike","champ:Strike","champ:Defend","champ:Defend","champ:Defend","champ:Defend","champ:Execute","champ:Taunt+1","champ:Haymaker","champ:Riposte","champ:Circumvent+1","champ:CrownThrow","champ:BringItOn+1","champ:RecklessLeap","champ:ViciousMockery"],"relics":["champ:ChampionCrown","downfall:HeartsMalice","Du-Vu Doll","Omamori","Oddly Smooth Stone","Happy Flower"],"acts_visited":["Exordium"],"potions_floor_usage":[16,16],"damage_taken":[{"damage":0,"enemies":"Gremlin Nob","floor":2,"turns":1},{"damage":0,"enemies":"Cultist","floor":3,"turns":1},{"damage":0,"enemies":"Jaw Worm","floor":4,"turns":1},{"damage":47,"enemies":"Lagavulin","floor":5,"turns":11},{"damage":10,"enemies":"downfall:FleeingMerchant","floor":8,"turns":4},{"damage":1,"enemies":"2 Louse","floor":9,"turns":2},{"damage":5,"enemies":"Large Slime","floor":11,"turns":6},{"damage":0,"enemies":"Gremlin Gang","floor":12,"turns":6},{"damage":18,"enemies":"Exordium Thugs","floor":13,"turns":4},{"damage":5,"enemies":"3 Louse","floor":14,"turns":3},{"damage":18,"enemies":"Large Slime","floor":15,"turns":8},{"damage":35,"enemies":"downfall:Defect","floor":16,"turns":6}],"seed_played":"-4965219596684463421","potions_obtained":[{"floor":5,"key":"SneckoOil"},{"floor":9,"key":"SteroidPotion"},{"floor":11,"key":"Strength Potion"},{"floor":12,"key":"Guardian:BlockOnCardUsePotion"},{"floor":15,"key":"BlessingOfTheForge"}],"is_trial":false,"path_per_floor":["R","E","M","M","E","R","T","$","M","R","M","M","M","M","M","B"],"character_chosen":"THE_CHAMP","items_purchased":["Happy Flower"],"campfire_rested":0,"item_purchase_floors":[8],"current_hp_per_floor":[90,90,90,90,53,53,53,48,47,47,47,47,35,35,32,0,0],"gold":118,"neow_bonus":"THREE_ENEMY_KILL","is_daily":false,"chose_seed":false,"campfire_upgraded":3,"win_rate":0.0,"timestamp":1608015768,"path_taken":["R","E","M","M","E","R","T","$","M","R","M","M","M","M","M","BOSS"],"items_purchased_type":["Relic"],"build_version":"2020-12-13","purchased_purges":0,"victory":false,"max_hp_per_floor":[90,90,90,90,90,90,90,90,90,90,90,90,90,90,90,90,90],"card_choices":[{"not_picked":["champ:CrookedStrike","champ:Circumvent"],"picked":"champ:Haymaker","floor":2},{"not_picked":["champ:DefensiveShout","champ:EndlessRage"],"picked":"champ:Riposte","floor":3},{"not_picked":["champ:DefensiveShout","champ:Encircle"],"picked":"champ:Circumvent","floor":4},{"not_picked":["champ:EndlessRage","champ:FightOn","champ:Backstep"],"picked":"SKIP","floor":5},{"not_picked":["champ:CrookedStrike","champ:Backstep"],"picked":"champ:CrownThrow","floor":8},{"not_picked":["champ:Circumvent","champ:PerfectedStrike"],"picked":"champ:BringItOn","floor":9},{"not_picked":["champ:PerfectedStrike","champ:Backstep","champ:FanOfKnives"],"picked":"SKIP","floor":11},{"not_picked":["champ:FanOfKnives","champ:Backstep"],"picked":"champ:RecklessLeap","floor":12},{"not_picked":["champ:Encircle","champ:TornadoPunch","champ:Haymaker"],"picked":"SKIP","floor":13},{"not_picked":["champ:ShieldSlam","champ:DefensiveShout"],"picked":"champ:ViciousMockery","floor":14},{"not_picked":["champ:Backstep","champ:FanOfKnives","champ:Control"],"picked":"SKIP","floor":15}],"player_experience":1182849,"relics_obtained":[{"floor":2,"key":"Du-Vu Doll"},{"floor":5,"key":"Omamori"},{"floor":7,"key":"Oddly Smooth Stone"}],"event_choices":[],"is_beta":false,"boss_relics":[],"items_purged_floors":[],"is_endless":false,"potions_floor_spawned":[5,9,11,12,15],"killed_by":"downfall:Defect","ascension_level":0}}