{"host":"87fdiiwflhrwsj8a","time":1608074289,"event":{"mods":["Aspiration","BaseMod","Better Match","Better Note","Better Third Choice","BetterRewards","Colored Map","GifTheSpireLib","Infinite Spire","Minty Spire (QoL Compilation)","Relic Sorter","Replay The Spire","Robot Space Explorer","StSLib","Stuff the Spire","The Cursed"],"gold_per_floor":[109,64,64,84,164,164,199,199,225,81,81,97,131,150,150,270,270,283,21,21,21,21,62,62,62,62,97,113,113,132,153,153,153,153],"floor_reached":33,"playtime":1033,"items_purged":[],"score":411,"play_id":"86e24e7d-a952-4edc-bc71-4c192d2bb041","local_time":"20201215181809","is_ascension_mode":true,"campfire_choices":[{"data":"TheCursedMod:CleanUpWorkshop","floor":6.0,"key":"SMITH"},{"data":"TheCursedMod:CursedBlade","floor":8.0,"key":"SMITH"},{"data":"TheCursedMod:TacticalStrike","floor":15.0,"key":"SMITH"},{"floor":25,"key":"RECALL"},{"floor":32,"key":"REST"}],"circlet_count":0,"master_deck":["TheCursedMod:Strike_TheCursed","TheCursedMod:Strike_TheCursed","TheCursedMod:Strike_TheCursed","TheCursedMod:Strike_TheCursed","TheCursedMod:Defend_TheCursed","TheCursedMod:Defend_TheCursed","TheCursedMod:Defend_TheCursed","TheCursedMod:Defend_TheCursed","TheCursedMod:CursedWand","TheCursedMod:CleanUpWorkshop+1","TheCursedMod:Dregs","TheCursedMod:TacticalStrike+1","TheCursedMod:SurpriseAttack","TheCursedMod:CursedBlade+1","TheCursedMod:RavingStaff","Injury","TheCursedMod:CursedRelics","TheCursedMod:TacticalStrike","TheCursedMod:ManaCirculation","Parasite","TheCursedMod:DoubleShield+1","Shame","TheCursedMod:ShockAndAwe","TheCursedMod:Obscuration+1"],"relics":["TheCursedMod:BlackMagicAdvanced","StoneCalendar","StuffTheSpire:GrapeVine","Akabeko","ReplayTheSpireMod:TigerMarble","Tiny Chest","Golden Idol","Matryoshka","Replay:Bottled Snecko","ReplayFunnel","Pondfish Scales","Letter Opener","Iron Hammer","Quantum Egg","Sundial","FaceOfCleric"],"acts_visited":["Exordium","TheCity"],"potions_floor_usage":[23,23],"damage_taken":[{"damage":0.0,"enemies":"2 Louse","floor":1.0,"turns":3.0},{"damage":0.0,"enemies":"Small Slimes","floor":4.0,"turns":2.0},{"damage":24.0,"enemies":"Gremlin Nob","floor":7.0,"turns":4.0},{"damage":0.0,"enemies":"Jaw Worm","floor":12.0,"turns":1.0},{"damage":9.0,"enemies":"3 Sentries","floor":13.0,"turns":3.0},{"damage":2.0,"enemies":"Blue Slaver","floor":14.0,"turns":2.0},{"damage":17.0,"enemies":"Hexaghost","floor":16.0,"turns":7.0},{"damage":0.0,"enemies":"Chosen","floor":18.0,"turns":3.0},{"damage":35,"enemies":"Slavers","floor":23,"turns":5},{"damage":18,"enemies":"Gremlin Leader","floor":27,"turns":6},{"damage":8,"enemies":"Shell Parasite","floor":28,"turns":2},{"damage":6,"enemies":"Snecko","floor":30,"turns":4},{"damage":0,"enemies":"Sentry and Sphere","floor":31,"turns":3},{"damage":42,"enemies":"Automaton","floor":33,"turns":4}],"seed_played":"-8958704907997187507","potions_obtained":[{"floor":4.0,"key":"SneckoOil"},{"floor":12.0,"key":"AttackPotion"},{"floor":13.0,"key":"Block Potion"},{"floor":14.0,"key":"SkillPotion"},{"floor":18.0,"key":"LiquidBronze"},{"floor":30,"key":"Flashbang"}],"is_trial":false,"path_per_floor":["M","$","?","M","?","R","E","R","T","$","?","M","E","M","R","B",null,"M","$","?","?","T","E","?","R","T","E","M","?","M","M","R","B"],"character_chosen":"THE_CURSED","items_purchased":["StuffTheSpire:GrapeVine","TheCursedMod:SurpriseAttack","Tiny Chest","Replay:Bottled Snecko"],"campfire_rested":1,"item_purchase_floors":[0,2,10,19],"current_hp_per_floor":[58,58,63,63,63,63,39,39,39,39,39,41,32,30,30,13,82,82,82,82,82,82,47,47,47,47,29,21,21,16,17,42,0,0],"gold":153,"neow_bonus":"","is_daily":false,"chose_seed":false,"campfire_upgraded":3,"win_rate":0.0,"timestamp":1608074289,"path_taken":["M","$","?","M","?","R","E","R","T","$","?","M","E","M","R","BOSS","M","$","?","?","?","E","?","R","T","E","M","?","M","?","R","BOSS"],"items_purchased_type":["Relic","Card","Relic","Relic"],"build_version":"2020-11-30","purchased_purges":0,"victory":false,"max_hp_per_floor":[75,75,80,80,80,80,80,80,80,80,80,82,82,82,82,82,82,82,82,82,82,82,82,82,82,82,82,82,82,83,84,84,84,84],"card_choices":[{"not_picked":["TheCursedMod:SmokeScreen","TheCursedMod:TroublousMinions"],"picked":"TheCursedMod:TacticalStrike","floor":1.0},{"not_picked":["TheCursedMod:StingEye","TheCursedMod:CircleOfFlame"],"picked":"TheCursedMod:CursedBlade","floor":4.0},{"not_picked":["TheCursedMod:Wield","TheCursedMod:SpitefulStrike"],"picked":"TheCursedMod:RavingStaff","floor":7.0},{"not_picked":["TheCursedMod:DoubleShield","TheCursedMod:RapidMovement","TheCursedMod:TacticalStrike"],"picked":"SKIP","floor":12.0},{"not_picked":["TheCursedMod:Wield","TheCursedMod:DarkBarrier"],"picked":"TheCursedMod:CursedRelics","floor":13.0},{"not_picked":["TheCursedMod:EmpowerCircles","TheCursedMod:HellfireBreathing"],"picked":"TheCursedMod:TacticalStrike","floor":14.0},{"not_picked":["TheCursedMod:UltimatePain","TheCursedMod:StunningStrike"],"picked":"TheCursedMod:ManaCirculation","floor":16.0},{"not_picked":["TheCursedMod:Stigma","TheCursedMod:TacticalStrike","TheCursedMod:CursedAmulet"],"picked":"SKIP","floor":18.0},{"not_picked":["TheCursedMod:CursedShiv","TheCursedMod:CircleOfWindfury"],"picked":"TheCursedMod:DoubleShield+1","floor":23},{"not_picked":["TheCursedMod:LuckyCharm","TheCursedMod:TacticalStrike+1"],"picked":"TheCursedMod:ShockAndAwe","floor":27},{"not_picked":["TheCursedMod:CursedMace","TheCursedMod:HellfireBreathing","TheCursedMod:SmokeScreen"],"picked":"SKIP","floor":28},{"not_picked":["TheCursedMod:StunningStrike","TheCursedMod:Stretching"],"picked":"TheCursedMod:Obscuration+1","floor":30},{"not_picked":["TheCursedMod:Stretching","TheCursedMod:RavingStaff","TheCursedMod:HellsGateOpen"],"picked":"SKIP","floor":31},{"not_picked":["TheCursedMod:Stretching","TheCursedMod:RavingStaff","TheCursedMod:HellsGateOpen"],"picked":"SKIP","floor":31}],"player_experience":2553871,"relics_obtained":[{"floor":7.0,"key":"Akabeko"},{"floor":9.0,"key":"ReplayTheSpireMod:TigerMarble"},{"floor":13.0,"key":"Matryoshka"},{"floor":22,"key":"ReplayFunnel"},{"floor":23,"key":"Pondfish Scales"},{"floor":26,"key":"Iron Hammer"},{"floor":26,"key":"Quantum Egg"},{"floor":27,"key":"Sundial"}],"event_choices":[{"damage_healed":0.0,"max_hp_gain":5.0,"max_hp_loss":0.0,"gold_gain":0.0,"event_name":"Big Fish","player_choice":"Donut","floor":3.0,"gold_loss":0.0,"damage_taken":0.0},{"damage_healed":0.0,"max_hp_gain":0.0,"max_hp_loss":0.0,"gold_gain":0.0,"event_name":"Golden Idol","player_choice":"Take Wound","floor":11.0,"gold_loss":0.0,"damage_taken":0.0,"relics_obtained":["Golden Idol"],"cards_obtained":["Injury"]},{"damage_healed":0.0,"max_hp_gain":0.0,"max_hp_loss":0.0,"gold_gain":0.0,"cards_transformed":["Delirium"],"event_name":"Transmorgrifier","player_choice":"Transformed","floor":20.0,"gold_loss":0.0,"damage_taken":0.0,"cards_obtained":["Parasite"]},{"damage_healed":0.0,"max_hp_gain":0.0,"max_hp_loss":0.0,"gold_gain":0.0,"event_name":"betterNote:BetterNote","player_choice":"Ignored","floor":21.0,"gold_loss":0.0,"damage_taken":0.0,"cards_obtained":["Strike_B"]},{"damage_healed":0,"gold_gain":0,"player_choice":"Stole Relic","damage_taken":0,"relics_obtained":["Letter Opener"],"max_hp_gain":0,"max_hp_loss":0,"event_name":"Addict","floor":24,"gold_loss":0,"cards_obtained":["Shame"]},{"damage_healed":0,"gold_gain":0,"player_choice":"Trade","damage_taken":0,"relics_obtained":["FaceOfCleric"],"max_hp_gain":0,"max_hp_loss":0,"event_name":"FaceTrader","floor":29,"gold_loss":0}],"is_beta":false,"boss_relics":[{"not_picked":["Empty Cage","Coffee Dripper"],"picked":"TheCursedMod:BlackMagicAdvanced"}],"items_purged_floors":[],"is_endless":false,"potions_floor_spawned":[4,12,13,14,18,30],"killed_by":"Automaton","ascension_level":1}}