{"host":"tch6k55kfxnw5l94","time":1608005875,"event":{"mods":["BaseMod","Downfall","Minty Spire (QoL Compilation)","Replay The Spire","StSLib"],"gold_per_floor":[99,132,8886,8811,8811,8811,8836,8866,8791,8817,8834,8834,8896,7970,7989,8089,8089,8014,8355,8355,8355,8385,8406,8406,8454,8379,8413,7527,7556,7574,7603,7649,7766,7766,7766,7804,7853,7703,7743,7076,7103,7103,7145,7145,7178,6347,6347,6347,6373,6397,6397,6434,5489,5489,5513],"floor_reached":56,"playtime":3825,"items_purged":["hexamod:Strike","hexamod:Strike+1","Shame","hexamod:SixthSeal","hexamod:Defend+1","hexamod:HexaLevel+1"],"score":1890,"play_id":"51b2e1f7-c05c-4e5d-b5c9-61947c8d9be9","local_time":"20201214231755","is_ascension_mode":true,"campfire_choices":[{"data":"hexamod:EtherealExpedition","floor":6,"key":"SMITH"},{"floor":9,"key":"RECALL"},{"data":"expansioncontent:QuickStudy","floor":20,"key":"SMITH"},{"data":"hexamod:SpectralAdrenaline","floor":26,"key":"SMITH"},{"data":"hexamod:GhostShield","floor":35,"key":"SMITH"},{"data":"hexamod:RainOfEmbers","floor":42,"key":"SMITH"},{"data":"hexamod:TimeOfNeed","floor":42,"key":"SMITH"},{"floor":44,"key":"REST"},{"floor":54,"key":"REST"}],"circlet_count":0,"master_deck":["hexamod:Strike+1","hexamod:Defend+1","hexamod:Defend+1","hexamod:Defend+1","hexamod:Sear+1","hexamod:Float+1","hexamod:StepThrough+1","hexamod:VolcanoVisage+1","expansioncontent:DashGenerateEvil+1","hexamod:SixthSeal","hexamod:GhostShield+1","hexamod:NightmareGuise+1","hexamod:EtherealExpedition+1","hexamod:PowerFromBeyond+1","hexamod:HauntingEcho+1","hexamod:Hexaguard+1","hexamod:EtherealExpedition+1","expansioncontent:QuickStudy+1","expansioncontent:QuickStudy+1","hexamod:ParanormalForm+1","hexamod:SpectralAdrenaline+1","hexamod:RetreatToShadows+1","hexamod:VolcanoVisage+1","hexamod:HauntingEcho+1","hexamod:HauntingEcho+1","Finesse+1","hexamod:FastForward+1","hexamod:HauntingEcho+1","hexamod:PhantomFireball+1","hexamod:ShieldOfDarkness+1","hexamod:RainOfEmbers+1","hexamod:UnleashSpirits+1","hexamod:GiftsFromTheDead+1","hexamod:AdvancingGuard+1","hexamod:GiftsFromTheDead+1","hexamod:RainOfEmbers+1","hexamod:RainOfEmbers+1","hexamod:TimeOfNeed+1","hexamod:RecurringNightmare+1","hexamod:HexaLevel+1","hexamod:SwordOfDarkness+1","hexamod:Hexaguard+1"],"relics":["Black Star","Replay:Wax Seal","Letter Opener","Happy Flower","ClockworkSouvenir","Incense Burner","Nunchaku","PreservedInsect","Juzu Bracelet","Blue Doll","downfall:HeartBlessingBlue","Replay:Bottled Flurry","Snack Pack","Ring of Peace","ReplayTheSpireMod:Ring of Challenge","Chemical X","Replay:Bandana","ReplayTheSpireMod:TigerMarble","hexamod:IceCube","downfall:HeartBlessingRed","Enchiridion","Durian","Old Coin","Gremlin Food","Orichalcum","Dream Catcher","downfall:HeartBlessingGreen","BranchBurnRelic","Centennial Puzzle","Whetstone","Pantograph","Matryoshka","Orrery","Busted Crown","StoneCalendar","Onion Ring","MawBank","Bag of Preparation","Replay:Arrowhead","Bag of Marbles","DollysMirror","Question Card","Potion Belt","Toxic Egg 2","Omamori","Strange Spoon","Bottled Flame","Oddly Smooth Stone","Lantern","Anchor","Thread and Needle","hexamod:InflammatoryLetter","Cauldron"],"acts_visited":["Exordium","TheCity","TheBeyond","TheEnding"],"potions_floor_usage":[4,4,10,27,28,33,50,55,55,55,55,55],"damage_taken":[{"damage":53,"enemies":"3 Sentries","floor":2,"turns":8},{"damage":10,"enemies":"downfall:FleeingMerchant","floor":3,"turns":4},{"damage":14,"enemies":"Lagavulin","floor":4,"turns":7},{"damage":15,"enemies":"Gremlin Nob","floor":8,"turns":4},{"damage":0,"enemies":"3 Sentries","floor":10,"turns":4},{"damage":7,"enemies":"Small Slimes","floor":11,"turns":3},{"damage":5,"enemies":"Jaw Worm","floor":13,"turns":3},{"damage":0,"enemies":"downfall:FleeingMerchant","floor":14,"turns":4},{"damage":0,"enemies":"2 Louse","floor":15,"turns":2},{"damage":0,"enemies":"downfall:Watcher","floor":16,"turns":8},{"damage":0,"enemies":"Replay:Snechameleon","floor":19,"turns":4},{"damage":0,"enemies":"Chosen","floor":22,"turns":4},{"damage":0,"enemies":"Shell Parasite","floor":23,"turns":4},{"damage":0,"enemies":"Slavers","floor":25,"turns":2},{"damage":0,"enemies":"Replay:Snechameleon","floor":27,"turns":5},{"damage":0,"enemies":"downfall:FleeingMerchant","floor":28,"turns":5},{"damage":0,"enemies":"Cultist and Chosen","floor":29,"turns":4},{"damage":0,"enemies":"Snecko","floor":30,"turns":3},{"damage":0,"enemies":"Shelled Parasite and Fungi","floor":31,"turns":3},{"damage":0,"enemies":"Centurion and Healer","floor":32,"turns":3},{"damage":3,"enemies":"downfall:Ironclad","floor":33,"turns":5},{"damage":20,"enemies":"3 Shapes","floor":36,"turns":3},{"damage":0,"enemies":"R_Hoarder","floor":37,"turns":4},{"damage":0,"enemies":"Reptomancer","floor":39,"turns":5},{"damage":0,"enemies":"downfall:FleeingMerchant","floor":40,"turns":4},{"damage":0,"enemies":"Nemesis","floor":43,"turns":1},{"damage":0,"enemies":"3 Darklings","floor":45,"turns":1},{"damage":0,"enemies":"Spire Growth","floor":49,"turns":3},{"damage":0,"enemies":"downfall:Defect","floor":50,"turns":5},{"damage":0,"enemies":"downfall:CharBossMerchant","floor":52,"turns":4},{"damage":0,"enemies":"downfall:NeowBoss","floor":55,"turns":17}],"seed_played":"-5531617145801103349","potions_obtained":[{"floor":2,"key":"Reflective Coating"},{"floor":4,"key":"Venom Potion"},{"floor":8,"key":"AttackPotion"},{"floor":15,"key":"Flashbang"},{"floor":19,"key":"PowerPotion"},{"floor":27,"key":"Fire Potion"},{"floor":30,"key":"ColorlessPotion"},{"floor":37,"key":"CultistPotion"},{"floor":43,"key":"Reflective Coating"},{"floor":49,"key":"Elixir"},{"floor":53,"key":"LiquidBronze"}],"is_trial":false,"path_per_floor":["R","E","$","E","?","R","T","E","R","E","M","?","M","$","M","B",null,"R","E","R","?","M","M","T","E","R","E","$","M","M","M","M","B",null,"R","M","E","?","E","$","T","R","E","R","M","$","?","?","M","B",null,"E","$","R","B",null],"character_chosen":"THE_SPIRIT","items_purchased":["Happy Flower","ClockworkSouvenir","Incense Burner","expansioncontent:DashGenerateEvil","hexamod:SixthSeal","Energy Potion","hexamod:EctoCoolerPotion","hexamod:GhostShield","hexamod:NightmareGuise","Chemical X","Replay:Bandana","ReplayTheSpireMod:TigerMarble","expansioncontent:QuickStudy","hexamod:SixthSeal","hexamod:InfernoChargePotion","Pantograph","Matryoshka","hexamod:HauntingEcho","Finesse+1","Orrery","Replay:Arrowhead","Bag of Marbles","DollysMirror","PowerPotion","hexamod:DoubleChargePotion","hexamod:RainOfEmbers","hexamod:TimeOfNeed","Strange Spoon","Bottled Flame","Oddly Smooth Stone","hexamod:HexaLevel","Thread and Needle","hexamod:InflammatoryLetter","Cauldron","PowerPotion"],"campfire_rested":2,"item_purchase_floors":[3,3,3,3,3,3,3,3,3,14,14,14,14,14,14,28,28,28,28,28,40,40,40,40,40,40,40,46,46,46,46,53,53,53,53],"current_hp_per_floor":[70,70,60,46,46,46,46,68,78,80,80,80,75,77,77,79,80,64,69,69,69,69,69,69,69,69,84,85,85,85,85,85,84,85,85,65,71,95,95,95,95,95,95,95,95,95,95,95,95,95,95,95,95,95,95],"gold":5513,"neow_bonus":"BOSS_RELIC","is_daily":false,"chose_seed":false,"campfire_upgraded":6,"win_rate":0.0,"timestamp":1608005875,"path_taken":["R","E","$","E","?","R","T","E","R","E","M","?","M","$","M","BOSS","R","E","R","?","M","M","T","E","R","E","$","M","M","M","M","BOSS","R","M","E","?","E","?","T","R","E","R","M","$","?","?","M","BOSS","E","$","R","BOSS"],"items_purchased_type":["Relic","Relic","Relic","Card","Card","Potion","Potion","Card","Card","Relic","Relic","Relic","Card","Card","Potion","Relic","Relic","Card","Card","Relic","Relic","Relic","Relic","Potion","Potion","Card","Card","Relic","Relic","Relic","Card","Relic","Relic","Relic","Potion"],"build_version":"2020-12-13","purchased_purges":6,"victory":true,"max_hp_per_floor":[70,70,70,70,70,70,70,70,80,80,80,80,80,80,80,80,80,80,85,85,85,85,85,85,85,85,85,85,85,85,85,85,85,85,85,85,85,95,95,95,95,95,95,95,95,95,95,95,95,95,95,95,95,95,95],"card_choices":[{"not_picked":["hexamod:ChargedBarrage","hexamod:FlamesFromBeyond"],"picked":"hexamod:UnleashSpirits","floor":2},{"not_picked":["hexamod:ShieldOfDarkness","hexamod:TurnItUp"],"picked":"hexamod:VolcanoVisage","floor":3},{"not_picked":["hexamod:AdvancingGuard","hexamod:GhostflameBarrier"],"picked":"hexamod:EtherealExpedition","floor":4},{"not_picked":["hexamod:GhostOfSpirePast","hexamod:CatchUp","hexamod:BacktrackSmack"],"picked":"SKIP","floor":8},{"not_picked":["hexamod:BacktrackSmack","hexamod:FastForward"],"picked":"hexamod:PowerFromBeyond","floor":10},{"not_picked":["hexamod:SwordOfDarkness","hexamod:PhantomCloak"],"picked":"hexamod:HauntingEcho","floor":11},{"not_picked":["hexamod:SkipABeat","hexamod:NightmareGuise"],"picked":"hexamod:Hexaguard","floor":13},{"not_picked":["hexamod:NecessarySacrifice","hexamod:BacktrackSmack"],"picked":"hexamod:EtherealExpedition","floor":14},{"not_picked":["hexamod:FourthSeal","hexamod:CatchUp","hexamod:SpectersWail"],"picked":"SKIP","floor":15},{"not_picked":["hexamod:CrushingStance","hexamod:SixthSeal"],"picked":"hexamod:ParanormalForm","floor":16},{"not_picked":["hexamod:BacktrackSmack+1","hexamod:SoulSteal","hexamod:InspiringFlames"],"picked":"SKIP","floor":19},{"not_picked":["hexamod:SwordOfDarkness+1","hexamod:HauntingEcho"],"picked":"hexamod:SpectralAdrenaline","floor":22},{"not_picked":["hexamod:ThermalTransfer","hexamod:ExtraCrispy"],"picked":"hexamod:RetreatToShadows+1","floor":23},{"not_picked":["hexamod:Firestarter","hexamod:BurningTouch"],"picked":"hexamod:VolcanoVisage","floor":25},{"not_picked":["hexamod:GhostflameBarrier","hexamod:Again","hexamod:FirstSeal"],"picked":"SKIP","floor":27},{"not_picked":["hexamod:EmpoweredFlame+1","hexamod:FourthSeal","hexamod:Hexaguard"],"picked":"SKIP","floor":28},{"not_picked":["hexamod:PhantomFireball","hexamod:WildfireWeapon"],"picked":"hexamod:FastForward","floor":28},{"not_picked":["hexamod:EmpoweredFlame","hexamod:ThirdSeal"],"picked":"hexamod:HauntingEcho+1","floor":28},{"not_picked":["hexamod:BurningTouch","hexamod:EmpoweredFlame"],"picked":"hexamod:PhantomFireball","floor":29},{"not_picked":["hexamod:NightmareStrike","hexamod:GhostLash"],"picked":"hexamod:ShieldOfDarkness","floor":30},{"not_picked":["hexamod:ChargedBarrage+1","hexamod:FastForward"],"picked":"hexamod:RainOfEmbers","floor":31},{"not_picked":["hexamod:Rewind","hexamod:SixthSeal","hexamod:InspiringFlames"],"picked":"SKIP","floor":32},{"not_picked":["hexamod:HexaLevel","hexamod:WildfireWeapon"],"picked":"hexamod:UnleashSpirits","floor":33},{"not_picked":["hexamod:ChargedBarrage+1"],"picked":"SKIP","floor":36},{"not_picked":[],"picked":"hexamod:GiftsFromTheDead","floor":37},{"not_picked":[],"picked":"hexamod:AdvancingGuard","floor":39},{"not_picked":["hexamod:BurningTouch"],"picked":"SKIP","floor":40},{"not_picked":["hexamod:SecondSeal"],"picked":"hexamod:RecurringNightmare+1","floor":43},{"not_picked":["hexamod:AdvancingGuard+1","hexamod:SpectersWail+1"],"picked":"SKIP","floor":45},{"not_picked":["hexamod:GhostflameBarrier+1"],"picked":"hexamod:SwordOfDarkness+1","floor":49},{"not_picked":["hexamod:AdvancingGuard+1","hexamod:GhostLash"],"picked":"SKIP","floor":52},{"not_picked":["hexamod:PhantomFireball"],"picked":"hexamod:Hexaguard+1","floor":54}],"player_experience":237050,"relics_obtained":[{"floor":2,"key":"Replay:Wax Seal"},{"floor":2,"key":"Letter Opener"},{"floor":4,"key":"Nunchaku"},{"floor":4,"key":"PreservedInsect"},{"floor":8,"key":"Juzu Bracelet"},{"floor":8,"key":"Blue Doll"},{"floor":10,"key":"Replay:Bottled Flurry"},{"floor":10,"key":"Snack Pack"},{"floor":12,"key":"Ring of Peace"},{"floor":12,"key":"ReplayTheSpireMod:Ring of Challenge"},{"floor":18,"key":"Enchiridion"},{"floor":19,"key":"Durian"},{"floor":19,"key":"Old Coin"},{"floor":24,"key":"Dead Branch"},{"floor":25,"key":"Orichalcum"},{"floor":25,"key":"Dream Catcher"},{"floor":27,"key":"Centennial Puzzle"},{"floor":27,"key":"Whetstone"},{"floor":37,"key":"StoneCalendar"},{"floor":37,"key":"Onion Ring"},{"floor":39,"key":"MawBank"},{"floor":39,"key":"Bag of Preparation"},{"floor":41,"key":"Question Card"},{"floor":41,"key":"Potion Belt"},{"floor":43,"key":"Toxic Egg 2"},{"floor":43,"key":"Omamori"},{"floor":52,"key":"Lantern"},{"floor":52,"key":"Anchor"}],"event_choices":[{"cards_removed":["hexamod:UnleashSpirits"],"damage_healed":0,"gold_gain":0,"player_choice":"Card Removal","damage_taken":0,"max_hp_gain":0,"max_hp_loss":0,"event_name":"The Cleric","floor":5,"gold_loss":0},{"damage_healed":0,"gold_gain":0,"player_choice":"Stole Relic","damage_taken":0,"relics_obtained":["Gremlin Food"],"max_hp_gain":0,"max_hp_loss":0,"event_name":"Addict","floor":21,"gold_loss":0,"cards_obtained":["Shame"]}],"is_beta":false,"boss_relics":[{"not_picked":["Replay:Bronze Core","Calling Bell"],"picked":"hexamod:IceCube"},{"not_picked":["Ring of Chaos","SacredBark"],"picked":"Busted Crown"}],"items_purged_floors":[3,14,28,40,46,53],"is_endless":false,"potions_floor_spawned":[2,4,8,15,19,23,27,30,32,33,37,43,49],"ascension_level":1}}