{"host":"fcahl3eoq3wyk5ji","time":1608050059,"event":{"mods":["Alarm Clock","BaseMod","Highlight Path","Minty Spire (QoL Compilation)","Quick Restart","StSLib","The Poker Player","The Senshi","TheBandit","Thieving Mod"],"gold_per_floor":[116,116,191,202,220,220,247,247,247,10,85,102,102,115,115,214,214,224,224,244,23,35,35,48,80,80,80,97,97,107,136,136,238,238,256,256,131,144,160,160,193,210,258,258,278,278,298,309,309,309],"floor_reached":51,"playtime":2664,"items_purged":["PokerPlayerMod:Diamond1","PokerPlayerMod:Diamond2","PokerPlayerMod:Spade2"],"score":771,"play_id":"1ac82bfb-abdd-47fc-bd06-171a8653e5a8","local_time":"20201216013419","is_ascension_mode":false,"metric_token":670,"campfire_choices":[{"data":"PokerPlayerMod:Diamond3","floor":6.0,"key":"SMITH"},{"data":"PokerPlayerMod:Spade3","floor":8.0,"key":"SMITH"},{"data":"PokerPlayerMod:Club2","floor":13.0,"key":"SMITH"},{"data":"PokerPlayerMod:Club3","floor":15.0,"key":"SMITH"},{"data":"PokerPlayerMod:Club3","floor":23.0,"key":"SMITH"},{"data":"PokerPlayerMod:SecretDealer","floor":29.0,"key":"SMITH"},{"data":"PokerPlayerMod:Mulligan","floor":32.0,"key":"SMITH"},{"data":"PokerPlayerMod:ClubsClub","floor":40.0,"key":"SMITH"},{"data":"PokerPlayerMod:ClubsClub","floor":44.0,"key":"SMITH"},{"data":"PokerPlayerMod:Club8","floor":46.0,"key":"SMITH"},{"data":"PokerPlayerMod:Club3","floor":49,"key":"SMITH"}],"circlet_count":0,"master_deck":["PokerPlayerMod:Diamond4","PokerPlayerMod:Diamond4","PokerPlayerMod:Diamond5","PokerPlayerMod:Spade4","PokerPlayerMod:Spade4","PokerPlayerMod:Club1","PokerPlayerMod:Club4","PokerPlayerMod:Heart2","PokerPlayerMod:BadJoker","PokerPlayerMod:Mulligan+1","PokerPlayerMod:Club4","PokerPlayerMod:Club4","PokerPlayerMod:CloakAndDiamond","PokerPlayerMod:Spade10+","PokerPlayerMod:Club4","PokerPlayerMod:Promotion","PokerPlayerMod:Club10+","PokerPlayerMod:ClubsClub+1","PokerPlayerMod:RiskyBet","PokerPlayerMod:Heart4","PokerPlayerMod:SecretDealer+1","PokerPlayerMod:Club9","PokerPlayerMod:Spade6","PokerPlayerMod:ClubsClub+1","Purity","Apotheosis","PokerPlayerMod:ClubsClub+1","PokerPlayerMod:ClubDance+1","PokerPlayerMod:Club4"],"relics":["PokerPlayerMod:DeckCase","Pear","Letter Opener","Velvet Choker","Girya","Bag of Marbles","Meat on the Bone","Philosopher\u0027s Stone","Mango","PreservedInsect"],"acts_visited":["Exordium","TheCity","TheBeyond"],"potions_floor_usage":[50,50,50,50,50],"damage_taken":[{"damage":0.0,"enemies":"Small Slimes","floor":1.0,"turns":2.0},{"damage":0.0,"enemies":"2 Louse","floor":4.0,"turns":1.0},{"damage":0.0,"enemies":"Cultist","floor":5.0,"turns":3.0},{"damage":9.0,"enemies":"Gremlin Nob","floor":7.0,"turns":3.0},{"damage":0.0,"enemies":"3 Louse","floor":12.0,"turns":1.0},{"damage":0.0,"enemies":"2 Fungi Beasts","floor":14.0,"turns":1.0},{"damage":6.0,"enemies":"Hexaghost","floor":16.0,"turns":5.0},{"damage":0.0,"enemies":"Chosen","floor":18.0,"turns":3.0},{"damage":6.0,"enemies":"Shell Parasite","floor":20.0,"turns":3.0},{"damage":0.0,"enemies":"Centurion and Healer","floor":22.0,"turns":2.0},{"damage":0.0,"enemies":"3 Cultists","floor":24.0,"turns":2.0},{"damage":12.0,"enemies":"Book of Stabbing","floor":25.0,"turns":4.0},{"damage":0.0,"enemies":"Shelled Parasite and Fungi","floor":28.0,"turns":1.0},{"damage":0.0,"enemies":"Centurion and Healer","floor":30.0,"turns":3.0},{"damage":6.0,"enemies":"Slavers","floor":31.0,"turns":2.0},{"damage":13.0,"enemies":"Automaton","floor":33.0,"turns":5.0},{"damage":8.0,"enemies":"3 Shapes","floor":35.0,"turns":2.0},{"damage":2.0,"enemies":"3 Darklings","floor":38.0,"turns":2.0},{"damage":18.0,"enemies":"Writhing Mass","floor":39.0,"turns":3.0},{"damage":25.0,"enemies":"Reptomancer","floor":41.0,"turns":4.0},{"damage":5.0,"enemies":"Transient","floor":42.0,"turns":5.0},{"damage":9.0,"enemies":"Spire Growth","floor":45.0,"turns":2.0},{"damage":16.0,"enemies":"4 Shapes","floor":47.0,"turns":3.0},{"damage":0,"enemies":"Jaw Worm Horde","floor":48,"turns":2},{"damage":27,"enemies":"Time Eater","floor":50,"turns":5}],"seed_played":"1948473923433340554","potions_obtained":[{"floor":1.0,"key":"EntropicBrew"},{"floor":12.0,"key":"Explosive Potion"},{"floor":14.0,"key":"LiquidMemories"},{"floor":16.0,"key":"Regen Potion"},{"floor":24.0,"key":"DuplicationPotion"},{"floor":41.0,"key":"AttackPotion"}],"is_trial":false,"path_per_floor":["M","?","?","M","M","R","E","R","T","$","?","M","R","M","R","B",null,"M","?","M","$","M","R","M","E","T","?","M","R","M","E","R","B",null,"M","?","$","M","M","R","E","M","T","R","M","R","M","M","R","B",null],"character_chosen":"THE_POKER_PLAYER","items_purchased":["PokerPlayerMod:Spade10+","PokerPlayerMod:ClubsClub","PokerPlayerMod:RiskyBet"],"campfire_rested":0,"item_purchase_floors":[10,21,21],"current_hp_per_floor":[57,57,52,52,52,52,53,53,53,53,42,42,42,42,42,36,67,67,67,64,64,64,64,66,66,66,66,67,67,67,61,61,48,67,67,57,57,67,57,57,68,70,70,70,72,72,75,81,81,69],"gold":309,"neow_bonus":"TEN_PERCENT_HP_BONUS","is_daily":false,"chose_seed":false,"campfire_upgraded":11,"win_rate":0.0,"timestamp":1608050059,"path_taken":["M","?","?","M","?","R","E","R","T","$","?","M","R","M","R","BOSS","M","?","M","$","M","R","M","E","T","?","M","R","M","E","R","BOSS","M","?","$","M","M","R","E","M","T","R","M","R","M","M","R","BOSS"],"items_purchased_type":["Undefined","Card","Card"],"build_version":"2020-12-13","purchased_purges":3,"victory":true,"max_hp_per_floor":[57,57,57,57,57,57,67,67,67,67,67,67,67,67,67,67,67,67,67,67,67,67,67,67,67,67,67,67,67,67,67,67,67,67,67,67,67,67,67,67,81,81,81,81,81,81,81,81,81,81],"card_choices":[{"not_picked":["PokerPlayerMod:PoorCopy","PokerPlayerMod:Spade3","PokerPlayerMod:Fold"],"picked":"SKIP","floor":1.0},{"not_picked":["PokerPlayerMod:Harden","PokerPlayerMod:MagicTrick"],"picked":"PokerPlayerMod:Club4","floor":4.0},{"not_picked":["PokerPlayerMod:Spade2","PokerPlayerMod:PoorCopy"],"picked":"PokerPlayerMod:Club4","floor":5.0},{"not_picked":["PokerPlayerMod:Heart2","PokerPlayerMod:TheDieIsCast"],"picked":"PokerPlayerMod:CloakAndDiamond","floor":7.0},{"not_picked":["PokerPlayerMod:Diamond3","PokerPlayerMod:CardBurn","PokerPlayerMod:Fold"],"picked":"SKIP","floor":12.0},{"not_picked":["PokerPlayerMod:Diamond1","PokerPlayerMod:Club6"],"picked":"PokerPlayerMod:Club3","floor":14.0},{"not_picked":["PokerPlayerMod:Diamond10+","PokerPlayerMod:GamblerForm"],"picked":"PokerPlayerMod:Promotion","floor":16.0},{"not_picked":["PokerPlayerMod:Diamond5","PokerPlayerMod:Spade3"],"picked":"PokerPlayerMod:Diamond3","floor":18.0},{"not_picked":["PokerPlayerMod:MagicTrick","PokerPlayerMod:Configure","PokerPlayerMod:HotShotCut"],"picked":"SKIP","floor":20.0},{"not_picked":["PokerPlayerMod:MagicTrick","PokerPlayerMod:Configure","PokerPlayerMod:HotShotCut"],"picked":"SKIP","floor":20.0},{"not_picked":["PokerPlayerMod:MagicTrick","PokerPlayerMod:Configure","PokerPlayerMod:HotShotCut"],"picked":"SKIP","floor":20.0},{"not_picked":["PokerPlayerMod:Club5","PokerPlayerMod:DartThrow"],"picked":"PokerPlayerMod:Heart4","floor":22.0},{"not_picked":["PokerPlayerMod:SecondChance","PokerPlayerMod:Heart5","PokerPlayerMod:Spade1"],"picked":"SKIP","floor":24.0},{"not_picked":["PokerPlayerMod:PoorCopy","PokerPlayerMod:CardBurn+1"],"picked":"PokerPlayerMod:SecretDealer","floor":25.0},{"not_picked":["PokerPlayerMod:MagicTrick","PokerPlayerMod:Diamond1","PokerPlayerMod:Spade2"],"picked":"SKIP","floor":28.0},{"not_picked":["PokerPlayerMod:Spade1","PokerPlayerMod:Diamond1","PokerPlayerMod:JackOfSpades+1"],"picked":"SKIP","floor":30.0},{"not_picked":["PokerPlayerMod:Spade3","PokerPlayerMod:CardBurn","PokerPlayerMod:HeartStrike+1"],"picked":"SKIP","floor":31.0},{"not_picked":["PokerPlayerMod:Diamond3","PokerPlayerMod:SpadeStrike+1"],"picked":"PokerPlayerMod:ClubsClub+1","floor":35.0},{"not_picked":["Chrysalis","Swift Strike"],"picked":"Purity","floor":36.0},{"not_picked":["The Bomb","Dramatic Entrance"],"picked":"Apotheosis","floor":36.0},{"not_picked":["PokerPlayerMod:Diamond3","PokerPlayerMod:Sharpen"],"picked":"PokerPlayerMod:ClubsClub","floor":38.0},{"not_picked":["PokerPlayerMod:Fold+1","PokerPlayerMod:Spade3","PokerPlayerMod:SpadeStrike+1"],"picked":"SKIP","floor":39.0},{"not_picked":["PokerPlayerMod:Heart4","PokerPlayerMod:Spade1","PokerPlayerMod:CardPrinter+1"],"picked":"SKIP","floor":41.0},{"not_picked":["PokerPlayerMod:ChangeRules","PokerPlayerMod:Diamond2"],"picked":"PokerPlayerMod:ClubDance+1","floor":42.0},{"not_picked":["PokerPlayerMod:Spade5","PokerPlayerMod:Diamond2","PokerPlayerMod:ClubStrike"],"picked":"SKIP","floor":45.0},{"not_picked":["PokerPlayerMod:Diamond3","PokerPlayerMod:HotShotCut+1"],"picked":"PokerPlayerMod:Club3","floor":47.0},{"not_picked":["PokerPlayerMod:Configure+1","PokerPlayerMod:Spade2","PokerPlayerMod:MagicTrick"],"picked":"SKIP","floor":48}],"player_experience":17577,"relics_obtained":[{"floor":7.0,"key":"Pear"},{"floor":9.0,"key":"Letter Opener"},{"floor":25.0,"key":"Girya"},{"floor":26.0,"key":"Bag of Marbles"},{"floor":31.0,"key":"Meat on the Bone"},{"floor":41.0,"key":"Mango"},{"floor":43.0,"key":"PreservedInsect"}],"event_choices":[{"cards_removed":["PokerPlayerMod:Spade1"],"damage_healed":0.0,"max_hp_gain":0.0,"max_hp_loss":0.0,"gold_gain":0.0,"event_name":"Living Wall","player_choice":"Forget","floor":2.0,"gold_loss":0.0,"damage_taken":0.0},{"damage_healed":0.0,"max_hp_gain":0.0,"max_hp_loss":0.0,"gold_gain":75.0,"event_name":"FaceTrader","player_choice":"Touch","floor":3.0,"gold_loss":0.0,"damage_taken":5.0},{"damage_healed":0.0,"max_hp_gain":0.0,"max_hp_loss":0.0,"gold_gain":75.0,"event_name":"World of Goop","player_choice":"Gather Gold","floor":11.0,"gold_loss":0.0,"damage_taken":11.0},{"damage_healed":0.0,"max_hp_gain":0.0,"max_hp_loss":0.0,"gold_gain":0.0,"event_name":"The Library","player_choice":"Read","floor":19.0,"gold_loss":0.0,"damage_taken":0.0,"cards_obtained":["PokerPlayerMod:Club10"]},{"damage_healed":0.0,"max_hp_gain":0.0,"max_hp_loss":0.0,"gold_gain":0.0,"cards_transformed":["PokerPlayerMod:TrumpStrike","PokerPlayerMod:Diamond3"],"event_name":"Drug Dealer","player_choice":"Became Test Subject","floor":27.0,"gold_loss":0.0,"damage_taken":0.0,"cards_obtained":["PokerPlayerMod:Club8","PokerPlayerMod:Spade6"]},{"damage_healed":0.0,"max_hp_gain":0.0,"max_hp_loss":0.0,"gold_gain":0.0,"event_name":"SensoryStone","player_choice":"Memory 3","floor":36.0,"gold_loss":0.0,"damage_taken":10.0}],"is_beta":false,"boss_relics":[{"not_picked":["Coffee Dripper","Tiny House"],"picked":"Velvet Choker"},{"not_picked":["SacredBark","Fusion Hammer"],"picked":"Philosopher\u0027s Stone"}],"items_purged_floors":[10,21,37],"is_endless":false,"potions_floor_spawned":[1,12,14,16,24,25,28,30,33,35,39,41,48],"ascension_level":0}}