{"host":"8aazbu429xvxw5ti","time":1608037964,"event":{"mods":["2.2 Compatiblity","BaseMod","Colored Map","DeckTracker","Highlight Path","Keyboard Shortcuts","Minty Spire (QoL Compilation)","Permanent Neow","Quick Restart","StSLib","SuperFastMode","everything is the same but u backflip on backflip"],"gold_per_floor":[368,379,392,19,33,33,79,91,91,107,127,139,47,47,47,148,148,162,162,172,138,156,156,5,17,17,42,42,69,45,45,45],"floor_reached":31,"playtime":1509,"items_purged":["Regret"],"score":383,"play_id":"5bdb6396-db84-42ab-8aec-4ca9c0155a3d","local_time":"20201215221244","is_ascension_mode":true,"campfire_choices":[{"data":"Seeing Red","floor":6.0,"key":"SMITH"},{"data":"Bash","floor":15.0,"key":"SMITH"},{"data":"Evolve","floor":23,"key":"SMITH"}],"circlet_count":0,"master_deck":["Strike_R","Strike_R","Strike_R","Strike_R","Defend_R","Defend_R","Defend_R","Bash+1","Battle Trance","Seeing Red+1","Thunderclap","Evolve+1","Dropkick","Purity","Armaments+1","Burning Pact","Battle Trance","Power Through","Dropkick","Necronomicurse","True Grit"],"relics":["Burning Blood","Happy Flower","Pen Nib","Boot","Kunai","Coffee Dripper","Bag of Marbles","TungstenRod","Self Forming Clay","Necronomicon","Bronze Scales"],"acts_visited":["Exordium","TheCity"],"potions_floor_usage":[18,22,22,27],"damage_taken":[{"damage":10.0,"enemies":"Cultist","floor":1.0,"turns":4.0},{"damage":1.0,"enemies":"2 Louse","floor":2.0,"turns":2.0},{"damage":17.0,"enemies":"Jaw Worm","floor":3.0,"turns":3.0},{"damage":6.0,"enemies":"2 Fungi Beasts","floor":5.0,"turns":4.0},{"damage":0.0,"enemies":"Lagavulin","floor":7.0,"turns":3.0},{"damage":11.0,"enemies":"Blue Slaver","floor":8.0,"turns":3.0},{"damage":8.0,"enemies":"Red Slaver","floor":10.0,"turns":3.0},{"damage":5.0,"enemies":"3 Louse","floor":11.0,"turns":4.0},{"damage":8.0,"enemies":"Blue Slaver","floor":12.0,"turns":3.0},{"damage":51.0,"enemies":"Hexaghost","floor":16.0,"turns":10.0},{"damage":7,"enemies":"Spheric Guardian","floor":18,"turns":5},{"damage":14,"enemies":"Shell Parasite","floor":20,"turns":4},{"damage":6,"enemies":"Chosen and Byrds","floor":22,"turns":5},{"damage":8,"enemies":"3 Cultists","floor":25,"turns":6},{"damage":40,"enemies":"Slavers","floor":27,"turns":7},{"damage":0,"enemies":"Sentry and Sphere","floor":31,"turns":2}],"seed_played":"3782165049532204595","potions_obtained":[{"floor":2.0,"key":"ColorlessPotion"},{"floor":5.0,"key":"SkillPotion"},{"floor":10.0,"key":"Energy Potion"},{"floor":12.0,"key":"SpeedPotion"},{"floor":16.0,"key":"FearPotion"},{"floor":18,"key":"Weak Potion"},{"floor":25,"key":"Energy Potion"}],"is_trial":false,"path_per_floor":["M","M","M","$","M","R","E","M","T","M","M","M","$","?","R","B",null,"M","?","M","$","M","R","$","M","T","E","?","T","$","M"],"character_chosen":"IRONCLAD","items_purchased":["Happy Flower","Pen Nib","Purity","Burning Pact","Bag of Marbles","True Grit"],"campfire_rested":0,"item_purchase_floors":[4,4,13,21,24,30],"current_hp_per_floor":[68,73,62,62,62,62,68,63,63,61,62,60,60,53,53,8,62,61,61,53,53,53,53,53,51,51,17,5,5,5,5,5],"gold":45,"neow_bonus":"TWO_FIFTY_GOLD","is_daily":false,"chose_seed":false,"campfire_upgraded":3,"win_rate":0.0,"timestamp":1608037964,"path_taken":["M","?","M","$","M","R","E","M","T","M","M","M","$","?","R","BOSS","M","?","M","$","M","R","$","M","T","E","?","?","?","?"],"items_purchased_type":["Relic","Relic","Card","Card","Relic","Card"],"build_version":"2020-12-13","purchased_purges":1,"victory":false,"max_hp_per_floor":[80,80,80,80,80,80,80,80,80,80,80,80,80,80,80,80,80,80,80,80,80,80,80,80,80,80,80,80,80,80,80,80],"card_choices":[{"not_picked":["Hemokinesis","Heavy Blade"],"picked":"Battle Trance","floor":1.0},{"not_picked":["Combust","Cleave"],"picked":"Seeing Red","floor":2.0},{"not_picked":["Rampage","Clothesline"],"picked":"Thunderclap","floor":3.0},{"not_picked":["Dark Embrace","Twin Strike","Perfected Strike"],"picked":"SKIP","floor":5.0},{"not_picked":["Armaments","Havoc","Anger"],"picked":"SKIP","floor":7.0},{"not_picked":["Body Slam","Sentinel","Rupture"],"picked":"SKIP","floor":8.0},{"not_picked":["Perfected Strike","Sentinel"],"picked":"Evolve","floor":10.0},{"not_picked":["Battle Trance","Flame Barrier"],"picked":"Dropkick","floor":11.0},{"not_picked":["Evolve","Spot Weakness","Body Slam"],"picked":"SKIP","floor":12.0},{"not_picked":["Body Slam","Cleave"],"picked":"Armaments+1","floor":18},{"not_picked":["Clash+1","Intimidate","Anger"],"picked":"SKIP","floor":20},{"not_picked":["Clothesline","Second Wind"],"picked":"Battle Trance","floor":22},{"not_picked":["Pommel Strike","Wild Strike"],"picked":"Power Through","floor":25},{"not_picked":["Clash","Heavy Blade"],"picked":"Dropkick","floor":27}],"player_experience":413983,"relics_obtained":[{"floor":7.0,"key":"Boot"},{"floor":9.0,"key":"Kunai"},{"floor":26,"key":"TungstenRod"},{"floor":27,"key":"Self Forming Clay"},{"floor":28,"key":"Necronomicon"},{"floor":29,"key":"Bronze Scales"}],"event_choices":[{"cards_removed":["Strike_R"],"damage_healed":0.0,"max_hp_gain":0.0,"max_hp_loss":0.0,"gold_gain":0.0,"event_name":"Golden Wing","player_choice":"Card Removal","floor":14.0,"gold_loss":0.0,"damage_taken":7.0},{"cards_removed":["Defend_R"],"damage_healed":0,"gold_gain":0,"player_choice":"Elegance","damage_taken":0,"max_hp_gain":0,"max_hp_loss":0,"event_name":"Back to Basics","floor":19,"gold_loss":0},{"damage_healed":0,"gold_gain":0,"player_choice":"Obtained Book","damage_taken":16,"max_hp_gain":0,"max_hp_loss":0,"event_name":"Cursed Tome","floor":28,"gold_loss":0}],"is_beta":false,"boss_relics":[{"not_picked":["Runic Pyramid","Runic Cube"],"picked":"Coffee Dripper"}],"items_purged_floors":[4],"is_endless":false,"potions_floor_spawned":[2,5,10,12,16,18,25],"killed_by":"Sentry and Sphere","ascension_level":7}}