{"host":"5uvzo7moqy5vd63g","time":1608050997,"event":{"mods":["Aspiration","BaseMod","Conspire","Dio Mod","Downfall","Hermit","Hubris","Jedi Mod","Jorbs\u0027s Wanderer Trilogy","Mimic Mod","Minty Spire (QoL Compilation)","Replay The Spire","StSLib","The Animator","Wandering Minibosses"],"gold_per_floor":[128,128,173,244,9,9,68,68,95,95,124,199,199,199,199,294,294,294,294],"floor_reached":18,"playtime":1702,"items_purged":["animator:Strike"],"score":208,"play_id":"625aa886-7a4c-4b0c-a6a3-e477da73855c","local_time":"20201215114957","is_ascension_mode":true,"campfire_choices":[{"data":"animator:SuzuneAmano","floor":6,"key":"SMITH"},{"floor":8,"key":"REST"},{"data":"animator:RoyMustang","floor":10,"key":"SMITH"}],"circlet_count":0,"master_deck":["animator:Strike_MadokaMagica","animator:Defend_MadokaMagica","animator:Strike","animator:Defend","animator:Defend","animator:Defend","animator:IrohaTamaki","animator:YuiTsuruno","animator:YachiyoNanami","animator:IrohaTamaki","animator:Spearman","animator:SuzuneAmano+1","animator:NarberalGamma","animator:RoyMustang+1","animator:Gluttony","animator:HomuraAkemi","animator:Kyubey"],"relics":["animator:LivingPicture","animator:TheMissingPiece","animator:PurgingStone","ReplayTheSpireMod:Ring of Challenge","ReplayTheSpireMod:Ring of Collecting","Replay:Towering Pillar of Hats","Ring of Searing","Vajra","animator:CursedBlade"],"acts_visited":["Exordium","TheCity"],"potions_floor_usage":[4,7],"damage_taken":[{"damage":7,"enemies":"Small Slimes","floor":1,"turns":3},{"damage":3,"enemies":"2 Louse","floor":3,"turns":5},{"damage":9,"enemies":"Cultist","floor":4,"turns":5},{"damage":35,"enemies":"Gremlin Nob","floor":7,"turns":5},{"damage":15,"enemies":"3 Sentries","floor":11,"turns":4},{"damage":6,"enemies":"The Guardian","floor":16,"turns":6},{"damage":175,"enemies":"3 Byrds","floor":18,"turns":4}],"seed_played":"1654876136271028224","potions_obtained":[{"floor":3,"key":"Languid Potion"},{"floor":4,"key":"Adrenaline Potion"},{"floor":16,"key":"DuplicationPotion"}],"is_trial":false,"path_per_floor":["M","?","M","M","$","R","E","R","T","R","E","?","?","?","R","B",null,"M"],"character_chosen":"THE_ANIMATOR","items_purchased":["animator:SuzuneAmano","animator:NarberalGamma"],"campfire_rested":1,"item_purchase_floors":[5,5],"current_hp_per_floor":[65,65,62,53,53,53,18,39,39,39,24,13,1,25,25,24,61,0,0],"gold":294,"neow_bonus":"TEN_PERCENT_HP_BONUS","is_daily":false,"chose_seed":false,"campfire_upgraded":2,"win_rate":0.0,"timestamp":1608050997,"path_taken":["M","?","M","M","$","R","E","R","T","R","E","?","?","?","R","BOSS","M"],"items_purchased_type":["Card","Card"],"build_version":"2020-12-13","purchased_purges":1,"victory":false,"max_hp_per_floor":[72,72,72,72,72,72,72,72,72,72,72,72,72,72,72,73,73,73,73],"card_choices":[{"not_picked":["animator:Shinoa","animator:Mitsuba"],"picked":"animator:YachiyoNanami","floor":1},{"not_picked":["animator:GuildGirl","animator:Spearman"],"picked":"animator:IrohaTamaki","floor":3},{"not_picked":["animator:Shigure","animator:MaesHughes"],"picked":"animator:Spearman","floor":4},{"not_picked":["animator:MaesHughes","animator:WinryRockbell"],"picked":"animator:RoyMustang","floor":7},{"not_picked":["animator:Yoichi","animator:Spearman"],"picked":"animator:Gluttony","floor":11},{"not_picked":["animator:Gilgamesh","animator:Envy"],"picked":"animator:Kyubey","floor":16}],"player_experience":1320427,"relics_obtained":[{"floor":2,"key":"ReplayTheSpireMod:Ring of Challenge"},{"floor":2,"key":"ReplayTheSpireMod:Ring of Collecting"},{"floor":7,"key":"Replay:Towering Pillar of Hats"},{"floor":9,"key":"Ring of Searing"},{"floor":11,"key":"Vajra"}],"event_choices":[{"damage_healed":0,"gold_gain":75,"player_choice":"Gather Gold","damage_taken":11,"max_hp_gain":0,"max_hp_loss":0,"event_name":"World of Goop","floor":12,"gold_loss":0},{"damage_healed":0,"gold_gain":0,"player_choice":"Fled","damage_taken":12,"max_hp_gain":0,"max_hp_loss":0,"event_name":"Scrap Ooze","floor":13,"gold_loss":0},{"damage_healed":24,"gold_gain":0,"player_choice":"Banana","damage_taken":0,"max_hp_gain":0,"max_hp_loss":0,"event_name":"Big Fish","floor":14,"gold_loss":0}],"is_beta":false,"boss_relics":[{"not_picked":["hubris:BlackHole","hubris:Backtick"],"picked":"animator:CursedBlade"}],"items_purged_floors":[5],"is_endless":false,"potions_floor_spawned":[3,4,16],"killed_by":"3 Byrds","ascension_level":5}}