{"host":"BK","time":1608005225,"event":{"mods":["BaseMod","Highlight Path","Minty Spire (QoL Compilation)","StSLib"],"gold_per_floor":[109,129,147,147,147,147,178,49,49,49,64,64,82,82,82,159,209,220,238,238,238,238,238],"floor_reached":22,"playtime":864,"items_purged":["Strike_P"],"score":368,"play_id":"23e635a5-d6a7-4978-bd55-89dc8eb41a33","local_time":"20201214210705","is_ascension_mode":true,"campfire_choices":[{"floor":6,"key":"REST"},{"floor":10,"key":"REST"},{"floor":15,"key":"REST"}],"circlet_count":0,"master_deck":["AscendersBane","Strike_P","Strike_P+1","Strike_P","Defend_P","Defend_P","Defend_P","Defend_P","Eruption","Vigilance+1","EmptyFist","WaveOfTheHand","Meditate","FlurryOfBlows","Tantrum","LessonLearned+1","ForeignInfluence","SpiritShield+1","Worship","CrushJoints+1","FlurryOfBlows","Ghostly","Ghostly","Ghostly","Wallop"],"relics":["Fusion Hammer","GoldenEye","Torii","Dream Catcher","Tiny House"],"acts_visited":["Exordium","TheCity"],"potions_floor_usage":[18,18],"damage_taken":[{"damage":0,"enemies":"Jaw Worm","floor":1,"turns":3},{"damage":8,"enemies":"2 Louse","floor":2,"turns":2},{"damage":2,"enemies":"Small Slimes","floor":3,"turns":5},{"damage":33,"enemies":"3 Sentries","floor":7,"turns":13},{"damage":0,"enemies":"2 Fungi Beasts","floor":11,"turns":3},{"damage":8,"enemies":"Exordium Wildlife","floor":13,"turns":4},{"damage":10,"enemies":"The Guardian","floor":16,"turns":14},{"damage":34,"enemies":"Chosen","floor":18,"turns":6},{"damage":26,"enemies":"2 Thieves","floor":19,"turns":4},{"damage":25,"enemies":"Chosen and Byrds","floor":22,"turns":6}],"seed_played":"-3257650298443394911","potions_obtained":[{"floor":2,"key":"SpeedPotion"},{"floor":11,"key":"ColorlessPotion"},{"floor":18,"key":"SteroidPotion"}],"is_trial":false,"path_per_floor":["M","M","M","?","?","R","E","$","T","R","M","?","M","?","R","B",null,"M","M","?","?","M"],"character_chosen":"WATCHER","items_purchased":["FlurryOfBlows"],"campfire_rested":3,"item_purchase_floors":[8],"current_hp_per_floor":[61,53,51,51,31,51,18,18,18,38,38,60,52,34,54,44,67,33,7,7,7,0,0],"gold":238,"neow_bonus":"BOSS_RELIC","is_daily":false,"chose_seed":false,"campfire_upgraded":0,"win_rate":0.0,"timestamp":1608005225,"path_taken":["M","M","M","?","?","R","E","$","T","R","M","?","M","?","R","BOSS","M","M","?","?","M"],"items_purchased_type":["Card"],"build_version":"2020-12-07","purchased_purges":1,"victory":false,"max_hp_per_floor":[68,68,68,68,68,68,68,68,68,68,68,68,68,68,68,68,73,73,73,36,36,36,36],"card_choices":[{"not_picked":["WindmillStrike","ClearTheMind"],"picked":"EmptyFist","floor":1},{"not_picked":["Collect","Crescendo","Prostrate"],"picked":"SKIP","floor":2},{"not_picked":["Evaluate","EmptyFist"],"picked":"WaveOfTheHand","floor":3},{"not_picked":["Crescendo","ThirdEye"],"picked":"Meditate","floor":7},{"not_picked":["FlurryOfBlows","ClearTheMind"],"picked":"Tantrum","floor":11},{"not_picked":["PathToVictory","Conclude"],"picked":"LessonLearned","floor":13},{"not_picked":["EmptyBody","WreathOfFlame"],"picked":"ForeignInfluence","floor":15},{"not_picked":["Blasphemy","LessonLearned"],"picked":"SpiritShield","floor":16},{"not_picked":["Study","WreathOfFlame"],"picked":"Worship","floor":17},{"not_picked":["JustLucky","Conclude"],"picked":"CrushJoints+1","floor":18},{"not_picked":["Indignation+1","WindmillStrike"],"picked":"FlurryOfBlows","floor":19}],"player_experience":2364317,"relics_obtained":[{"floor":7,"key":"GoldenEye"},{"floor":9,"key":"Torii"}],"event_choices":[{"damage_healed":0,"gold_gain":0,"player_choice":"Ignored","damage_taken":0,"max_hp_gain":0,"max_hp_loss":0,"event_name":"Liars Game","floor":4,"gold_loss":0},{"damage_healed":0,"gold_gain":0,"player_choice":"Entered Light","damage_taken":20,"max_hp_gain":0,"max_hp_loss":0,"event_name":"Shining Light","floor":5,"gold_loss":0,"cards_upgraded":["Strike_P","Vigilance"]},{"damage_healed":22,"gold_gain":0,"player_choice":"Banana","damage_taken":0,"max_hp_gain":0,"max_hp_loss":0,"event_name":"Big Fish","floor":12,"gold_loss":0},{"damage_healed":0,"gold_gain":0,"player_choice":"Success","damage_taken":18,"relics_obtained":["Dream Catcher"],"max_hp_gain":0,"max_hp_loss":0,"event_name":"Scrap Ooze","floor":14,"gold_loss":0},{"damage_healed":0,"gold_gain":0,"player_choice":"Became a Ghost","damage_taken":0,"max_hp_gain":0,"max_hp_loss":37,"event_name":"Ghosts","floor":20,"gold_loss":0,"cards_obtained":["Ghostly","Ghostly","Ghostly"]},{"damage_healed":0,"gold_gain":0,"player_choice":"Read","damage_taken":0,"max_hp_gain":0,"max_hp_loss":0,"event_name":"The Library","floor":21,"gold_loss":0,"cards_obtained":["Wallop"]}],"is_beta":true,"boss_relics":[{"not_picked":["Sozu","Empty Cage"],"picked":"Tiny House"}],"items_purged_floors":[8],"is_endless":false,"potions_floor_spawned":[2,11,13,18],"killed_by":"Chosen and Byrds","ascension_level":20}}