{"host":"684z1xpuwaoqmmh1","time":1608038964,"event":{"mods":["Bard","BaseMod","Downfall","Hermit","Jorbs\u0027s Wanderer Trilogy","Marisa????????","Minty Spire (QoL Compilation)","StSLib","The Hierophant","The Mystic","The Runesmith"],"gold_per_floor":[364,383,395,429,439,439,439,439],"floor_reached":7,"playtime":405,"items_purged":[],"score":81,"play_id":"68ff84ef-5a2d-490e-88ed-62da442c02b9","local_time":"20201215152924","is_ascension_mode":true,"campfire_choices":[{"data":"stsjorbsmod:Prestidigitation","floor":6,"key":"SMITH"}],"circlet_count":0,"master_deck":["AscendersBane","stsjorbsmod:ForbiddenGrimoire+1","stsjorbsmod:Strike_Wanderer","stsjorbsmod:Strike_Wanderer","stsjorbsmod:Strike_Wanderer","stsjorbsmod:Strike_Wanderer","stsjorbsmod:Defend_Wanderer","stsjorbsmod:Defend_Wanderer","stsjorbsmod:Defend_Wanderer","stsjorbsmod:Defend_Wanderer","stsjorbsmod:FreshAdventure","stsjorbsmod:EyeOfTheStorm","stsjorbsmod:Mending","stsjorbsmod:ParryingBlow","stsjorbsmod:BookOfTongues","stsjorbsmod:Prestidigitation+1","stsjorbsmod:Message"],"relics":["stsjorbsmod:GrimoireRelic"],"acts_visited":["Exordium"],"potions_floor_usage":[4],"damage_taken":[{"damage":4.0,"enemies":"Cultist","floor":1.0,"turns":4.0},{"damage":4.0,"enemies":"Small Slimes","floor":2.0,"turns":3.0},{"damage":0.0,"enemies":"Jaw Worm","floor":3.0,"turns":4.0},{"damage":8,"enemies":"3 Louse","floor":4,"turns":5},{"damage":9,"enemies":"Exordium Wildlife","floor":5,"turns":4},{"damage":37,"enemies":"Gremlin Nob","floor":7,"turns":4}],"seed_played":"-8364088675961934909","potions_obtained":[{"floor":2.0,"key":"Dexterity Potion"},{"floor":3.0,"key":"Dexterity Potion"},{"floor":5,"key":"Explosive Potion"}],"is_trial":false,"path_per_floor":["M","M","M","M","M","R","E"],"character_chosen":"WANDERER","items_purchased":[],"campfire_rested":0,"item_purchase_floors":[],"current_hp_per_floor":[42,40,44,38,31,31,0,0],"gold":439,"neow_bonus":"TWO_FIFTY_GOLD","is_daily":false,"chose_seed":false,"campfire_upgraded":1,"win_rate":0.0,"timestamp":1608038964,"path_taken":["M","?","?","?","M","R","E"],"items_purchased_type":[],"build_version":"2020-12-13","purchased_purges":0,"victory":false,"max_hp_per_floor":[64,64,64,64,64,64,64,64],"card_choices":[{"not_picked":["stsjorbsmod:Prepare","stsjorbsmod:Thorns"],"picked":"stsjorbsmod:Mending","floor":1.0},{"not_picked":["stsjorbsmod:AnimateObjects","stsjorbsmod:Patron"],"picked":"stsjorbsmod:ParryingBlow","floor":2.0},{"not_picked":["stsjorbsmod:ColorSpray","stsjorbsmod:TrueStrike"],"picked":"stsjorbsmod:BookOfTongues","floor":3.0},{"not_picked":["stsjorbsmod:Message","stsjorbsmod:Thorns"],"picked":"stsjorbsmod:Prestidigitation","floor":4},{"not_picked":["stsjorbsmod:WanderingMind","stsjorbsmod:WeightOfMemory"],"picked":"stsjorbsmod:Message","floor":5}],"player_experience":2309668,"relics_obtained":[],"event_choices":[],"is_beta":false,"boss_relics":[],"items_purged_floors":[],"is_endless":false,"potions_floor_spawned":[2,3,5],"killed_by":"Gremlin Nob","ascension_level":16}}