{"host":"egyxg9lnjq7g2hmw","time":1608006201,"event":{"mods":["AchievementEnabler","BaseMod","Block Reminder","Colored Map","Colored Powertips","Highlight Path","Minty Spire (QoL Compilation)","Rare Cards Sparkle","StSLib"],"gold_per_floor":[109,127,127,127,142,170,187,187,211,240,22,22,22,39,39,115,115,135,410,428,103,103,103,132,132,132,166,177,177,195,223,223,223,223],"floor_reached":33,"playtime":1693,"items_purged":["Regret","Regret"],"score":592,"play_id":"c3d995d8-43a9-4920-95e5-975b372012bc","local_time":"20201214202321","is_ascension_mode":true,"campfire_choices":[{"data":"Tactician","floor":8.0,"key":"SMITH"},{"floor":12.0,"key":"REST"},{"floor":15.0,"key":"REST"},{"data":"Acrobatics","floor":23.0,"key":"SMITH"},{"data":"Outmaneuver","floor":25.0,"key":"SMITH"},{"data":"Calculated Gamble","floor":29.0,"key":"SMITH"},{"data":"Eviscerate","floor":32,"key":"SMITH"}],"circlet_count":0,"master_deck":["AscendersBane","Strike_G","Strike_G+1","Strike_G","Strike_G+1","Strike_G","Defend_G","Defend_G","Defend_G","Defend_G","Defend_G","Survivor","Neutralize","Tactician+1","Prepared","Crippling Poison","Underhanded Strike","Calculated Gamble+1","Backstab","Acrobatics+1","Backflip","Corpse Explosion","Outmaneuver+1","Leg Sweep","Regret","Die Die Die","Eviscerate+1","Underhanded Strike","Malaise"],"relics":["Ring of the Snake","Happy Flower","Vajra","Bottled Lightning","PreservedInsect","Dream Catcher","Medical Kit","Cursed Key","Orichalcum","Meat on the Bone","Omamori","MealTicket","Darkstone Periapt","FossilizedHelix"],"acts_visited":["Exordium","TheCity"],"potions_floor_usage":[30,31],"damage_taken":[{"damage":0.0,"enemies":"Jaw Worm","floor":1.0,"turns":6.0},{"damage":2.0,"enemies":"Small Slimes","floor":2.0,"turns":4.0},{"damage":8.0,"enemies":"Cultist","floor":5.0,"turns":6.0},{"damage":14.0,"enemies":"3 Sentries","floor":6.0,"turns":10.0},{"damage":11.0,"enemies":"Exordium Wildlife","floor":7.0,"turns":4.0},{"damage":18.0,"enemies":"Lagavulin","floor":10.0,"turns":7.0},{"damage":0.0,"enemies":"2 Fungi Beasts","floor":14.0,"turns":2.0},{"damage":31.0,"enemies":"Hexaghost","floor":16.0,"turns":15.0},{"damage":11.0,"enemies":"2 Thieves","floor":18.0,"turns":2.0},{"damage":0.0,"enemies":"3 Byrds","floor":20.0,"turns":2.0},{"damage":0.0,"enemies":"Slavers","floor":24.0,"turns":1.0},{"damage":1.0,"enemies":"Gremlin Leader","floor":27.0,"turns":6.0},{"damage":4.0,"enemies":"Centurion and Healer","floor":28.0,"turns":2.0},{"damage":20,"enemies":"Chosen and Byrds","floor":30,"turns":5},{"damage":19,"enemies":"Book of Stabbing","floor":31,"turns":5},{"damage":35,"enemies":"Collector","floor":33,"turns":7}],"seed_played":"-1007086608398692569","potions_obtained":[{"floor":5.0,"key":"Fire Potion"},{"floor":6.0,"key":"ColorlessPotion"},{"floor":16.0,"key":"Energy Potion"},{"floor":20.0,"key":"Explosive Potion"},{"floor":27.0,"key":"BlessingOfTheForge"},{"floor":28.0,"key":"SkillPotion"}],"is_trial":false,"path_per_floor":["M","M","?","?","M","E","M","R","T","E","$","R","?","M","R","B",null,"M","?","M","$","T","R","E","R","T","E","M","R","M","E","R","B"],"character_chosen":"THE_SILENT","items_purchased":["Medical Kit","Orichalcum","Leg Sweep"],"campfire_rested":2,"item_purchase_floors":[11,21,21],"current_hp_per_floor":[65,63,63,63,55,41,30,30,30,12,12,33,11,11,32,1,54,43,43,43,43,43,43,43,43,43,42,38,38,30,23,23,0,0],"gold":223,"neow_bonus":"TEN_PERCENT_HP_BONUS","is_daily":false,"chose_seed":false,"campfire_upgraded":5,"win_rate":0.0,"timestamp":1608006201,"path_taken":["M","M","?","?","?","E","M","R","T","E","$","R","?","M","R","BOSS","M","?","?","?","?","R","E","R","T","E","?","R","M","E","R","BOSS"],"items_purchased_type":["Relic","Relic","Card"],"build_version":"2020-12-13","purchased_purges":2,"victory":false,"max_hp_per_floor":[72,72,72,72,72,72,72,72,72,72,72,72,72,72,72,72,72,72,72,72,72,72,72,72,72,72,72,72,72,72,72,72,72,72],"card_choices":[{"not_picked":["Outmaneuver","Slice"],"picked":"Tactician","floor":1.0},{"not_picked":["PiercingWail","Outmaneuver"],"picked":"Prepared","floor":2.0},{"not_picked":["Dodge and Roll","Slice"],"picked":"Crippling Poison","floor":5.0},{"not_picked":["Dash","Bane"],"picked":"Underhanded Strike","floor":6.0},{"not_picked":["Terror","Flying Knee"],"picked":"Calculated Gamble","floor":7.0},{"not_picked":["PiercingWail","Dagger Throw"],"picked":"Backstab","floor":10.0},{"not_picked":["After Image","Sucker Punch"],"picked":"Acrobatics","floor":12.0},{"not_picked":["Deflect","Acrobatics","Prepared"],"picked":"SKIP","floor":14.0},{"not_picked":["Dagger Spray","Cloak And Dagger"],"picked":"Backflip","floor":15.0},{"not_picked":["Storm of Steel","Venomology"],"picked":"Corpse Explosion","floor":16.0},{"not_picked":["Terror","Blade Dance"],"picked":"Outmaneuver","floor":18.0},{"not_picked":["Blur","Cloak And Dagger","Slice+1"],"picked":"SKIP","floor":20.0},{"not_picked":["Acrobatics","Cloak And Dagger+1","Slice"],"picked":"SKIP","floor":24.0},{"not_picked":["Deadly Poison","Slice"],"picked":"Die Die Die","floor":27.0},{"not_picked":["Terror","Slice"],"picked":"Eviscerate","floor":28.0},{"not_picked":["Prepared","After Image"],"picked":"Underhanded Strike","floor":30},{"not_picked":["Sucker Punch","PiercingWail"],"picked":"Malaise","floor":31}],"player_experience":456674,"relics_obtained":[{"floor":4.0,"key":"Vajra"},{"floor":6.0,"key":"Bottled Lightning"},{"floor":9.0,"key":"PreservedInsect"},{"floor":10.0,"key":"Dream Catcher"},{"floor":22.0,"key":"Meat on the Bone"},{"floor":24.0,"key":"Omamori"},{"floor":26.0,"key":"MealTicket"},{"floor":27.0,"key":"Darkstone Periapt"},{"floor":31,"key":"FossilizedHelix"}],"event_choices":[{"damage_healed":0.0,"max_hp_gain":0.0,"max_hp_loss":0.0,"gold_gain":0.0,"event_name":"Big Fish","player_choice":"Box","floor":3.0,"gold_loss":0.0,"damage_taken":0.0,"relics_obtained":["Happy Flower"],"cards_obtained":["Regret"]},{"damage_healed":0.0,"max_hp_gain":0.0,"max_hp_loss":0.0,"gold_gain":0.0,"event_name":"Wheel of Change","player_choice":"Relic","floor":4.0,"gold_loss":0.0,"damage_taken":0.0},{"damage_healed":0.0,"max_hp_gain":0.0,"max_hp_loss":0.0,"gold_gain":0.0,"event_name":"Shining Light","player_choice":"Entered Light","floor":13.0,"gold_loss":0.0,"damage_taken":22.0,"cards_upgraded":["Strike_G","Strike_G"]},{"damage_healed":0.0,"max_hp_gain":0.0,"max_hp_loss":0.0,"gold_gain":275.0,"event_name":"Golden Shrine","player_choice":"Desecrate","floor":19.0,"gold_loss":0.0,"damage_taken":0.0,"cards_obtained":["Regret"]}],"is_beta":false,"boss_relics":[{"not_picked":["Runic Dome","Fusion Hammer"],"picked":"Cursed Key"}],"items_purged_floors":[11,21],"is_endless":false,"potions_floor_spawned":[5,6,16,20,27,28],"killed_by":"Collector","ascension_level":15}}