{"host":"07ljfmttuzqopd7f","time":1608068362,"event":{"mods":["2.2 Compatiblity","BaseMod","Bestiary","Block Reminder","Colored Map","Colored Powertips","Curses Come First","Hermit","Minty Spire (QoL Compilation)","Quick Restart","Random Character Button","Rare Cards Sparkle","Relic Stats","StSLib","The Cursed","UnlockEverythingMod"],"gold_per_floor":[213,288,2,21,32,32,51,51,77,77,105,105,121,121,121,222,222,238,254,13,13,13,13,13],"floor_reached":23,"playtime":1390,"items_purged":[],"score":246,"play_id":"4bcc5293-582c-4b97-b9ca-2aab05ba208a","local_time":"20201215163922","is_ascension_mode":true,"campfire_choices":[{"data":"hermit:Combo","floor":6,"key":"SMITH"},{"data":"hermit:Cheat","floor":8,"key":"SMITH"},{"data":"hermit:FromBeyond","floor":12,"key":"SMITH"},{"floor":15,"key":"REST"}],"circlet_count":0,"master_deck":["hermit:Strike_Hermit","hermit:Strike_Hermit","hermit:Defend_Hermit","hermit:Defend_Hermit","hermit:Defend_Hermit","hermit:Defend_Hermit","hermit:Snapshot","hermit:Covet","hermit:FlashPowder","hermit:NoHoldsBarred","hermit:Combo+1","hermit:Malice","hermit:Cheat+1","hermit:Glare","hermit:FromBeyond+1","hermit:HeroicBravado","hermit:Misfire+1","hermit:Virtue","hermit:ShadowCloak","hermit:ShadowCloak","hermit:Magnum"],"relics":["hermit:Momento","Orichalcum","Ancient Tea Set","GremlinMask","PreservedInsect","The Courier","Black Star","Bag of Preparation"],"acts_visited":["Exordium","TheCity"],"potions_floor_usage":[11,11,16,18,23],"damage_taken":[{"damage":8,"enemies":"Jaw Worm","floor":1,"turns":4},{"damage":0,"enemies":"Cultist","floor":4,"turns":2},{"damage":0,"enemies":"Small Slimes","floor":5,"turns":3},{"damage":10,"enemies":"Blue Slaver","floor":7,"turns":4},{"damage":6,"enemies":"3 Sentries","floor":11,"turns":7},{"damage":0,"enemies":"3 Louse","floor":13,"turns":1},{"damage":8,"enemies":"Hexaghost","floor":16,"turns":11},{"damage":13,"enemies":"Spheric Guardian","floor":18,"turns":4},{"damage":9,"enemies":"Chosen","floor":19,"turns":6},{"damage":82,"enemies":"Gremlin Leader","floor":23,"turns":7}],"seed_played":"5131758323000112139","potions_obtained":[{"floor":1,"key":"Dexterity Potion"},{"floor":4,"key":"BlessingOfTheForge"},{"floor":7,"key":"PowerPotion"},{"floor":13,"key":"FearPotion"},{"floor":16,"key":"hermit:Tonic"},{"floor":19,"key":"Strength Potion"}],"is_trial":false,"path_per_floor":["M","?","$","M","M","R","M","R","T","?","E","R","M","?","R","B",null,"M","M","$","?","?","E"],"character_chosen":"HERMIT","items_purchased":["hermit:NoHoldsBarred","hermit:Combo","Orichalcum","hermit:ShadowCloak","hermit:ShadowCloak","Bag of Preparation"],"campfire_rested":1,"item_purchase_floors":[3,3,3,20,20,20],"current_hp_per_floor":[60,49,49,49,49,49,39,39,39,39,33,33,33,33,55,47,68,55,46,46,46,75,0,0],"gold":13,"neow_bonus":"HUNDRED_GOLD","is_daily":false,"chose_seed":false,"campfire_upgraded":3,"win_rate":0.0,"timestamp":1608068362,"path_taken":["M","?","$","M","M","R","M","R","T","?","E","R","?","?","R","BOSS","M","?","$","?","?","E"],"items_purchased_type":["Card","Card","Relic","Card","Card","Relic"],"build_version":"2020-12-13","purchased_purges":0,"victory":false,"max_hp_per_floor":[75,75,75,75,75,75,75,75,75,75,75,75,75,75,75,75,75,75,75,75,75,75,75,75],"relic_stats":{"counters":[10,49],"PreservedInsect":46,"Black Star":0,"Bag of Preparation":[2],"Orichalcum":[72],"obtain_stats":[{"GremlinMask":10,"PreservedInsect":11,"The Courier":14,"Black Star":17,"Bag of Preparation":20,"Orichalcum":3,"Ancient Tea Set":9,"hermit:Momento":0},{"GremlinMask":4,"PreservedInsect":5,"The Courier":6,"Black Star":7,"Bag of Preparation":9,"Orichalcum":1,"Ancient Tea Set":4,"hermit:Momento":0},{"GremlinMask":13,"PreservedInsect":20,"The Courier":21,"Black Star":32,"Bag of Preparation":42,"Orichalcum":4,"Ancient Tea Set":13,"hermit:Momento":0}]},"card_choices":[{"not_picked":["hermit:Snipe","hermit:BigShot"],"picked":"hermit:FlashPowder","floor":1},{"not_picked":["hermit:Shortfuse","hermit:NoHoldsBarred"],"picked":"hermit:Malice","floor":4},{"not_picked":["hermit:Snipe","hermit:Dive"],"picked":"hermit:Cheat","floor":5},{"not_picked":["hermit:HighCaliber","hermit:BodyArmor"],"picked":"hermit:Glare","floor":7},{"not_picked":["hermit:ItchyTrigger","hermit:GoldenBullet"],"picked":"hermit:FromBeyond","floor":11},{"not_picked":["hermit:HighCaliber","hermit:Cheat","hermit:Manifest"],"picked":"SKIP","floor":13},{"not_picked":["hermit:OverwhelmingPower","hermit:Gambit"],"picked":"hermit:HeroicBravado","floor":16},{"not_picked":["hermit:ItchyTrigger","hermit:Grudge"],"picked":"hermit:Misfire+1","floor":18},{"not_picked":["hermit:Quickdraw+1","hermit:Headshot"],"picked":"hermit:Virtue","floor":19}],"player_experience":415999,"relics_obtained":[{"floor":9,"key":"Ancient Tea Set"},{"floor":11,"key":"PreservedInsect"}],"event_choices":[{"damage_healed":0,"gold_gain":75,"player_choice":"Gather Gold","damage_taken":11,"max_hp_gain":0,"max_hp_loss":0,"event_name":"World of Goop","floor":2,"gold_loss":0},{"damage_healed":0,"gold_gain":0,"player_choice":"Trade","damage_taken":0,"relics_obtained":["GremlinMask"],"max_hp_gain":0,"max_hp_loss":0,"event_name":"FaceTrader","floor":10,"gold_loss":0},{"damage_healed":0,"gold_gain":0,"player_choice":"Gave Potion","damage_taken":0,"relics_obtained":["The Courier"],"max_hp_gain":0,"max_hp_loss":0,"event_name":"WeMeetAgain","floor":14,"gold_loss":0},{"damage_healed":0,"gold_gain":0,"cards_transformed":["hermit:Strike_Hermit","hermit:Strike_Hermit"],"player_choice":"Became Test Subject","damage_taken":0,"max_hp_gain":0,"max_hp_loss":0,"event_name":"Drug Dealer","floor":21,"gold_loss":0,"cards_obtained":["hermit:Magnum","hermit:Midnight"]},{"cards_removed":["hermit:Midnight"],"damage_healed":29,"gold_gain":0,"player_choice":"Offered Uncommon","damage_taken":0,"max_hp_gain":0,"max_hp_loss":0,"event_name":"Bonfire Elementals","floor":22,"gold_loss":0}],"is_beta":false,"boss_relics":[{"not_picked":["Runic Dome","SacredBark"],"picked":"Black Star"}],"items_purged_floors":[],"is_endless":false,"potions_floor_spawned":[1,4,7,13,16,19],"killed_by":"Gremlin Leader","ascension_level":6}}