{"host":"jak4ncvfzor9mys0","time":1608019307,"event":{"mods":["2.2 Compatiblity","AchievementEnabler","BaseMod","Better Altar","Better Match","Better Note","Better Sensory Stone","Better Skull","Better Third Choice","BetterRewards","Block Reminder","Colored Map","Colored Powertips","Energized Spire","Gold Saver","Hubris","Infinite Spire","Key Reminder","Minty Spire (QoL Compilation)","Rare Cards Sparkle","Red Circlet Mod","Relic Sorter","Relic Stats","Replay The Spire","Retaliation","StSLib","SuperFastMode","The Blue Laboratory"],"gold_per_floor":[729,729,740,758,776,776,807,807,831,852,864,879,470,504,504,607,607,623,623,623,643,659,659,686,686,686,686,686,686],"floor_reached":28,"playtime":764,"items_purged":["Defend_R","Strike_R"],"score":348,"play_id":"bd45c0c6-d793-4d54-bb3d-b101f9c168e6","local_time":"20201215000147","is_ascension_mode":false,"campfire_choices":[{"data":"Carnage","floor":6,"key":"SMITH"},{"data":"Flex","floor":8,"key":"SMITH"},{"floor":15,"key":"REST"},{"floor":23,"key":"REST"},{"data":"Spot Weakness","floor":25,"key":"SMITH"},{"data":"Shrug It Off","floor":27,"key":"SMITH"}],"circlet_count":0,"master_deck":["Strike_R","Strike_R","Strike_R","Defend_R","Defend_R","Defend_R","Bash","Shrug It Off+1","Carnage+1","DDmod:RapidStrikeAttack+1","Flex+1","Spot Weakness+1","AbeCurse"],"relics":["Burning Blood","hubris:BundleOfHerbs","Nunchaku","infinitespire:Beetle Shell","hubris:TenFootPole","Odd Mushroom","Abe\u0027s Treasure","Replay:Kaleidoscope","Toxic Egg 2"],"acts_visited":["Exordium","TheCity"],"potions_floor_usage":[14],"damage_taken":[{"damage":11,"enemies":"Jaw Worm","floor":1,"turns":5},{"damage":1,"enemies":"Cultist","floor":3,"turns":3},{"damage":8,"enemies":"2 Louse","floor":4,"turns":3},{"damage":16,"enemies":"Gremlin Gang","floor":5,"turns":5},{"damage":22,"enemies":"Gremlin Nob","floor":7,"turns":4},{"damage":9,"enemies":"The Mushroom Lair","floor":10,"turns":4},{"damage":0,"enemies":"2 Fungi Beasts","floor":11,"turns":1},{"damage":0,"enemies":"Exordium Thugs","floor":12,"turns":4},{"damage":31,"enemies":"Lagavulin","floor":14,"turns":4},{"damage":64,"enemies":"Fading Forest","floor":16,"turns":11},{"damage":0,"enemies":"Spheric Guardian","floor":18,"turns":3},{"damage":22,"enemies":"Shell Parasite","floor":21,"turns":3},{"damage":34,"enemies":"Centurion and Healer","floor":22,"turns":5},{"damage":34,"enemies":"Book of Stabbing","floor":24,"turns":4},{"damage":51,"enemies":"Nightmare","floor":28,"turns":5}],"seed_played":"2429267554690147388","potions_obtained":[{"floor":3,"key":"blueLaboratory:Moonshine"},{"floor":4,"key":"SteroidPotion"},{"floor":12,"key":"Reflective Coating"},{"floor":18,"key":"Dexterity Potion"}],"is_trial":false,"path_per_floor":["M","?","M","M","M","R","E","R","T","?","M","M","$","E","R","B",null,"M","?","$","M","M","R","E","R","T","R","NM"],"character_chosen":"IRONCLAD","items_purchased":["Shrug It Off","infinitespire:Beetle Shell","hubris:BundleOfHerbs"],"campfire_rested":2,"item_purchase_floors":[0,0,13],"current_hp_per_floor":[75,75,80,78,68,68,52,52,52,49,55,61,61,36,60,18,80,80,80,80,64,36,60,32,32,32,32,0,0],"gold":686,"neow_bonus":"","is_daily":false,"chose_seed":false,"campfire_upgraded":4,"win_rate":0.0,"timestamp":1608019307,"path_taken":["M","?","M","M","M","R","E","R","T","?","M","M","?","E","R","BOSS","M","?","$","M","M","R","E","R","T","R","NM"],"items_purchased_type":["Card","Relic","Relic"],"build_version":"2020-12-13","purchased_purges":2,"victory":false,"max_hp_per_floor":[80,80,80,80,80,80,80,80,80,80,80,80,80,80,80,80,80,80,80,80,80,80,80,80,80,80,80,80,80],"relic_stats":{"Nunchaku":[4],"counters":[39,180],"obtain_stats":[{"Calipers":27,"CeramicFish":25,"infinitespire:Joker Card":40,"infinitespire:Beetle Shell":0,"Replay:Kaleidoscope":24,"War Paint":5,"Odd Mushroom":10,"Burning Blood":0,"Akabeko":26,"Nunchaku":14,"ChewingGum":17,"MealTicket":47,"hubris:BundleOfHerbs":13,"Bag of Marbles":30,"hubris:TenFootPole":7,"Toxic Egg 2":26,"Abe\u0027s Treasure":17},{"Calipers":12,"CeramicFish":11,"infinitespire:Joker Card":18,"infinitespire:Beetle Shell":24,"Replay:Kaleidoscope":38,"War Paint":3,"Odd Mushroom":30,"Burning Blood":0,"Akabeko":11,"Nunchaku":33,"ChewingGum":6,"MealTicket":22,"hubris:BundleOfHerbs":32,"Bag of Marbles":13,"hubris:TenFootPole":29,"Toxic Egg 2":38,"Abe\u0027s Treasure":34},{"Calipers":60,"CeramicFish":54,"infinitespire:Joker Card":88,"infinitespire:Beetle Shell":116,"Replay:Kaleidoscope":175,"War Paint":11,"Odd Mushroom":140,"Burning Blood":0,"Akabeko":54,"Nunchaku":149,"ChewingGum":34,"MealTicket":104,"hubris:BundleOfHerbs":145,"Bag of Marbles":64,"hubris:TenFootPole":136,"Toxic Egg 2":175,"Abe\u0027s Treasure":160}],"Burning Blood":208},"card_choices":[{"not_picked":["DDmod:PokeAttack","Defy Death"],"picked":"Carnage","floor":1},{"not_picked":["Sever Soul","DDmod:SpikeInjectionSkill"],"picked":"Flex","floor":3},{"not_picked":["Infernal Blade","Clash","DDmod:PokeAttack"],"picked":"SKIP","floor":4},{"not_picked":["hubris:CleavingFinish","hubris:ReadiedAction","ReplayTheSpireMod:Strike From Hell"],"picked":"SKIP","floor":5},{"not_picked":["Anger","Wild Strike","Fire Breathing"],"picked":"SKIP","floor":7},{"not_picked":["Combust","DDmod:SpikedSkill","Anger"],"picked":"SKIP","floor":11},{"not_picked":["DDmod:BurningFumesPowerCard","Seeing Red"],"picked":"Spot Weakness","floor":12},{"not_picked":["Entrench","Pommel Strike","Twin Strike"],"picked":"SKIP","floor":14},{"not_picked":["DDmod:BurningFumesPowerCard","DDmod:SpikedSkill","Sentinel"],"picked":"SKIP","floor":18},{"not_picked":["Cleave+1","Thunderclap","Replay:Undeath\u0027s Touch"],"picked":"SKIP","floor":21},{"not_picked":["Abandon+1","Rupture","Warcry"],"picked":"SKIP","floor":22},{"not_picked":["Armaments","Flame Barrier","Headbutt"],"picked":"SKIP","floor":24}],"player_experience":2606038,"relics_obtained":[{"floor":7,"key":"hubris:TenFootPole"},{"floor":10,"key":"Odd Mushroom"},{"floor":14,"key":"Nunchaku"},{"floor":24,"key":"Replay:Kaleidoscope"},{"floor":26,"key":"Toxic Egg 2"}],"event_choices":[{"damage_healed":0,"gold_gain":0,"player_choice":"Fought Mushrooms","damage_taken":0,"max_hp_gain":0,"max_hp_loss":0,"event_name":"Mushrooms","floor":10,"gold_loss":0},{"damage_healed":0,"gold_gain":0,"player_choice":"Ignored","damage_taken":0,"max_hp_gain":0,"max_hp_loss":0,"event_name":"betterNote:BetterNote","floor":19,"gold_loss":0,"cards_obtained":["Strike_R"]}],"is_beta":false,"boss_relics":[{"not_picked":["energizedSpire:TabascoSauce","Snecko Heart"],"picked":"Abe\u0027s Treasure"}],"items_purged_floors":[0,13],"is_endless":false,"potions_floor_spawned":[3,4,10,11,12,18,22,24],"killed_by":"Nightmare","ascension_level":0}}