{"host":"is2s59edl8twrhoj","time":1608029790,"event":{"mods":["BaseMod","Colored Map","Colored Powertips","DeckTracker","Minty Spire (QoL Compilation)","StSLib"],"gold_per_floor":[369,245,265,265,42,42,70,70,70,70,90,109,124,124,124,195,195,195,195,195,195,195,195,195,195,195,195,145,145,0,0,0,0,0,0,0,0,0,0,0,0,0,0,0,0,0,0,0,0,0],"floor_reached":51,"playtime":1428,"items_purged":["Strike_G"],"score":1192,"play_id":"a24f4335-f5d0-4a4d-a815-22148a0b584d","local_time":"20201215105630","is_ascension_mode":true,"campfire_choices":[{"data":"Poisoned Stab","floor":6,"key":"SMITH"},{"data":"Catalyst","floor":8,"key":"SMITH"},{"floor":10,"key":"REST"},{"data":"Deadly Poison","floor":15,"key":"SMITH"},{"data":"Noxious Fumes","floor":23,"key":"SMITH"},{"floor":29,"key":"REST"},{"floor":32,"key":"REST"},{"floor":40,"key":"REST"},{"data":"Footwork","floor":42,"key":"SMITH"},{"data":"Survivor","floor":44,"key":"SMITH"},{"floor":49,"key":"REST"}],"circlet_count":0,"master_deck":["AscendersBane","Strike_G+1","Strike_G","Defend_G","Defend_G","Defend_G","Defend_G","Defend_G","Survivor+1","Neutralize+1","Deadly Poison+1","Poisoned Stab+1","Footwork+1","Catalyst+1","Crippling Poison","Corpse Explosion","Noxious Fumes+1","Escape Plan","Footwork+1"],"relics":["Ring of the Snake","Whetstone","Letter Opener","Ornamental Fan","Ectoplasm","Bottled Flame","HornCleat","Busted Crown","Kunai"],"acts_visited":["Exordium","TheCity","TheBeyond"],"potions_floor_usage":[7,16,19,25,33,33,36,50,50],"damage_taken":[{"damage":0,"enemies":"2 Louse","floor":1,"turns":4},{"damage":5,"enemies":"Jaw Worm","floor":3,"turns":6},{"damage":29,"enemies":"Gremlin Nob","floor":7,"turns":5},{"damage":0,"enemies":"Small Slimes","floor":11,"turns":3},{"damage":0,"enemies":"Exordium Wildlife","floor":12,"turns":3},{"damage":0,"enemies":"2 Fungi Beasts","floor":13,"turns":5},{"damage":27,"enemies":"Slime Boss","floor":16,"turns":11},{"damage":10,"enemies":"Shell Parasite","floor":18,"turns":4},{"damage":0,"enemies":"3 Byrds","floor":19,"turns":2},{"damage":8,"enemies":"Cultist and Chosen","floor":21,"turns":5},{"damage":12,"enemies":"Centurion and Healer","floor":24,"turns":4},{"damage":19,"enemies":"Sentry and Sphere","floor":25,"turns":4},{"damage":11,"enemies":"Shelled Parasite and Fungi","floor":31,"turns":6},{"damage":19,"enemies":"Collector","floor":33,"turns":6},{"damage":4,"enemies":"3 Darklings","floor":35,"turns":4},{"damage":4,"enemies":"Orb Walker","floor":36,"turns":3},{"damage":35,"enemies":"Sphere and 2 Shapes","floor":38,"turns":6},{"damage":0,"enemies":"Jaw Worm Horde","floor":41,"turns":2},{"damage":5,"enemies":"Spire Growth","floor":47,"turns":4},{"damage":0,"enemies":"Time Eater","floor":50,"turns":6}],"seed_played":"-3814330942627823969","potions_obtained":[{"floor":1,"key":"Block Potion"},{"floor":11,"key":"GamblersBrew"},{"floor":16,"key":"FearPotion"},{"floor":21,"key":"PowerPotion"},{"floor":25,"key":"PowerPotion"},{"floor":33,"key":"EssenceOfSteel"},{"floor":35,"key":"SteroidPotion"},{"floor":41,"key":"DuplicationPotion"}],"is_trial":false,"path_per_floor":["M","$","M","?","$","R","E","R","T","R","M","M","M","?","R","B",null,"M","M","?","M","T","R","M","M","T","?","$","R","?","M","R","B",null,"M","M","?","M","$","R","M","R","T","R","?","?","M","$","R","B",null],"character_chosen":"THE_SILENT","items_purchased":["Deadly Poison","Footwork","Whetstone","SkillPotion"],"campfire_rested":5,"item_purchase_floors":[2,5,5,28],"current_hp_per_floor":[59,59,54,47,47,47,18,18,18,36,36,36,36,41,41,14,52,42,42,42,34,34,34,22,3,3,3,3,22,22,11,30,11,52,48,44,44,9,9,28,28,28,28,28,28,28,23,23,41,41],"gold":0,"neow_bonus":"TWO_FIFTY_GOLD","is_daily":false,"chose_seed":false,"campfire_upgraded":6,"win_rate":0.0,"timestamp":1608029790,"path_taken":["M","$","M","?","$","R","E","R","T","R","M","M","M","?","R","BOSS","M","M","?","M","?","R","M","M","T","?","?","R","?","M","R","BOSS","M","M","?","M","$","R","M","R","T","R","?","?","M","?","R","BOSS"],"items_purchased_type":["Card","Card","Relic","Potion"],"build_version":"2020-12-13","purchased_purges":1,"victory":true,"max_hp_per_floor":[60,60,60,60,60,60,60,60,60,60,60,60,60,65,65,65,65,65,65,65,65,65,65,65,65,65,65,65,65,65,65,65,65,65,65,65,65,65,65,65,65,65,65,65,65,62,62,62,62,62],"card_choices":[{"not_picked":["Predator","Quick Slash","Blade Dance"],"picked":"SKIP","floor":1},{"not_picked":["Acrobatics","Crippling Poison"],"picked":"Poisoned Stab","floor":3},{"not_picked":["Acrobatics","Prepared"],"picked":"Catalyst","floor":7},{"not_picked":["Concentrate","Cloak And Dagger","Dagger Throw"],"picked":"SKIP","floor":11},{"not_picked":["Cloak And Dagger","Flechettes"],"picked":"Crippling Poison","floor":12},{"not_picked":["Quick Slash","Acrobatics","Eviscerate"],"picked":"SKIP","floor":13},{"not_picked":["Glass Knife","Storm of Steel"],"picked":"Corpse Explosion","floor":16},{"not_picked":["Blade Dance","Backstab","Well Laid Plans"],"picked":"SKIP","floor":18},{"not_picked":["Dagger Throw","Quick Slash","All Out Attack"],"picked":"SKIP","floor":19},{"not_picked":["Dodge and Roll","Calculated Gamble"],"picked":"Escape Plan","floor":21},{"not_picked":["Flechettes","Deadly Poison","Underhanded Strike"],"picked":"SKIP","floor":24},{"not_picked":["Dagger Throw","Flying Knee","Acrobatics"],"picked":"SKIP","floor":25},{"not_picked":["Tactician","Terror","Bane"],"picked":"SKIP","floor":31},{"not_picked":["Endless Agony"],"picked":"SKIP","floor":35},{"not_picked":["Acrobatics"],"picked":"SKIP","floor":36},{"not_picked":["Cloak And Dagger+1"],"picked":"SKIP","floor":38},{"not_picked":[],"picked":"Footwork+1","floor":41},{"not_picked":["Bane"],"picked":"SKIP","floor":47}],"player_experience":619165,"relics_obtained":[{"floor":7,"key":"Letter Opener"},{"floor":9,"key":"Ornamental Fan"},{"floor":22,"key":"Bottled Flame"},{"floor":26,"key":"HornCleat"},{"floor":43,"key":"Kunai"}],"event_choices":[{"cards_removed":["Strike_G"],"damage_healed":0,"gold_gain":0,"player_choice":"Card Removal","damage_taken":7,"max_hp_gain":0,"max_hp_loss":0,"event_name":"Golden Wing","floor":4,"gold_loss":0},{"damage_healed":0,"gold_gain":0,"player_choice":"Donut","damage_taken":0,"max_hp_gain":5,"max_hp_loss":0,"event_name":"Big Fish","floor":14,"gold_loss":0},{"damage_healed":0,"gold_gain":0,"player_choice":"Read","damage_taken":0,"max_hp_gain":0,"max_hp_loss":0,"event_name":"The Library","floor":20,"gold_loss":0,"cards_obtained":["Noxious Fumes"]},{"damage_healed":0,"gold_gain":0,"player_choice":"Ignored","damage_taken":0,"max_hp_gain":0,"max_hp_loss":0,"event_name":"Vampires","floor":27,"gold_loss":0},{"damage_healed":0,"gold_gain":0,"player_choice":"Paid Fearfully","damage_taken":0,"max_hp_gain":0,"max_hp_loss":0,"event_name":"Masked Bandits","floor":30,"gold_loss":145},{"damage_healed":0,"gold_gain":0,"player_choice":"Ignored","damage_taken":0,"max_hp_gain":0,"max_hp_loss":0,"event_name":"Mysterious Sphere","floor":37,"gold_loss":0},{"cards_removed":["Strike_G"],"damage_healed":0,"gold_gain":0,"player_choice":"Removed Attack","damage_taken":0,"max_hp_gain":0,"max_hp_loss":0,"event_name":"Falling","floor":45,"gold_loss":0},{"damage_healed":0,"gold_gain":0,"player_choice":"Max HP","damage_taken":0,"max_hp_gain":0,"max_hp_loss":3,"event_name":"Winding Halls","floor":46,"gold_loss":0}],"is_beta":false,"boss_relics":[{"not_picked":["Calling Bell","Pandora\u0027s Box"],"picked":"Ectoplasm"},{"not_picked":["SlaversCollar","Empty Cage"],"picked":"Busted Crown"}],"items_purged_floors":[2],"is_endless":false,"potions_floor_spawned":[1,11,16,21,25,33,35,41],"ascension_level":14}}