{"host":"vzugls1u57eppbds","time":1608070840,"event":{"mods":["AchievementEnabler","BaseMod","Better Third Choice","Minty Spire (QoL Compilation)","Relic Stats","Shop Mod","StSLib","The IronCluck"],"gold_per_floor":[112,60,78,91,91,91,120,136,190,190,190,219,239,252,252,252,252],"floor_reached":16,"playtime":326,"items_purged":[],"score":112,"play_id":"ead3a338-3088-4b76-833c-34eaba71ee1c","local_time":"20201215232040","is_ascension_mode":false,"campfire_choices":[{"floor":6,"key":"REST"},{"floor":15,"key":"REST"}],"circlet_count":0,"master_deck":["Strike_B+1","Strike_B+1","Strike_B","Strike_B","Defend_B","Defend_B","Defend_B","Defend_B","Dualcast","Hyperbeam","Sweeping Beam","Go for the Eyes","Steam","Beam Cell","Leap","Force Field","Beam Cell","Gash","Rip and Tear"],"relics":["Cracked Core","Shuriken","Dream Catcher","Tiny Chest","Ornamental Fan"],"acts_visited":["Exordium"],"potions_floor_usage":[7,16,16],"damage_taken":[{"damage":11,"enemies":"Jaw Worm","floor":1,"turns":2},{"damage":0,"enemies":"2 Louse","floor":3,"turns":1},{"damage":0,"enemies":"Small Slimes","floor":4,"turns":1},{"damage":9,"enemies":"3 Sentries","floor":7,"turns":3},{"damage":0,"enemies":"Blue Slaver","floor":8,"turns":2},{"damage":6,"enemies":"Lagavulin","floor":12,"turns":5},{"damage":0,"enemies":"Large Slime","floor":13,"turns":4},{"damage":0,"enemies":"2 Fungi Beasts","floor":14,"turns":1},{"damage":43,"enemies":"The Guardian","floor":16,"turns":11}],"seed_played":"4319967152373589590","potions_obtained":[{"floor":4,"key":"DuplicationPotion"},{"floor":8,"key":"SkillPotion"},{"floor":12,"key":"DistilledChaos"},{"floor":14,"key":"Energy Potion"}],"is_trial":false,"path_per_floor":["M","$","M","M","?","R","E","M","T","?","?","E","M","M","R","B"],"character_chosen":"DEFECT","items_purchased":["Go for the Eyes"],"campfire_rested":2,"item_purchase_floors":[2],"current_hp_per_floor":[57,57,57,57,32,52,43,43,43,29,29,23,23,23,43,0,0],"gold":252,"neow_bonus":"THREE_RARE_CARDS","is_daily":false,"chose_seed":false,"campfire_upgraded":0,"win_rate":0.0,"timestamp":1608070840,"path_taken":["M","$","M","M","?","R","E","M","T","?","?","E","M","?","R","BOSS"],"items_purchased_type":["Card"],"build_version":"2020-12-13","purchased_purges":0,"victory":false,"max_hp_per_floor":[68,68,68,68,68,68,68,68,68,68,68,68,68,68,68,68,68],"relic_stats":{"Dream Catcher":1,"counters":[9,30],"Shuriken":[10],"Ornamental Fan":[24],"Tiny Chest":0,"obtain_stats":[{"Dream Catcher":7,"Shuriken":5,"Ornamental Fan":12,"Tiny Chest":9,"Cracked Core":0},{"Dream Catcher":4,"Shuriken":3,"Ornamental Fan":6,"Tiny Chest":5,"Cracked Core":0},{"Dream Catcher":7,"Shuriken":4,"Ornamental Fan":14,"Tiny Chest":9,"Cracked Core":0}]},"card_choices":[{"not_picked":["Fission","Buffer"],"picked":"Hyperbeam","floor":0},{"not_picked":["Coolheaded","Compile Driver"],"picked":"Sweeping Beam","floor":1},{"not_picked":["Fusion","Streamline"],"picked":"Steam","floor":3},{"not_picked":["Force Field","Sweeping Beam"],"picked":"Beam Cell","floor":4},{"not_picked":["Hologram","Blizzard"],"picked":"Leap","floor":7},{"not_picked":["Rebound","Consume","Barrage"],"picked":"SKIP","floor":8},{"not_picked":["Static Discharge","Stack","Reprogram"],"picked":"SKIP","floor":12},{"not_picked":["Redo","Rainbow"],"picked":"Beam Cell","floor":13},{"not_picked":["Conserve Battery","Recycle"],"picked":"Gash","floor":14},{"not_picked":["Barrage","Recycle"],"picked":"Rip and Tear","floor":15}],"player_experience":219590,"relics_obtained":[{"floor":7,"key":"Dream Catcher"},{"floor":9,"key":"Tiny Chest"},{"floor":12,"key":"Ornamental Fan"}],"event_choices":[{"damage_healed":0,"gold_gain":0,"player_choice":"Relic ","damage_taken":25,"max_hp_gain":0,"max_hp_loss":0,"event_name":"betterThird:BetterScrap","floor":5,"gold_loss":0,"cards_obtained":["Searing Blow"]},{"damage_healed":43,"gold_gain":0,"player_choice":"Upgrade","damage_taken":14,"max_hp_gain":0,"max_hp_loss":68,"event_name":"betterThird:BetterShining","floor":10,"gold_loss":1,"cards_upgraded":["Strike_B","Strike_B"]},{"damage_healed":0,"gold_gain":0,"cards_transformed":["Zap"],"player_choice":"Change","damage_taken":0,"max_hp_gain":0,"max_hp_loss":0,"event_name":"Living Wall","floor":11,"gold_loss":0,"cards_obtained":["Force Field"]}],"is_beta":false,"boss_relics":[],"items_purged_floors":[],"is_endless":false,"potions_floor_spawned":[4,8,12,14],"killed_by":"The Guardian","ascension_level":0}}