{"host":"mx3flx92pejuhdxl","time":1608055444,"event":{"mods":["BaseMod","Better Third Choice","Block Reminder","Colored Map","Downfall","Hermit","Infinite Spire","Minty Spire (QoL Compilation)","READ ME - Guardian Mod","Rare Cards Sparkle","Replay The Spire","StSLib","The Cursed","everything is the same but u backflip on backflip"],"gold_per_floor":[110,128,128,128,138,138,148,163,208,208,240,171,171,189,189,285,285,298,298,316,91,0,0,0,25,96,106,117,117,143,163,163,261,261,273,293,89,107,117,167,167,193,193,193,293,305,305,315,315,315],"floor_reached":51,"playtime":5173,"items_purged":["Strike_R+1"],"score":719,"play_id":"d37a66a0-fd94-4690-bba2-63701995ab79","local_time":"20201215130404","is_ascension_mode":false,"campfire_choices":[{"data":"Hemogenesis","floor":6,"key":"SMITH"},{"floor":10,"key":"REST"},{"floor":13,"key":"REST"},{"data":"Bloodletting","floor":15,"key":"SMITH"},{"floor":23,"key":"REST"},{"data":"Rupture","floor":32,"key":"SMITH"},{"data":"Life Link","floor":41,"key":"SMITH"},{"floor":44,"key":"REST"},{"data":"Feed","floor":49,"key":"SMITH"}],"circlet_count":0,"master_deck":["Strike_R+2","Strike_R+2","Defend_R+1","Bash","Dropkick+1","Thunderclap","Anger","Hemogenesis+1","Anger","Flex","Bloodletting+1","Rupture+1","Flex","Reaper+1","Bloodletting","Flex","infinitespire:Punishment","ReplayTheSpireMod:Muscle Training","Replay:Undeath\u0027s Touch","Combust","Feed+1","Flame Barrier+1","ReplayTheSpireMod:Muscle Training","ReplayTheSpireMod:Muscle Training","Life Link+1","Inflame+1"],"relics":["Burning Blood","King of Hearts","Replay:Bottled Eggs","Runic Pyramid","Guide Book","Black Star","Onion Ring","Simple Rune","PreservedInsect","infinitespire:WardingShard","Divine Protection","Matryoshka","Empty Cage","ClockworkSouvenir","Thread and Needle","Pondfish Scales","Champion Belt","Happy Flower","Smiling Mask","Pet Ghost"],"acts_visited":["Exordium","TheCity","TheBeyond"],"potions_floor_usage":[11,11,14,18,27,28,39,40,50,50],"damage_taken":[{"damage":5,"enemies":"Small Slimes","floor":1,"turns":4},{"damage":1,"enemies":"Cultist","floor":2,"turns":3},{"damage":6,"enemies":"Jaw Worm","floor":5,"turns":2},{"damage":18,"enemies":"3 Louse","floor":7,"turns":2},{"damage":19,"enemies":"Exordium Wildlife","floor":8,"turns":4},{"damage":36,"enemies":"Lagavulin","floor":11,"turns":4},{"damage":0,"enemies":"Gremlin Gang","floor":14,"turns":2},{"damage":15,"enemies":"Slime Boss","floor":16,"turns":9},{"damage":29,"enemies":"Shell Parasite","floor":18,"turns":4},{"damage":16,"enemies":"Chosen","floor":20,"turns":4},{"damage":28,"enemies":"Replay:Snechameleon","floor":25,"turns":5},{"damage":10,"enemies":"Shelled Parasite and Fungi","floor":27,"turns":3},{"damage":33,"enemies":"Centurion and Healer","floor":28,"turns":4},{"damage":30,"enemies":"Book of Stabbing","floor":30,"turns":4},{"damage":3,"enemies":"Sentry and Sphere","floor":31,"turns":3},{"damage":29,"enemies":"Collector","floor":33,"turns":6},{"damage":33,"enemies":"3 Darklings","floor":35,"turns":4},{"damage":4,"enemies":"3 Shapes","floor":36,"turns":3},{"damage":39,"enemies":"Writhing Mass","floor":38,"turns":5},{"damage":5,"enemies":"Spire Growth","floor":39,"turns":3},{"damage":1,"enemies":"Mind Bloom Boss Battle","floor":40,"turns":4},{"damage":33,"enemies":"Reptomancer","floor":42,"turns":4},{"damage":9,"enemies":"Maw","floor":46,"turns":6},{"damage":3,"enemies":"4 Shapes","floor":48,"turns":4},{"damage":59,"enemies":"Awakened One","floor":50,"turns":7}],"seed_played":"-8933178373548050331","potions_obtained":[{"floor":2,"key":"Cursed Concoction"},{"floor":8,"key":"Adrenaline Potion"},{"floor":11,"key":"Explosive Potion"},{"floor":16,"key":"FearPotion"},{"floor":20,"key":"Explosive Potion"},{"floor":27,"key":"Weak Potion"},{"floor":38,"key":"Block Potion"},{"floor":39,"key":"Adrenaline Potion"},{"floor":46,"key":"SteroidPotion"},{"floor":48,"key":"LiquidMemories"}],"is_trial":false,"path_per_floor":["M","M","?","?","M","R","M","M","T","R","E","$","R","M","R","B",null,"M","?","M","$","?","R","AVR","E","T","M","M","$","E","M","R","B",null,"M","M","$","M","M","?","R","E","T","R","?","M","AVR","M","R","B",null],"character_chosen":"IRONCLAD","items_purchased":["Rupture","Guide Book","ClockworkSouvenir","ReplayTheSpireMod:Muscle Training"],"campfire_rested":4,"item_purchase_floors":[12,21,37,37],"current_hp_per_floor":[80,80,73,73,73,73,61,48,48,72,42,42,66,72,72,71,80,64,64,61,61,61,80,80,69,69,79,75,75,80,80,80,80,80,68,86,86,53,57,86,86,73,73,92,92,95,95,98,98,68],"gold":315,"neow_bonus":"TRANSFORM_CARD","is_daily":false,"chose_seed":false,"campfire_upgraded":5,"win_rate":0.0,"timestamp":1608055444,"path_taken":["M","M","?","?","M","R","?","M","T","R","E","?","R","M","R","BOSS","M","?","M","$","?","R","AVR","E","T","M","M","?","E","M","R","BOSS","M","?","$","?","M","?","R","E","T","R","?","M","AVR","M","R","BOSS"],"items_purchased_type":["Card","Relic","Relic","Card"],"build_version":"2020-12-13","purchased_purges":1,"victory":true,"max_hp_per_floor":[80,80,80,80,80,80,80,80,80,80,80,80,80,80,80,80,80,80,80,80,80,80,80,80,80,80,80,80,80,80,80,80,80,80,83,86,86,86,89,92,92,92,92,92,92,95,95,98,98,102],"card_choices":[{"not_picked":["True Grit","Dropkick"],"picked":"Thunderclap","floor":1},{"not_picked":["Heavy Blade","Sever Soul"],"picked":"Anger","floor":2},{"not_picked":["Clash","Headbutt"],"picked":"Hemogenesis","floor":5},{"not_picked":["Evolve","Dual Wield"],"picked":"Anger","floor":7},{"not_picked":["Replay:Undeath\u0027s Touch","Reckless Charge"],"picked":"Flex","floor":8},{"not_picked":["Uppercut","Combust"],"picked":"Bloodletting","floor":11},{"not_picked":["Headbutt","Metallicize"],"picked":"Flex","floor":14},{"not_picked":["Feed","Berserk"],"picked":"Reaper","floor":16},{"not_picked":["Armaments+1","Battle Trance"],"picked":"Bloodletting","floor":18},{"not_picked":["Shrug It Off","Defy Death"],"picked":"Flex","floor":20},{"not_picked":["Evolve+1","Bloodletting+1","Havoc+1"],"picked":"SKIP","floor":25},{"not_picked":["Wild Strike","Sever Soul+1"],"picked":"ReplayTheSpireMod:Muscle Training","floor":27},{"not_picked":["Flame Barrier","Abandon","ReplayTheSpireMod:Stacked"],"picked":"SKIP","floor":28},{"not_picked":["Second Wind","Flame Barrier"],"picked":"Replay:Undeath\u0027s Touch","floor":30},{"not_picked":["ReplayTheSpireMod:Strike From Hell","Pummel"],"picked":"Combust","floor":31},{"not_picked":["Berserk","Replay:Many Hands"],"picked":"Feed","floor":33},{"not_picked":["Dropkick","Pommel Strike"],"picked":"Flame Barrier+1","floor":35},{"not_picked":["Clash+1","Headbutt","Wild Strike+1"],"picked":"SKIP","floor":36},{"not_picked":["Sword Boomerang","Shrug It Off+1","Wild Strike+1"],"picked":"SKIP","floor":38},{"not_picked":["Headbutt+1","Metallicize"],"picked":"Life Link","floor":39},{"not_picked":["Corruption","Armaments+1"],"picked":"Inflame+1","floor":40},{"not_picked":["Run Through","Clothesline+1","Blood for Blood"],"picked":"SKIP","floor":42},{"not_picked":["Sword Boomerang","Warcry","Inflame+1"],"picked":"SKIP","floor":46},{"not_picked":["Headbutt+1","Replay:Undeath\u0027s Touch+1","Cleave"],"picked":"SKIP","floor":48}],"player_experience":462738,"relics_obtained":[{"floor":9,"key":"King of Hearts"},{"floor":11,"key":"Replay:Bottled Eggs"},{"floor":25,"key":"Simple Rune"},{"floor":25,"key":"PreservedInsect"},{"floor":26,"key":"infinitespire:WardingShard"},{"floor":30,"key":"Divine Protection"},{"floor":30,"key":"Matryoshka"},{"floor":40,"key":"Thread and Needle"},{"floor":42,"key":"Pondfish Scales"},{"floor":42,"key":"Champion Belt"},{"floor":43,"key":"Happy Flower"},{"floor":43,"key":"Smiling Mask"}],"event_choices":[{"cards_removed":["Defend_R"],"damage_healed":0,"gold_gain":0,"player_choice":"Card Removal","damage_taken":7,"max_hp_gain":0,"max_hp_loss":0,"event_name":"Golden Wing","floor":3,"gold_loss":0},{"cards_removed":["Strike_R"],"damage_healed":0,"gold_gain":0,"player_choice":"Offered Basic","damage_taken":0,"max_hp_gain":0,"max_hp_loss":0,"event_name":"Bonfire Elementals","floor":4,"gold_loss":0},{"damage_healed":0,"gold_gain":0,"player_choice":"Simplicity","damage_taken":0,"max_hp_gain":0,"max_hp_loss":2,"event_name":"betterThird:BetterWriting","floor":19,"gold_loss":0},{"damage_healed":0,"gold_gain":0,"player_choice":"Paid Fearfully","damage_taken":0,"max_hp_gain":0,"max_hp_loss":0,"event_name":"Masked Bandits","floor":22,"gold_loss":91},{"damage_healed":0,"gold_gain":0,"player_choice":"Fight","damage_taken":0,"max_hp_gain":0,"max_hp_loss":0,"event_name":"MindBloom","floor":40,"gold_loss":0},{"damage_healed":0,"gold_gain":100,"player_choice":"Pray","damage_taken":0,"max_hp_gain":0,"max_hp_loss":0,"event_name":"Golden Shrine","floor":45,"gold_loss":0}],"is_beta":false,"boss_relics":[{"not_picked":["Coffee Dripper","Replay:Wanted Poster"],"picked":"Runic Pyramid"},{"not_picked":["Electric Blood","Snecko Heart"],"picked":"Empty Cage"}],"items_purged_floors":[21],"is_endless":false,"potions_floor_spawned":[2,8,11,16,20,27,38,39,46,48],"ascension_level":0}}