{"host":"9lmq8xsdv2x4ffld","time":1608063155,"event":{"mods":["Act Like it!","BaseMod","Conspire","Downfall","Hermit","Hubris","Infinite Spire","Koishi","Minty Spire (QoL Compilation)","Shop Mod","StSLib","The Administrix","The Servant 0.9.4","TheHero"],"gold_per_floor":[116,127,127,179,199,199,227,227,253,285,285,142,142,167,167,267,267,287,202,28,38,38,67,79,79,133,133,133],"floor_reached":27,"playtime":1041,"items_purged":["Strike_R","Strike_R"],"score":262,"play_id":"1a4aec25-24c3-4160-9139-fe14737159a1","local_time":"20201215211235","is_ascension_mode":false,"campfire_choices":[{"data":"Cleave","floor":6,"key":"SMITH"},{"data":"Bash","floor":8,"key":"SMITH"},{"data":"Inflame","floor":15,"key":"SMITH"},{"data":"Limit Break","floor":25,"key":"SMITH"}],"circlet_count":0,"master_deck":["Strike_R","Strike_R","Strike_R","Defend_R","Defend_R","Defend_R","Defend_R","Bash+1","Cleave+1","Cleave","Inflame+1","Limit Break+1","Flex","Iron Wave","Heavy Blade"],"relics":["Burning Blood","NeowsBlessing","Tiny Chest","Centennial Puzzle","hubris:ChampionShield","infinitespire:Beetle Shell","hubris:Icosahedron","Nunchaku","Velvet Choker","infinitespire:Lucky Rock","hubris:DeckOfHolding","Vajra"],"acts_visited":["Exordium","TheCity"],"potions_floor_usage":[7,10,16,16,27],"damage_taken":[{"damage":0,"enemies":"Small Slimes","floor":1,"turns":1},{"damage":0,"enemies":"Jaw Worm","floor":2,"turns":1},{"damage":0,"enemies":"2 Louse","floor":5,"turns":1},{"damage":18,"enemies":"3 Sentries","floor":7,"turns":4},{"damage":6,"enemies":"Gremlin Nob","floor":10,"turns":3},{"damage":10,"enemies":"Slime Boss","floor":16,"turns":7},{"damage":20,"enemies":"2 Thieves","floor":18,"turns":3},{"damage":5,"enemies":"Chosen","floor":21,"turns":2},{"damage":0,"enemies":"conspire:Head Lice","floor":23,"turns":3},{"damage":16,"enemies":"Snake Plant","floor":24,"turns":2},{"damage":63,"enemies":"Nightmare","floor":27,"turns":5}],"seed_played":"-6894240781316210739","potions_obtained":[{"floor":1,"key":"LiquidMemories"},{"floor":2,"key":"BlessingOfTheForge"},{"floor":5,"key":"DistilledChaos"},{"floor":7,"key":"Energy Potion"},{"floor":23,"key":"DuplicationPotion"},{"floor":24,"key":"SneckoOil"}],"is_trial":false,"path_per_floor":["M","M","?","T","M","R","E","R","T","E","?","$","?","T","R","B",null,"M","?","$","M","$","E","M","R","T","NM"],"character_chosen":"IRONCLAD","items_purchased":["Inflame","Flex","Iron Wave"],"campfire_rested":0,"item_purchase_floors":[12,20,20],"current_hp_per_floor":[80,80,80,80,80,80,68,68,68,68,68,68,68,68,68,64,80,66,66,66,67,67,73,63,63,63,0,0],"gold":133,"neow_bonus":"THREE_ENEMY_KILL","is_daily":false,"chose_seed":false,"campfire_upgraded":4,"win_rate":0.0,"timestamp":1608063155,"path_taken":["M","M","?","?","M","R","E","R","T","E","?","$","?","?","R","BOSS","M","?","$","M","$","E","M","R","T","NM"],"items_purchased_type":["Card","Card","Card"],"build_version":"2020-12-13","purchased_purges":2,"victory":false,"max_hp_per_floor":[80,80,80,80,80,80,80,80,80,80,80,80,80,80,80,80,80,80,80,80,80,80,80,80,80,80,80,80],"card_choices":[{"not_picked":["Heavy Blade","Entrench"],"picked":"Cleave","floor":1},{"not_picked":["True Grit","Clothesline"],"picked":"Cleave","floor":2},{"not_picked":["Pummel","conspire:Charge","Sever Soul"],"picked":"SKIP","floor":5},{"not_picked":["Warcry","Wild Strike","Brutality"],"picked":"SKIP","floor":7},{"not_picked":["Intimidate","Second Wind","Anger"],"picked":"SKIP","floor":10},{"not_picked":["Demon Form","Reaper"],"picked":"Limit Break","floor":16},{"not_picked":["hubris:ReadiedAction+1","Uppercut","Hemokinesis"],"picked":"SKIP","floor":18},{"not_picked":["Body Slam","Perfected Strike"],"picked":"Heavy Blade","floor":21},{"not_picked":["Heavy Blade","Feel No Pain","Anger"],"picked":"SKIP","floor":23},{"not_picked":["Anger+1","Iron Wave+1","Wild Strike"],"picked":"SKIP","floor":24}],"player_experience":43018,"relics_obtained":[{"floor":3,"key":"Tiny Chest"},{"floor":7,"key":"Centennial Puzzle"},{"floor":9,"key":"hubris:ChampionShield"},{"floor":10,"key":"infinitespire:Beetle Shell"},{"floor":14,"key":"Nunchaku"},{"floor":23,"key":"hubris:DeckOfHolding"},{"floor":26,"key":"Vajra"}],"event_choices":[{"damage_healed":0,"gold_gain":0,"player_choice":"Ignored","damage_taken":0,"max_hp_gain":0,"max_hp_loss":0,"event_name":"Golden Idol","floor":11,"gold_loss":0},{"damage_healed":0,"gold_gain":0,"player_choice":"Obtained Relic","damage_taken":0,"relics_obtained":["infinitespire:Lucky Rock"],"max_hp_gain":0,"max_hp_loss":0,"event_name":"Addict","floor":19,"gold_loss":85}],"is_beta":false,"boss_relics":[{"not_picked":["Fusion Hammer","infinitespire:Cupcake"],"picked":"Velvet Choker"}],"items_purged_floors":[12,20],"is_endless":false,"potions_floor_spawned":[1,2,5,7,23,24],"killed_by":"Nightmare","ascension_level":0}}