{"host":"y89x8uui45kcjy42","time":1608030329,"event":{"mods":["2.2 Compatiblity","BaseMod","CapriCore","Colored Map","Colored Powertips","Custom Start","Friendly Minions","Highlight Path","Keyboard Shortcuts","Minty Spire (QoL Compilation)","Relic Stats","Slay the Relics Exporter","StSLib","SuperFastMode","The Immortal","Waifu the Spire"],"gold_per_floor":[116,116,291,307,155,155,190,203,281,299,333,364,389,35,35,160,160,174,174,198,231,29,29,52,52,52,52,52,52,52],"floor_reached":28,"playtime":1623,"items_purged":["Doubt","MokouMod:Strike","MokouMod:Strike"],"score":251,"play_id":"7913214a-d445-41b4-8137-ee2ee81cb541","local_time":"20201215200529","is_ascension_mode":false,"campfire_choices":[{"data":"MokouMod:IllusoryBattlefield","floor":6,"key":"SMITH"},{"data":"MokouMod:ResonanceReactor","floor":15,"key":"SMITH"},{"data":"MokouMod:PhoenixForm","floor":23,"key":"SMITH"},{"data":"MokouMod:Ember","floor":25,"key":"SMITH"},{"data":"MokouMod:Scorch","floor":27,"key":"SMITH"}],"circlet_count":0,"master_deck":["MokouMod:Strike","MokouMod:Strike","MokouMod:Strike","MokouMod:Defend","MokouMod:Defend","MokouMod:Defend","MokouMod:Defend","MokouMod:HeatSpark","MokouMod:IllusoryBattlefield+1","MokouMod:Singe","MokouMod:IgnitionBlast","MokouMod:Scorch+1","MokouMod:Ember+1","MokouMod:ResonanceReactor+1","MokouMod:Trailblazer","MokouMod:HeatCyclone","Flash of Steel","MokouMod:PhoenixForm+1"],"relics":["MokouMod:PhoenixFeather","NeowsBlessing","Golden Idol","Bag of Marbles","Ornamental Fan","Odd Mushroom","Toy Ornithopter","Coffee Dripper","Enchiridion","Red Mask","Bird Faced Urn"],"acts_visited":["Exordium","TheCity"],"potions_floor_usage":[11,16,16,16,24,28,28],"damage_taken":[{"damage":0,"enemies":"Small Slimes","floor":1,"turns":1},{"damage":0,"enemies":"Jaw Worm","floor":4,"turns":1},{"damage":0,"enemies":"Lagavulin","floor":7,"turns":1},{"damage":0,"enemies":"2 Louse","floor":8,"turns":3},{"damage":0,"enemies":"Exordium Wildlife","floor":10,"turns":2},{"damage":19,"enemies":"The Mushroom Lair","floor":11,"turns":5},{"damage":18,"enemies":"3 Sentries","floor":12,"turns":8},{"damage":21,"enemies":"Large Slime","floor":13,"turns":8},{"damage":71,"enemies":"Slime Boss","floor":16,"turns":16},{"damage":0,"enemies":"Chosen","floor":18,"turns":4},{"damage":14,"enemies":"3 Byrds","floor":20,"turns":6},{"damage":18,"enemies":"Masked Bandits","floor":21,"turns":5},{"damage":10,"enemies":"Snake Plant","floor":24,"turns":6},{"damage":53,"enemies":"Book of Stabbing","floor":28,"turns":5}],"seed_played":"-8785163684125007376","potions_obtained":[{"floor":4,"key":"ColorlessPotion"},{"floor":10,"key":"ColorlessPotion"},{"floor":11,"key":"Dexterity Potion"},{"floor":16,"key":"Energy Potion"},{"floor":24,"key":"Fire Potion"}],"is_trial":false,"path_per_floor":["M","?","?","M","$","R","E","M","T","M","?","E","M","$","R","B",null,"M","?","M","?","$","R","M","R","T","R","E"],"character_chosen":"MKU","items_purchased":["MokouMod:IgnitionBlast","MokouMod:HeatCyclone","Regen Potion","Flash of Steel","DistilledChaos"],"campfire_rested":0,"item_purchase_floors":[5,14,14,14,22],"current_hp_per_floor":[75,69,69,69,69,69,69,69,69,69,50,32,11,11,11,7,69,69,53,39,21,21,21,16,16,16,16,0,0,0],"gold":52,"neow_bonus":"THREE_ENEMY_KILL","is_daily":false,"chose_seed":false,"campfire_upgraded":5,"win_rate":0.0,"timestamp":1608030329,"path_taken":["M","?","?","M","$","R","E","M","T","M","?","E","M","$","R","BOSS","M","?","M","?","$","R","M","R","T","R","E"],"items_purchased_type":["Card","Card","Potion","Card","Potion"],"build_version":"2020-12-13","purchased_purges":3,"victory":false,"max_hp_per_floor":[75,69,69,69,69,69,69,69,69,69,69,69,69,69,69,69,69,69,69,69,69,69,69,69,69,69,69,69,69,69],"relic_stats":{"counters":[14,71],"Golden Idol":80,"Ornamental Fan":[100],"Bird Faced Urn":[8],"obtain_stats":[{"NeowsBlessing":0,"Golden Idol":2,"Ornamental Fan":9,"Bird Faced Urn":26,"MokouMod:PhoenixFeather":0,"Enchiridion":19,"Bag of Marbles":7,"Coffee Dripper":17,"Red Mask":21,"Odd Mushroom":11,"Toy Ornithopter":12},{"NeowsBlessing":0,"Golden Idol":1,"Ornamental Fan":4,"Bird Faced Urn":13,"MokouMod:PhoenixFeather":0,"Enchiridion":10,"Bag of Marbles":3,"Coffee Dripper":9,"Red Mask":12,"Odd Mushroom":6,"Toy Ornithopter":7},{"NeowsBlessing":0,"Golden Idol":1,"Ornamental Fan":6,"Bird Faced Urn":66,"MokouMod:PhoenixFeather":0,"Enchiridion":49,"Bag of Marbles":3,"Coffee Dripper":45,"Red Mask":60,"Odd Mushroom":13,"Toy Ornithopter":21}],"Toy Ornithopter":30},"card_choices":[{"not_picked":["MokouMod:BurningDraft","MokouMod:Firecracker"],"picked":"MokouMod:IllusoryBattlefield","floor":1},{"not_picked":["MokouMod:Overheat","MokouMod:Sear"],"picked":"MokouMod:Singe","floor":4},{"not_picked":["MokouMod:Ember","MokouMod:Refresh"],"picked":"MokouMod:Scorch","floor":7},{"not_picked":["MokouMod:Singe","MokouMod:Scorch","MokouMod:Firecracker"],"picked":"SKIP","floor":8},{"not_picked":["MokouMod:RoaringFlare","MokouMod:ResoluteFlare","MokouMod:AdaptivePyromancy"],"picked":"SKIP","floor":10},{"not_picked":["MokouMod:IndiscriminateIgnition","MokouMod:Sear"],"picked":"MokouMod:Ember","floor":11},{"not_picked":["MokouMod:PhoenixFeathers","MokouMod:SearingShot"],"picked":"MokouMod:ResonanceReactor","floor":12},{"not_picked":["MokouMod:RisingSunBarrier","MokouMod:FlareStarter"],"picked":"MokouMod:Trailblazer","floor":13},{"not_picked":["MokouMod:Ventilation","MokouMod:BurningHiddenBullet"],"picked":"MokouMod:PhoenixForm","floor":16},{"not_picked":["MokouMod:ResoluteFlare","MokouMod:BurningDraft","MokouMod:ScorchingColumn+1"],"picked":"SKIP","floor":18},{"not_picked":["MokouMod:FusionFlare+1","MokouMod:WarmUp","MokouMod:Overheat"],"picked":"SKIP","floor":20},{"not_picked":["MokouMod:IndiscriminateIgnition","MokouMod:Burn","MokouMod:TemporalFireSeal"],"picked":"SKIP","floor":24}],"player_experience":492898,"relics_obtained":[{"floor":7,"key":"Bag of Marbles"},{"floor":9,"key":"Ornamental Fan"},{"floor":11,"key":"Odd Mushroom"},{"floor":12,"key":"Toy Ornithopter"},{"floor":19,"key":"Enchiridion"},{"floor":21,"key":"Red Mask"},{"floor":26,"key":"Bird Faced Urn"}],"event_choices":[{"damage_healed":0,"gold_gain":0,"player_choice":"Lose Max HP","damage_taken":0,"relics_obtained":["Golden Idol"],"max_hp_gain":0,"max_hp_loss":6,"event_name":"Golden Idol","floor":2,"gold_loss":0},{"damage_healed":0,"gold_gain":175,"player_choice":"AGREE","damage_taken":0,"max_hp_gain":0,"max_hp_loss":0,"event_name":"Liars Game","floor":3,"gold_loss":0,"cards_obtained":["Doubt"]},{"damage_healed":0,"gold_gain":0,"player_choice":"Fought Mushrooms","damage_taken":0,"max_hp_gain":0,"max_hp_loss":0,"event_name":"Mushrooms","floor":11,"gold_loss":0},{"damage_healed":0,"gold_gain":0,"player_choice":"Obtained Book","damage_taken":16,"max_hp_gain":0,"max_hp_loss":0,"event_name":"Cursed Tome","floor":19,"gold_loss":0},{"damage_healed":0,"gold_gain":0,"player_choice":"Fought Bandits","damage_taken":0,"max_hp_gain":0,"max_hp_loss":0,"event_name":"Masked Bandits","floor":21,"gold_loss":0}],"is_beta":false,"boss_relics":[{"not_picked":["Tiny House","Astrolabe"],"picked":"Coffee Dripper"}],"items_purged_floors":[5,14,22],"is_endless":false,"potions_floor_spawned":[4,10,11,16,24],"killed_by":"Book of Stabbing","ascension_level":0}}