{"host":"l12hrjjiowxu1z6t","time":1608016288,"event":{"mods":["BaseMod","Bestiary","Better Third Choice","Colored Map","Colored Powertips","Keyboard Shortcuts","Minty Spire (QoL Compilation)","Rare Cards Sparkle","Relic Stats","Shop Mod","Spicy Shops","StSLib","UnlockEverythingMod"],"gold_per_floor":[119,119,131,9,19,53,72,82,105,120,145,145,145,162,162,239,239,250,6,6,18,18,18,18],"floor_reached":23,"playtime":1506,"items_purged":["Strike_B"],"score":456,"play_id":"f502514c-17e0-486d-8d9a-2a1511f0d4ec","local_time":"20201214211128","is_ascension_mode":true,"campfire_choices":[{"data":"Buffer","floor":12,"key":"SMITH"},{"data":"Static Discharge","floor":15,"key":"SMITH"}],"circlet_count":0,"master_deck":["AscendersBane","Defend_B","Defend_B","Defend_B","Defend_B","Zap","Dualcast","Multi-Cast+1","Fusion+1","FTL","Ball Lightning","Rip and Tear","Static Discharge+1","Glacier","Rebound","Buffer+1","Loop","Compile Driver","Skim","Doom and Gloom","Creative AI","Self Repair","Reinforced Body","Writhe","Streamline"],"relics":["Astrolabe","Kunai","Anchor","Juzu Bracelet","Strawberry","Busted Crown","Tiny Chest"],"acts_visited":["Exordium","TheCity"],"potions_floor_usage":[6,6,11,14,23],"damage_taken":[{"damage":19,"enemies":"Jaw Worm","floor":1,"turns":4},{"damage":3,"enemies":"Cultist","floor":3,"turns":5},{"damage":3,"enemies":"Small Slimes","floor":5,"turns":2},{"damage":11,"enemies":"Gremlin Nob","floor":6,"turns":3},{"damage":2,"enemies":"Exordium Thugs","floor":7,"turns":4},{"damage":6,"enemies":"2 Fungi Beasts","floor":8,"turns":3},{"damage":1,"enemies":"Looter","floor":10,"turns":2},{"damage":0,"enemies":"Lagavulin","floor":11,"turns":6},{"damage":0,"enemies":"Gremlin Gang","floor":14,"turns":6},{"damage":31,"enemies":"Hexaghost","floor":16,"turns":9},{"damage":8,"enemies":"3 Byrds","floor":18,"turns":3},{"damage":19,"enemies":"Chosen","floor":21,"turns":5},{"damage":65,"enemies":"Gremlin Leader","floor":23,"turns":4}],"seed_played":"8513576855914103251","potions_obtained":[{"floor":1,"key":"CultistPotion"},{"floor":3,"key":"Fire Potion"},{"floor":6,"key":"SneckoOil"},{"floor":10,"key":"Explosive Potion"},{"floor":16,"key":"Block Potion"}],"is_trial":false,"path_per_floor":["M","?","M","$","M","E","M","M","T","M","E","R","?","M","R","B",null,"M","$","?","M","$","E"],"character_chosen":"DEFECT","items_purchased":["Rip and Tear","Static Discharge","Self Repair","Reinforced Body"],"campfire_rested":0,"item_purchase_floors":[4,4,19,19],"current_hp_per_floor":[45,81,78,78,75,64,62,56,56,55,55,55,57,57,57,26,73,65,65,65,53,53,0,0],"gold":18,"neow_bonus":"BOSS_RELIC","is_daily":false,"chose_seed":false,"campfire_upgraded":2,"win_rate":0.0,"timestamp":1608016288,"path_taken":["M","?","M","$","M","E","M","M","T","M","E","R","?","M","R","BOSS","M","$","?","M","$","E"],"items_purchased_type":["Card","Card","Card","Card"],"build_version":"2020-12-13","purchased_purges":1,"victory":false,"max_hp_per_floor":[71,81,81,81,81,81,81,81,81,81,81,81,88,88,88,88,88,88,88,88,88,88,88,88],"relic_stats":{"Busted Crown":4,"counters":[13,56],"Astrolabe":["Multi-Cast","Seek","Fusion"],"Tiny Chest":0,"Juzu Bracelet":1,"Kunai":[5],"obtain_stats":[{"Anchor":9,"Busted Crown":17,"Astrolabe":0,"Strawberry":13,"Tiny Chest":20,"Juzu Bracelet":11,"Kunai":6,"Cracked Core":0},{"Anchor":6,"Busted Crown":10,"Astrolabe":0,"Strawberry":8,"Tiny Chest":11,"Juzu Bracelet":8,"Kunai":4,"Cracked Core":0},{"Anchor":21,"Busted Crown":44,"Astrolabe":0,"Strawberry":29,"Tiny Chest":47,"Juzu Bracelet":29,"Kunai":14,"Cracked Core":0}]},"card_choices":[{"not_picked":["Darkness","Leap"],"picked":"FTL","floor":1},{"not_picked":["Genetic Algorithm","Go for the Eyes"],"picked":"Ball Lightning","floor":3},{"not_picked":["Turbo","Beam Cell"],"picked":"Glacier","floor":5},{"not_picked":["Reprogram","Conserve Battery"],"picked":"Rebound","floor":6},{"not_picked":["Hologram","Cold Snap"],"picked":"Buffer","floor":7},{"not_picked":["Sweeping Beam","Undo"],"picked":"Loop","floor":8},{"not_picked":["Redo","Double Energy"],"picked":"Compile Driver","floor":10},{"not_picked":["Hologram","Sweeping Beam"],"picked":"Skim","floor":11},{"not_picked":["Chaos","Sunder"],"picked":"Doom and Gloom","floor":14},{"not_picked":["Amplify","Machine Learning"],"picked":"Creative AI","floor":16},{"not_picked":["Go for the Eyes"],"picked":"SKIP","floor":18},{"not_picked":[],"picked":"Streamline","floor":21}],"player_experience":13461,"relics_obtained":[{"floor":6,"key":"Kunai"},{"floor":9,"key":"Anchor"},{"floor":11,"key":"Juzu Bracelet"}],"event_choices":[{"cards_removed":["Seek"],"damage_healed":26,"gold_gain":0,"player_choice":"Offered Rare","damage_taken":0,"max_hp_gain":10,"max_hp_loss":0,"event_name":"Bonfire Elementals","floor":2,"gold_loss":0},{"damage_healed":0,"gold_gain":0,"player_choice":"Relic ","damage_taken":5,"max_hp_gain":0,"max_hp_loss":0,"event_name":"betterThird:BetterScrap","floor":13,"gold_loss":0,"cards_obtained":["Tantrum"]},{"damage_healed":0,"gold_gain":0,"player_choice":"Opened","damage_taken":0,"relics_obtained":["Tiny Chest"],"max_hp_gain":0,"max_hp_loss":0,"event_name":"The Mausoleum","floor":20,"gold_loss":0,"cards_obtained":["Writhe"]}],"is_beta":false,"boss_relics":[{"not_picked":["SacredBark","Runic Pyramid"],"picked":"Busted Crown"}],"items_purged_floors":[19],"is_endless":false,"potions_floor_spawned":[1,3,6,10,16],"killed_by":"Gremlin Leader","ascension_level":20}}