{"host":"soyfmymeou4emntr","time":1608060031,"event":{"mods":["BaseMod","Minty Spire (QoL Compilation)","Relic Sorter","Relic Stats","StSLib"],"gold_per_floor":[112,127,52,52,52,87,87,113,113,148,148,174,34,44,44,118,118,129,129,139,139,154,154,172,206,282,282,282],"floor_reached":27,"playtime":1893,"items_purged":[],"score":568,"play_id":"bf09eae1-11ed-481d-ac98-0bd94b636b6d","local_time":"20201215122031","is_ascension_mode":true,"campfire_choices":[{"data":"Hemokinesis","floor":7.0,"key":"SMITH"},{"data":"Feel No Pain","floor":11.0,"key":"SMITH"},{"floor":15.0,"key":"REST"},{"floor":23.0,"key":"REST"}],"circlet_count":0,"master_deck":["AscendersBane","Strike_R","Strike_R","Strike_R","Strike_R","Defend_R","Defend_R+1","Defend_R","Defend_R+1","Bash+1","Anger","Burning Pact","Hemokinesis+1","Feel No Pain+1","Thunderclap+1","Spot Weakness","Sword Boomerang+1","Disarm","Hemokinesis+1","Reaper+1","Decay","True Grit+1","True Grit"],"relics":["Burning Blood","NeowsBlessing","Self Forming Clay","Smiling Mask","Molten Egg 2","War Paint","Blood Vial","Black Star","Nunchaku","Dream Catcher","Pantograph"],"acts_visited":["Exordium","TheCity"],"potions_floor_usage":[27],"damage_taken":[{"damage":0.0,"enemies":"Jaw Worm","floor":1.0,"turns":1.0},{"damage":0.0,"enemies":"Small Slimes","floor":2.0,"turns":1.0},{"damage":0.0,"enemies":"3 Sentries","floor":6.0,"turns":1.0},{"damage":22.0,"enemies":"Lagavulin","floor":8.0,"turns":6.0},{"damage":19.0,"enemies":"Gremlin Nob","floor":10.0,"turns":4.0},{"damage":16.0,"enemies":"Lagavulin","floor":12.0,"turns":6.0},{"damage":0.0,"enemies":"Cultist","floor":14.0,"turns":3.0},{"damage":31.0,"enemies":"Slime Boss","floor":16.0,"turns":8.0},{"damage":32.0,"enemies":"Spheric Guardian","floor":18.0,"turns":7.0},{"damage":14.0,"enemies":"Shell Parasite","floor":20.0,"turns":5.0},{"damage":31.0,"enemies":"Chosen and Byrds","floor":22.0,"turns":10.0},{"damage":27.0,"enemies":"Sentry and Sphere","floor":24.0,"turns":5.0},{"damage":37.0,"enemies":"Book of Stabbing","floor":25.0,"turns":5.0},{"damage":11,"enemies":"Slavers","floor":27,"turns":2}],"seed_played":"-1782554156332344759","potions_obtained":[{"floor":2.0,"key":"EssenceOfSteel"},{"floor":6.0,"key":"SpeedPotion"},{"floor":8.0,"key":"Block Potion"},{"floor":14.0,"key":"BlessingOfTheForge"},{"floor":18.0,"key":"CultistPotion"},{"floor":20.0,"key":"ElixirPotion"},{"floor":24.0,"key":"Energy Potion"}],"is_trial":false,"path_per_floor":["M","M","?","?","$","E","R","E","T","E","R","E","$","M","R","B",null,"M","?","M","?","M","R","M","E","T","E"],"character_chosen":"IRONCLAD","items_purchased":["Sword Boomerang+1","Disarm"],"campfire_rested":2,"item_purchase_floors":[13,13],"current_hp_per_floor":[74,75,75,75,75,75,75,59,59,46,46,36,36,44,66,43,67,44,44,38,53,35,57,38,9,9,0,0],"gold":282,"neow_bonus":"THREE_ENEMY_KILL","is_daily":false,"chose_seed":false,"campfire_upgraded":2,"win_rate":0.0,"timestamp":1608060031,"path_taken":["M","M","?","?","$","E","R","E","T","E","R","E","$","M","R","BOSS","M","?","M","?","M","R","M","E","T","E"],"items_purchased_type":["Card","Card"],"build_version":"2020-12-13","purchased_purges":0,"victory":false,"max_hp_per_floor":[75,75,75,75,75,75,75,75,75,75,75,75,75,75,75,75,75,75,75,75,75,75,75,75,75,75,75,75],"relic_stats":{"Blood Vial":16,"Nunchaku":[0],"Dream Catcher":0,"counters":[14,64],"Self Forming Clay":[123],"Pantograph":0,"Black Star":1,"War Paint":["Defend_R","Defend_R"],"Smiling Mask":0,"obtain_stats":[{"Blood Vial":12,"Nunchaku":25,"Dream Catcher":25,"NeowsBlessing":0,"Self Forming Clay":6,"Pantograph":26,"Molten Egg 2":9,"Black Star":17,"War Paint":10,"Smiling Mask":8,"Burning Blood":0},{"Blood Vial":6,"Nunchaku":13,"Dream Catcher":13,"NeowsBlessing":0,"Self Forming Clay":3,"Pantograph":13,"Molten Egg 2":4,"Black Star":8,"War Paint":5,"Smiling Mask":4,"Burning Blood":0},{"Blood Vial":19,"Nunchaku":62,"Dream Catcher":62,"NeowsBlessing":0,"Self Forming Clay":3,"Pantograph":62,"Molten Egg 2":9,"Black Star":30,"War Paint":13,"Smiling Mask":9,"Burning Blood":0}],"Burning Blood":67},"card_choices":[{"not_picked":["Body Slam","Blood for Blood"],"picked":"Anger","floor":1.0},{"not_picked":["Rupture","Infernal Blade"],"picked":"Burning Pact","floor":2.0},{"not_picked":["Carnage","Heavy Blade"],"picked":"Hemokinesis","floor":6.0},{"not_picked":["Iron Wave","Clothesline"],"picked":"Feel No Pain","floor":8.0},{"not_picked":["Warcry","Headbutt+1"],"picked":"Thunderclap+1","floor":10.0},{"not_picked":["Shockwave","Heavy Blade+1"],"picked":"Spot Weakness","floor":12.0},{"not_picked":["Headbutt+1","Intimidate"],"picked":"Hemokinesis+1","floor":14.0},{"not_picked":["Barricade","Corruption"],"picked":"Reaper+1","floor":16.0},{"not_picked":["Clash+1","Thunderclap+1","Sword Boomerang+1"],"picked":"SKIP","floor":18.0},{"not_picked":["Sever Soul+1","Cleave+1"],"picked":"True Grit+1","floor":20.0},{"not_picked":["Twin Strike+1","Iron Wave+1","Clash+1"],"picked":"SKIP","floor":22.0},{"not_picked":["Armaments","Twin Strike+1","Sword Boomerang+1"],"picked":"SKIP","floor":24.0},{"not_picked":["Twin Strike+1","Sever Soul+1"],"picked":"True Grit","floor":25.0}],"player_experience":2533981,"relics_obtained":[{"floor":6.0,"key":"Self Forming Clay"},{"floor":8.0,"key":"Smiling Mask"},{"floor":9.0,"key":"Molten Egg 2"},{"floor":10.0,"key":"War Paint"},{"floor":12.0,"key":"Blood Vial"},{"floor":25.0,"key":"Nunchaku"},{"floor":25.0,"key":"Dream Catcher"},{"floor":26.0,"key":"Pantograph"}],"event_choices":[{"cards_removed":["Strike_R"],"damage_healed":0.0,"max_hp_gain":0.0,"max_hp_loss":0.0,"gold_gain":0.0,"event_name":"The Cleric","player_choice":"Card Removal","floor":3.0,"gold_loss":75.0,"damage_taken":0.0},{"damage_healed":0.0,"max_hp_gain":0.0,"max_hp_loss":0.0,"gold_gain":0.0,"event_name":"Living Wall","player_choice":"Grow","floor":4.0,"gold_loss":0.0,"damage_taken":0.0,"cards_upgraded":["Bash"]},{"damage_healed":0.0,"max_hp_gain":0.0,"max_hp_loss":0.0,"gold_gain":0.0,"event_name":"Forgotten Altar","player_choice":"Smashed Altar","floor":19.0,"gold_loss":0.0,"damage_taken":0.0,"cards_obtained":["Decay"]},{"damage_healed":15.0,"max_hp_gain":0.0,"max_hp_loss":0.0,"gold_gain":0.0,"event_name":"The Library","player_choice":"Heal","floor":21.0,"gold_loss":0.0,"damage_taken":0.0}],"is_beta":false,"boss_relics":[{"not_picked":["Coffee Dripper","Ectoplasm"],"picked":"Black Star"}],"items_purged_floors":[],"is_endless":false,"potions_floor_spawned":[2,6,8,14,18,20,24],"killed_by":"Slavers","ascension_level":20}}