{"host":"7pe9xwx78c6nlay8","time":1608036987,"event":{"mods":["BaseMod","Minty Spire (QoL Compilation)"],"gold_per_floor":[113,113,133,133,133,133,163,178,253,269,39,50,80,97,97,197,197,214,313,313,313,331,364,364,384,436,324,31,56,68,68],"floor_reached":30,"playtime":827,"items_purged":["Strike_P"],"score":508,"play_id":"fdd7a1de-a70d-4a50-b40f-fe11dad936f4","local_time":"20201215205627","is_ascension_mode":true,"campfire_choices":[{"data":"Eruption","floor":6,"key":"SMITH"},{"data":"PathToVictory","floor":15,"key":"SMITH"},{"floor":24,"key":"REST"}],"circlet_count":0,"master_deck":["AscendersBane","Strike_P+1","Defend_P","Defend_P","Eruption+1","Vigilance","PathToVictory+1","PathToVictory+1","CarveReality","CutThroughFate","ThirdEye","CutThroughFate","ThirdEye+1","PathToVictory","Weave","Weave","JustLucky+1"],"relics":["PureWater","NeowsBlessing","Damaru","Darkstone Periapt","Orichalcum","Bronze Scales","Empty Cage","Singing Bowl","Centennial Puzzle","StoneCalendar","GoldenEye","MawBank"],"acts_visited":["Exordium","TheCity"],"potions_floor_usage":[10,13,16,22,23],"damage_taken":[{"damage":0,"enemies":"Cultist","floor":1,"turns":1},{"damage":0,"enemies":"Small Slimes","floor":3,"turns":1},{"damage":0,"enemies":"3 Sentries","floor":7,"turns":1},{"damage":7,"enemies":"Jaw Worm","floor":8,"turns":2},{"damage":0,"enemies":"Blue Slaver","floor":10,"turns":2},{"damage":12,"enemies":"Exordium Wildlife","floor":12,"turns":3},{"damage":0,"enemies":"Gremlin Nob","floor":13,"turns":2},{"damage":0,"enemies":"Looter","floor":14,"turns":2},{"damage":13,"enemies":"Hexaghost","floor":16,"turns":6},{"damage":6,"enemies":"3 Byrds","floor":18,"turns":3},{"damage":0,"enemies":"2 Thieves","floor":22,"turns":3},{"damage":35,"enemies":"Book of Stabbing","floor":23,"turns":3},{"damage":3,"enemies":"Centurion and Healer","floor":25,"turns":5},{"damage":13,"enemies":"Slavers","floor":29,"turns":5},{"damage":33,"enemies":"Sentry and Sphere","floor":30,"turns":5}],"seed_played":"-8673684698992985034","potions_obtained":[{"floor":1,"key":"Energy Potion"},{"floor":8,"key":"AttackPotion"},{"floor":10,"key":"Strength Potion"},{"floor":13,"key":"Block Potion"},{"floor":14,"key":"PowerPotion"},{"floor":18,"key":"AttackPotion"}],"is_trial":false,"path_per_floor":["M","?","M","?","?","R","E","M","T","M","$","M","E","M","R","B",null,"M","?","?","?","M","E","R","M","T","?","$","E","M"],"character_chosen":"WATCHER","items_purchased":["Orichalcum","GoldenEye"],"campfire_rested":1,"item_purchase_floors":[11,28],"current_hp_per_floor":[65,65,65,51,56,56,56,49,49,49,49,37,37,37,37,24,64,58,58,58,58,58,23,46,45,45,45,45,32,0,0],"gold":68,"neow_bonus":"THREE_ENEMY_KILL","is_daily":false,"chose_seed":false,"campfire_upgraded":2,"win_rate":0.0,"timestamp":1608036987,"path_taken":["M","?","?","?","?","R","E","M","T","M","?","M","E","M","R","BOSS","M","?","?","?","M","E","R","M","T","?","$","E","?"],"items_purchased_type":["Relic","Relic"],"build_version":"2020-12-13","purchased_purges":1,"victory":false,"max_hp_per_floor":[72,72,72,72,77,77,77,77,77,77,77,77,77,77,77,77,77,77,77,77,77,77,77,77,79,79,79,79,79,79,79],"card_choices":[{"not_picked":["Perseverance","EmptyFist"],"picked":"PathToVictory","floor":1},{"not_picked":["InnerPeace","EmptyFist"],"picked":"PathToVictory","floor":3},{"not_picked":["FollowUp","EmptyMind"],"picked":"CarveReality","floor":7},{"not_picked":["Vengeance","Fasting2","WheelKick"],"picked":"SKIP","floor":8},{"not_picked":["Consecrate","FollowUp"],"picked":"CutThroughFate","floor":10},{"not_picked":["EmptyBody","TalkToTheHand","DeceiveReality"],"picked":"SKIP","floor":12},{"not_picked":["Wireheading","FlurryOfBlows"],"picked":"ThirdEye","floor":13},{"not_picked":["InnerPeace","Vault"],"picked":"CutThroughFate","floor":14},{"not_picked":["SignatureMove","SashWhip"],"picked":"ThirdEye+1","floor":18},{"not_picked":["CrushJoints","Prostrate+1"],"picked":"Weave","floor":22},{"not_picked":["JustLucky","Meditate+1"],"picked":"Weave","floor":23},{"not_picked":["Halt+1","CrushJoints","Crescendo"],"picked":"Singing Bowl","floor":25},{"not_picked":["BowlingBash","Blasphemy"],"picked":"JustLucky+1","floor":29}],"player_experience":1523650,"relics_obtained":[{"floor":7,"key":"Damaru"},{"floor":9,"key":"Darkstone Periapt"},{"floor":13,"key":"Bronze Scales"},{"floor":23,"key":"Singing Bowl"},{"floor":26,"key":"Centennial Puzzle"},{"floor":29,"key":"MawBank"}],"event_choices":[{"cards_removed":["Defend_P"],"damage_healed":0,"gold_gain":0,"player_choice":"Purged","damage_taken":0,"max_hp_gain":0,"max_hp_loss":0,"event_name":"Purifier","floor":2,"gold_loss":0},{"damage_healed":0,"gold_gain":0,"player_choice":"Entered Light","damage_taken":14,"max_hp_gain":0,"max_hp_loss":0,"event_name":"Shining Light","floor":4,"gold_loss":0,"cards_upgraded":["Strike_P","PathToVictory"]},{"damage_healed":0,"gold_gain":0,"player_choice":"Donut","damage_taken":0,"max_hp_gain":5,"max_hp_loss":0,"event_name":"Big Fish","floor":5,"gold_loss":0},{"damage_healed":0,"gold_gain":99,"player_choice":"Stole From Cult","damage_taken":0,"max_hp_gain":0,"max_hp_loss":0,"event_name":"Nest","floor":19,"gold_loss":0},{"cards_removed":["Strike_P"],"damage_healed":0,"gold_gain":0,"player_choice":"Elegance","damage_taken":0,"max_hp_gain":0,"max_hp_loss":0,"event_name":"Back to Basics","floor":20,"gold_loss":0},{"damage_healed":0,"gold_gain":0,"player_choice":"Read","damage_taken":0,"max_hp_gain":0,"max_hp_loss":0,"event_name":"The Library","floor":21,"gold_loss":0,"cards_obtained":["PathToVictory"]},{"damage_healed":0,"gold_gain":0,"player_choice":"Paid Gold","damage_taken":0,"relics_obtained":["StoneCalendar"],"max_hp_gain":0,"max_hp_loss":0,"event_name":"WeMeetAgain","floor":27,"gold_loss":112}],"is_beta":false,"boss_relics":[{"not_picked":["Cursed Key","Snecko Eye"],"picked":"Empty Cage"}],"items_purged_floors":[11],"is_endless":false,"potions_floor_spawned":[1,8,10,13,14,18],"killed_by":"Sentry and Sphere","ascension_level":11}}