{"host":"cyh4fejqtcjbfr7k","time":1608013187,"event":{"mods":["2.2 Compatiblity","AchievementEnabler","BaseMod","Colored Map","Colored Powertips","DeckTracker","Downfall","Googly Eyes","Hubris","Infinite Spire","Minty Spire (QoL Compilation)","Replay The Spire","Shop Mod","StSLib","SuperFastMode","The Disciple","Unceasing Turn Reminder"],"gold_per_floor":[113,127,127,127,127,155,155,185,185,185,185,128,128,80,80,184,184,202,214,214,214,214,214,67,67,67,67,67,94,44,44,44,143,143,162,162,66,66,84,84,84],"floor_reached":40,"playtime":1601,"items_purged":["ReplayTheSpireMod:Echoes of Time"],"score":332,"play_id":"24dbc34d-68ed-4598-a669-0437e2723784","local_time":"20201214231947","is_ascension_mode":true,"campfire_choices":[{"floor":7,"key":"REST"},{"floor":10,"key":"REST"},{"data":"Poisoned Stab","floor":13,"key":"SMITH"},{"floor":15,"key":"DIG"},{"floor":23,"key":"REST"},{"floor":28,"key":"REST"},{"floor":32,"key":"REST"}],"circlet_count":0,"master_deck":["Strike_G","Strike_G","Strike_G","Strike_G","Strike_G","Defend_G+1","Defend_G","Defend_G","Defend_G","Defend_G","Survivor","Neutralize","Noxious Fumes+1","Poisoned Stab+1","Sucker Punch","Flying Knee","Noxious Fumes+1","Deadly Poison+1","Corpse Explosion","Flying Knee+1","Flying Knee+1","Glass Knife","Dagger Spray+1","Blade Dance+1"],"relics":["Ring of the Snake","hubris:Towel","Singing Bowl","hubris:TenFootPole","Juzu Bracelet","hubris:OldNail","WristBlade","Boot","Ring of the Serpent","Regal Pillow","Gremlin Horn","Replay:Arrowhead","hubris:Backtick","The Specimen"],"acts_visited":["Exordium","TheCity","TheBeyond"],"potions_floor_usage":[16,16,29,29,33],"damage_taken":[{"damage":2,"enemies":"2 Louse","floor":1,"turns":2},{"damage":2,"enemies":"Small Slimes","floor":2,"turns":3},{"damage":19,"enemies":"3 Sentries","floor":6,"turns":7},{"damage":24,"enemies":"Gremlin Nob","floor":8,"turns":4},{"damage":19,"enemies":"The Guardian","floor":16,"turns":8},{"damage":16,"enemies":"Chosen","floor":18,"turns":5},{"damage":42,"enemies":"Shell Parasite","floor":19,"turns":6},{"damage":63,"enemies":"Slavers","floor":29,"turns":5},{"damage":23,"enemies":"Champ","floor":33,"turns":10},{"damage":60,"enemies":"3 Darklings","floor":35,"turns":5},{"damage":34,"enemies":"Orb Walker","floor":39,"turns":4},{"damage":30,"enemies":"Reptomancer","floor":40,"turns":2}],"seed_played":"7044375765098832531","potions_obtained":[{"floor":6,"key":"LiquidBronze"},{"floor":8,"key":"SteroidPotion"},{"floor":18,"key":"GamblersBrew"},{"floor":19,"key":"PowerPotion"}],"is_trial":false,"path_per_floor":["M","M","$","?","?","E","R","E","T","R","?","$","R","$","R_BF","B",null,"M","M","?","AVR","?","R","$","?","T","?","R","E","$","?","R","B",null,"M","?","$","NS","M","E"],"character_chosen":"THE_SILENT","items_purchased":["Noxious Fumes+1","Deadly Poison","Regal Pillow","Block Potion","FairyPotion"],"campfire_rested":5,"item_purchase_floors":[12,14,24,30,37],"current_hp_per_floor":[68,66,66,66,66,49,70,46,46,67,67,67,67,67,67,48,72,56,14,14,14,14,35,35,35,35,35,71,10,10,10,47,24,74,14,14,14,14,20,0,0],"gold":84,"neow_bonus":"RANDOM_EVENT","is_daily":false,"chose_seed":false,"campfire_upgraded":1,"win_rate":0.0,"timestamp":1608013187,"path_taken":["M","M","$","?","?","E","R","E","T","R","?","$","R","?","R_BF","BOSS","M","M","?","AVR","?","R","?","?","T","?","R","E","$","?","R","BOSS","M","?","$","NS","M","E"],"items_purchased_type":["Card","Card","Relic","Potion","Potion"],"build_version":"2020-12-13","purchased_purges":1,"victory":false,"max_hp_per_floor":[70,70,70,70,70,72,72,72,72,72,72,72,72,72,72,72,72,72,72,72,72,72,72,72,72,72,72,72,74,74,74,74,74,74,74,74,74,74,74,74,74],"card_choices":[{"not_picked":["Dash","Dagger Spray"],"picked":"Poisoned Stab","floor":1},{"not_picked":["Slice","Cloak And Dagger"],"picked":"Sucker Punch","floor":2},{"not_picked":["Blade Dance","Setup","Backflip"],"picked":"Singing Bowl","floor":6},{"not_picked":["Deflect","Infinite Blades"],"picked":"Flying Knee","floor":8},{"not_picked":["Bullet Time","Phantasmal Killer"],"picked":"Corpse Explosion","floor":16},{"not_picked":["Prepared","Dagger Throw"],"picked":"Flying Knee+1","floor":18},{"not_picked":["Quick Slash","ReplayTheSpireMod:Exploit Weakness"],"picked":"Flying Knee+1","floor":19},{"not_picked":["Fluid Movement","Well Laid Plans","ReplayTheSpireMod:Speed Training"],"picked":"Singing Bowl","floor":29},{"not_picked":["Phantasmal Killer","Grand Finale"],"picked":"Glass Knife","floor":33},{"not_picked":["Sucker Punch+1","Underhanded Strike+1"],"picked":"Dagger Spray+1","floor":35},{"not_picked":["Backstab+1","Underhanded Strike+1"],"picked":"Blade Dance+1","floor":39}],"player_experience":576467,"relics_obtained":[{"floor":6,"key":"Singing Bowl"},{"floor":8,"key":"hubris:TenFootPole"},{"floor":9,"key":"Juzu Bracelet"},{"floor":15,"key":"hubris:OldNail"},{"floor":26,"key":"Gremlin Horn"},{"floor":29,"key":"Replay:Arrowhead"}],"event_choices":[{"damage_healed":0,"gold_gain":0,"player_choice":"Grow","damage_taken":0,"max_hp_gain":0,"max_hp_loss":0,"event_name":"Living Wall","floor":5,"gold_loss":0,"cards_upgraded":["Noxious Fumes"]},{"damage_healed":0,"gold_gain":0,"player_choice":"Ignored","damage_taken":0,"max_hp_gain":0,"max_hp_loss":0,"event_name":"Golden Wing","floor":11,"gold_loss":0},{"damage_healed":0,"gold_gain":0,"player_choice":"Leave","damage_taken":0,"max_hp_gain":0,"max_hp_loss":0,"event_name":"FaceTrader","floor":20,"gold_loss":0},{"damage_healed":0,"gold_gain":0,"player_choice":"0 cards matched","damage_taken":0,"max_hp_gain":0,"max_hp_loss":0,"event_name":"Match and Keep!","floor":22,"gold_loss":0,"cards_obtained":[]},{"damage_healed":0,"gold_gain":0,"player_choice":"Ignored","damage_taken":0,"max_hp_gain":0,"max_hp_loss":0,"event_name":"Vampires","floor":25,"gold_loss":0},{"damage_healed":0,"gold_gain":0,"player_choice":"Forge","damage_taken":0,"max_hp_gain":0,"max_hp_loss":0,"event_name":"Accursed Blacksmith","floor":36,"gold_loss":0,"cards_upgraded":["Defend_G"]}],"is_beta":false,"boss_relics":[{"not_picked":["hubris:VirtuousBlindfold","Astrolabe"],"picked":"WristBlade"},{"not_picked":["Calling Bell","Replay:Bronze Core"],"picked":"hubris:Backtick"}],"items_purged_floors":[21],"is_endless":false,"potions_floor_spawned":[6,8,18,19],"killed_by":"Reptomancer","ascension_level":2}}