{"host":"yfjdi361m7pxsbqz","time":1608029491,"event":{"mods":["BaseMod","DeckTracker","Lobotomy","Minty Spire (QoL Compilation)","Quick Restart","StSLib","SuperFastMode"],"gold_per_floor":[116,132,132,150,150,182,17,17,17,33,68,81,108,127,127,203,203,214,229,229,241,12,41,59,94,163,163,188,202,202,220,220,297,297,313,326,326,326,326,326],"floor_reached":41,"playtime":2475,"items_purged":["Bludgeon"],"score":3596,"play_id":"738777b4-c5ac-4baf-9696-90db5f9bcd43","local_time":"20201215195131","is_ascension_mode":true,"campfire_choices":[{"data":"Sword Boomerang","floor":8.0,"key":"SMITH"},{"data":"Flex","floor":15.0,"key":"SMITH"},{"data":"Dark Embrace","floor":27.0,"key":"SMITH"},{"data":"Offering","floor":32.0,"key":"SMITH"}],"circlet_count":0,"master_deck":["AscendersBane","Bash","CrumblingArmor","Twin Strike","MeatLantern","Pommel Strike+1","MHz","Sword Boomerang+1","SpiderBud","UniverseFragment","Exhume","Variant","Second Wind","Woodsman","Flex+1","Limit Break","Rampage+1","Limit Break","Metallicize","Barricade","Rage+1","Anger+1","Combust","VoidDream","Impervious","Shockwave","Offering+1","Dark Embrace+1","Power Through+1","Porccubus","Reaper","Warcry+1"],"relics":["Burning Blood","CogitoBucket","RabbitCall","HornCleat","Red Skull","Centennial Puzzle","Ornamental Fan","Matryoshka","HellTrain","Ancient Tea Set","Pandora\u0027s Box","AdjustmentMirror","StrikeDummy","Whetstone","War Paint","Blood Vial","ChangeAnything","AtMidnight","Nloth\u0027s Gift","Busted Crown"],"acts_visited":["Exordium","TheCity","TheBeyond"],"potions_floor_usage":[41],"damage_taken":[{"damage":16.0,"enemies":"2 Louse","floor":1.0,"turns":3.0},{"damage":2.0,"enemies":"Jaw Worm","floor":2.0,"turns":3.0},{"damage":0.0,"enemies":"Cultist","floor":4.0,"turns":2.0},{"damage":6.0,"enemies":"3 Sentries","floor":6.0,"turns":6.0},{"damage":0.0,"enemies":"Exordium Thugs","floor":10.0,"turns":3.0},{"damage":0.0,"enemies":"Gremlin Nob","floor":11.0,"turns":3.0},{"damage":3.0,"enemies":"Blue Slaver","floor":12.0,"turns":6.0},{"damage":11.0,"enemies":"Lagavulin","floor":13.0,"turns":6.0},{"damage":47.0,"enemies":"Lots of Slimes","floor":14.0,"turns":5.0},{"damage":24.0,"enemies":"The Guardian","floor":16.0,"turns":12.0},{"damage":1.0,"enemies":"3 Byrds","floor":18.0,"turns":5.0},{"damage":24.0,"enemies":"Shell Parasite","floor":19.0,"turns":5.0},{"damage":0.0,"enemies":"Sentry and Sphere","floor":21.0,"turns":4.0},{"damage":63.0,"enemies":"Gremlin Leader","floor":23.0,"turns":4.0},{"damage":10.0,"enemies":"Snake Plant","floor":24.0,"turns":2.0},{"damage":14.0,"enemies":"Slavers","floor":25.0,"turns":3.0},{"damage":23.0,"enemies":"Gremlin Leader","floor":28.0,"turns":4.0},{"damage":37.0,"enemies":"Snecko","floor":29.0,"turns":5.0},{"damage":0.0,"enemies":"Cultist and Chosen","floor":31.0,"turns":4.0},{"damage":22.0,"enemies":"Champ","floor":33.0,"turns":4.0},{"damage":21.0,"enemies":"Orb Walker","floor":35.0,"turns":5.0},{"damage":44.0,"enemies":"3 Shapes","floor":36.0,"turns":7.0},{"damage":8.0,"enemies":"Awakened One","floor":38.0,"turns":10.0},{"damage":4.0,"enemies":"Donu and Deca","floor":39.0,"turns":7.0},{"damage":51,"enemies":"Malkuth","floor":41,"turns":22},{"damage":27,"enemies":"Netzach","floor":41,"turns":14},{"damage":38,"enemies":"Chesed","floor":41,"turns":6}],"seed_played":"7043217589355618740","potions_obtained":[{"floor":10.0,"key":"Regen Potion"},{"floor":11.0,"key":"Energy Potion"},{"floor":14.0,"key":"Fruit Juice"},{"floor":16.0,"key":"CultistPotion"},{"floor":28.0,"key":"Block Potion"},{"floor":36.0,"key":"Weak Potion"}],"is_trial":false,"path_per_floor":["M","M","?","M","?","E","$","R","T","M","E","M","E","M","R","B",null,"M","M","?","M","$","E","M","E","T","R","E","M","?","M","R","B",null,"M","M","?","B","B",null,null],"character_chosen":"IRONCLAD","items_purchased":["Centennial Puzzle","Offering","Dark Embrace"],"campfire_rested":0,"item_purchase_floors":[7,22,22],"current_hp_per_floor":[58,62,39,45,34,34,34,34,34,40,46,49,44,38,38,50,73,80,80,80,80,80,29,31,41,41,41,36,9,9,35,35,21,65,80,48,48,50,54,54],"gold":326,"neow_bonus":"","is_daily":false,"chose_seed":false,"campfire_upgraded":4,"win_rate":0.0,"timestamp":1608029491,"path_taken":["M","M","?","M","?","E","$","R","T","M","E","M","E","M","R","BOSS","M","M","?","?","$","E","M","E","T","R","E","M","?","M","R","BOSS","M","M","?","BOSS","BOSS"],"items_purchased_type":["Relic","Card","Card"],"build_version":"2020-12-13","purchased_purges":1,"victory":true,"max_hp_per_floor":[75,75,75,75,75,75,75,75,75,75,75,75,75,80,80,80,80,80,80,80,80,80,80,80,80,80,80,80,80,80,80,80,80,80,80,80,80,80,80,80],"card_choices":[{"not_picked":["VoidDream","GreedKing"],"picked":"CrumblingArmor","floor":1.0},{"not_picked":["Havoc","Warcry"],"picked":"Twin Strike","floor":1.0},{"not_picked":["Variant","PunishingBird"],"picked":"MeatLantern","floor":2.0},{"not_picked":["Warcry","Entrench"],"picked":"Pommel Strike","floor":2.0},{"not_picked":["NakedNest","WallGazer"],"picked":"MHz","floor":4.0},{"not_picked":["Perfected Strike","Uppercut"],"picked":"Sword Boomerang","floor":4.0},{"not_picked":["CherryBlossoms","WallGazer","OSAHOGD"],"picked":"Singing Bowl","floor":6.0},{"not_picked":["OSAHOGD","HappyTeddy"],"picked":"SpiderBud","floor":6.0},{"not_picked":["Body Slam","Clash","Sword Boomerang"],"picked":"SKIP","floor":6.0},{"not_picked":["ShyLook","HeroicMonk","PlagueDoctor"],"picked":"Singing Bowl","floor":10.0},{"not_picked":["PunishingBird","OSAHOGD"],"picked":"CherryBlossoms","floor":10.0},{"not_picked":["Carnage","Sever Soul","Warcry"],"picked":"SKIP","floor":10.0},{"not_picked":["Wellcheers","SnowQueen","Yin"],"picked":"Singing Bowl","floor":11.0},{"not_picked":["Scorched","NakedNest"],"picked":"UniverseFragment","floor":11.0},{"not_picked":["Combust","Battle Trance"],"picked":"Exhume","floor":11.0},{"not_picked":["HappyTeddy","Murderer"],"picked":"Variant","floor":12.0},{"not_picked":["Combust","Wild Strike"],"picked":"Second Wind","floor":12.0},{"not_picked":["BigBadWolf","Scorched"],"picked":"Woodsman","floor":13.0},{"not_picked":["Anger","Warcry"],"picked":"Flex","floor":13.0},{"not_picked":["LongBird","LittleHelper","BlackArmy"],"picked":"Singing Bowl","floor":14.0},{"not_picked":["Searing Blow","Rage","Clash"],"picked":"SKIP","floor":14.0},{"not_picked":["SingingMachine","DespairKnight","DreamingCurrent"],"picked":"Singing Bowl","floor":16.0},{"not_picked":["Berserk","Double Tap"],"picked":"Limit Break","floor":16.0},{"not_picked":["ShyLook","FairyFestival","HeroicMonk"],"picked":"Singing Bowl","floor":18.0},{"not_picked":["Wild Strike","Twin Strike","Shrug It Off"],"picked":"SKIP","floor":18.0},{"not_picked":["BeautyBeast","OSAHOGD","NakedNest"],"picked":"Singing Bowl","floor":19.0},{"not_picked":["Scarecrow","RedShoes"],"picked":"VoidDream","floor":19.0},{"not_picked":["Headbutt","Sentinel+1"],"picked":"Impervious","floor":19.0},{"not_picked":["Freischutz","Mercenary","Wellcheers"],"picked":"Singing Bowl","floor":21.0},{"not_picked":["Headbutt","Second Wind","Clothesline"],"picked":"SKIP","floor":21.0},{"not_picked":["FieryBird","SingingMachine","RedShoes"],"picked":"Singing Bowl","floor":23.0},{"not_picked":["Flame Barrier","Bludgeon"],"picked":"Power Through","floor":23.0},{"not_picked":["Bloodbath","Wellcheers"],"picked":"Porccubus","floor":24.0},{"not_picked":["Shrug It Off","Warcry","Spot Weakness"],"picked":"SKIP","floor":24.0},{"not_picked":["OSAHOGD","BlackArmy","HappyTeddy"],"picked":"Singing Bowl","floor":25.0},{"not_picked":["Flex","Shockwave","Perfected Strike"],"picked":"SKIP","floor":25.0},{"not_picked":["LittlePrince","Murderer","CherryBlossoms"],"picked":"Singing Bowl","floor":28.0},{"not_picked":["Limit Break","Rampage","Twin Strike"],"picked":"SKIP","floor":28.0},{"not_picked":["SnowQueen","WhitesApple","FairyFestival"],"picked":"Singing Bowl","floor":29.0},{"not_picked":["Headbutt","Wild Strike","Second Wind"],"picked":"SKIP","floor":29.0},{"not_picked":["NothingThere","BigBadWolf","QueenBee"],"picked":"Singing Bowl","floor":31.0},{"not_picked":["Warcry+1","Cleave+1","Impervious"],"picked":"SKIP","floor":31.0},{"not_picked":["HeroicMonk","PlagueDoctor","HappyTeddy"],"picked":"Singing Bowl","floor":33.0},{"not_picked":["Juggernaut","Double Tap"],"picked":"Reaper","floor":33.0},{"not_picked":["Bloodbath","PunishingBird","QueenOfHatred"],"picked":"Singing Bowl","floor":35.0},{"not_picked":[],"picked":"Warcry+1","floor":35.0},{"not_picked":["Yin","Murderer","Bloodbath"],"picked":"Singing Bowl","floor":36.0},{"not_picked":["Impervious"],"picked":"SKIP","floor":36.0}],"player_experience":1134662,"relics_obtained":[{"floor":6.0,"key":"Red Skull"},{"floor":9.0,"key":"Ornamental Fan"},{"floor":11.0,"key":"Matryoshka"},{"floor":13.0,"key":"Ancient Tea Set"},{"floor":23.0,"key":"StrikeDummy"},{"floor":25.0,"key":"Whetstone"},{"floor":26.0,"key":"War Paint"},{"floor":26.0,"key":"White Beast Statue"},{"floor":28.0,"key":"Blood Vial"},{"floor":29.0,"key":"AtMidnight"}],"event_choices":[{"damage_healed":0.0,"max_hp_gain":0.0,"max_hp_loss":0.0,"gold_gain":0.0,"event_name":"Shining Light","player_choice":"Entered Light","floor":3.0,"gold_loss":0.0,"damage_taken":23.0,"cards_upgraded":["Pommel Strike","Strike_R"]},{"damage_healed":0.0,"max_hp_gain":0.0,"max_hp_loss":0.0,"gold_gain":0.0,"event_name":"Scrap Ooze","player_choice":"Success","floor":5.0,"gold_loss":0.0,"damage_taken":11.0,"relics_obtained":["HornCleat"]},{"damage_healed":0.0,"max_hp_gain":0.0,"max_hp_loss":0.0,"gold_gain":0.0,"cards_transformed":["Body Slam"],"event_name":"Transmorgrifier","player_choice":"Transformed","floor":20.0,"gold_loss":0.0,"damage_taken":0.0,"cards_obtained":["Shockwave"]},{"damage_healed":0.0,"max_hp_gain":0.0,"max_hp_loss":0.0,"gold_gain":0.0,"event_name":"N\u0027loth","player_choice":"Traded Relic","floor":30.0,"relics_lost":["White Beast Statue"],"gold_loss":0.0,"damage_taken":0.0,"relics_obtained":["Nloth\u0027s Gift"]},{"damage_healed":0.0,"max_hp_gain":0.0,"max_hp_loss":0.0,"gold_gain":0.0,"event_name":"SecretPortal","player_choice":"Took Portal","floor":37.0,"gold_loss":0.0,"damage_taken":0.0}],"is_beta":false,"boss_relics":[{"not_picked":["Sozu","Runic Dome"],"picked":"Pandora\u0027s Box"},{"not_picked":["Velvet Choker","Snecko Eye"],"picked":"Busted Crown"}],"items_purged_floors":[22],"is_endless":false,"potions_floor_spawned":[10,11,13,14,16,18,23,25,28,36],"ascension_level":20}}