{"host":"0cm5wy4nhuju7tij","time":1608021989,"event":{"mods":["2.2 Compatiblity","AchievementEnabler","Astrologer","BaseMod","Better Third Choice","BetterRewards","CCEM","Colored Powertips","Custom Start","Displayed Cursed Tome","Downfall","Energized Spire","Filter the Spire","Fireblade Mod","Highlight Path","Minty Spire (QoL Compilation)","Permanent Neow","Railgun Mod","Robot Space Explorer","Shop Mod","Spicy Shops","StSLib","The Elementalist","The Servant 0.9.4"],"gold_per_floor":[116,128,144,162,175,175,189,203,230,230,230,259,259,259,259,357,357,369,369,77,77,92,92,107,107,107,124,144,44,57,70,70,174,174,191,204,224,99,99,99,99],"floor_reached":40,"playtime":2989,"items_purged":["RobotSpaceExplorer:Strike","Decay","RobotSpaceExplorer:Strike"],"score":394,"play_id":"80b7ca58-d872-4e02-8d6b-7a7645f3f8d1","local_time":"20201215034629","is_ascension_mode":false,"campfire_choices":[{"data":"RobotSpaceExplorer:HighVoltage","floor":6,"key":"SMITH"},{"data":"DevaForm","floor":11,"key":"SMITH"},{"floor":13,"key":"REST"},{"floor":15,"key":"REST"},{"data":"RobotSpaceExplorer:PowerGlove","floor":23,"key":"SMITH"},{"data":"RobotSpaceExplorer:BlastShield","floor":25,"key":"SMITH"},{"floor":32,"key":"REST"}],"circlet_count":0,"master_deck":["RobotSpaceExplorer:Strike","RobotSpaceExplorer:Strike","RobotSpaceExplorer:Defend","RobotSpaceExplorer:Defend","RobotSpaceExplorer:Scan","RobotSpaceExplorer:MiniLasers","RobotSpaceExplorer:Pulsar","RobotSpaceExplorer:SurgingShield","RobotSpaceExplorer:FreezingShield","RobotSpaceExplorer:HighVoltage+1","RobotSpaceExplorer:MiniDrones","RobotSpaceExplorer:ToxicBomb","RobotSpaceExplorer:PowerGlove+1","DevaForm+1","RobotSpaceExplorer:StunGrenade","RobotSpaceExplorer:MakeshiftVolley","RobotSpaceExplorer:ChargingLaser","RobotSpaceExplorer:FrostMissile+1","RobotSpaceExplorer:SurgingStrike","RobotSpaceExplorer:ImprovisedAttack","RobotSpaceExplorer:BlastShield+1","RobotSpaceExplorer:SurgingShield","RobotSpaceExplorer:Reload","RobotSpaceExplorer:BigMissile","RobotSpaceExplorer:ShovelStrike","RobotSpaceExplorer:Pulsar+1","RobotSpaceExplorer:SurgingShield","RobotSpaceExplorer:TrailblazerForm","RobotSpaceExplorer:TurboDodge","RobotSpaceExplorer:PowerGlove+1"],"relics":["RobotSpaceExplorer:TurboCore","Orichalcum","Potion Belt","RobotSpaceExplorer:ClockworkSextant","Ancient Tea Set","Cursed Key","RobotSpaceExplorer:BottledGravity"],"acts_visited":["Exordium","TheCity","TheBeyond"],"potions_floor_usage":[37,40,40,40],"damage_taken":[{"damage":0,"enemies":"Cultist","floor":1,"turns":5},{"damage":0,"enemies":"2 Louse","floor":2,"turns":3},{"damage":0,"enemies":"Small Slimes","floor":3,"turns":5},{"damage":0,"enemies":"Red Slaver","floor":4,"turns":5},{"damage":19,"enemies":"2 Fungi Beasts","floor":5,"turns":6},{"damage":0,"enemies":"Exordium Thugs","floor":7,"turns":3},{"damage":2,"enemies":"Blue Slaver","floor":8,"turns":3},{"damage":21,"enemies":"Gremlin Nob","floor":12,"turns":5},{"damage":30,"enemies":"Hexaghost","floor":16,"turns":9},{"damage":13,"enemies":"2 Thieves","floor":18,"turns":4},{"damage":0,"enemies":"Chosen","floor":22,"turns":4},{"damage":8,"enemies":"Snecko","floor":24,"turns":4},{"damage":8,"enemies":"3 Cultists","floor":27,"turns":5},{"damage":7,"enemies":"Snake Plant","floor":28,"turns":4},{"damage":9,"enemies":"Snecko","floor":30,"turns":5},{"damage":6,"enemies":"Sentry and Sphere","floor":31,"turns":3},{"damage":38,"enemies":"Automaton","floor":33,"turns":8},{"damage":17,"enemies":"Orb Walker","floor":35,"turns":5},{"damage":24,"enemies":"3 Darklings","floor":36,"turns":7},{"damage":11,"enemies":"Maw","floor":37,"turns":8},{"damage":38,"enemies":"Giant Head","floor":40,"turns":7}],"seed_played":"-8633331762680294431","potions_obtained":[{"floor":1,"key":"SpeedPotion"},{"floor":2,"key":"SteroidPotion"},{"floor":5,"key":"RobotSpaceExplorer:PlasmaFlask"},{"floor":12,"key":"Swift Potion"},{"floor":22,"key":"FearPotion"}],"is_trial":false,"path_per_floor":["M","M","M","M","M","R","M","M","T","?","R","E","R","?","R","B",null,"M","T","$","?","M","R","M","R","T","M","M","$","M","M","R","B",null,"M","M","M","$","?","E"],"character_chosen":"RobotSpaceExplorer","items_purchased":["RobotSpaceExplorer:SurgingStrike","RobotSpaceExplorer:ImprovisedAttack","RobotSpaceExplorer:BlastShield"],"campfire_rested":3,"item_purchase_floors":[20,20,20],"current_hp_per_floor":[75,75,75,75,56,56,56,54,54,49,49,28,50,50,72,42,75,62,62,62,62,62,62,54,54,54,46,39,39,30,24,46,8,75,58,34,23,23,23,0,0],"gold":99,"neow_bonus":"RANDOM_COMMON_RELIC","is_daily":false,"chose_seed":false,"campfire_upgraded":4,"win_rate":0.0,"timestamp":1608021989,"path_taken":["M","?","M","M","M","R","M","?","T","?","R","E","R","?","R","BOSS","M","?","$","?","M","R","M","R","T","M","?","?","M","M","R","BOSS","M","M","M","$","?","E"],"items_purchased_type":["Card","Card","Card"],"build_version":"2020-12-13","purchased_purges":3,"victory":false,"max_hp_per_floor":[75,75,75,75,75,75,75,75,75,75,75,75,75,75,75,75,75,75,75,75,75,75,75,75,75,75,75,75,75,75,75,75,75,75,75,75,75,75,75,75,75],"card_choices":[{"not_picked":["RobotSpaceExplorer:GlueShot","RobotSpaceExplorer:RigExplosive"],"picked":"RobotSpaceExplorer:Pulsar","floor":1},{"not_picked":["RobotSpaceExplorer:ScrapToss","RobotSpaceExplorer:Smokescreen"],"picked":"RobotSpaceExplorer:SurgingShield","floor":2},{"not_picked":["RobotSpaceExplorer:SwiftStep","RobotSpaceExplorer:Probe"],"picked":"RobotSpaceExplorer:FreezingShield","floor":3},{"not_picked":["RobotSpaceExplorer:FreezingShield","RobotSpaceExplorer:Ammunition"],"picked":"RobotSpaceExplorer:HighVoltage","floor":4},{"not_picked":["RobotSpaceExplorer:SwiftStep","RobotSpaceExplorer:GlueShot"],"picked":"RobotSpaceExplorer:MiniDrones","floor":5},{"not_picked":["RobotSpaceExplorer:GlueSpray","RobotSpaceExplorer:Counterblock"],"picked":"RobotSpaceExplorer:ToxicBomb","floor":7},{"not_picked":["RobotSpaceExplorer:Ammunition","RobotSpaceExplorer:MiniDrones"],"picked":"RobotSpaceExplorer:PowerGlove","floor":8},{"not_picked":["RobotSpaceExplorer:FranticSearch","RobotSpaceExplorer:TrailblazerForm"],"picked":"RobotSpaceExplorer:StunGrenade","floor":12},{"not_picked":["RobotSpaceExplorer:Wormhole","RobotSpaceExplorer:Arsenal"],"picked":"RobotSpaceExplorer:ChargingLaser","floor":16},{"not_picked":["RobotSpaceExplorer:FranticSearch","RobotSpaceExplorer:ScrapShield"],"picked":"RobotSpaceExplorer:FrostMissile+1","floor":18},{"not_picked":["RobotSpaceExplorer:DualCore","RobotSpaceExplorer:FranticSearch+1"],"picked":"RobotSpaceExplorer:SurgingShield","floor":22},{"not_picked":["RobotSpaceExplorer:MiniBoosters","RobotSpaceExplorer:BigMissile"],"picked":"RobotSpaceExplorer:Reload","floor":24},{"not_picked":["RobotSpaceExplorer:FranticSearch","RobotSpaceExplorer:MakeshiftVolley"],"picked":"RobotSpaceExplorer:BigMissile","floor":27},{"not_picked":["RobotSpaceExplorer:SwiftStep","RobotSpaceExplorer:MakeshiftVolley+1"],"picked":"RobotSpaceExplorer:ShovelStrike","floor":28},{"not_picked":["RobotSpaceExplorer:MiniDrones+1","RobotSpaceExplorer:SurgingShield"],"picked":"RobotSpaceExplorer:Pulsar+1","floor":30},{"not_picked":["RobotSpaceExplorer:SurgingStrike","RobotSpaceExplorer:Pulsar"],"picked":"RobotSpaceExplorer:SurgingShield","floor":31},{"not_picked":["RobotSpaceExplorer:Asteroid","RobotSpaceExplorer:Multitool"],"picked":"RobotSpaceExplorer:TrailblazerForm","floor":33},{"not_picked":["RobotSpaceExplorer:MakeshiftVolley+1","RobotSpaceExplorer:SurgingShield+1"],"picked":"RobotSpaceExplorer:TurboDodge","floor":35},{"not_picked":["RobotSpaceExplorer:ImprovisedAttack+1","RobotSpaceExplorer:Pulsar+1"],"picked":"RobotSpaceExplorer:PowerGlove+1","floor":36},{"not_picked":["RobotSpaceExplorer:ShovelStrike","RobotSpaceExplorer:Ammunition","RobotSpaceExplorer:SurgingStrike"],"picked":"SKIP","floor":37}],"player_experience":193354,"relics_obtained":[{"floor":9,"key":"Potion Belt"},{"floor":12,"key":"Ancient Tea Set"},{"floor":19,"key":"RobotSpaceExplorer:BottledGravity"}],"event_choices":[{"damage_healed":0,"gold_gain":0,"cards_transformed":["RobotSpaceExplorer:Defend"],"player_choice":"Transformed","damage_taken":0,"max_hp_gain":0,"max_hp_loss":0,"event_name":"Transmorgrifier","floor":14,"gold_loss":0,"cards_obtained":["RobotSpaceExplorer:MakeshiftVolley"]},{"cards_removed":["RobotSpaceExplorer:Defend"],"damage_healed":0,"gold_gain":0,"player_choice":"Card Removal","damage_taken":0,"max_hp_gain":0,"max_hp_loss":0,"event_name":"Wheel of Change","floor":21,"gold_loss":0},{"damage_healed":0,"gold_gain":0,"player_choice":"Ignored","damage_taken":0,"max_hp_gain":0,"max_hp_loss":0,"event_name":"Tomb of Lord Red Mask","floor":39,"gold_loss":0}],"is_beta":false,"boss_relics":[{"not_picked":["Busted Crown","Runic Dome"],"picked":"Cursed Key"},{"not_picked":["energizedSpire:OgreHead","Black Star"],"picked":"RobotSpaceExplorer:TurboCore"}],"items_purged_floors":[20,29,38],"is_endless":false,"potions_floor_spawned":[1,2,5,12,22,27,30,31,35],"killed_by":"Giant Head","ascension_level":0}}