{"host":"b3p2mc8zhjyw3mtc","time":1608033523,"event":{"mods":["BaseMod","Colored Map","Colored Powertips","DeckTracker","Friendly Minions","Minty Spire (QoL Compilation)","SuperFastMode"],"gold_per_floor":[119,138,138,152,37,64,64,83,83,34,59,59,70,70,70,174,174,191,209,53,63,77,77,91,141,166,166,166],"floor_reached":27,"playtime":786,"items_purged":["Strike_B"],"score":225,"play_id":"225a0211-9b96-463f-829c-40dc9eddf84a","local_time":"20201215205843","is_ascension_mode":false,"campfire_choices":[{"data":"Zap","floor":7,"key":"SMITH"},{"data":"Dualcast","floor":12,"key":"SMITH"},{"floor":15,"key":"REST"},{"floor":23,"key":"REST"}],"circlet_count":0,"master_deck":["Strike_B","Strike_B","Strike_B","Defend_B","Defend_B","Defend_B","Defend_B","Zap+1","Dualcast+1","Coolheaded","Ball Lightning","Static Discharge","Hologram","Ball Lightning","Self Repair","Storm","Echo Form"],"relics":["Cracked Core","NeowsBlessing","Nunchaku","Bronze Scales","Kunai","Fusion Hammer","Lantern","Omamori","Happy Flower"],"acts_visited":["Exordium","TheCity"],"potions_floor_usage":[6,13,22,22,27],"damage_taken":[{"damage":0,"enemies":"2 Louse","floor":1,"turns":1},{"damage":0,"enemies":"Cultist","floor":2,"turns":1},{"damage":0,"enemies":"Small Slimes","floor":4,"turns":1},{"damage":14,"enemies":"Lagavulin","floor":6,"turns":5},{"damage":12,"enemies":"Red Slaver","floor":8,"turns":4},{"damage":30,"enemies":"Gremlin Nob","floor":11,"turns":4},{"damage":9,"enemies":"2 Fungi Beasts","floor":13,"turns":2},{"damage":18,"enemies":"Hexaghost","floor":16,"turns":7},{"damage":34,"enemies":"Shell Parasite","floor":18,"turns":3},{"damage":11,"enemies":"Chosen","floor":19,"turns":4},{"damage":30,"enemies":"Snake Plant","floor":21,"turns":2},{"damage":0,"enemies":"Snecko","floor":22,"turns":6},{"damage":30,"enemies":"Centurion and Healer","floor":24,"turns":6},{"damage":27,"enemies":"Slavers","floor":27,"turns":2}],"seed_played":"-4434632654205989525","potions_obtained":[{"floor":4,"key":"EssenceOfSteel"},{"floor":6,"key":"SpeedPotion"},{"floor":11,"key":"Fire Potion"},{"floor":21,"key":"Block Potion"},{"floor":24,"key":"SpeedPotion"}],"is_trial":false,"path_per_floor":["M","M","?","M","$","E","R","M","T","$","E","R","M","$","R","B",null,"M","M","$","M","M","R","M","T","T","E"],"character_chosen":"DEFECT","items_purchased":["Static Discharge","Ball Lightning","Lantern"],"campfire_rested":2,"item_purchase_floors":[5,10,20],"current_hp_per_floor":[75,75,68,68,68,54,54,42,42,42,12,12,10,10,32,21,75,48,44,44,14,28,50,27,27,27,0,0],"gold":166,"neow_bonus":"THREE_ENEMY_KILL","is_daily":false,"chose_seed":false,"campfire_upgraded":2,"win_rate":0.0,"timestamp":1608033523,"path_taken":["M","M","?","M","?","E","R","?","T","$","E","R","M","$","R","BOSS","M","M","$","M","M","R","M","?","T","E"],"items_purchased_type":["Card","Card","Relic"],"build_version":"2020-12-13","purchased_purges":1,"victory":false,"max_hp_per_floor":[75,75,75,75,75,75,75,75,75,75,75,75,75,75,75,75,75,75,75,75,75,75,75,75,75,75,75,75],"card_choices":[{"not_picked":["Turbo","Leap"],"picked":"Coolheaded","floor":1},{"not_picked":["Streamline","Barrage"],"picked":"Ball Lightning","floor":2},{"not_picked":["Darkness","Conserve Battery","Steam"],"picked":"SKIP","floor":4},{"not_picked":["Multi-Cast","Stack"],"picked":"Hologram","floor":6},{"not_picked":["Coolheaded","Steam Power","Rebound"],"picked":"SKIP","floor":8},{"not_picked":["Conserve Battery","Turbo"],"picked":"Self Repair","floor":11},{"not_picked":["Sweeping Beam","Lockon"],"picked":"Storm","floor":13},{"not_picked":["Rainbow","Multi-Cast"],"picked":"Echo Form","floor":16},{"not_picked":["Tempest","Cold Snap+1","Turbo"],"picked":"SKIP","floor":18},{"not_picked":["Barrage","Steam Power+1","Beam Cell"],"picked":"SKIP","floor":19},{"not_picked":["Rebound+1","Chaos","Streamline"],"picked":"SKIP","floor":21},{"not_picked":["Chill","Compile Driver+1","Streamline"],"picked":"SKIP","floor":22},{"not_picked":["Darkness","Aggregate","Conserve Battery"],"picked":"SKIP","floor":24}],"player_experience":63455,"relics_obtained":[{"floor":6,"key":"Nunchaku"},{"floor":9,"key":"Bronze Scales"},{"floor":11,"key":"Kunai"},{"floor":25,"key":"Omamori"},{"floor":26,"key":"Happy Flower"}],"event_choices":[{"damage_healed":0,"gold_gain":0,"player_choice":"Damaged","damage_taken":7,"max_hp_gain":0,"max_hp_loss":0,"event_name":"Wheel of Change","floor":3,"gold_loss":0}],"is_beta":false,"boss_relics":[{"not_picked":["FrozenCore","SacredBark"],"picked":"Fusion Hammer"}],"items_purged_floors":[5],"is_endless":false,"potions_floor_spawned":[4,6,11,21,24],"killed_by":"Slavers","ascension_level":0}}