{"host":"rxlazyja0fsq2vfk","time":1608012041,"event":{"mods":["2.2 Compatiblity","AchievementEnabler","Act Like it!","BaseMod","Bestiary","Better Match","Better Sensory Stone","Better Skull","Better Third Choice","BetterRewards","Colored Map","Colored Powertips","Defuse TimeMaze Blight","Disable Question Mark Monsters","Downfall","GifTheSpireLib","Jedi Mod","Minty Spire (QoL Compilation)","Permanent Neow","Quick Restart","Random Character Button","Random Character Mod","Relic Sorter","Shop Mod","StSLib","Transform Curses","Unknown Chances","egg","everything is the same but u backflip on backflip"],"gold_per_floor":[99,116,116,131,164,164,189,189,218,143,160,170,187,97,116,221,221,221,221,221,8,108,128,181,181,214,214,99,109,129,129,146,245,245,245,278,278,287,299,299,299,299,56,56,75,138,158,171,183,183],"floor_reached":51,"playtime":2547,"items_purged":["champ:Strike","champ:Strike","champ:Execute","champ:Strike+1"],"score":805,"play_id":"b283d253-4022-4db8-b0c3-58bde4cdc0c4","local_time":"20201215010041","is_ascension_mode":false,"campfire_choices":[{"data":"champ:Taunt","floor":1.0,"key":"SMITH"},{"data":"champ:CrookedStrike","floor":6.0,"key":"SMITH"},{"floor":10,"key":"REST"},{"data":"champ:Improvising","floor":18,"key":"SMITH"},{"data":"champ:TornadoPunch","floor":25,"key":"SMITH"},{"data":"champ:CalledShot","floor":27,"key":"SMITH"},{"data":"champ:SteelEdge","floor":35,"key":"SMITH"},{"data":"champ:PerfectForm","floor":37,"key":"SMITH"},{"data":"champ:FanOfKnives","floor":40,"key":"SMITH"},{"data":"champ:TornadoPunch","floor":42,"key":"SMITH"},{"data":"champ:Improvising","floor":44,"key":"SMITH"}],"circlet_count":0,"master_deck":["champ:Strike+1","champ:Defend+1","champ:Defend+1","champ:Defend+1","champ:Defend+1","champ:Taunt+1","Writhe","champ:ShieldWall","champ:CrookedStrike+1","champ:CalledShot+1","Regret","champ:TornadoPunch+1","champ:TornadoPunch+1","champ:IgnorePain","champ:Improvising+1","champ:FlashCut","champ:StanceDance","champ:DefensiveShout","champ:FanOfKnives+1","champ:SteelEdge+1","champ:StanceDance","champ:PerfectForm+1","champ:Improvising+1","champ:Improvising+1","champ:RapidStrikes+1"],"relics":["champ:ChampionCrown","Du-Vu Doll","downfall:ShatteredFragment","Regal Pillow","jedi:cryingmask","Lantern","HornCleat","downfall:HeartBlessingGreen","champ:ChampionCrownUpgraded","MutagenicStrength","champ:BerserkersGuideToSlaughter","champ:FightingForDummies","sneckomod:BlankCard","Runic Dome","CeramicFish","Bottled Lightning","Akabeko","TheAbacus","FossilizedHelix"],"acts_visited":["Exordium","TheCity","TheBeyond"],"potions_floor_usage":[16,16,50,50,50],"damage_taken":[{"damage":5.0,"enemies":"Cultist","floor":2.0,"turns":3.0},{"damage":5.0,"enemies":"Small Slimes","floor":4.0,"turns":3.0},{"damage":22.0,"enemies":"Lagavulin","floor":5.0,"turns":8.0},{"damage":29.0,"enemies":"3 Sentries","floor":9.0,"turns":8.0},{"damage":0,"enemies":"Jaw Worm","floor":11,"turns":2},{"damage":7,"enemies":"3 Louse","floor":12,"turns":2},{"damage":0,"enemies":"2 Fungi Beasts","floor":13,"turns":2},{"damage":3,"enemies":"downfall:FleeingMerchant","floor":14,"turns":4},{"damage":16,"enemies":"Large Slime","floor":15,"turns":5},{"damage":35,"enemies":"downfall:Silent","floor":16,"turns":13},{"damage":5,"enemies":"downfall:FleeingMerchant","floor":21,"turns":4},{"damage":10,"enemies":"Chosen","floor":23,"turns":4},{"damage":18,"enemies":"Slavers","floor":26,"turns":2},{"damage":10,"enemies":"downfall:FleeingMerchant","floor":28,"turns":4},{"damage":10,"enemies":"Spheric Guardian","floor":29,"turns":2},{"damage":10,"enemies":"Snake Plant","floor":30,"turns":2},{"damage":4,"enemies":"Centurion and Healer","floor":32,"turns":3},{"damage":53,"enemies":"downfall:Watcher","floor":33,"turns":8},{"damage":30,"enemies":"Nemesis","floor":36,"turns":5},{"damage":17,"enemies":"3 Darklings","floor":39,"turns":2},{"damage":13,"enemies":"downfall:FleeingMerchant","floor":43,"turns":2},{"damage":6,"enemies":"Orb Walker","floor":45,"turns":1},{"damage":14,"enemies":"2 Orb Walkers","floor":46,"turns":2},{"damage":33,"enemies":"Transient","floor":47,"turns":5},{"damage":7,"enemies":"Spire Growth","floor":48,"turns":3},{"damage":15,"enemies":"Writhing Mass","floor":49,"turns":2},{"damage":30,"enemies":"downfall:Ironclad","floor":50,"turns":4}],"seed_played":"6595640760644280603","potions_obtained":[{"floor":9.0,"key":"SteroidPotion"},{"floor":11,"key":"AttackPotion"},{"floor":12,"key":"Energy Potion"},{"floor":19,"key":"CultistPotion"},{"floor":23,"key":"Dexterity Potion"}],"is_trial":false,"path_per_floor":["R","M","?","M","E","R","T","?","E","R","M","M","M","$","M","B",null,"R","?","?","$","?","M","T","R","E","R","$","M","M","?","M","B",null,"R","E","R","?","M","R","T","R","$","R","M","?","M","M","M","B",null],"character_chosen":"THE_CHAMP","items_purchased":["champ:BerserkersGuideToSlaughter","champ:StanceDance","Akabeko","TheAbacus","champ:CounterPotion"],"campfire_rested":1,"item_purchase_floors":[21,21,43,43,43],"current_hp_per_floor":[90,90,63,63,49,49,49,49,20,62,62,60,60,57,46,11,90,90,90,90,88,88,81,81,81,77,77,75,71,69,69,65,21,90,90,70,70,70,70,70,70,70,71,71,71,69,66,65,68,65],"gold":183,"neow_bonus":"ONE_RARE_RELIC","is_daily":false,"chose_seed":false,"campfire_upgraded":10,"win_rate":0.0,"timestamp":1608012041,"path_taken":["R","?","?","M","E","R","T","?","E","R","M","M","M","$","M","BOSS","R","?","?","?","?","M","T","R","E","R","$","M","M","?","M","BOSS","R","E","R","?","?","R","T","R","$","R","M","?","M","?","M","BOSS"],"items_purchased_type":["Relic","Card","Relic","Relic","Potion"],"build_version":"2020-12-13","purchased_purges":4,"victory":true,"max_hp_per_floor":[90,90,90,90,90,90,90,90,90,90,90,90,90,90,90,90,90,90,90,90,90,90,90,90,90,90,90,90,90,90,90,90,90,90,90,90,90,90,90,90,90,90,90,90,90,90,90,90,90,90],"card_choices":[{"not_picked":["champ:FanOfKnives","champ:PreciseThrust"],"picked":"champ:ShieldWall","floor":2.0},{"not_picked":["champ:TornadoPunch","champ:FocusedGladiator"],"picked":"champ:CrookedStrike","floor":4.0},{"not_picked":["champ:PerfectedStrike","champ:RecklessLeap"],"picked":"champ:CalledShot","floor":5.0},{"not_picked":["champ:EndlessRage","champ:ViciousMockery"],"picked":"champ:TornadoPunch","floor":9.0},{"not_picked":["champ:GladiatorsShout","champ:BringItOn","champ:TornadoPunch"],"picked":"SKIP","floor":11},{"not_picked":["champ:GladiatorsShout","champ:BringItOn"],"picked":"champ:TornadoPunch","floor":11},{"not_picked":["champ:Haymaker","champ:HeartStrike","champ:StanceDance"],"picked":"SKIP","floor":12},{"not_picked":["champ:ShieldWall","champ:HeartStrike","champ:EnGarde"],"picked":"SKIP","floor":13},{"not_picked":["champ:GladiatorStyle","champ:PerfectedStrike","champ:BladeFlurry"],"picked":"SKIP","floor":14},{"not_picked":["champ:ShieldWall","champ:Backstep"],"picked":"champ:IgnorePain","floor":15},{"not_picked":["champ:VampiricStrike","champ:SwordThrow"],"picked":"champ:Improvising","floor":16},{"not_picked":["champ:BerserkerStyle","champ:Encircle"],"picked":"champ:FlashCut","floor":21},{"not_picked":["champ:EnGarde+1","champ:BerserkerStyle"],"picked":"champ:DefensiveShout","floor":23},{"not_picked":["champ:RecklessLeap","champ:PerfectedStrike"],"picked":"champ:FanOfKnives","floor":26},{"not_picked":["champ:BringItOn","champ:BerserkerStyle","champ:Circumvent"],"picked":"SKIP","floor":28},{"not_picked":["champ:FanOfKnives","champ:BladeFlurry"],"picked":"champ:SteelEdge","floor":29},{"not_picked":["champ:Backstep","champ:DefensiveShout","champ:BerserkersShout"],"picked":"SKIP","floor":30},{"not_picked":["champ:GladiatorsShout","champ:GutPunch"],"picked":"champ:StanceDance","floor":32},{"not_picked":["champ:SwordThrow","champ:ShieldSlam"],"picked":"champ:PerfectForm","floor":33},{"not_picked":["champ:PerfectedStrike","champ:Duel+1","champ:CalledShot"],"picked":"SKIP","floor":36},{"not_picked":["champ:TornadoPunch","champ:AdrenalArmor+1","champ:Encircle+1"],"picked":"SKIP","floor":39},{"not_picked":["champ:FalseCounter+1","champ:FlashCut+1"],"picked":"champ:Improvising","floor":43},{"not_picked":["champ:DefensiveShout+1","champ:AdrenalArmor+1","champ:BerserkersShout+1"],"picked":"SKIP","floor":45},{"not_picked":["champ:AdrenalArmor","champ:StanceDance+1"],"picked":"champ:RapidStrikes+1","floor":46},{"not_picked":["champ:Circumvent","champ:DefensiveShout+1","champ:DefensiveStyle+1"],"picked":"SKIP","floor":47},{"not_picked":["champ:Lariat","champ:GladiatorsShout+1","champ:Circumvent"],"picked":"SKIP","floor":48},{"not_picked":["champ:TornadoPunch","champ:BringItOn+1","champ:ArenaPreparation+1"],"picked":"SKIP","floor":49}],"player_experience":571298,"relics_obtained":[{"floor":5.0,"key":"Regal Pillow"},{"floor":7.0,"key":"jedi:cryingmask"},{"floor":9.0,"key":"HornCleat"},{"floor":24,"key":"champ:FightingForDummies"},{"floor":26,"key":"sneckomod:BlankCard"},{"floor":36,"key":"CeramicFish"},{"floor":41,"key":"Bottled Lightning"},{"floor":46,"key":"FossilizedHelix"}],"event_choices":[{"damage_healed":0.0,"max_hp_gain":0.0,"max_hp_loss":0.0,"gold_gain":0.0,"event_name":"Big Fish","player_choice":"Box","floor":8.0,"gold_loss":0.0,"damage_taken":0.0,"relics_obtained":["Lantern"],"cards_obtained":["Regret"]},{"damage_healed":0,"gold_gain":0,"player_choice":"Inject Mutagens","damage_taken":0,"relics_obtained":["MutagenicStrength"],"max_hp_gain":0,"max_hp_loss":0,"event_name":"Drug Dealer","floor":20,"gold_loss":0},{"damage_healed":0,"gold_gain":0,"player_choice":"Simplicity","damage_taken":0,"max_hp_gain":0,"max_hp_loss":6,"event_name":"betterThird:BetterWriting","floor":31,"gold_loss":0},{"damage_healed":0,"gold_gain":0,"player_choice":"Copied","damage_taken":0,"max_hp_gain":0,"max_hp_loss":0,"event_name":"Duplicator","floor":38,"gold_loss":0,"cards_obtained":["champ:Improvising"]},{"damage_healed":0,"gold_gain":0,"player_choice":"Fight","damage_taken":0,"max_hp_gain":0,"max_hp_loss":0,"event_name":"Mysterious Sphere","floor":46,"gold_loss":0}],"is_beta":false,"boss_relics":[{"not_picked":["Calling Bell","Tiny House"],"picked":"champ:ChampionCrownUpgraded"},{"not_picked":["Pandora\u0027s Box","expansioncontent:StudyCardRelic"],"picked":"Runic Dome"}],"items_purged_floors":[14,28,43,43],"is_endless":false,"potions_floor_spawned":[9,11,12,15,23,30,39,45,46],"ascension_level":0}}