{"host":"coame8l8goqx0svj","time":1608071294,"event":{"mods":["BaseMod","Downfall","Minty Spire (QoL Compilation)","StSLib"],"gold_per_floor":[149,149,74,524,524,538,561,277,288,213,223,208,275,116,137,233,233,233,276,276,276,287,287,323,358,370,379,379,479,479,297,321,416,416,416,452,473,519,531,585,606,478,492,492,501,519,519,449,475,475],"floor_reached":51,"playtime":2822,"items_purged":["Regret","Slimebound:Icky","sneckomod:Bewildered","Decay"],"score":1046,"play_id":"1bd4d774-d276-4bcc-9619-831d38591e54","local_time":"20201215232814","is_ascension_mode":true,"campfire_choices":[{"floor":1,"key":"RECALL"},{"data":"champ:Taunt","floor":3,"key":"SMITH"},{"data":"champ:Execute","floor":5,"key":"SMITH"},{"data":"champ:RisingSlash","floor":10,"key":"SMITH"},{"data":"champ:VampiricStrike","floor":18,"key":"SMITH"},{"data":"champ:TornadoPunch","floor":21,"key":"SMITH"},{"floor":23,"key":"REST"},{"floor":27,"key":"REST"},{"data":"champ:FalseCounter","floor":35,"key":"SMITH"},{"floor":37,"key":"REST"},{"data":"champ:HoldFirm","floor":39,"key":"SMITH"},{"data":"champ:FocusedDefense","floor":44,"key":"SMITH"}],"circlet_count":0,"master_deck":["champ:Strike+1","champ:Strike+1","champ:Strike+1","champ:Strike+1","champ:Defend+1","champ:Defend+1","champ:Defend+1","champ:Defend+1","champ:Taunt+1","champ:Circumvent+1","Slimebound:Icky","Slimebound:Icky","champ:ShieldSigil","champ:Lariat","champ:RisingSlash+1","champ:TornadoPunch+1","champ:Duel+1","champ:DefensiveStyle","champ:Balance","champ:VampiricStrike+1","champ:ShieldSigil","champ:DeathBlow","Guardian:Aged","champ:FocusedDefense+1","champ:Circumvent+1","champ:FocusedDefense+1","champ:FalseCounter+1","champ:SkillfulDodge","champ:DefensiveStyle","champ:HoldFirm+1","champ:TornadoPunch+1","expansioncontent:DecasProtection","expansioncontent:BronzeBeam","champ:RapidStrikes+1","champ:EnGarde+1"],"relics":["Tiny House","downfall:HeartBlessingRed","champ:DefensiveTrainingManual","downfall:HeartBlessingBlue","CeramicFish","Cursed Key","Toy Ornithopter","Dream Catcher","Juzu Bracelet","Nilry\u0027s Codex","Runic Pyramid","MawBank","PreservedInsect","Blood Vial","Ginger","Strawberry","Oddly Smooth Stone","HandDrill"],"acts_visited":["Exordium","TheCity","TheBeyond"],"potions_floor_usage":[12,14,16,16,33],"damage_taken":[{"damage":8,"enemies":"Small Slimes","floor":6,"turns":4},{"damage":11,"enemies":"downfall:FleeingMerchant","floor":8,"turns":4},{"damage":0,"enemies":"Jaw Worm","floor":9,"turns":2},{"damage":0,"enemies":"Cultist","floor":11,"turns":2},{"damage":45,"enemies":"downfall:FleeingMerchant","floor":12,"turns":4},{"damage":41,"enemies":"Lagavulin Event","floor":13,"turns":5},{"damage":15,"enemies":"downfall:FleeingMerchant","floor":14,"turns":4},{"damage":3,"enemies":"Blue Slaver","floor":15,"turns":2},{"damage":38,"enemies":"downfall:Ironclad","floor":16,"turns":5},{"damage":30,"enemies":"Book of Stabbing","floor":19,"turns":5},{"damage":25,"enemies":"Chosen","floor":22,"turns":3},{"damage":38,"enemies":"Slavers","floor":25,"turns":4},{"damage":38,"enemies":"3 Cultists","floor":26,"turns":4},{"damage":17,"enemies":"downfall:FleeingMerchant","floor":31,"turns":4},{"damage":5,"enemies":"Chosen and Byrds","floor":32,"turns":3},{"damage":44,"enemies":"downfall:Watcher","floor":33,"turns":6},{"damage":56,"enemies":"Nemesis","floor":36,"turns":5},{"damage":66,"enemies":"Reptomancer","floor":38,"turns":6},{"damage":35,"enemies":"Nemesis","floor":40,"turns":7},{"damage":5,"enemies":"downfall:FleeingMerchant","floor":42,"turns":4},{"damage":4,"enemies":"3 Shapes","floor":43,"turns":5},{"damage":0,"enemies":"downfall:FleeingMerchant","floor":48,"turns":1},{"damage":7,"enemies":"3 Darklings","floor":49,"turns":5},{"damage":71,"enemies":"downfall:Silent","floor":50,"turns":8}],"seed_played":"-3778852127791616367","potions_obtained":[{"floor":0,"key":"Energy Potion"},{"floor":9,"key":"champ:CounterPotion"},{"floor":11,"key":"AttackPotion"},{"floor":13,"key":"Dexterity Potion"},{"floor":26,"key":"ColorlessPotion"},{"floor":32,"key":"Guardian:BlockOnCardUsePotion"},{"floor":40,"key":"sneckomod:MuddlingPotion"},{"floor":43,"key":"Block Potion"}],"is_trial":false,"path_per_floor":["R","?","R","?","R","M","T","$","M","R","M","$","?","$","M","B",null,"R","E","?","R","M","R","T","E","M","R","?","?","?","$","M","B",null,"R","E","R","E","R","E","T","$","M","R","?","?","?","$","M","B",null],"character_chosen":"THE_CHAMP","items_purchased":["champ:DefensiveTrainingManual","champ:RisingSlash","champ:VampiricStrike","champ:FocusedDefense","Oddly Smooth Stone","HandDrill"],"campfire_rested":3,"item_purchase_floors":[8,8,14,31,48,48],"current_hp_per_floor":[86,86,86,86,86,83,83,77,77,87,87,87,51,41,38,12,82,82,57,57,57,57,88,88,70,52,83,67,67,67,68,68,70,96,96,58,89,61,61,44,44,64,77,77,84,79,79,81,99,61],"gold":475,"neow_bonus":"BOSS_RELIC","is_daily":false,"chose_seed":false,"campfire_upgraded":8,"win_rate":0.0,"timestamp":1608071294,"path_taken":["R","?","R","?","R","M","T","?","?","R","M","$","?","$","M","BOSS","R","E","?","R","M","R","T","E","M","R","?","?","?","$","M","BOSS","R","E","R","E","R","E","T","$","M","R","?","?","?","$","M","BOSS"],"items_purchased_type":["Relic","Card","Card","Card","Relic","Relic"],"build_version":"2020-12-13","purchased_purges":4,"victory":true,"max_hp_per_floor":[95,95,95,95,95,95,95,95,95,105,105,105,105,105,105,105,105,105,105,105,105,105,105,105,105,105,105,105,105,105,105,105,105,105,105,105,105,105,105,105,105,105,105,105,112,112,112,112,112,112],"card_choices":[{"not_picked":["champ:FocusedGladiator","champ:StanceDance"],"picked":"champ:Circumvent","floor":0},{"not_picked":["champ:EndlessRage","champ:RageSigil"],"picked":"champ:ShieldSigil","floor":6},{"not_picked":["champ:IronFortress","champ:RapidStrikes"],"picked":"champ:Lariat","floor":8},{"not_picked":["champ:BladeFlurry","champ:HeartStrike","champ:Shatter"],"picked":"SKIP","floor":9},{"not_picked":["champ:PreciseThrust","champ:FlashCut"],"picked":"champ:TornadoPunch","floor":11},{"not_picked":["champ:FocusedBerserking","champ:CrookedStrike"],"picked":"champ:Duel","floor":12},{"not_picked":["champ:BerserkersShout","champ:Balance"],"picked":"champ:DefensiveStyle","floor":13},{"not_picked":["champ:Duel","champ:RisingSlash"],"picked":"champ:Balance","floor":14},{"not_picked":["champ:PerfectedStrike","champ:IronFortress"],"picked":"champ:ShieldSigil","floor":15},{"not_picked":["champ:FlashCut+1","champ:Haymaker"],"picked":"champ:DeathBlow","floor":19},{"not_picked":["champ:Haymaker+1","champ:SwordSigil","champ:CrookedStrike+1"],"picked":"SKIP","floor":22},{"not_picked":["champ:FlashCut","champ:EnragedBash"],"picked":"champ:FocusedDefense+1","floor":25},{"not_picked":["champ:Devastate","champ:Aggression","champ:ShieldWall"],"picked":"SKIP","floor":26},{"not_picked":["champ:DeathBlow+1","champ:BladeFlurry"],"picked":"champ:Circumvent+1","floor":27},{"not_picked":["champ:Backstep","champ:SwordSigil","champ:DeathBlow"],"picked":"SKIP","floor":31},{"not_picked":["champ:CalledShot","champ:StanceDance+1"],"picked":"champ:FalseCounter","floor":32},{"not_picked":["champ:EnragedBash","champ:ViciousMockery"],"picked":"champ:SkillfulDodge","floor":36},{"not_picked":["champ:PerfectedStrike","champ:BerserkersShout"],"picked":"champ:DefensiveStyle","floor":37},{"not_picked":["champ:BladeFlurry","champ:BerserkersShout+1"],"picked":"champ:HoldFirm","floor":38},{"not_picked":["champ:StrikeOfGenius","champ:ShieldSigil+1"],"picked":"champ:TornadoPunch+1","floor":40},{"not_picked":["champ:LastStand","champ:CrookedStrike","champ:RageSigil"],"picked":"SKIP","floor":42},{"not_picked":["champ:FaceSlap","champ:StanceDance","champ:FlashCut+1"],"picked":"SKIP","floor":43},{"not_picked":["expansioncontent:DefensiveMode","expansioncontent:DarkVoid"],"picked":"expansioncontent:DecasProtection","floor":46},{"not_picked":["expansioncontent:FaceSlap","expansioncontent:DecasProtection"],"picked":"expansioncontent:BronzeBeam","floor":46},{"not_picked":["champ:SwordThrow","champ:BringItOn"],"picked":"champ:RapidStrikes+1","floor":48},{"not_picked":["champ:SwordSigil","champ:CrookedStrike"],"picked":"champ:EnGarde+1","floor":49}],"player_experience":1622909,"relics_obtained":[{"floor":13,"key":"CeramicFish"},{"floor":19,"key":"Toy Ornithopter"},{"floor":24,"key":"Dream Catcher"},{"floor":25,"key":"Juzu Bracelet"},{"floor":28,"key":"Nilry\u0027s Codex"},{"floor":36,"key":"MawBank"},{"floor":38,"key":"PreservedInsect"},{"floor":40,"key":"Blood Vial"},{"floor":41,"key":"Ginger"},{"floor":45,"key":"Strawberry"}],"event_choices":[{"damage_healed":0,"gold_gain":0,"player_choice":"Upgraded","damage_taken":0,"max_hp_gain":0,"max_hp_loss":0,"event_name":"Upgrade Shrine","floor":20,"gold_loss":0,"cards_upgraded":["champ:Duel"]},{"damage_healed":0,"gold_gain":0,"player_choice":"Simplicity","damage_taken":0,"max_hp_gain":0,"max_hp_loss":0,"event_name":"Back to Basics","floor":30,"gold_loss":0,"cards_upgraded":["champ:Strike","champ:Strike","champ:Defend","champ:Defend","champ:Defend"]},{"cards_removed":["champ:Execute"],"damage_healed":0,"gold_gain":0,"player_choice":"Removed Attack","damage_taken":0,"max_hp_gain":0,"max_hp_loss":0,"event_name":"Falling","floor":47,"gold_loss":0}],"is_beta":false,"boss_relics":[{"not_picked":["expansioncontent:StudyCardRelic","Philosopher\u0027s Stone"],"picked":"Cursed Key"},{"not_picked":["SacredBark","Runic Dome"],"picked":"Runic Pyramid"}],"items_purged_floors":[8,31,42,48],"is_endless":false,"potions_floor_spawned":[9,11,13,26,32,40,43,49],"ascension_level":6}}