{"host":"ih7ofq2zpufcoifs","time":1608025833,"event":{"mods":["BaseMod","Colored Map","Minty Spire (QoL Compilation)"],"gold_per_floor":[113,213,3,13,29,29,59,59,59,74,91,123,136,156,156,233,233,248,248,260,278,298,325,325,29,76,108,124,124,224,256,256,328,328,339,339,52,66,79,79,111,111,183,214,214,232,232,263,263,263,263,263,16,44,44],"floor_reached":56,"playtime":4456,"items_purged":["Strike_R","Strike_R","Strike_R"],"score":2639,"play_id":"a6527031-15e3-46b5-9874-2fbbc3653b10","local_time":"20201215195033","is_ascension_mode":true,"campfire_choices":[{"data":"Bash","floor":6.0,"key":"SMITH"},{"floor":8.0,"key":"REST"},{"data":"Juggernaut","floor":15.0,"key":"SMITH"},{"data":"Feel No Pain","floor":24.0,"key":"SMITH"},{"floor":29,"key":"DIG"},{"floor":32,"key":"DIG"},{"floor":40,"key":"DIG"},{"floor":42,"key":"DIG"},{"floor":45,"key":"DIG"},{"floor":47,"key":"DIG"},{"floor":49,"key":"RECALL"},{"floor":52,"key":"DIG"}],"circlet_count":0,"master_deck":["AscendersBane","Strike_R","Strike_R","Defend_R","Defend_R","Defend_R","Defend_R","Bash+1","Twin Strike","Inflame","Ghostly Armor","Flame Barrier","True Grit","Corruption","Pommel Strike","Shrug It Off","Juggernaut+1","True Grit","Disarm","Juggernaut","Feel No Pain+1","Necronomicurse","Evolve+1","Dark Embrace","Entrench+1","Feel No Pain","Impervious+1","Dark Embrace+1","Shrug It Off+1","Impervious+1","Shrug It Off+1","True Grit+1","Shrug It Off+1"],"relics":["Philosopher\u0027s Stone","Membership Card","FossilizedHelix","Mummified Hand","Pen Nib","Snecko Eye","Necronomicon","Toxic Egg 2","Potion Belt","Medical Kit","Oddly Smooth Stone","Shovel","Question Card","Bird Faced Urn","InkBottle","Orichalcum","Singing Bowl","Black Star","Centennial Puzzle","Lizard Tail","Blood Vial","Smiling Mask","Art of War","Bag of Preparation","Frozen Egg 2","Bronze Scales","MealTicket","Prayer Wheel","Mango","Dead Branch","Bottled Lightning","Kunai","Strawberry","Boot","Akabeko"],"acts_visited":["Exordium","TheCity","TheBeyond","TheEnding"],"potions_floor_usage":[27,41,55,55],"damage_taken":[{"damage":0.0,"enemies":"2 Louse","floor":1.0,"turns":3.0},{"damage":0.0,"enemies":"Cultist","floor":4.0,"turns":3.0},{"damage":1.0,"enemies":"Jaw Worm","floor":5.0,"turns":2.0},{"damage":46.0,"enemies":"3 Sentries","floor":7.0,"turns":13.0},{"damage":3.0,"enemies":"3 Louse","floor":10.0,"turns":3.0},{"damage":0.0,"enemies":"Exordium Thugs","floor":11.0,"turns":3.0},{"damage":4.0,"enemies":"Lagavulin","floor":12.0,"turns":5.0},{"damage":0.0,"enemies":"Looter","floor":13.0,"turns":3.0},{"damage":0.0,"enemies":"Red Slaver","floor":14.0,"turns":3.0},{"damage":19.0,"enemies":"Hexaghost","floor":16.0,"turns":8.0},{"damage":0.0,"enemies":"Spheric Guardian","floor":18.0,"turns":3.0},{"damage":0.0,"enemies":"Chosen","floor":20.0,"turns":4.0},{"damage":0.0,"enemies":"Sentry and Sphere","floor":21.0,"turns":4.0},{"damage":0.0,"enemies":"Cultist and Chosen","floor":22.0,"turns":4.0},{"damage":0.0,"enemies":"Gremlin Leader","floor":23.0,"turns":4.0},{"damage":6,"enemies":"Book of Stabbing","floor":27,"turns":4},{"damage":0,"enemies":"Snake Plant","floor":28,"turns":3},{"damage":0,"enemies":"Colosseum Slavers","floor":30,"turns":3},{"damage":10,"enemies":"Colosseum Nobs","floor":30,"turns":4},{"damage":0,"enemies":"Gremlin Leader","floor":31,"turns":4},{"damage":0,"enemies":"Automaton","floor":33,"turns":6},{"damage":0,"enemies":"3 Darklings","floor":35,"turns":3},{"damage":0,"enemies":"Orb Walker","floor":38,"turns":2},{"damage":0,"enemies":"Sphere and 2 Shapes","floor":39,"turns":4},{"damage":0,"enemies":"Reptomancer","floor":41,"turns":3},{"damage":0,"enemies":"Giant Head","floor":44,"turns":6},{"damage":0,"enemies":"Jaw Worm Horde","floor":46,"turns":3},{"damage":0,"enemies":"Reptomancer","floor":48,"turns":3},{"damage":0,"enemies":"Donu and Deca","floor":50,"turns":3},{"damage":0,"enemies":"Shield and Spear","floor":54,"turns":3},{"damage":0,"enemies":"The Heart","floor":55,"turns":5}],"seed_played":"3965661334454660430","potions_obtained":[{"floor":5.0,"key":"BlessingOfTheForge"},{"floor":11.0,"key":"Block Potion"},{"floor":14.0,"key":"Explosive Potion"},{"floor":18.0,"key":"PowerPotion"},{"floor":21.0,"key":"SkillPotion"},{"floor":22.0,"key":"HeartOfIron"},{"floor":30,"key":"Weak Potion"},{"floor":31,"key":"Energy Potion"},{"floor":39,"key":"LiquidBronze"},{"floor":41,"key":"SpeedPotion"},{"floor":54,"key":"DuplicationPotion"}],"is_trial":false,"path_per_floor":["M","?","$","M","M","R","E","R","T","M","M","E","M","M","R","B",null,"M","?","M","M","M","E","R","$","T","E","M","R","?","E","R","B",null,"M","?","$","M","M","R","E","R","T","E","R","M","R","E","R","B",null,"R","$","E","B",null],"character_chosen":"IRONCLAD","items_purchased":["Membership Card","Inflame","Ghostly Armor","Feel No Pain","Impervious+1","Potion Belt","Medical Kit","Centennial Puzzle","Lizard Tail","True Grit+1","Kunai","Strawberry"],"campfire_rested":1,"item_purchase_floors":[3,3,3,25,25,25,25,37,37,37,53,53],"current_hp_per_floor":[72,72,72,72,71,71,25,49,49,46,46,42,42,42,42,23,66,66,50,50,50,50,50,50,50,50,44,44,44,34,52,52,72,80,82,82,82,84,86,86,88,88,88,90,90,90,90,106,106,106,106,106,113,115,115],"gold":44,"neow_bonus":"BOSS_RELIC","is_daily":false,"chose_seed":false,"campfire_upgraded":3,"win_rate":0.0,"timestamp":1608025833,"path_taken":["M","?","$","M","M","R","E","R","T","?","M","E","M","M","R","BOSS","M","?","M","M","M","E","R","$","T","E","M","R","?","E","R","BOSS","M","?","?","?","M","R","E","R","T","E","R","M","R","E","R","BOSS","R","$","E","BOSS"],"items_purchased_type":["Relic","Card","Card","Card","Card","Relic","Relic","Relic","Relic","Card","Relic","Relic"],"build_version":"2020-12-13","purchased_purges":3,"victory":true,"max_hp_per_floor":[80,80,80,80,80,80,80,80,80,80,80,80,80,80,80,80,80,80,80,80,80,80,80,80,80,80,80,80,80,80,80,80,82,82,82,82,82,84,86,86,88,88,88,90,90,90,90,106,106,106,106,106,113,115,115],"card_choices":[{"not_picked":["Flex","Clash"],"picked":"Twin Strike","floor":1.0},{"not_picked":["Heavy Blade","Thunderclap"],"picked":"Flame Barrier","floor":4.0},{"not_picked":["Iron Wave","Entrench"],"picked":"True Grit","floor":5.0},{"not_picked":["Pummel","Warcry"],"picked":"Corruption","floor":7.0},{"not_picked":["Infernal Blade","Twin Strike"],"picked":"Pommel Strike","floor":10.0},{"not_picked":["Warcry","Perfected Strike"],"picked":"Shrug It Off","floor":11.0},{"not_picked":["Bludgeon","Perfected Strike"],"picked":"Juggernaut","floor":12.0},{"not_picked":["Seeing Red","Wild Strike"],"picked":"True Grit","floor":13.0},{"not_picked":["Sever Soul","Pommel Strike"],"picked":"Disarm","floor":14.0},{"not_picked":["Corruption","Double Tap"],"picked":"Juggernaut","floor":16.0},{"not_picked":["Burning Pact","Rage"],"picked":"Feel No Pain","floor":18.0},{"not_picked":["Rampage","Power Through","Clash+1"],"picked":"SKIP","floor":20.0},{"not_picked":["Warcry","Battle Trance"],"picked":"Evolve+1","floor":21.0},{"not_picked":["Havoc","Twin Strike"],"picked":"Dark Embrace","floor":22.0},{"not_picked":["Hemokinesis","Cleave"],"picked":"Entrench+1","floor":23.0},{"not_picked":["Armaments+1","Sever Soul","Evolve"],"picked":"SKIP","floor":27},{"not_picked":["Armaments+1","Wild Strike"],"picked":"Dark Embrace+1","floor":28},{"not_picked":["Clothesline","Flex+1","Warcry+1"],"picked":"Shrug It Off+1","floor":30},{"not_picked":["Sword Boomerang","Blood for Blood","Iron Wave"],"picked":"Impervious+1","floor":31},{"not_picked":["Fiend Fire","Brutality","Berserk","Double Tap+1"],"picked":"Singing Bowl","floor":33},{"not_picked":["True Grit+1","Heavy Blade+1","Cleave"],"picked":"Shrug It Off+1","floor":35},{"not_picked":["Ghostly Armor+1","Body Slam","Pummel","Sword Boomerang"],"picked":"Singing Bowl","floor":38},{"not_picked":["Clothesline","Havoc+1","Battle Trance+1","Flex+1"],"picked":"Singing Bowl","floor":39},{"not_picked":["Clothesline","Blood for Blood+1","Double Tap+1","Evolve"],"picked":"Singing Bowl","floor":41},{"not_picked":["Evolve+1","Thunderclap","Rupture+1","Sword Boomerang"],"picked":"Singing Bowl","floor":44},{"not_picked":["Iron Wave+1","Flex+1","Sword Boomerang"],"picked":"Shrug It Off+1","floor":46},{"not_picked":["Uppercut","Brutality+1","Rage+1","Havoc+1"],"picked":"Singing Bowl","floor":48},{"not_picked":["Sever Soul","Anger","Havoc+1","Body Slam"],"picked":"Singing Bowl","floor":54}],"player_experience":357577,"relics_obtained":[{"floor":7.0,"key":"FossilizedHelix"},{"floor":9.0,"key":"Mummified Hand"},{"floor":12.0,"key":"Pen Nib"},{"floor":19.0,"key":"Necronomicon"},{"floor":23.0,"key":"Toxic Egg 2"},{"floor":26,"key":"Oddly Smooth Stone"},{"floor":27,"key":"Shovel"},{"floor":29,"key":"Question Card"},{"floor":30,"key":"Bird Faced Urn"},{"floor":30,"key":"InkBottle"},{"floor":31,"key":"Orichalcum"},{"floor":32,"key":"Singing Bowl"},{"floor":40,"key":"Blood Vial"},{"floor":41,"key":"Smiling Mask"},{"floor":41,"key":"Art of War"},{"floor":42,"key":"Bag of Preparation"},{"floor":44,"key":"Frozen Egg 2"},{"floor":44,"key":"Bronze Scales"},{"floor":45,"key":"MealTicket"},{"floor":47,"key":"Prayer Wheel"},{"floor":48,"key":"Mango"},{"floor":48,"key":"Dead Branch"},{"floor":52,"key":"Bottled Lightning"},{"floor":54,"key":"Boot"},{"floor":54,"key":"Akabeko"}],"event_choices":[{"damage_healed":0.0,"max_hp_gain":0.0,"max_hp_loss":0.0,"gold_gain":100.0,"event_name":"Wheel of Change","player_choice":"Gold","floor":2.0,"gold_loss":0.0,"damage_taken":0.0},{"damage_healed":0.0,"max_hp_gain":0.0,"max_hp_loss":0.0,"gold_gain":0.0,"event_name":"Cursed Tome","player_choice":"Obtained Book","floor":19.0,"gold_loss":0.0,"damage_taken":16.0},{"damage_healed":0,"gold_gain":0,"player_choice":"Fight","damage_taken":0,"max_hp_gain":0,"max_hp_loss":0,"event_name":"Colosseum","floor":30,"gold_loss":0},{"damage_healed":0,"gold_gain":0,"player_choice":"Fought Nobs","damage_taken":0,"max_hp_gain":0,"max_hp_loss":0,"event_name":"Colosseum","floor":30,"gold_loss":0},{"damage_healed":0,"gold_gain":0,"player_choice":"0 cards matched","damage_taken":0,"max_hp_gain":0,"max_hp_loss":0,"event_name":"Match and Keep!","floor":36,"gold_loss":0,"cards_obtained":[]}],"is_beta":false,"boss_relics":[{"not_picked":["Coffee Dripper","Astrolabe"],"picked":"Snecko Eye"},{"not_picked":["Fusion Hammer","Runic Pyramid"],"picked":"Black Star"}],"items_purged_floors":[25,37,53],"is_endless":false,"potions_floor_spawned":[5,11,14,18,21,22,30,31,39,41,44,48,54],"ascension_level":13}}