{"host":"6qohxdms6n72zb21","time":1608064828,"event":{"mods":["2.2 Compatiblity","Act Like it!","Ascension Reborn","BaseMod","Better Synergies","Downfall","Energized Spire","Hubris","Minty Spire (QoL Compilation)","Quick Restart","Replay The Spire","Spicy Shops","StSLib"],"gold_per_floor":[113,113,113,113,125,155,155,168,195,79,59,72,107,32,32,130,130,150,170,350,367,70,105,105,116,116,116,147,147,172,196,196,301,301,313,6,1005,1015,1015,1015,1015,1015],"floor_reached":41,"playtime":1698,"items_purged":[],"score":656,"play_id":"caa9bd20-3753-4735-962e-4278e0e0d523","local_time":"20201215154028","is_ascension_mode":true,"campfire_choices":[{"data":"Cleave","floor":7,"key":"SMITH"},{"data":"Combust","floor":15,"key":"SMITH"},{"floor":27,"key":"REST"},{"floor":29,"key":"REST"},{"floor":32,"key":"REST"},{"floor":40,"key":"REST"}],"circlet_count":0,"master_deck":["Strike_R","Strike_R","Strike_R","Strike_R+1","Strike_R+1","Defend_R+1","Defend_R","Defend_R","Defend_R+1","Bash+1","Cleave+1","Iron Wave","Flex","Bludgeon+1","Cleave+1","Sentinel","Combust+1","Limit Break","Armaments","Thunderclap","Anger+1","ReplayTheSpireMod:Corrosion Curse+1","Immolate+1","Iron Wave+1","Impervious","Searing Blow","Iron Wave","Hemogenesis","Flame Barrier+1","Carnage","Limit Break","Normality","Normality","Iron Wave","Pain","Perfected Strike+1"],"relics":["Burning Blood","NeowsBlessing","War Paint","ReplayFunnel","Regal Pillow","Whetstone","Toy Ornithopter","hubris:GrandSneckoEye","Potion Belt","Gremlin Food","Oddly Smooth Stone","hubris:PeanutButter","Dream Catcher","Replay:Rubber Ducky","Bronze Scales","Mark of Pain","Happy Flower","DollysMirror","WarpedTongs"],"acts_visited":["Exordium","TheCity","TheBeyond"],"potions_floor_usage":[12,16,21,21,23,25,28,33,38,41],"damage_taken":[{"damage":0,"enemies":"Small Slimes","floor":1,"turns":1},{"damage":0,"enemies":"Jaw Worm","floor":5,"turns":1},{"damage":0,"enemies":"3 Sentries","floor":6,"turns":1},{"damage":1,"enemies":"Cultist","floor":8,"turns":3},{"damage":0,"enemies":"Red Slaver","floor":12,"turns":2},{"damage":12,"enemies":"Gremlin Nob","floor":13,"turns":3},{"damage":70,"enemies":"Hexaghost","floor":16,"turns":11},{"damage":18,"enemies":"3 Byrds","floor":18,"turns":4},{"damage":11,"enemies":"Spheric Guardian","floor":19,"turns":3},{"damage":37,"enemies":"Snake Plant","floor":21,"turns":4},{"damage":30,"enemies":"Gremlin Leader","floor":23,"turns":4},{"damage":23,"enemies":"Centurion and Healer","floor":25,"turns":5},{"damage":0,"enemies":"Replay:Snechameleon","floor":28,"turns":3},{"damage":34,"enemies":"Book of Stabbing","floor":30,"turns":5},{"damage":12,"enemies":"Collector","floor":33,"turns":7},{"damage":8,"enemies":"Orb Walker","floor":35,"turns":2},{"damage":5,"enemies":"3 Darklings","floor":38,"turns":4},{"damage":142,"enemies":"Giant Head","floor":41,"turns":10}],"seed_played":"3433735749989526366","potions_obtained":[{"floor":6,"key":"hexamod:EctoCoolerPotion"},{"floor":11,"key":"Guardian:BlockOnCardUsePotion"},{"floor":12,"key":"SkillPotion"},{"floor":13,"key":"Strength Potion"},{"floor":16,"key":"BloodPotion"},{"floor":23,"key":"ColorlessPotion"},{"floor":25,"key":"Fire Potion"},{"floor":28,"key":"hexamod:EctoCoolerPotion"},{"floor":33,"key":"DistilledChaos"},{"floor":35,"key":"BloodPotion"}],"is_trial":false,"path_per_floor":["M","?","?","?","M","E","R","M","T","$","?","M","E","$","R","B",null,"M","M","?","M","$","E","$","M","T","R","E","R","E","T","R","B",null,"M","$","?","M","?","R","E"],"character_chosen":"IRONCLAD","items_purchased":["Regal Pillow","Cleave+1","Toy Ornithopter","Potion Belt","Gremlin Food","Happy Flower","Carnage","DollysMirror"],"campfire_rested":4,"item_purchase_floors":[10,10,14,22,22,36,36,36],"current_hp_per_floor":[80,80,80,80,80,80,80,80,80,80,80,80,74,74,74,15,80,68,63,44,39,39,20,20,8,8,47,58,80,52,52,80,74,80,78,78,78,80,80,80,0,0],"gold":1015,"neow_bonus":"THREE_ENEMY_KILL","is_daily":false,"chose_seed":false,"campfire_upgraded":2,"win_rate":0.0,"timestamp":1608064828,"path_taken":["M","?","?","?","M","E","R","?","T","?","?","?","E","$","R","BOSS","M","M","?","?","$","E","?","M","T","R","E","R","E","?","R","BOSS","M","$","?","M","?","R","E"],"items_purchased_type":["Relic","Card","Relic","Relic","Relic","Relic","Card","Relic"],"build_version":"2020-12-13","purchased_purges":0,"victory":false,"max_hp_per_floor":[80,80,80,80,80,80,80,80,80,80,80,80,80,80,80,80,80,80,80,80,80,80,80,80,80,80,80,80,80,80,80,80,80,80,80,80,80,80,80,80,80,80],"card_choices":[{"not_picked":["Thunderclap","hubris:CleavingFinish"],"picked":"Iron Wave","floor":1},{"not_picked":["Clash","Run Through"],"picked":"Iron Wave","floor":5},{"not_picked":["Thunderclap","Heavy Blade"],"picked":"Flex","floor":6},{"not_picked":["Hemokinesis","hubris:ReadiedAction"],"picked":"Bludgeon","floor":8},{"not_picked":["ReplayTheSpireMod:Stacked","Replay:Undeath\u0027s Touch"],"picked":"Sentinel","floor":12},{"not_picked":["hubris:ReadiedAction","Iron Wave"],"picked":"Combust","floor":13},{"not_picked":["Barricade","Feed"],"picked":"Limit Break","floor":16},{"not_picked":["Run Through","Havoc"],"picked":"Armaments","floor":18},{"not_picked":["Rampage","Burning Pact"],"picked":"Thunderclap","floor":19},{"not_picked":["Rampage","Havoc"],"picked":"Anger","floor":21},{"not_picked":["Pommel Strike","Warcry+1"],"picked":"ReplayTheSpireMod:Corrosion Curse+1","floor":23},{"not_picked":["Sword Boomerang+1","Iron Wave"],"picked":"Immolate","floor":25},{"not_picked":["Wild Strike","Flex"],"picked":"Iron Wave+1","floor":28},{"not_picked":["hubris:CleavingFinish","Body Slam+1"],"picked":"Impervious","floor":29},{"not_picked":["Body Slam","Perfected Strike+1"],"picked":"Searing Blow","floor":30},{"not_picked":["Headbutt","Dark Embrace"],"picked":"Iron Wave","floor":32},{"not_picked":["Impervious","Offering"],"picked":"Hemogenesis","floor":33},{"not_picked":["Iron Wave+1","Clash"],"picked":"Flame Barrier+1","floor":35},{"not_picked":["Clash","hubris:ReadiedAction+1"],"picked":"Iron Wave","floor":38},{"not_picked":["Heavy Blade","Iron Wave"],"picked":"Perfected Strike+1","floor":40}],"player_experience":166538,"relics_obtained":[{"floor":6,"key":"War Paint"},{"floor":9,"key":"ReplayFunnel"},{"floor":13,"key":"Whetstone"},{"floor":23,"key":"Oddly Smooth Stone"},{"floor":26,"key":"hubris:PeanutButter"},{"floor":28,"key":"Dream Catcher"},{"floor":30,"key":"Replay:Rubber Ducky"},{"floor":31,"key":"Bronze Scales"}],"event_choices":[{"damage_healed":0,"gold_gain":0,"player_choice":"Ignored","damage_taken":0,"max_hp_gain":0,"max_hp_loss":0,"event_name":"Golden Wing","floor":2,"gold_loss":0},{"cards_removed":["Iron Wave"],"damage_healed":5,"gold_gain":0,"player_choice":"Offered Common","damage_taken":0,"max_hp_gain":0,"max_hp_loss":0,"event_name":"Bonfire Elementals","floor":4,"gold_loss":0},{"cards_removed":["Iron Wave"],"damage_healed":5,"gold_gain":0,"player_choice":"Offered Special","damage_taken":0,"max_hp_gain":0,"max_hp_loss":0,"event_name":"Bonfire Elementals","floor":4,"gold_loss":0},{"damage_healed":0,"gold_gain":0,"player_choice":"Bought 1 Potion","damage_taken":0,"max_hp_gain":0,"max_hp_loss":0,"event_name":"The Woman in Blue","floor":11,"gold_loss":0},{"damage_healed":0,"gold_gain":180,"player_choice":"GOLD GOLD ","damage_taken":19,"max_hp_gain":0,"max_hp_loss":0,"event_name":"Knowing Skull","floor":20,"potions_obtained":[],"gold_loss":0,"cards_obtained":[]},{"damage_healed":0,"gold_gain":999,"player_choice":"Gold","damage_taken":0,"max_hp_gain":0,"max_hp_loss":0,"event_name":"MindBloom","floor":37,"gold_loss":0,"cards_obtained":["Normality","Normality"]},{"damage_healed":0,"gold_gain":0,"player_choice":"Rummage","damage_taken":0,"relics_obtained":["WarpedTongs"],"max_hp_gain":0,"max_hp_loss":0,"event_name":"Accursed Blacksmith","floor":39,"gold_loss":0,"cards_obtained":["Pain"]}],"is_beta":false,"boss_relics":[{"not_picked":["energizedSpire:TabascoSauce","hubris:RunicObelisk"],"picked":"hubris:GrandSneckoEye"},{"not_picked":["ReplayTheSpireMod:DimensionalGlitch","energizedSpire:StickyHand"],"picked":"Mark of Pain"}],"items_purged_floors":[],"is_endless":false,"potions_floor_spawned":[6,12,13,16,23,25,28,33,35],"killed_by":"Giant Head","ascension_level":3}}