{"host":"ks12kfi5c4d9hdxy","time":1608047111,"event":{"mods":["Act Like it!","BaseMod","Conspire","Gensokyo","GifTheSpireLib","Koishi","LagranYue(拉格朗・月)","Marisa（F雨　魔理沙）","Minty Spire (QoL Compilation)","Quick Restart","Reimu（博丽灵梦）","Remilia（蕾米莉亚）","Replay The Spire","RumiaBox-露米娅的神秘盒子","Shop Mod","StSLib","SuperFastMode","The Administrix","The Servant 0.9.4","Youmu（魂魄妖梦）","Yuyuko","【东方二次创作】八云紫mod","【功能Mod】混沌之环修复补丁","【功能Mod】聪明的最终Boss","篝火指南"],"gold_per_floor":[117,117,42,42,42,72,72,72,72,72,105,118,133,151,151,224,224,238,71,86,111,130,130,157,157,157,187,197,229,240,24,24,24,24],"floor_reached":33,"playtime":938,"items_purged":["Defend_MRS","Strike_MRS"],"score":610,"play_id":"11ef0a88-79a8-4c87-bdf3-3cc7a27f6ed2","local_time":"20201215234511","is_ascension_mode":true,"campfire_choices":[{"data":"OrrerysSun","floor":7.0,"key":"SMITH"},{"floor":10.0,"key":"REST"},{"data":"SprinkleStarSeal","floor":15.0,"key":"SMITH"},{"floor":23.0,"key":"REST"},{"floor":25.0,"key":"REST"},{"floor":32.0,"key":"REST"}],"circlet_count":0,"master_deck":["AscendersBane","Defend_MRS","Defend_MRS","MasterSpark","UpSweep","OrrerysSun+1","JA","SprinkleStarSeal+1","FinalSpark","MilkyWay","PowerUp","DoubleSpark","WitchLeyline","Singularity","DoubleSpark","UnstableBomb+1"],"relics":["MiniHakkero","LagranYue:RandomDrawCardRelic","Replay:Mystery Machine","Pantograph","Onion Ring","conspire:RunicOctahedron","Replay:Baseball","Blood Vial","Mercury Hourglass","Meat on the Bone","Sundial","InkBottle","Membership Card"],"acts_visited":["Exordium","TheCity"],"potions_floor_usage":[],"damage_taken":[{"damage":2.0,"enemies":"Jaw Worm","floor":1.0,"turns":3.0},{"damage":26.0,"enemies":"Gremlin Nob","floor":6.0,"turns":4.0},{"damage":19.0,"enemies":"Lagavulin","floor":11.0,"turns":6.0},{"damage":3.0,"enemies":"Small Slimes","floor":12.0,"turns":2.0},{"damage":3.0,"enemies":"conspire:RoseBush","floor":13.0,"turns":3.0},{"damage":5.0,"enemies":"Red Slaver","floor":14.0,"turns":3.0},{"damage":33.0,"enemies":"The Guardian","floor":16.0,"turns":13.0},{"damage":34.0,"enemies":"Shell Parasite","floor":18.0,"turns":4.0},{"damage":15.0,"enemies":"3 Byrds","floor":20.0,"turns":4.0},{"damage":2.0,"enemies":"3 Cultists","floor":22.0,"turns":4.0},{"damage":17.0,"enemies":"Book of Stabbing","floor":24.0,"turns":5.0},{"damage":9.0,"enemies":"conspire:Head Lice","floor":27.0,"turns":3.0},{"damage":11.0,"enemies":"Shelled Parasite and Fungi","floor":28.0,"turns":2.0},{"damage":2.0,"enemies":"Gremlin Leader","floor":29.0,"turns":4.0},{"damage":23.0,"enemies":"Snake Plant","floor":30.0,"turns":3.0},{"damage":75,"enemies":"Champ","floor":33,"turns":8}],"seed_played":"-1092437228350069352","potions_obtained":[{"floor":6.0,"key":"Elixir"},{"floor":11.0,"key":"GrandPatriotsElixir:ReiMu"},{"floor":16.0,"key":"ZuzhouPotion:ReiMu"},{"floor":20.0,"key":"Regen Potion"},{"floor":24.0,"key":"DuplicationPotion"},{"floor":28.0,"key":"Dexterity Potion"}],"is_trial":false,"path_per_floor":["M","?","$","?","?","E","R","?","T","R","E","M","M","M","R","B",null,"M","$","M","T","M","R","E","R","T","E","M","E","M","$","R","B"],"character_chosen":"MARISA","items_purchased":["Replay:Baseball","Membership Card"],"campfire_rested":4,"item_purchase_floors":[19,31],"current_hp_per_floor":[61,61,61,61,54,28,28,28,28,49,30,27,24,19,19,11,55,21,21,6,6,18,39,24,45,45,38,41,41,32,32,53,0,0],"gold":24,"neow_bonus":"REMOVE_CARD","is_daily":false,"chose_seed":false,"campfire_upgraded":2,"win_rate":0.0,"timestamp":1608047111,"path_taken":["M","?","$","?","?","E","R","?","T","R","E","M","M","M","R","BOSS","M","$","M","?","M","R","E","R","T","E","M","E","M","?","R","BOSS"],"items_purchased_type":["Relic","Relic"],"build_version":"2020-12-13","purchased_purges":2,"victory":false,"max_hp_per_floor":[70,70,70,70,70,70,70,70,70,70,70,70,70,70,70,70,70,70,70,70,70,70,70,70,70,70,70,70,70,70,70,70,70,70],"card_choices":[{"not_picked":["AsteroidBelt","DarkSpark"],"picked":"OrrerysSun","floor":1.0},{"not_picked":["NonDirectionalLaser","WitchOfGreed","StarDustReverie"],"picked":"SKIP","floor":6.0},{"not_picked":["UnstableBomb","GravityBeat","DoubleSpark"],"picked":"SKIP","floor":11.0},{"not_picked":["PowerUp","ShootingEcho"],"picked":"SprinkleStarSeal","floor":12.0},{"not_picked":["OpenUniverse","6A","MysteriousBeam"],"picked":"SKIP","floor":13.0},{"not_picked":["UnstableBomb","LuminesStrike","WitchOfGreed"],"picked":"SKIP","floor":14.0},{"not_picked":["JA","BinaryStars"],"picked":"FinalSpark","floor":16.0},{"not_picked":["StarlightTyphoon+1","Occultation"],"picked":"MilkyWay","floor":18.0},{"not_picked":["MysteriousBeam","BlazeAway"],"picked":"PowerUp","floor":20.0},{"not_picked":["DC","GrandCross+1"],"picked":"DoubleSpark","floor":22.0},{"not_picked":["StarDustReverie","EscapeVelocity"],"picked":"WitchLeyline","floor":24.0},{"not_picked":["ChargeUpSpray","UnstableBomb"],"picked":"Singularity","floor":27.0},{"not_picked":["SporeBomb","IllusionStar"],"picked":"DoubleSpark","floor":28.0},{"not_picked":["DC+1","MilkyWay"],"picked":"UnstableBomb+1","floor":29.0},{"not_picked":["LuminesStrike","EventHorizon","Robbery+1"],"picked":"SKIP","floor":30.0}],"player_experience":521097,"relics_obtained":[{"floor":6.0,"key":"Replay:Mystery Machine"},{"floor":9.0,"key":"Pantograph"},{"floor":11.0,"key":"Onion Ring"},{"floor":21.0,"key":"Blood Vial"},{"floor":24.0,"key":"Mercury Hourglass"},{"floor":26.0,"key":"Meat on the Bone"},{"floor":27.0,"key":"Sundial"},{"floor":29.0,"key":"InkBottle"}],"event_choices":[{"damage_healed":0.0,"max_hp_gain":0.0,"max_hp_loss":0.0,"gold_gain":0.0,"event_name":"Liars Game","player_choice":"Ignored","floor":2.0,"gold_loss":0.0,"damage_taken":0.0},{"cards_removed":["Strike_MRS"],"damage_healed":0.0,"max_hp_gain":0.0,"max_hp_loss":0.0,"gold_gain":0.0,"event_name":"Living Wall","player_choice":"Forget","floor":4.0,"gold_loss":0.0,"damage_taken":0.0},{"cards_removed":["Defend_MRS"],"damage_healed":0.0,"max_hp_gain":0.0,"max_hp_loss":0.0,"gold_gain":0.0,"event_name":"Golden Wing","player_choice":"Card Removal","floor":5.0,"gold_loss":0.0,"damage_taken":7.0},{"damage_healed":0.0,"max_hp_gain":0.0,"max_hp_loss":0.0,"gold_gain":0.0,"cards_transformed":["Strike_MRS"],"event_name":"Transmorgrifier","player_choice":"Transformed","floor":8.0,"gold_loss":0.0,"damage_taken":0.0,"cards_obtained":["JA"]}],"is_beta":false,"boss_relics":[{"not_picked":["Painkiller Herb","Astrolabe"],"picked":"conspire:RunicOctahedron"}],"items_purged_floors":[3,31],"is_endless":false,"potions_floor_spawned":[6,11,16,20,24,28],"killed_by":"Champ","ascension_level":19}}