{"host":"f7rb14kzcw8hx1r1","time":1608052977,"event":{"mods":["BaseMod","Better Note","Better Third Choice","Colored Map","Highlight Path","Hubris","Minty Spire (QoL Compilation)","Replay The Spire","StSLib"],"gold_per_floor":[109,126,76,26,42,42,77,77,127,23,40,40,75,94,94,217,217,240,254,254,278,301,301,341,341,341,341,404,442,442,474,474,482,482],"floor_reached":33,"playtime":1677,"items_purged":["Strike_P","Strike_P","Strike_P"],"score":372,"play_id":"afaa9ff2-1c8c-43c2-ac60-c0e7bc030327","local_time":"20201215182257","is_ascension_mode":false,"campfire_choices":[{"data":"Eruption","floor":6,"key":"SMITH"},{"data":"WindmillStrike","floor":8,"key":"SMITH"},{"data":"CrushJoints","floor":15,"key":"SMITH"},{"data":"DeceiveReality","floor":23,"key":"SMITH"},{"data":"ConjureBlade","floor":25,"key":"SMITH"},{"floor":27,"key":"REST"},{"data":"Scrawl","floor":32,"key":"SMITH"}],"circlet_count":0,"master_deck":["Defend_P","Defend_P","Defend_P","Defend_P","Eruption+1","Vigilance","Consecrate","Evaluate","Halt","WindmillStrike+1","CrushJoints+1","FlurryOfBlows","TalkToTheHand","ThirdEye","ConjureBlade+1","Evaluate","DeceiveReality+1","EmptyMind","Scrawl+1","ReachHeaven","Bite","Bite","Bite","Bite","Bite","ThirdEye"],"relics":["PureWater","Smiling Mask","ReplayTheSpireMod:Shallot","Bag of Preparation","Golden Idol","Replay:Bottled Snecko","Black Star","Replay:Bandana","Anchor","Frozen Egg 2","Iron Hammer","CaptainsWheel"],"acts_visited":["Exordium","TheCity"],"potions_floor_usage":[16,22,24,28,33,33],"damage_taken":[{"damage":0,"enemies":"Cultist","floor":1,"turns":5},{"damage":0,"enemies":"2 Louse","floor":2,"turns":3},{"damage":4,"enemies":"Small Slimes","floor":5,"turns":4},{"damage":1,"enemies":"Replay:BlueRogue","floor":7,"turns":9},{"damage":0,"enemies":"Blue Slaver","floor":11,"turns":4},{"damage":0,"enemies":"Gremlin Nob","floor":13,"turns":2},{"damage":0,"enemies":"Exordium Wildlife","floor":14,"turns":4},{"damage":28,"enemies":"Slime Boss","floor":16,"turns":8},{"damage":6,"enemies":"Spheric Guardian","floor":18,"turns":4},{"damage":0,"enemies":"Chosen","floor":19,"turns":3},{"damage":29,"enemies":"3 Cultists","floor":21,"turns":7},{"damage":17,"enemies":"Snecko","floor":22,"turns":9},{"damage":4,"enemies":"Book of Stabbing","floor":24,"turns":6},{"damage":1,"enemies":"Slavers","floor":28,"turns":5},{"damage":0,"enemies":"Centurion and Healer","floor":29,"turns":4},{"damage":0,"enemies":"Chosen and Byrds","floor":31,"turns":4},{"damage":58,"enemies":"Champ","floor":33,"turns":11}],"seed_played":"-3786404475209320683","potions_obtained":[{"floor":1,"key":"BottledMiracle"},{"floor":5,"key":"Explosive Potion"},{"floor":11,"key":"Regen Potion"},{"floor":18,"key":"SkillPotion"},{"floor":21,"key":"Languid Potion"},{"floor":24,"key":"StancePotion"},{"floor":31,"key":"Adrenaline Potion"}],"is_trial":false,"path_per_floor":["M","M","$","$","M","R","E","R","T","$","M","?","E","M","R","B",null,"M","M","?","M","M","R","E","R","T","R","E","M","?","M","R","B"],"character_chosen":"WATCHER","items_purchased":["CrushJoints"],"campfire_rested":1,"item_purchase_floors":[10],"current_hp_per_floor":[72,72,72,72,68,68,67,67,67,67,67,49,49,49,49,21,72,66,66,66,37,20,20,31,31,31,52,51,51,50,50,50,0,0],"gold":482,"neow_bonus":"RANDOM_COMMON_RELIC","is_daily":false,"chose_seed":false,"campfire_upgraded":6,"win_rate":0.0,"timestamp":1608052977,"path_taken":["M","M","?","$","M","R","E","R","T","$","M","?","E","M","R","BOSS","M","M","?","?","M","R","E","R","T","R","E","M","?","M","R","BOSS"],"items_purchased_type":["Card"],"build_version":"2020-12-13","purchased_purges":3,"victory":false,"max_hp_per_floor":[72,72,72,72,72,72,72,72,72,72,72,72,72,72,72,72,72,72,72,72,72,72,72,72,72,72,72,72,72,50,50,50,50,50],"card_choices":[{"not_picked":["SignatureMove","BowlingBash"],"picked":"Consecrate","floor":1},{"not_picked":["Perseverance","CrushJoints"],"picked":"Evaluate","floor":2},{"not_picked":["Protect","Replay:Hum"],"picked":"Halt","floor":5},{"not_picked":["Replay:LoomingThreat","Judgement"],"picked":"WindmillStrike","floor":7},{"not_picked":["EmptyBody","Replay:ManipulateFuture"],"picked":"FlurryOfBlows","floor":11},{"not_picked":["FlurryOfBlows","TalkToTheHand","MentalFortress"],"picked":"SKIP","floor":13},{"not_picked":["FlurryOfBlows","MentalFortress"],"picked":"TalkToTheHand","floor":13},{"not_picked":["SandsOfTime","LikeWater"],"picked":"ThirdEye","floor":14},{"not_picked":["MasterReality","SpiritShield"],"picked":"ConjureBlade","floor":16},{"not_picked":["Conclude","Prostrate","Crescendo"],"picked":"SKIP","floor":18},{"not_picked":["FlurryOfBlows","Replay:AtTheReady"],"picked":"Evaluate","floor":19},{"not_picked":["PathToVictory","Prostrate","Halt+1"],"picked":"SKIP","floor":21},{"not_picked":["CutThroughFate","FearNoEvil"],"picked":"DeceiveReality","floor":22},{"not_picked":["WindmillStrike","SignatureMove"],"picked":"EmptyMind","floor":24},{"not_picked":["Meditate","JustLucky"],"picked":"Scrawl","floor":28},{"not_picked":["Pray","CrushJoints"],"picked":"ReachHeaven","floor":29},{"not_picked":["WindmillStrike","CrushJoints"],"picked":"ThirdEye","floor":31}],"player_experience":824660,"relics_obtained":[{"floor":7,"key":"ReplayTheSpireMod:Shallot"},{"floor":9,"key":"Bag of Preparation"},{"floor":13,"key":"Replay:Bottled Snecko"},{"floor":24,"key":"Replay:Bandana"},{"floor":24,"key":"Anchor"},{"floor":26,"key":"Frozen Egg 2"},{"floor":28,"key":"Iron Hammer"},{"floor":28,"key":"CaptainsWheel"}],"event_choices":[{"damage_healed":0,"gold_gain":0,"player_choice":"Take Damage","damage_taken":18,"relics_obtained":["Golden Idol"],"max_hp_gain":0,"max_hp_loss":0,"event_name":"Golden Idol","floor":12,"gold_loss":0},{"cards_removed":["Strike_P"],"damage_healed":0,"gold_gain":0,"player_choice":"Give","damage_taken":0,"max_hp_gain":0,"max_hp_loss":0,"event_name":"betterNote:BetterNote","floor":20,"gold_loss":0,"cards_obtained":["Strike_G"]},{"damage_healed":0,"gold_gain":0,"player_choice":"Became a vampire","damage_taken":0,"max_hp_gain":0,"max_hp_loss":22,"event_name":"Vampires","floor":30,"gold_loss":0,"cards_obtained":["Bite","Bite","Bite","Bite","Bite"]}],"is_beta":false,"boss_relics":[{"not_picked":["SacredBark","hubris:ScarierMask"],"picked":"Black Star"}],"items_purged_floors":[3,4,10],"is_endless":false,"potions_floor_spawned":[1,5,11,18,21,24,31],"killed_by":"Champ","ascension_level":0}}