{"host":"cwd5s03r1oaxs6mx","time":1608049815,"event":{"mods":["Act Like it!","BaseMod","Better Third Choice","BetterRewards","CapriCore","Card Filter","Colored Map","Custom Start","DeckTracker","Friendly Minions","Hubris","Infinite Spire","Minty Spire (QoL Compilation)","Quick Restart","Relic Stats","Shop Mod","Spicy Shops","StSLib","SuperFastMode"],"gold_per_floor":[109,109,109,109,127,127,162,162,186,186,212,212,247,76,76,150,150,161,161,161,180,20,20,53,73,118,153,168,168,183,201,201,201,201],"floor_reached":33,"playtime":3053,"items_purged":["Strike_R"],"score":652,"play_id":"b2effed0-2363-4a98-99c7-fe28f8b1ff55","local_time":"20201216013015","is_ascension_mode":true,"campfire_choices":[{"data":"Twin Strike","floor":6.0,"key":"SMITH"},{"data":"Offering","floor":10.0,"key":"SMITH"},{"data":"Bash","floor":12.0,"key":"SMITH"},{"data":"Perfected Strike","floor":15.0,"key":"SMITH"},{"data":"Offering","floor":23,"key":"SMITH"},{"data":"Feed","floor":29,"key":"SMITH"},{"data":"Twin Strike","floor":32,"key":"SMITH"}],"circlet_count":0,"master_deck":["AscendersBane","Strike_R+1","Strike_R+1","Strike_R+1","Defend_R+1","Defend_R+1","Defend_R+1","Bash+1","Offering+1","Twin Strike+1","Cleave","Twin Strike+1","Perfected Strike+1","Offering+1","Feed+1","Offering","Disarm"],"relics":["Burning Blood","StrikeDummy","hubris:MedicalManual","InkBottle","hubris:Towel","hubris:OldNail","infinitespire:PuzzleCube","Juzu Bracelet","ClockworkSouvenir","hubris:Backtick","hubris:Potato","Membership Card","Pocketwatch","Regal Pillow","Art of War"],"acts_visited":["Exordium","TheCity"],"potions_floor_usage":[33,33],"damage_taken":[{"damage":0.0,"enemies":"Small Slimes","floor":1.0,"turns":4.0},{"damage":6.0,"enemies":"2 Louse","floor":5.0,"turns":2.0},{"damage":41.0,"enemies":"Lagavulin","floor":7.0,"turns":4.0},{"damage":6.0,"enemies":"Gremlin Nob","floor":11.0,"turns":2.0},{"damage":21.0,"enemies":"3 Sentries","floor":13.0,"turns":7.0},{"damage":34.0,"enemies":"The Guardian","floor":16.0,"turns":8.0},{"damage":6.0,"enemies":"2 Thieves","floor":18.0,"turns":2.0},{"damage":0,"enemies":"3 Byrds","floor":21,"turns":3},{"damage":18,"enemies":"Gremlin Leader","floor":24,"turns":3},{"damage":1,"enemies":"Centurion and Healer","floor":25,"turns":3},{"damage":19,"enemies":"Slavers","floor":27,"turns":6},{"damage":3,"enemies":"3 Cultists","floor":28,"turns":4},{"damage":0,"enemies":"Snake Plant","floor":30,"turns":1},{"damage":0,"enemies":"Cultist and Chosen","floor":31,"turns":2},{"damage":80,"enemies":"Champ","floor":33,"turns":8}],"seed_played":"-831680435007142143","potions_obtained":[{"floor":1.0,"key":"ColorlessPotion"},{"floor":5.0,"key":"BloodPotion"},{"floor":13.0,"key":"Weak Potion"},{"floor":28,"key":"SkillPotion"},{"floor":31,"key":"ColorlessPotion"}],"is_trial":false,"path_per_floor":["M","?","?","?","M","R","E","?","T","R","E","R","E","$","R","B",null,"M","?","?","M","$","R","E","M","T","E","M","R","M","M","R","B"],"character_chosen":"IRONCLAD","items_purchased":["StrikeDummy","Offering","hubris:MedicalManual","ClockworkSouvenir","Membership Card"],"campfire_rested":0,"item_purchase_floors":[0,0,0,14,22],"current_hp_per_floor":[74,74,74,74,74,74,54,54,54,54,54,54,39,39,39,11,59,59,59,59,65,65,65,53,58,58,48,54,54,64,74,74,0,0],"gold":201,"neow_bonus":"","is_daily":false,"chose_seed":false,"campfire_upgraded":7,"win_rate":0.0,"timestamp":1608049815,"path_taken":["M","?","?","?","?","R","E","?","T","R","E","R","E","$","R","BOSS","M","?","?","M","$","R","E","M","T","E","M","R","M","M","R","BOSS"],"items_purchased_type":["Relic","Card","Relic","Relic","Relic"],"build_version":"2020-12-13","purchased_purges":1,"victory":false,"max_hp_per_floor":[75,75,75,75,75,75,75,75,75,75,75,75,75,75,75,75,75,75,75,75,75,75,75,75,75,75,78,81,81,85,89,89,89,89],"relic_stats":{"Regal Pillow":0,"counters":[15,59],"Juzu Bracelet":0,"Art of War":[0],"obtain_stats":[{"Regal Pillow":26,"hubris:MedicalManual":0,"Juzu Bracelet":13,"hubris:Towel":8,"Burning Blood":0,"ClockworkSouvenir":14,"hubris:Backtick":17,"Art of War":27,"Membership Card":22,"StrikeDummy":0,"InkBottle":7,"hubris:OldNail":9,"infinitespire:PuzzleCube":11,"hubris:Potato":17,"Pocketwatch":24},{"Regal Pillow":10,"hubris:MedicalManual":0,"Juzu Bracelet":5,"hubris:Towel":3,"Burning Blood":0,"ClockworkSouvenir":5,"hubris:Backtick":6,"Art of War":11,"Membership Card":8,"StrikeDummy":0,"InkBottle":3,"hubris:OldNail":3,"infinitespire:PuzzleCube":4,"hubris:Potato":6,"Pocketwatch":9},{"Regal Pillow":38,"hubris:MedicalManual":0,"Juzu Bracelet":19,"hubris:Towel":10,"Burning Blood":0,"ClockworkSouvenir":19,"hubris:Backtick":27,"Art of War":44,"Membership Card":32,"StrikeDummy":0,"InkBottle":10,"hubris:OldNail":10,"infinitespire:PuzzleCube":12,"hubris:Potato":27,"Pocketwatch":35}],"Burning Blood":84,"InkBottle":[14],"Pocketwatch":[30]},"card_choices":[{"not_picked":["Iron Wave","Searing Blow"],"picked":"Twin Strike","floor":1.0},{"not_picked":["Wild Strike","Searing Blow"],"picked":"Twin Strike","floor":5.0},{"not_picked":["Sword Boomerang","Rampage","Seeing Red"],"picked":"SKIP","floor":7.0},{"not_picked":["Dark Embrace","Pummel","Clash"],"picked":"SKIP","floor":11.0},{"not_picked":["Sentinel","Thunderclap"],"picked":"Perfected Strike","floor":13.0},{"not_picked":["Fiend Fire","Juggernaut"],"picked":"Offering","floor":16.0},{"not_picked":["Dark Embrace","Armaments","Rage"],"picked":"SKIP","floor":18.0},{"not_picked":["Sword Boomerang","Heavy Blade","Evolve"],"picked":"SKIP","floor":21},{"not_picked":["Reckless Charge+1","Fiend Fire","Body Slam"],"picked":"SKIP","floor":24},{"not_picked":["True Grit","Clash"],"picked":"Feed","floor":25},{"not_picked":["Inflame+1","Bludgeon","Uppercut"],"picked":"SKIP","floor":27},{"not_picked":["Wild Strike","Iron Wave","Anger+1"],"picked":"SKIP","floor":28},{"not_picked":["Headbutt","Shrug It Off"],"picked":"Offering","floor":30},{"not_picked":["Ghostly Armor","Thunderclap"],"picked":"Disarm","floor":31}],"player_experience":915256,"relics_obtained":[{"floor":7.0,"key":"InkBottle"},{"floor":9.0,"key":"hubris:OldNail"},{"floor":11.0,"key":"infinitespire:PuzzleCube"},{"floor":13.0,"key":"Juzu Bracelet"},{"floor":24,"key":"Pocketwatch"},{"floor":26,"key":"Regal Pillow"},{"floor":27,"key":"Art of War"}],"event_choices":[{"damage_healed":0.0,"max_hp_gain":0.0,"max_hp_loss":0.0,"gold_gain":0.0,"cards_transformed":["Defend_R"],"event_name":"Transmorgrifier","player_choice":"Transformed","floor":4.0,"gold_loss":0.0,"damage_taken":0.0,"cards_obtained":["Cleave"]},{"damage_healed":0,"gold_gain":0,"player_choice":"Ignored","damage_taken":0,"max_hp_gain":0,"max_hp_loss":0,"event_name":"Ghosts","floor":19,"gold_loss":0},{"damage_healed":0,"gold_gain":0,"player_choice":"Simplicity","damage_taken":0,"max_hp_gain":0,"max_hp_loss":6,"event_name":"betterThird:BetterWriting","floor":20,"gold_loss":0}],"is_beta":false,"boss_relics":[{"not_picked":["Pandora\u0027s Box","infinitespire:Cupcake"],"picked":"hubris:Backtick"}],"items_purged_floors":[0],"is_endless":false,"potions_floor_spawned":[1,5,13,18,28,31],"killed_by":"Champ","ascension_level":20}}