{"host":"51f0ad793vly1w6u","time":1608032480,"event":{"mods":["BaseMod","Colored Map","DeckTracker","Minty Spire (QoL Compilation)","StSLib","SuperFastMode"],"gold_per_floor":[118,118,138,156,172,172,198,198,198,217,217,217,217,234,234,308,308,267,317,327,88,88,88,88,88],"floor_reached":24,"playtime":433,"items_purged":["Strike_R"],"score":392,"play_id":"66623191-edbf-4f42-8334-9f3d0692e10d","local_time":"20201215204120","is_ascension_mode":true,"campfire_choices":[{"data":"Carnage","floor":6.0,"key":"SMITH"},{"data":"Rage","floor":8.0,"key":"SMITH"},{"data":"Evolve","floor":12.0,"key":"SMITH"},{"data":"Double Tap","floor":15.0,"key":"SMITH"},{"data":"Bash","floor":23.0,"key":"SMITH"}],"circlet_count":0,"master_deck":["AscendersBane","Strike_R","Strike_R","Strike_R","Defend_R","Defend_R","Defend_R","Bash+1","Evolve+1","Rage+1","Body Slam+1","Carnage+1","Double Tap+1","Shrug It Off","Shrug It Off","Impervious"],"relics":["Black Blood","Bird Faced Urn","Question Card","Lee\u0027s Waffle"],"acts_visited":["Exordium","TheCity"],"potions_floor_usage":[],"damage_taken":[{"damage":22.0,"enemies":"Jaw Worm","floor":1.0,"turns":7.0},{"damage":6.0,"enemies":"2 Louse","floor":3.0,"turns":3.0},{"damage":12.0,"enemies":"Cultist","floor":4.0,"turns":4.0},{"damage":9.0,"enemies":"Red Slaver","floor":5.0,"turns":2.0},{"damage":32.0,"enemies":"Gremlin Nob","floor":7.0,"turns":4.0},{"damage":0.0,"enemies":"3 Louse","floor":10.0,"turns":4.0},{"damage":9.0,"enemies":"2 Fungi Beasts","floor":14.0,"turns":4.0},{"damage":29.0,"enemies":"Slime Boss","floor":16.0,"turns":7.0},{"damage":14.0,"enemies":"2 Thieves","floor":18.0,"turns":5.0},{"damage":20.0,"enemies":"Chosen","floor":20.0,"turns":5.0},{"damage":63,"enemies":"Book of Stabbing","floor":24,"turns":5}],"seed_played":"3029018527112917769","potions_obtained":[{"floor":1.0,"key":"EssenceOfSteel"},{"floor":5.0,"key":"FearPotion"},{"floor":10.0,"key":"CultistPotion"},{"floor":16.0,"key":"BlessingOfTheForge"},{"floor":18.0,"key":"Strength Potion"}],"is_trial":false,"path_per_floor":["M","?","M","M","M","R","E","R","T","M","?","R","?","M","R","B",null,"M","?","M","$","?","R","E"],"character_chosen":"IRONCLAD","items_purchased":["Lee\u0027s Waffle"],"campfire_rested":0,"item_purchase_floors":[21],"current_hp_per_floor":[52,52,52,46,43,43,17,17,17,23,48,48,41,38,38,17,61,61,54,46,82,58,58,0,0],"gold":88,"neow_bonus":"TRANSFORM_TWO_CARDS","is_daily":false,"chose_seed":false,"campfire_upgraded":5,"win_rate":0.0,"timestamp":1608032480,"path_taken":["M","?","M","M","M","R","E","R","T","M","?","R","?","M","R","BOSS","M","?","?","?","?","R","E"],"items_purchased_type":["Relic"],"build_version":"2020-12-13","purchased_purges":1,"victory":false,"max_hp_per_floor":[75,75,75,75,75,75,75,75,75,75,75,75,75,75,75,75,75,75,75,75,82,87,87,87,87],"card_choices":[{"not_picked":["Havoc","True Grit"],"picked":"Body Slam","floor":1.0},{"not_picked":["Sword Boomerang","Pommel Strike"],"picked":"Carnage","floor":3.0},{"not_picked":["Warcry","Dual Wield"],"picked":"Double Tap","floor":4.0},{"not_picked":["Pommel Strike","Sentinel","Thunderclap"],"picked":"SKIP","floor":5.0},{"not_picked":["Infernal Blade","Rampage","Bloodletting"],"picked":"SKIP","floor":7.0},{"not_picked":["Heavy Blade","Seeing Red","Body Slam"],"picked":"Shrug It Off","floor":10.0},{"not_picked":["Bloodletting","Infernal Blade","Body Slam"],"picked":"Shrug It Off","floor":14.0},{"not_picked":["Berserk","Bludgeon","Demon Form"],"picked":"Impervious","floor":16.0},{"not_picked":["Warcry","Clothesline","Armaments","Clash"],"picked":"SKIP","floor":18.0},{"not_picked":["Twin Strike","Heavy Blade","Pummel","True Grit"],"picked":"SKIP","floor":20.0}],"player_experience":1365070,"relics_obtained":[{"floor":7.0,"key":"Bird Faced Urn"},{"floor":9.0,"key":"Question Card"}],"event_choices":[{"damage_healed":0.0,"max_hp_gain":0.0,"max_hp_loss":0.0,"gold_gain":0.0,"event_name":"Living Wall","player_choice":"Grow","floor":2.0,"gold_loss":0.0,"damage_taken":0.0,"cards_upgraded":["Body Slam"]},{"damage_healed":25.0,"max_hp_gain":0.0,"max_hp_loss":0.0,"gold_gain":0.0,"event_name":"Big Fish","player_choice":"Banana","floor":11.0,"gold_loss":0.0,"damage_taken":0.0},{"cards_removed":["Injury"],"damage_healed":0.0,"max_hp_gain":0.0,"max_hp_loss":0.0,"gold_gain":0.0,"event_name":"Golden Wing","player_choice":"Card Removal","floor":13.0,"gold_loss":0.0,"damage_taken":7.0},{"damage_healed":0.0,"max_hp_gain":0.0,"max_hp_loss":0.0,"gold_gain":50.0,"event_name":"FaceTrader","player_choice":"Touch","floor":19.0,"gold_loss":0.0,"damage_taken":7.0},{"damage_healed":0.0,"max_hp_gain":5.0,"max_hp_loss":0.0,"gold_gain":0.0,"event_name":"Forgotten Altar","player_choice":"Shed Blood","floor":22.0,"gold_loss":0.0,"damage_taken":29.0}],"is_beta":false,"boss_relics":[{"not_picked":["Runic Pyramid","Cursed Key"],"picked":"Black Blood"}],"items_purged_floors":[21],"is_endless":false,"potions_floor_spawned":[1,5,10,16,18],"killed_by":"Book of Stabbing","ascension_level":20}}