{"host":"owox7x4ngjt9htcc","time":1608043290,"event":{"mods":["BaseMod","Colored Map","DeckTracker","Keyboard Shortcuts","Minty Spire (QoL Compilation)","SuperFastMode"],"gold_per_floor":[114,129,204,219,219,249,249,264,264,279,294,309,43,73,73,173,173,188,188,188,188,32,62,62,62,62,62,77,92,55,85,85,185,185,200,200,215,36,51,81,96,126,176,191,206,206,221,20,20,20],"floor_reached":51,"playtime":1128,"items_purged":[],"score":984,"play_id":"dee74d68-ba15-46ba-a017-75c27b2c17d2","local_time":"20201215234130","daily_mods":["Allstar","Hoarder","Night Terrors"],"is_ascension_mode":false,"campfire_choices":[{"data":"Zap","floor":7.0,"key":"SMITH"},{"data":"Coolheaded","floor":15.0,"key":"SMITH"},{"data":"Coolheaded","floor":27.0,"key":"SMITH"},{"floor":32.0,"key":"REST"},{"data":"Skim","floor":46.0,"key":"SMITH"},{"floor":49,"key":"REST"}],"circlet_count":0,"master_deck":["Strike_B+1","Strike_B+1","Strike_B+1","Defend_B+1","Defend_B+1","Defend_B+1","Defend_B+1","Zap+1","Dualcast","Discovery","Discovery","Discovery","Dramatic Entrance","Dramatic Entrance","Dramatic Entrance","Forethought","Forethought","Forethought+1","Jack Of All Trades","Jack Of All Trades","Jack Of All Trades","Forethought","Forethought","Forethought","Cold Snap","Cold Snap","Cold Snap","Leap","Leap","Leap+1","Gash","Gash","Gash","Gash","Gash","Gash","Coolheaded","Coolheaded+1","Coolheaded+1","Sweeping Beam","Sweeping Beam","Sweeping Beam","Turbo","Turbo","Turbo","Skim+1","Skim","Skim","All For One","All For One","All For One","Gash","Gash","Gash","Undo+1","Undo+1","Undo+1","Gash","Gash","Gash","Core Surge","Core Surge","Core Surge","FTL","FTL","FTL","Glacier+1","Glacier+1","Glacier+1","Stack+1","Stack+1","Stack+1","Aggregate+1","Aggregate+1","Aggregate+1","Gash+1","Gash+1","Gash+1","Loop","Loop","Loop","Turbo+1","Turbo+1","Turbo+1"],"relics":["Cracked Core","Shuriken","The Courier","Meat on the Bone","Singing Bowl","SlaversCollar","Bag of Preparation","War Paint","Toxic Egg 2","Bottled Flame","White Beast Statue","SacredBark","Lee\u0027s Waffle","Ancient Tea Set","Potion Belt","Nunchaku","Oddly Smooth Stone"],"acts_visited":["Exordium","TheCity","TheBeyond"],"potions_floor_usage":[50,50,50,50],"damage_taken":[{"damage":0.0,"enemies":"Small Slimes","floor":1.0,"turns":1.0},{"damage":9.0,"enemies":"Jaw Worm","floor":2.0,"turns":2.0},{"damage":0.0,"enemies":"2 Louse","floor":4.0,"turns":1.0},{"damage":20.0,"enemies":"Lagavulin","floor":6.0,"turns":6.0},{"damage":0.0,"enemies":"Large Slime","floor":8.0,"turns":4.0},{"damage":0.0,"enemies":"2 Fungi Beasts","floor":10.0,"turns":1.0},{"damage":0.0,"enemies":"Gremlin Gang","floor":11.0,"turns":1.0},{"damage":12.0,"enemies":"Blue Slaver","floor":12.0,"turns":2.0},{"damage":5.0,"enemies":"3 Sentries","floor":14.0,"turns":3.0},{"damage":6.0,"enemies":"Hexaghost","floor":16.0,"turns":10.0},{"damage":18.0,"enemies":"Shell Parasite","floor":18.0,"turns":3.0},{"damage":7.0,"enemies":"Book of Stabbing","floor":23.0,"turns":4.0},{"damage":0.0,"enemies":"Spheric Guardian","floor":28.0,"turns":2.0},{"damage":6.0,"enemies":"Chosen and Byrds","floor":29.0,"turns":3.0},{"damage":16.0,"enemies":"Slavers","floor":31.0,"turns":3.0},{"damage":8.0,"enemies":"Champ","floor":33.0,"turns":5.0},{"damage":2.0,"enemies":"3 Darklings","floor":35.0,"turns":4.0},{"damage":0.0,"enemies":"3 Shapes","floor":37.0,"turns":2.0},{"damage":24.0,"enemies":"Jaw Worm Horde","floor":39.0,"turns":4.0},{"damage":0.0,"enemies":"Reptomancer","floor":40.0,"turns":5.0},{"damage":3.0,"enemies":"3 Darklings","floor":41.0,"turns":4.0},{"damage":8.0,"enemies":"Nemesis","floor":42.0,"turns":7.0},{"damage":0.0,"enemies":"4 Shapes","floor":44.0,"turns":1.0},{"damage":3.0,"enemies":"Transient","floor":45.0,"turns":5.0},{"damage":8,"enemies":"Writhing Mass","floor":47,"turns":7},{"damage":0,"enemies":"Awakened One","floor":50,"turns":9}],"seed_played":"8833210206598683822","potions_obtained":[{"floor":2.0,"key":"SpeedPotion"},{"floor":6.0,"key":"Block Potion"},{"floor":8.0,"key":"Dexterity Potion"},{"floor":16.0,"key":"Swift Potion"},{"floor":23.0,"key":"SmokeBomb"},{"floor":31.0,"key":"EntropicBrew"},{"floor":39.0,"key":"Weak Potion"},{"floor":40.0,"key":"LiquidBronze"},{"floor":41.0,"key":"Strength Potion"},{"floor":42.0,"key":"FearPotion"},{"floor":44.0,"key":"Fire Potion"},{"floor":45.0,"key":"FocusPotion"},{"floor":47,"key":"FairyPotion"}],"is_trial":false,"path_per_floor":["M","M","?","M","?","E","R","M","T","M","M","M","$","E","R","B",null,"M","?","?","?","$","E","T","?","T","R","M","M","$","E","R","B",null,"M","?","M","$","M","E","M","E","T","M","M","R","M","$","R","B",null],"character_chosen":"DEFECT","items_purchased":["Meat on the Bone","Skim","Gash","Bag of Preparation","Gash","Lee\u0027s Waffle","Glacier+1","Oddly Smooth Stone","Loop","Turbo+1"],"campfire_rested":2,"item_purchase_floors":[13,13,22,22,30,38,38,48,48,48],"current_hp_per_floor":[75,66,55,55,55,35,35,35,35,35,35,23,23,32,32,38,77,61,61,61,61,61,56,56,56,56,56,56,52,52,50,80,72,80,80,80,80,89,65,67,66,60,60,62,59,59,51,51,92,92],"gold":20,"neow_bonus":"","is_daily":true,"chose_seed":false,"campfire_upgraded":4,"win_rate":0.0,"timestamp":1608043290,"path_taken":["M","M","?","M","?","E","R","M","T","M","M","M","$","E","R","BOSS","M","?","?","?","$","E","?","?","T","R","M","M","?","E","R","BOSS","M","?","M","$","M","E","M","E","T","?","M","R","M","$","R","BOSS"],"items_purchased_type":["Relic","Card","Card","Relic","Card","Relic","Card","Relic","Card","Card"],"build_version":"2020-12-13","purchased_purges":0,"victory":true,"max_hp_per_floor":[75,75,75,75,75,75,75,75,75,75,75,75,75,77,77,77,77,79,79,79,79,79,81,81,81,81,81,81,83,83,85,80,80,80,82,82,82,89,89,91,93,95,95,97,97,97,97,97,92,92],"card_choices":[{"not_picked":["Stack","Reinforced Body"],"picked":"Cold Snap","floor":1.0},{"not_picked":["Consume","Redo"],"picked":"Leap","floor":2.0},{"not_picked":["Rebound","Chill"],"picked":"Gash","floor":4.0},{"not_picked":["Redo","Fusion"],"picked":"Gash","floor":6.0},{"not_picked":["Conserve Battery","Aggregate"],"picked":"Coolheaded","floor":8.0},{"not_picked":["Sunder","Barrage","Echo Form"],"picked":"SKIP","floor":10.0},{"not_picked":["Streamline","Hologram"],"picked":"Sweeping Beam","floor":11.0},{"not_picked":["Cold Snap","Genetic Algorithm"],"picked":"Turbo","floor":12.0},{"not_picked":["Skim","Turbo","Blizzard"],"picked":"Singing Bowl","floor":14.0},{"not_picked":["Thunder Strike","Machine Learning"],"picked":"All For One","floor":16.0},{"not_picked":["Barrage+1","Chaos","Capacitor+1"],"picked":"Singing Bowl","floor":18.0},{"not_picked":["Reinforced Body","Go for the Eyes","Rip and Tear"],"picked":"Singing Bowl","floor":23.0},{"not_picked":["Consume+1","Turbo+1"],"picked":"Undo+1","floor":28.0},{"not_picked":["Sweeping Beam","Rebound+1","Beam Cell"],"picked":"Singing Bowl","floor":29.0},{"not_picked":["Chill+1","Static Discharge","Heatsinks"],"picked":"Singing Bowl","floor":31.0},{"not_picked":["Reboot+1","Biased Cognition"],"picked":"Core Surge","floor":33.0},{"not_picked":["Streamline+1","Force Field+1","Go for the Eyes"],"picked":"Singing Bowl","floor":35.0},{"not_picked":["Redo+1","Beam Cell"],"picked":"FTL","floor":37.0},{"not_picked":["Heatsinks","Compile Driver+1"],"picked":"Stack+1","floor":39.0},{"not_picked":["Capacitor","Beam Cell+1","Coolheaded+1"],"picked":"Singing Bowl","floor":40.0},{"not_picked":["Steam+1","Glacier+1","Cold Snap+1"],"picked":"Singing Bowl","floor":41.0},{"not_picked":["Go for the Eyes+1","Lockon+1","Scrape+1"],"picked":"Singing Bowl","floor":42.0},{"not_picked":["Cold Snap","Lockon+1","Darkness+1"],"picked":"Singing Bowl","floor":44.0},{"not_picked":["Chaos+1","Steam+1"],"picked":"Aggregate+1","floor":45.0},{"not_picked":["Capacitor+1","Amplify+1"],"picked":"Gash+1","floor":47}],"player_experience":838783,"relics_obtained":[{"floor":6.0,"key":"Shuriken"},{"floor":9.0,"key":"The Courier"},{"floor":14.0,"key":"Singing Bowl"},{"floor":23.0,"key":"War Paint"},{"floor":24.0,"key":"Toxic Egg 2"},{"floor":26.0,"key":"Bottled Flame"},{"floor":31.0,"key":"White Beast Statue"},{"floor":40.0,"key":"Ancient Tea Set"},{"floor":42.0,"key":"Potion Belt"},{"floor":43.0,"key":"Nunchaku"}],"event_choices":[{"damage_healed":0.0,"max_hp_gain":0.0,"max_hp_loss":0.0,"gold_gain":75.0,"event_name":"World of Goop","player_choice":"Gather Gold","floor":3.0,"gold_loss":0.0,"damage_taken":11.0},{"damage_healed":0.0,"max_hp_gain":0.0,"max_hp_loss":0.0,"gold_gain":0.0,"event_name":"Liars Game","player_choice":"Ignored","floor":5.0,"gold_loss":0.0,"damage_taken":0.0},{"damage_healed":0.0,"max_hp_gain":0.0,"max_hp_loss":0.0,"gold_gain":0.0,"event_name":"Vampires","player_choice":"Ignored","floor":19.0,"gold_loss":0.0,"damage_taken":0.0},{"damage_healed":0.0,"max_hp_gain":0.0,"max_hp_loss":0.0,"gold_gain":0.0,"event_name":"Ghosts","player_choice":"Ignored","floor":20.0,"gold_loss":0.0,"damage_taken":0.0},{"damage_healed":0.0,"max_hp_gain":0.0,"max_hp_loss":0.0,"gold_gain":0.0,"event_name":"Back to Basics","player_choice":"Simplicity","floor":21.0,"gold_loss":0.0,"damage_taken":0.0,"cards_upgraded":["Strike_B","Strike_B","Strike_B","Strike_B","Defend_B","Defend_B","Defend_B","Defend_B"]},{"damage_healed":0.0,"max_hp_gain":0.0,"max_hp_loss":0.0,"gold_gain":0.0,"event_name":"The Mausoleum","player_choice":"Ignored","floor":25.0,"gold_loss":0.0,"damage_taken":0.0},{"cards_removed":["Strike_B"],"damage_healed":0.0,"max_hp_gain":0.0,"max_hp_loss":0.0,"gold_gain":0.0,"event_name":"Purifier","player_choice":"Purged","floor":36.0,"gold_loss":0.0,"damage_taken":0.0}],"is_beta":false,"boss_relics":[{"not_picked":["Inserter","Runic Dome"],"picked":"SlaversCollar"},{"not_picked":["Busted Crown","Philosopher\u0027s Stone"],"picked":"SacredBark"}],"items_purged_floors":[],"is_endless":false,"potions_floor_spawned":[2,6,8,16,23,31,33,35,37,39,40,41,42,44,45,47],"ascension_level":0}}