{"host":"fo1pcjb7ykmk7tjo","time":1608062749,"event":{"mods":["BaseMod","Colored Map","Downfall","Hermit","Hubris","Infinite Spire","Marisa????????","Minty Spire (QoL Compilation)","Replay The Spire","StSLib","The Disciple","The Servant 0.9.4"],"gold_per_floor":[109,129,58,58,34,34,69,69,69,87,87,7,182,207,207,304,304,330,330,330,605,660,660,694,756,756,786,786],"floor_reached":27,"playtime":1276,"items_purged":["hermit:Strike_Hermit"],"score":437,"play_id":"596882ef-3762-4d27-9ba7-19654180e9e4","local_time":"20201215210549","is_ascension_mode":false,"campfire_choices":[{"data":"hermit:Determination","floor":6.0,"key":"SMITH"},{"data":"hermit:ShadowCloak","floor":8.0,"key":"SMITH"},{"data":"hermit:ShadowCloak","floor":15.0,"key":"SMITH"},{"data":"hermit:Covet","floor":23.0,"key":"SMITH"}],"circlet_count":0,"master_deck":["hermit:Strike_Hermit","hermit:Strike_Hermit","hermit:Strike_Hermit","hermit:Defend_Hermit","hermit:Defend_Hermit","hermit:Defend_Hermit","hermit:Defend_Hermit","hermit:Snapshot","hermit:Covet+1","hermit:Horror","hermit:CursedWeapon","Pain","hermit:Determination+1","hermit:Desperado","hermit:Manifest","Pain","hermit:Coalescence","hermit:ShadowCloak+1","hermit:SprayPray","CommonCold","hermit:ShadowCloak+1","Doubt","Regret","hermit:HoleUp+1","hermit:Snipe"],"relics":["hermit:Momento","NeowsBlessing","ReplayTheSpireMod:CursedCoin","WarpedTongs","Onion Ring","hermit:Horseshoe","ReplayTheSpireMod:Ring of Challenge","Ring of Panic","Pet Ghost","hubris:TerracottaHorce","hubris:Icosahedron","hubris:Towel","ReplayTheSpireMod:Ninjato","Mercury Hourglass"],"acts_visited":["Exordium","TheCity"],"potions_floor_usage":[27],"damage_taken":[{"damage":0.0,"enemies":"infinitespire:Voidling","floor":1.0,"turns":1.0},{"damage":0.0,"enemies":"2 Louse","floor":2.0,"turns":1.0},{"damage":0.0,"enemies":"Gremlin Nob","floor":7.0,"turns":1.0},{"damage":8.0,"enemies":"Jaw Worm","floor":10.0,"turns":3.0},{"damage":11.0,"enemies":"Replay:BlueRogue","floor":14.0,"turns":4.0},{"damage":2.0,"enemies":"Slime Boss","floor":16.0,"turns":9.0},{"damage":13.0,"enemies":"3 Byrds","floor":18.0,"turns":6.0},{"damage":4.0,"enemies":"Shell Parasite","floor":22.0,"turns":8.0},{"damage":31.0,"enemies":"Slavers","floor":24.0,"turns":8.0},{"damage":19.0,"enemies":"Centurion and Healer","floor":25.0,"turns":6.0},{"damage":4,"enemies":"Book of Stabbing","floor":27,"turns":3}],"seed_played":"8856966069875869788","potions_obtained":[{"floor":1.0,"key":"hermit:BlackBile"},{"floor":7.0,"key":"SmokeBomb"},{"floor":16.0,"key":"SmokeBomb"},{"floor":24.0,"key":"Flashbang"},{"floor":25.0,"key":"FearPotion"}],"is_trial":false,"path_per_floor":["M","M","$","?","$","R","E","R","T","M","?","$","?","E","R","B",null,"M","?","?","?","M","R","E","M","T","E"],"character_chosen":"HERMIT","items_purchased":["ReplayTheSpireMod:CursedCoin","hermit:Determination","hermit:Desperado","hermit:Manifest","hermit:Coalescence","hermit:ShadowCloak"],"campfire_rested":0,"item_purchase_floors":[3,3,3,3,5,12],"current_hp_per_floor":[75,75,75,75,75,75,75,75,75,67,67,67,67,56,56,54,70,57,57,57,57,53,53,22,3,3,0,0],"gold":786,"neow_bonus":"THREE_ENEMY_KILL","is_daily":false,"chose_seed":false,"campfire_upgraded":4,"win_rate":0.0,"timestamp":1608062749,"path_taken":["M","?","$","?","$","R","E","R","T","?","?","?","?","E","R","BOSS","M","?","?","?","?","R","E","M","T","E"],"items_purchased_type":["Relic","Card","Card","Card","Card","Card"],"build_version":"2020-12-13","purchased_purges":1,"victory":false,"max_hp_per_floor":[75,75,75,75,75,75,75,75,75,75,75,75,75,75,75,75,75,75,75,75,75,75,75,75,75,75,75,75],"card_choices":[{"not_picked":["hermit:Vantage","hermit:Roulette"],"picked":"hermit:Horror","floor":1.0},{"not_picked":["hermit:Cheat","hermit:Quickdraw"],"picked":"hermit:CursedWeapon","floor":2.0},{"not_picked":["hermit:SprayPray","hermit:Scavenge"],"picked":"hermit:ShadowCloak","floor":7.0},{"not_picked":["hermit:BodyArmor","hermit:WideOpen"],"picked":"hermit:SprayPray","floor":10.0},{"not_picked":["hermit:Magnum","hermit:Glare","hermit:Cheat"],"picked":"SKIP","floor":14.0},{"not_picked":["hermit:DeadMansHand+1","hermit:Coalescence","hermit:Feint"],"picked":"SKIP","floor":18.0},{"not_picked":["hermit:Manifest+1","hermit:Dive"],"picked":"hermit:HoleUp+1","floor":22.0},{"not_picked":["hermit:LowProfile","hermit:Magnum","hermit:Quickdraw"],"picked":"SKIP","floor":24.0},{"not_picked":["hermit:PistolWhip","hermit:Desperado"],"picked":"hermit:Snipe","floor":25.0}],"player_experience":148133,"relics_obtained":[{"floor":7.0,"key":"Onion Ring"},{"floor":9.0,"key":"hermit:Horseshoe"},{"floor":11.0,"key":"ReplayTheSpireMod:Ring of Challenge"},{"floor":11.0,"key":"Ring of Panic"},{"floor":14.0,"key":"Pet Ghost"},{"floor":24.0,"key":"ReplayTheSpireMod:Ninjato"},{"floor":26.0,"key":"Mercury Hourglass"}],"event_choices":[{"damage_healed":0.0,"max_hp_gain":0.0,"max_hp_loss":0.0,"gold_gain":0.0,"event_name":"Accursed Blacksmith","player_choice":"Rummage","floor":4.0,"gold_loss":0.0,"damage_taken":0.0,"relics_obtained":["WarpedTongs"],"cards_obtained":["Pain"]},{"damage_healed":0.0,"max_hp_gain":0.0,"max_hp_loss":0.0,"gold_gain":175.0,"event_name":"Liars Game","player_choice":"AGREE","floor":13.0,"gold_loss":0.0,"damage_taken":0.0,"cards_obtained":["Doubt"]},{"damage_healed":0.0,"max_hp_gain":0.0,"max_hp_loss":0.0,"gold_gain":275.0,"event_name":"Golden Shrine","player_choice":"Desecrate","floor":21.0,"gold_loss":0.0,"damage_taken":0.0,"cards_obtained":["Regret"]}],"is_beta":false,"boss_relics":[{"not_picked":["hermit:DentedPlate","ReplayTheSpireMod:SealedPack"],"picked":"hubris:TerracottaHorce"}],"items_purged_floors":[3],"is_endless":false,"potions_floor_spawned":[1,7,16,24,25],"killed_by":"Book of Stabbing","ascension_level":0}}