{"host":"rmsq46plbpwfbxcc","time":1608070629,"event":{"mods":["AchievementEnabler","BaseMod","Colored Map","DeckTracker","Minty Spire (QoL Compilation)","Permanent Neow","SuperFastMode"],"gold_per_floor":[113,128,128,140,159,159,186,186,212,212,226,253,253,125,125,125,125],"floor_reached":16,"playtime":416,"items_purged":["Pain"],"score":243,"play_id":"d41d41fc-0062-4cce-80df-987392dbfec0","local_time":"20201216071709","is_ascension_mode":true,"campfire_choices":[{"data":"Neutralize","floor":6,"key":"SMITH"},{"data":"Blade Dance","floor":8,"key":"SMITH"},{"data":"Choke","floor":13,"key":"SMITH"},{"data":"Cloak And Dagger","floor":15,"key":"SMITH"}],"circlet_count":0,"master_deck":["AscendersBane","Strike_G","Strike_G","Strike_G","Strike_G","Strike_G","Defend_G","Defend_G","Defend_G","Defend_G","Defend_G","Survivor","Neutralize+1","CurseOfTheBell","Choke+1","Blade Dance+1","Backflip","Cloak And Dagger+1"],"relics":["Calling Bell","Juzu Bracelet","StrikeDummy","Thread and Needle","WarpedTongs","Lantern","PreservedInsect","Anchor","Bird Faced Urn"],"acts_visited":["Exordium"],"potions_floor_usage":[7,11,12,16],"damage_taken":[{"damage":0,"enemies":"2 Louse","floor":1,"turns":4},{"damage":0,"enemies":"Cultist","floor":2,"turns":4},{"damage":2,"enemies":"Jaw Worm","floor":4,"turns":5},{"damage":0,"enemies":"3 Louse","floor":5,"turns":3},{"damage":2,"enemies":"Gremlin Nob","floor":7,"turns":2},{"damage":3,"enemies":"Gremlin Gang","floor":11,"turns":4},{"damage":4,"enemies":"3 Sentries","floor":12,"turns":5},{"damage":37,"enemies":"The Guardian","floor":16,"turns":8}],"seed_played":"-1130848338201563134","potions_obtained":[{"floor":4,"key":"FearPotion"},{"floor":7,"key":"Swift Potion"},{"floor":11,"key":"Swift Potion"},{"floor":12,"key":"SkillPotion"}],"is_trial":false,"path_per_floor":["M","M","?","M","M","R","E","R","T","?","M","E","R","$","R","B"],"character_chosen":"THE_SILENT","items_purchased":["Cloak And Dagger"],"campfire_rested":0,"item_purchase_floors":[14],"current_hp_per_floor":[59,59,59,57,57,57,55,55,55,44,41,37,37,37,37,0,0],"gold":125,"neow_bonus":"BOSS_RELIC","is_daily":false,"chose_seed":true,"campfire_upgraded":4,"win_rate":0.0,"timestamp":1608070629,"path_taken":["M","M","?","M","M","R","E","R","T","?","M","E","R","$","R","BOSS"],"items_purchased_type":["Card"],"build_version":"2020-12-13","purchased_purges":1,"victory":false,"max_hp_per_floor":[66,66,66,66,66,66,66,66,66,66,66,66,66,66,66,66,66],"card_choices":[{"not_picked":["Skewer","Outmaneuver","Quick Slash"],"picked":"SKIP","floor":1},{"not_picked":["Crippling Poison","Expertise"],"picked":"Choke","floor":2},{"not_picked":["Predator","Sucker Punch"],"picked":"Blade Dance","floor":4},{"not_picked":["Flying Knee","Infinite Blades","Dagger Throw"],"picked":"SKIP","floor":5},{"not_picked":["Dodge and Roll","Corpse Explosion"],"picked":"Backflip","floor":7},{"not_picked":["Slice","Crippling Poison","Endless Agony"],"picked":"SKIP","floor":11},{"not_picked":["Blade Dance","Grand Finale","Sucker Punch"],"picked":"SKIP","floor":12}],"player_experience":1330114,"relics_obtained":[{"floor":0,"key":"Juzu Bracelet"},{"floor":0,"key":"StrikeDummy"},{"floor":0,"key":"Thread and Needle"},{"floor":7,"key":"Lantern"},{"floor":9,"key":"PreservedInsect"},{"floor":12,"key":"Bird Faced Urn"}],"event_choices":[{"damage_healed":0,"gold_gain":0,"player_choice":"Rummage","damage_taken":0,"relics_obtained":["WarpedTongs"],"max_hp_gain":0,"max_hp_loss":0,"event_name":"Accursed Blacksmith","floor":3,"gold_loss":0,"cards_obtained":["Pain"]},{"damage_healed":0,"gold_gain":0,"player_choice":"Success","damage_taken":11,"relics_obtained":["Anchor"],"max_hp_gain":0,"max_hp_loss":0,"event_name":"Scrap Ooze","floor":10,"gold_loss":0}],"is_beta":false,"boss_relics":[],"items_purged_floors":[14],"is_endless":false,"potions_floor_spawned":[4,7,11,12],"killed_by":"The Guardian","ascension_level":16}}