{"host":"gx04ak8ofzo346nl","time":1608049797,"event":{"mods":["BaseMod","Colored Map","Duelist Mod","Friendly Minions","Googly Eyes","Minty Spire (QoL Compilation)","Replay The Spire","StSLib","The Animator","The Construct","The Cursed","The Disciple","The Necromancer","The Servant 0.9.4"],"gold_per_floor":[140,140,150,169,139,170,183,183,183,198,216,236,236,251,251,346,346,286,286,286],"floor_reached":19,"playtime":2280,"items_purged":[],"score":171,"play_id":"2dda9f1a-774c-407e-b872-bc8dad8e4dc0","local_time":"20201215082957","is_ascension_mode":false,"campfire_choices":[{"floor":8,"key":"RECALL"},{"floor":15,"key":"REST"}],"circlet_count":0,"master_deck":["theDuelist:CastleWalls","theDuelist:CastleWalls","theDuelist:DarkMagician","theDuelist:MysticalElf","theDuelist:MysticalElf","theDuelist:NeoMagic","theDuelist:NeoMagic","theDuelist:Sparks","theDuelist:Sparks","theDuelist:WingedKuribohLv9","theDuelist:Fissure","theDuelist:FogKing","theDuelist:IrisEarthMother","theDuelist:WingedKuriboh","theDuelist:OneForOne+1","theDuelist:GrandSpellbookTower+1","theDuelist:GeminiElf","theDuelist:ReinforcementsArmy","theDuelist:ForbiddenLance","theDuelist:ExodiaRL","theDuelist:Yami","theDuelist:IceQueen","CurseOfTheBell","theDuelist:Yami+1"],"relics":["theDuelist:MillenniumPuzzle","theDuelist:CardPoolRelic","theDuelist:CardPoolBasicRelic","theDuelist:BoosterPackPoolRelic","theDuelist:CardPoolAddRelic","theDuelist:CardPoolMinusRelic","theDuelist:CardPoolSaveRelic","theDuelist:CardPoolOptionsRelic","Prayer Wheel","Calling Bell","Centennial Puzzle","Frozen Egg 2","theDuelist:BoosterPackMonsterEgg"],"acts_visited":["Exordium","TheCity"],"potions_floor_usage":[6,11,14,16],"damage_taken":[{"damage":0,"enemies":"2 Louse","floor":1,"turns":3},{"damage":0,"enemies":"Cultist","floor":3,"turns":4},{"damage":0,"enemies":"Jaw Worm","floor":4,"turns":3},{"damage":2,"enemies":"Looter","floor":5,"turns":4},{"damage":34,"enemies":"Gremlin Nob","floor":6,"turns":6},{"damage":2,"enemies":"Large Slime","floor":7,"turns":8},{"damage":0,"enemies":"2 Fungi Beasts","floor":10,"turns":3},{"damage":7,"enemies":"3 Louse","floor":11,"turns":4},{"damage":14,"enemies":"Looter","floor":12,"turns":4},{"damage":2,"enemies":"Lots of Slimes","floor":14,"turns":5},{"damage":27,"enemies":"The Guardian","floor":16,"turns":11},{"damage":8,"enemies":"2 Thieves","floor":18,"turns":4},{"damage":80,"enemies":"Masked Bandits","floor":19,"turns":5}],"seed_played":"3352326220746171098","potions_obtained":[{"floor":4,"key":"theDuelist:SummonerBottle"},{"floor":6,"key":"theDuelist:CoolBottle"},{"floor":12,"key":"theDuelist:FlamingBottle"},{"floor":14,"key":"Weak Potion"},{"floor":16,"key":"Swift Potion"}],"is_trial":false,"path_per_floor":["M","?","M","M","M","E","M","R","T","M","M","M","?","M","R","B",null,"M","?"],"character_chosen":"THE_DUELIST","items_purchased":[],"campfire_rested":1,"item_purchase_floors":[],"current_hp_per_floor":[88,88,88,88,86,52,50,50,50,50,43,29,29,27,53,26,88,80,0,0],"gold":286,"neow_bonus":"TEN_PERCENT_HP_BONUS","is_daily":false,"chose_seed":false,"campfire_upgraded":0,"win_rate":0.0,"timestamp":1608049797,"path_taken":["M","?","M","M","M","E","M","R","T","?","M","M","?","M","R","BOSS","M","?"],"items_purchased_type":[],"build_version":"2020-12-13","purchased_purges":0,"victory":false,"max_hp_per_floor":[88,88,88,88,88,88,88,88,88,88,88,88,88,88,88,88,88,88,88,88],"card_choices":[{"not_picked":["theDuelist:EarthquakeGiant","theDuelist:PurplePainOni","theDuelist:LightningVortex","theDuelist:ClearKuriboh"],"picked":"theDuelist:WingedKuribohLv9","floor":1},{"not_picked":["theDuelist:LightningRodLord","theDuelist:MudGolem","theDuelist:PowerGiant","theDuelist:BattleOx"],"picked":"theDuelist:Fissure","floor":3},{"not_picked":["theDuelist:LegendaryExodia","theDuelist:Illusionist","theDuelist:StatueAnguishPattern","theDuelist:InvitationDarkSleep"],"picked":"theDuelist:FogKing","floor":4},{"not_picked":["theDuelist:RainbowDarkDragon","theDuelist:RainbowMagician","theDuelist:RainbowKuriboh","theDuelist:RainbowOverdragon"],"picked":"theDuelist:IrisEarthMother","floor":5},{"not_picked":["theDuelist:EarthquakeGiant","theDuelist:Fissure","theDuelist:Mudora","theDuelist:GraniteLoyalist"],"picked":"theDuelist:WingedKuriboh","floor":6},{"not_picked":["theDuelist:Cloning","theDuelist:LightningDarts","theDuelist:MagicalStone+1","theDuelist:SphereKuriboh"],"picked":"theDuelist:OneForOne+1","floor":7},{"not_picked":["theDuelist:StatueAnguishPattern","theDuelist:DarkHorizon","theDuelist:FairyBox","theDuelist:IcyCrevasse","theDuelist:BadReaction"],"picked":"SKIP","floor":7},{"not_picked":["theDuelist:VoidVanishment","theDuelist:IceQueen","theDuelist:GateGuardian","theDuelist:SangaWater"],"picked":"theDuelist:GrandSpellbookTower","floor":10},{"not_picked":["theDuelist:SkilledDarkMagician","theDuelist:ApprenticeIllusionMagician","theDuelist:GateGuardian"],"picked":"SKIP","floor":10},{"not_picked":["theDuelist:SkilledDarkMagician","theDuelist:InvitationDarkSleep","theDuelist:GuardianAngel","theDuelist:FogKing"],"picked":"theDuelist:GeminiElf","floor":11},{"not_picked":["theDuelist:InjectionFairy","theDuelist:ExodiaRL","theDuelist:ExodiaLL","theDuelist:SpellShatteringArrow","theDuelist:LordD"],"picked":"SKIP","floor":11},{"not_picked":["theDuelist:DarklordSuperbia","theDuelist:Terraforming","theDuelist:MudGolem","theDuelist:BattleOx"],"picked":"theDuelist:ReinforcementsArmy","floor":12},{"not_picked":["theDuelist:AttackTheMoon","theDuelist:GaiaMidNightSun","theDuelist:WingedKuriboh","theDuelist:WormKing"],"picked":"theDuelist:ForbiddenLance","floor":12},{"not_picked":["theDuelist:CrystalWingDragon","theDuelist:DiffusionWaveMotion","theDuelist:WhiteMagicalHat","theDuelist:AltarTribute"],"picked":"theDuelist:ExodiaRL","floor":14},{"not_picked":["theDuelist:WhiteHowling","theDuelist:TimeWizard","theDuelist:WonderWand"],"picked":"theDuelist:Yami","floor":14},{"not_picked":["theDuelist:RainbowDarkDragon","theDuelist:IrisEarthMother","theDuelist:QueenDragunDjinn","theDuelist:GrandSpellbookTower"],"picked":"theDuelist:IceQueen","floor":16},{"not_picked":["theDuelist:StatueAnguishPattern+1","theDuelist:GoblinSecret+1","theDuelist:WonderWand+1","theDuelist:InariFire+1"],"picked":"theDuelist:Yami+1","floor":18},{"not_picked":["theDuelist:Fissure+1","theDuelist:MudragonSwamp+1","theDuelist:PowerGiant+1","theDuelist:Sangan+1","theDuelist:RainbowOverdragon+1"],"picked":"SKIP","floor":18}],"player_experience":170517,"relics_obtained":[{"floor":6,"key":"Prayer Wheel"},{"floor":17,"key":"Centennial Puzzle"},{"floor":17,"key":"Frozen Egg 2"},{"floor":17,"key":"theDuelist:BoosterPackMonsterEgg"}],"event_choices":[{"cards_removed":["theDuelist:Sparks"],"damage_healed":0,"gold_gain":0,"player_choice":"Purged","damage_taken":0,"max_hp_gain":0,"max_hp_loss":0,"event_name":"Purifier","floor":2,"gold_loss":0},{"damage_healed":0,"gold_gain":0,"player_choice":"Grow","damage_taken":0,"max_hp_gain":0,"max_hp_loss":0,"event_name":"Living Wall","floor":13,"gold_loss":0,"cards_upgraded":["theDuelist:GrandSpellbookTower"]},{"damage_healed":0,"gold_gain":0,"player_choice":"Fought Bandits","damage_taken":0,"max_hp_gain":0,"max_hp_loss":0,"event_name":"Masked Bandits","floor":19,"gold_loss":0}],"is_beta":false,"boss_relics":[{"not_picked":["Replay:Drink Me","Philosopher\u0027s Stone"],"picked":"Calling Bell"}],"items_purged_floors":[],"is_endless":false,"potions_floor_spawned":[4,6,12,14,16],"killed_by":"Masked Bandits","ascension_level":0}}