{"host":"dxo7getcgd66jrrz","time":1608016584,"event":{"mods":["BaseMod","BetterRewards","Colored Map","Colored Powertips","Downfall","Highlight Path","Minty Spire (QoL Compilation)","Replay The Spire","Robot Space Explorer","StSLib","The Construct","The Cursed","The Disciple","The Necromancer","The Servant 0.9.4"],"gold_per_floor":[113,113,113,113,132,132,132],"floor_reached":6,"playtime":569,"items_purged":[],"score":34,"play_id":"b18d320c-479a-4ed7-8bd2-5ea61feabe2f","local_time":"20201215011624","is_ascension_mode":false,"campfire_choices":[],"circlet_count":0,"master_deck":["RobotSpaceExplorer:Strike","RobotSpaceExplorer:Strike","RobotSpaceExplorer:Strike","RobotSpaceExplorer:Strike","RobotSpaceExplorer:Defend","RobotSpaceExplorer:Defend","RobotSpaceExplorer:Defend","RobotSpaceExplorer:Defend","RobotSpaceExplorer:Scan","RobotSpaceExplorer:MiniLasers","RobotSpaceExplorer:MiniBoosters","RobotSpaceExplorer:ImprovisedAttack"],"relics":["RobotSpaceExplorer:RoboCore","Golden Idol","Replay:Bottled Steam","ReplayTheSpireMod:Ring of Collecting","Ring of Peace"],"acts_visited":["Exordium"],"potions_floor_usage":[],"damage_taken":[{"damage":5,"enemies":"Small Slimes","floor":1,"turns":4},{"damage":0,"enemies":"Jaw Worm","floor":5,"turns":6},{"damage":90,"enemies":"Gremlin Nob","floor":6,"turns":7}],"seed_played":"-6100511284814464360","potions_obtained":[{"floor":1,"key":"Venom Potion"},{"floor":5,"key":"AttackPotion"}],"is_trial":false,"path_per_floor":["M","?","T","?","M","E"],"character_chosen":"RobotSpaceExplorer","items_purchased":[],"campfire_rested":0,"item_purchase_floors":[],"current_hp_per_floor":[77,76,76,76,76,0,0],"gold":132,"neow_bonus":"TEN_PERCENT_HP_BONUS","is_daily":false,"chose_seed":false,"campfire_upgraded":0,"win_rate":0.0,"timestamp":1608016584,"path_taken":["M","?","?","?","M","E"],"items_purchased_type":[],"build_version":"2020-12-13","purchased_purges":0,"victory":false,"max_hp_per_floor":[82,76,76,76,76,76,76],"card_choices":[{"not_picked":["RobotSpaceExplorer:Probe","RobotSpaceExplorer:SurgingShield"],"picked":"RobotSpaceExplorer:MiniBoosters","floor":1},{"not_picked":["RobotSpaceExplorer:FreezingShield","RobotSpaceExplorer:FranticSearch"],"picked":"RobotSpaceExplorer:ImprovisedAttack","floor":5}],"player_experience":54442,"relics_obtained":[{"floor":3,"key":"Replay:Bottled Steam"},{"floor":4,"key":"ReplayTheSpireMod:Ring of Collecting"},{"floor":4,"key":"Ring of Peace"}],"event_choices":[{"damage_healed":0,"gold_gain":0,"player_choice":"Lose Max HP","damage_taken":0,"relics_obtained":["Golden Idol"],"max_hp_gain":0,"max_hp_loss":6,"event_name":"Golden Idol","floor":2,"gold_loss":0}],"is_beta":false,"boss_relics":[],"items_purged_floors":[],"is_endless":false,"potions_floor_spawned":[1,5],"killed_by":"Gremlin Nob","ascension_level":0}}