{"host":"ooetke516h53yqww","time":1608034990,"event":{"mods":["2.2 Compatiblity","Abigail Mod","Act Like it!","Astrologer","Bartender","BaseMod","Beaked The Cultist","Better Match","Better Third Choice","Conspire","Elementarium","Friendly Minions","Hallownest","Hermit","HololiveMod","Hubris","Kiyohime????","Lobotomy","LobotomyExtend","Mari Mod (Legacy)","Mari\u0027s V1 Patch","Menagerie","Minty Spire (QoL Compilation)","Prisma Mod","Random Character Button","Replay The Spire","Robot Space Explorer","Spicy Shops","StSLib","Td1madao Mod","The Alterego","The Bug Knight","The Poker Player","The Senshi","TheSwordswoman","Uncapped","WarShipGirlsR/????R mod","Yohane!","???????????mod"],"gold_per_floor":[113,125,125,138,348,377,128,128,175,199,199,6,34,34,34],"floor_reached":14,"playtime":496,"items_purged":["Pain"],"score":99,"play_id":"cb69984f-e12e-4263-97f5-8bc217e4b0c0","local_time":"20201215212310","is_ascension_mode":true,"campfire_choices":[{"data":"alterego_mod:1TonWallop","floor":11,"key":"SMITH"}],"circlet_count":0,"master_deck":["alterego_mod:Strike","alterego_mod:Strike","alterego_mod:Strike","alterego_mod:Strike","alterego_mod:Defend","alterego_mod:Defend","alterego_mod:Defend","alterego_mod:Defend","alterego_mod:Impale","alterego_mod:BigMeatyClaws","alterego_mod:BrynhildrsRune","alterego_mod:VirginLaserPalladion","alterego_mod:Punishment","alterego_mod:GoddessCore","alterego_mod:Pet","alterego_mod:1TonWallop+1","alterego_mod:Rip","alterego_mod:PainIsPleasure","alterego_mod:1TonWallop"],"relics":["alterego_mod:MasochisticConstitution","Smiling Mask","Kunai","WarpedTongs","CeramicFish","Chemical X"],"acts_visited":["Exordium"],"potions_floor_usage":[14],"damage_taken":[{"damage":8,"enemies":"Small Slimes","floor":1,"turns":4},{"damage":0,"enemies":"2 Louse","floor":2,"turns":2},{"damage":10,"enemies":"Jaw Worm","floor":4,"turns":4},{"damage":26,"enemies":"3 Sentries","floor":6,"turns":7},{"damage":18,"enemies":"Red Slaver","floor":10,"turns":4},{"damage":10,"enemies":"2 Fungi Beasts","floor":13,"turns":3},{"damage":33,"enemies":"Replay:BlueRogue","floor":14,"turns":3}],"seed_played":"166884009450165885","potions_obtained":[{"floor":1,"key":"Strength Potion"},{"floor":2,"key":"Weak Potion"}],"is_trial":false,"path_per_floor":["M","M","?","M","?","E","$","?","T","M","R","$","M","E"],"character_chosen":"The_Alterego","items_purchased":["Kunai","Chemical X"],"campfire_rested":0,"item_purchase_floors":[7,12],"current_hp_per_floor":[70,70,70,61,43,39,39,39,39,29,29,29,20,0,0],"gold":34,"neow_bonus":"ONE_RANDOM_RARE_CARD","is_daily":false,"chose_seed":false,"campfire_upgraded":1,"win_rate":0.0,"timestamp":1608034990,"path_taken":["M","M","?","M","?","E","?","?","T","M","R","$","M","E"],"items_purchased_type":["Relic","Relic"],"build_version":"2020-12-13","purchased_purges":1,"victory":false,"max_hp_per_floor":[71,71,71,72,72,73,73,73,73,74,74,74,75,75,75],"card_choices":[{"not_picked":["alterego_mod:Stockings","alterego_mod:Skirt"],"picked":"alterego_mod:Punishment","floor":1},{"not_picked":["alterego_mod:SakuraLabyrinth","alterego_mod:Complex"],"picked":"alterego_mod:GoddessCore","floor":2},{"not_picked":["alterego_mod:DiscoLights","alterego_mod:DestructionOfProperty"],"picked":"alterego_mod:Pet","floor":4},{"not_picked":["alterego_mod:Exercise","alterego_mod:DestructionOfProperty"],"picked":"alterego_mod:1TonWallop","floor":5},{"not_picked":["alterego_mod:DeftHands","alterego_mod:Lingerie"],"picked":"alterego_mod:Rip","floor":6},{"not_picked":["alterego_mod:Birthday","alterego_mod:TrashNCrash"],"picked":"alterego_mod:PainIsPleasure","floor":10},{"not_picked":["alterego_mod:Punishment","alterego_mod:GoddessCore"],"picked":"alterego_mod:1TonWallop","floor":13}],"player_experience":1486049,"relics_obtained":[{"floor":6,"key":"Smiling Mask"},{"floor":9,"key":"CeramicFish"}],"event_choices":[{"damage_healed":0,"gold_gain":0,"player_choice":"Leave","damage_taken":0,"max_hp_gain":0,"max_hp_loss":0,"event_name":"conspire:Investor","floor":3,"gold_loss":0},{"damage_healed":0,"gold_gain":0,"player_choice":"Rummage","damage_taken":0,"relics_obtained":["WarpedTongs"],"max_hp_gain":0,"max_hp_loss":0,"event_name":"Accursed Blacksmith","floor":8,"gold_loss":0,"cards_obtained":["Pain"]}],"is_beta":false,"boss_relics":[],"items_purged_floors":[12],"is_endless":false,"potions_floor_spawned":[1,2],"killed_by":"Replay:BlueRogue","ascension_level":2}}