{"host":"cf32014d19ld5mat","time":1608038866,"event":{"mods":["AchievementEnabler","BaseMod","Block Reminder","Minty Spire (QoL Compilation)","Random Character Button","Relic Stats","StSLib"],"gold_per_floor":[109,109,124,46,46,73,73,106,106,131,131,161,171,96,96,167,167,186,186,240,257,172,172,199,199,199,219,263,275,286,301,301,384,384,395,33,52,62,80,118,118,149,173,200,200,200,242,253,253,253,253,253,253,48,90,90,90],"floor_reached":56,"playtime":2797,"items_purged":["Defend_P"],"score":2441,"play_id":"b641e7d7-f47f-4470-8289-f4c54e0cb1e4","local_time":"20201215132746","is_ascension_mode":true,"campfire_choices":[{"data":"Ragnarok","floor":7.0,"key":"SMITH"},{"data":"CrushJoints","floor":15.0,"key":"SMITH"},{"data":"TalkToTheHand","floor":23.0,"key":"SMITH"},{"data":"SashWhip","floor":25.0,"key":"SMITH"},{"data":"Wallop","floor":32.0,"key":"SMITH"},{"floor":41.0,"key":"REST"},{"floor":45,"key":"RECALL"},{"data":"FlurryOfBlows","floor":49,"key":"SMITH"},{"floor":53,"key":"REST"}],"circlet_count":0,"master_deck":["AscendersBane","Defend_P+1","Defend_P","Defend_P","Eruption+1","Vigilance+1","EmptyBody","BowlingBash","Ragnarok+1","CrushJoints+1","SashWhip+1","Evaluate+1","FlurryOfBlows+1","Protect+1","Vault+1","TalkToTheHand+1","Omniscience+1","Wallop+1","Meditate+1","Vault+1","SandsOfTime+1","FearNoEvil+1","Madness+1","SpiritShield+1"],"relics":["HolyWater","NeowsBlessing","FossilizedHelix","Toxic Egg 2","Sundial","HornCleat","Regal Pillow","War Paint","Runic Pyramid","Bag of Marbles","Pantograph","Centennial Puzzle","CeramicFish","Bronze Scales","Mercury Hourglass","Molten Egg 2","Smiling Mask","PreservedInsect","Pear","White Beast Statue"],"acts_visited":["Exordium","TheCity","TheBeyond","TheEnding"],"potions_floor_usage":[47,51,55,56,56,56,56],"damage_taken":[{"damage":0.0,"enemies":"Small Slimes","floor":1.0,"turns":1.0},{"damage":0.0,"enemies":"Jaw Worm","floor":3.0,"turns":1.0},{"damage":0.0,"enemies":"Gremlin Nob","floor":6.0,"turns":1.0},{"damage":5.0,"enemies":"Lagavulin","floor":8.0,"turns":6.0},{"damage":0.0,"enemies":"Gremlin Nob","floor":10.0,"turns":2.0},{"damage":0.0,"enemies":"Lagavulin","floor":12.0,"turns":4.0},{"damage":0.0,"enemies":"2 Louse","floor":13.0,"turns":2.0},{"damage":18.0,"enemies":"Hexaghost","floor":16.0,"turns":8.0},{"damage":12.0,"enemies":"3 Byrds","floor":18.0,"turns":6.0},{"damage":0.0,"enemies":"Shell Parasite","floor":21.0,"turns":3.0},{"damage":0.0,"enemies":"Slavers","floor":24.0,"turns":3.0},{"damage":0.0,"enemies":"Centurion and Healer","floor":27.0,"turns":4.0},{"damage":16.0,"enemies":"Gremlin Leader","floor":28.0,"turns":5.0},{"damage":0.0,"enemies":"Snecko","floor":29.0,"turns":5.0},{"damage":0.0,"enemies":"Chosen and Byrds","floor":30.0,"turns":5.0},{"damage":0.0,"enemies":"Snake Plant","floor":31.0,"turns":3.0},{"damage":11.0,"enemies":"Collector","floor":33.0,"turns":9.0},{"damage":0.0,"enemies":"Orb Walker","floor":35.0,"turns":3.0},{"damage":0.0,"enemies":"3 Shapes","floor":37.0,"turns":2.0},{"damage":11.0,"enemies":"3 Darklings","floor":38.0,"turns":6.0},{"damage":16.0,"enemies":"Transient","floor":39.0,"turns":8.0},{"damage":0.0,"enemies":"Giant Head","floor":40.0,"turns":8.0},{"damage":0,"enemies":"Nemesis","floor":42,"turns":4},{"damage":0,"enemies":"Giant Head","floor":44,"turns":5},{"damage":18,"enemies":"Reptomancer","floor":47,"turns":3},{"damage":0,"enemies":"Writhing Mass","floor":48,"turns":8},{"damage":49,"enemies":"Awakened One","floor":50,"turns":13},{"damage":45,"enemies":"Donu and Deca","floor":51,"turns":7},{"damage":0,"enemies":"Shield and Spear","floor":55,"turns":1},{"damage":90,"enemies":"The Heart","floor":56,"turns":7}],"seed_played":"-2179840301167827193","potions_obtained":[{"floor":3.0,"key":"GamblersBrew"},{"floor":8.0,"key":"Swift Potion"},{"floor":12.0,"key":"Ancient Potion"},{"floor":24.0,"key":"BottledMiracle"},{"floor":35.0,"key":"Ambrosia"},{"floor":39.0,"key":"Energy Potion"},{"floor":44,"key":"GamblersBrew"},{"floor":47,"key":"LiquidMemories"},{"floor":55,"key":"SteroidPotion"}],"is_trial":false,"path_per_floor":["M","?","M","$","?","E","R","E","T","E","?","E","M","?","R","B",null,"M","?","T","M","?","R","E","R","T","M","E","M","M","M","R","B",null,"M","$","M","M","M","E","R","E","T","E","R","?","E","M","R","B","B",null,"R","$","E","B"],"character_chosen":"WATCHER","items_purchased":["Ragnarok","Mercury Hourglass","EntropicBrew","Madness+1"],"campfire_rested":2,"item_purchase_floors":[4,36,54,54],"current_hp_per_floor":[61,61,61,61,56,56,56,51,51,51,44,44,44,44,44,26,58,46,46,46,46,46,46,46,46,46,46,30,30,30,30,30,44,62,62,62,62,51,35,35,68,68,68,68,68,78,70,70,70,39,19,71,88,88,88,0,0],"gold":90,"neow_bonus":"THREE_ENEMY_KILL","is_daily":false,"chose_seed":false,"campfire_upgraded":6,"win_rate":0.0,"timestamp":1608038866,"path_taken":["M","?","M","$","?","E","R","E","T","E","?","E","M","?","R","BOSS","M","?","?","M","?","R","E","R","T","M","E","M","M","M","R","BOSS","M","$","M","M","M","E","R","E","T","E","R","?","E","?","R","BOSS","BOSS","R","$","E","BOSS"],"items_purchased_type":["Card","Relic","Potion","Card"],"build_version":"2020-12-13","purchased_purges":1,"victory":false,"max_hp_per_floor":[68,68,68,68,68,68,68,68,68,68,68,68,68,68,68,68,68,68,68,68,68,68,68,68,68,68,68,68,68,68,68,68,68,68,68,68,68,68,68,68,68,68,68,68,68,78,88,88,88,88,88,88,88,88,88,88,88],"relic_stats":{"Regal Pillow":13,"Centennial Puzzle":[19],"counters":[30,143],"Sundial":[12],"Pantograph":68,"CeramicFish":63,"Bronze Scales":[280],"PreservedInsect":138,"War Paint":["Vigilance","Defend_P"],"Smiling Mask":0,"obtain_stats":[{"Regal Pillow":10,"Pear":47,"NeowsBlessing":0,"CeramicFish":26,"PreservedInsect":44,"War Paint":12,"Smiling Mask":42,"White Beast Statue":55,"Mercury Hourglass":36,"Centennial Puzzle":24,"HornCleat":9,"Sundial":8,"Pantograph":22,"Bronze Scales":28,"HolyWater":34,"Molten Egg 2":40,"Bag of Marbles":20,"PureWater":0,"Toxic Egg 2":6,"FossilizedHelix":5,"Runic Pyramid":17},{"Regal Pillow":5,"Pear":25,"NeowsBlessing":0,"CeramicFish":11,"PreservedInsect":24,"War Paint":6,"Smiling Mask":23,"White Beast Statue":29,"Mercury Hourglass":18,"Centennial Puzzle":11,"HornCleat":4,"Sundial":4,"Pantograph":10,"Bronze Scales":13,"HolyWater":17,"Molten Egg 2":22,"Bag of Marbles":9,"PureWater":0,"Toxic Egg 2":3,"FossilizedHelix":2,"Runic Pyramid":8},{"Regal Pillow":11,"Pear":107,"NeowsBlessing":0,"CeramicFish":37,"PreservedInsect":104,"War Paint":15,"Smiling Mask":99,"White Beast Statue":136,"Mercury Hourglass":71,"Centennial Puzzle":37,"HornCleat":9,"Sundial":9,"Pantograph":34,"Bronze Scales":46,"HolyWater":68,"Molten Egg 2":95,"Bag of Marbles":31,"PureWater":0,"Toxic Egg 2":3,"FossilizedHelix":2,"Runic Pyramid":25}],"Mercury Hourglass":[256]},"card_choices":[{"not_picked":["Halt","Evaluate"],"picked":"EmptyBody","floor":1.0},{"not_picked":["Wireheading","SignatureMove"],"picked":"BowlingBash","floor":3.0},{"not_picked":["Pray+1","Study"],"picked":"CrushJoints","floor":6.0},{"not_picked":["Swivel+1","ClearTheMind+1"],"picked":"SashWhip","floor":8.0},{"not_picked":["Prostrate+1","CrushJoints"],"picked":"Evaluate+1","floor":10.0},{"not_picked":["Devotion","CutThroughFate"],"picked":"FlurryOfBlows","floor":12.0},{"not_picked":["Consecrate","ForeignInfluence+1"],"picked":"Protect+1","floor":13.0},{"not_picked":["Judgement+1","Wish+1"],"picked":"Vault+1","floor":16.0},{"not_picked":["ForeignInfluence+1","Prostrate+1","Protect+1"],"picked":"SKIP","floor":18.0},{"not_picked":["Wireheading","FlurryOfBlows","BowlingBash"],"picked":"SKIP","floor":21.0},{"not_picked":["Halt+1","Conclude"],"picked":"Omniscience+1","floor":24.0},{"not_picked":["Halt+1","EmptyFist+1"],"picked":"Wallop","floor":27.0},{"not_picked":["JustLucky","Indignation+1"],"picked":"Meditate+1","floor":28.0},{"not_picked":["SashWhip","CrushJoints","BattleHymn"],"picked":"SKIP","floor":29.0},{"not_picked":["Meditate+1","Evaluate+1","Halt+1"],"picked":"SKIP","floor":30.0},{"not_picked":["DeceiveReality+1","Evaluate+1","PathToVictory+1"],"picked":"SKIP","floor":31.0},{"not_picked":["Scrawl+1","Alpha+1"],"picked":"Vault+1","floor":33.0},{"not_picked":["ClearTheMind+1","EmptyBody+1","FlyingSleeves"],"picked":"SKIP","floor":35.0},{"not_picked":["CrushJoints+1","WheelKick","Consecrate"],"picked":"SKIP","floor":37.0},{"not_picked":["Sanctity+1","Meditate+1","Consecrate"],"picked":"SKIP","floor":38.0},{"not_picked":["SashWhip+1","Adaptation+1","Protect+1"],"picked":"SKIP","floor":39.0},{"not_picked":["Study","Tantrum+1"],"picked":"SandsOfTime+1","floor":40.0},{"not_picked":["CutThroughFate+1","Evaluate+1","InnerPeace+1"],"picked":"SKIP","floor":42},{"not_picked":["WreathOfFlame+1","BowlingBash+1","ConjureBlade+1"],"picked":"SKIP","floor":44},{"not_picked":["Adaptation","EmptyBody+1"],"picked":"FearNoEvil+1","floor":47},{"not_picked":["Collect+1","ClearTheMind+1","Crescendo+1"],"picked":"SKIP","floor":48},{"not_picked":["EmptyFist+1","ClearTheMind+1"],"picked":"SpiritShield+1","floor":55}],"player_experience":942745,"relics_obtained":[{"floor":6.0,"key":"Toxic Egg 2"},{"floor":8.0,"key":"Sundial"},{"floor":9.0,"key":"HornCleat"},{"floor":10.0,"key":"Regal Pillow"},{"floor":12.0,"key":"War Paint"},{"floor":20.0,"key":"Bag of Marbles"},{"floor":24.0,"key":"Centennial Puzzle"},{"floor":26.0,"key":"CeramicFish"},{"floor":28.0,"key":"Bronze Scales"},{"floor":40.0,"key":"Molten Egg 2"},{"floor":42,"key":"Smiling Mask"},{"floor":44,"key":"PreservedInsect"},{"floor":47,"key":"Pear"},{"floor":55,"key":"White Beast Statue"}],"event_choices":[{"damage_healed":0.0,"max_hp_gain":0.0,"max_hp_loss":0.0,"gold_gain":0.0,"event_name":"Living Wall","player_choice":"Grow","floor":2.0,"gold_loss":0.0,"damage_taken":0.0,"cards_upgraded":["Eruption"]},{"damage_healed":0.0,"max_hp_gain":0.0,"max_hp_loss":0.0,"gold_gain":0.0,"event_name":"Scrap Ooze","player_choice":"Success","floor":5.0,"gold_loss":0.0,"damage_taken":5.0,"relics_obtained":["FossilizedHelix"]},{"cards_removed":["Strike_P"],"damage_healed":0.0,"max_hp_gain":0.0,"max_hp_loss":0.0,"gold_gain":0.0,"event_name":"Golden Wing","player_choice":"Card Removal","floor":11.0,"gold_loss":0.0,"damage_taken":7.0},{"cards_removed":["Strike_P"],"damage_healed":0.0,"max_hp_gain":0.0,"max_hp_loss":0.0,"gold_gain":0.0,"event_name":"The Cleric","player_choice":"Card Removal","floor":14.0,"gold_loss":75.0,"damage_taken":0.0},{"damage_healed":0.0,"max_hp_gain":0.0,"max_hp_loss":0.0,"gold_gain":0.0,"cards_transformed":["Strike_P","Strike_P"],"event_name":"Drug Dealer","player_choice":"Became Test Subject","floor":19.0,"gold_loss":0.0,"damage_taken":0.0,"cards_obtained":["TalkToTheHand","Establishment"]},{"damage_healed":0.0,"max_hp_gain":0.0,"max_hp_loss":0.0,"gold_gain":0.0,"event_name":"Addict","player_choice":"Obtained Relic","floor":22.0,"gold_loss":85.0,"damage_taken":0.0,"relics_obtained":["Pantograph"]},{"cards_removed":["Establishment"],"damage_healed":0,"gold_gain":0,"player_choice":"Offered Rare","damage_taken":0,"max_hp_gain":10,"max_hp_loss":0,"event_name":"Bonfire Elementals","floor":46,"gold_loss":0}],"is_beta":false,"boss_relics":[{"not_picked":["Runic Dome","Busted Crown"],"picked":"Runic Pyramid"},{"not_picked":["Velvet Choker","SacredBark"],"picked":"HolyWater"}],"items_purged_floors":[36],"is_endless":false,"potions_floor_spawned":[3,8,12,21,24,29,30,35,39,44,47,55],"killed_by":"The Heart","ascension_level":20}}