{"host":"msmkw03x1o7nq45i","time":1608050153,"event":{"mods":["AchievementEnabler","BaseMod","Bestiary","Colored Powertips","GifTheSpireLib","Highlight Path","Minty Spire (QoL Compilation)","Random Character Button","StSLib","everything is the same but u backflip on backflip"],"gold_per_floor":[114,129,144,159,234,264,294,309,309,324,339,354,91,121,121,221,221,236,236,236,236,251,281,281,296,296,311,326,326,251,281,281,381,381,396,422,437,77,77,77],"floor_reached":39,"playtime":2698,"items_purged":[],"score":560,"play_id":"f8fb579d-4f66-43b3-adfa-99467043911b","local_time":"20201215183553","daily_mods":["Allstar","Hoarder","Night Terrors"],"is_ascension_mode":false,"campfire_choices":[{"data":"Defragment","floor":15,"key":"SMITH"},{"data":"Defragment","floor":29,"key":"SMITH"},{"floor":32,"key":"REST"}],"circlet_count":0,"master_deck":["Strike_B+1","Strike_B+1","Strike_B+1","Strike_B+1","Defend_B+1","Defend_B+1","Defend_B+1","Defend_B+1","Zap","Dualcast+1","Discovery","Discovery","Discovery","Dramatic Entrance","Dramatic Entrance","Dramatic Entrance","Forethought","Forethought+1","Forethought","Jack Of All Trades","Jack Of All Trades","Jack Of All Trades","Forethought","Forethought","Stack","Stack","Stack","Gash","Gash","Gash","Gash","Gash","Gash","Aggregate","Aggregate","Aggregate","Echo Form","Echo Form","Echo Form","Cold Snap","Cold Snap","Cold Snap","Defragment+1","Defragment+1","Defragment","Scrape","Scrape","Scrape","Biased Cognition","Biased Cognition","Biased Cognition","Capacitor+1","Capacitor+1","Capacitor+1","Ghostly","Ghostly","Ghostly","Ghostly","Ghostly","Ghostly","Ghostly","Ghostly","Ghostly","Ghostly","Ghostly","Ghostly","Ghostly","Ghostly","Ghostly","Coolheaded+1","Coolheaded+1","Coolheaded+1","Reboot+1","Reboot+1","Reboot+1"],"relics":["Cracked Core","Shuriken","The Courier","Singing Bowl","Meat on the Bone","War Paint","Runic Dome","Toxic Egg 2","Bottled Flame","Bottled Tornado","Ancient Tea Set","Philosopher\u0027s Stone","StoneCalendar","Bag of Preparation","Pocketwatch"],"acts_visited":["Exordium","TheCity","TheBeyond"],"potions_floor_usage":[6,16,16,16,25,31,31,37],"damage_taken":[{"damage":0,"enemies":"Small Slimes","floor":1,"turns":1},{"damage":11,"enemies":"Jaw Worm","floor":2,"turns":2},{"damage":0,"enemies":"2 Louse","floor":3,"turns":1},{"damage":2,"enemies":"Large Slime","floor":4,"turns":5},{"damage":10,"enemies":"Lagavulin","floor":6,"turns":6},{"damage":0,"enemies":"2 Fungi Beasts","floor":8,"turns":1},{"damage":0,"enemies":"Gremlin Gang","floor":10,"turns":1},{"damage":12,"enemies":"Blue Slaver","floor":11,"turns":2},{"damage":0,"enemies":"2 Fungi Beasts","floor":12,"turns":1},{"damage":21,"enemies":"3 Sentries","floor":14,"turns":4},{"damage":10,"enemies":"Hexaghost","floor":16,"turns":8},{"damage":25,"enemies":"Shell Parasite","floor":18,"turns":3},{"damage":3,"enemies":"Spheric Guardian","floor":22,"turns":5},{"damage":11,"enemies":"Book of Stabbing","floor":23,"turns":8},{"damage":0,"enemies":"Chosen and Byrds","floor":25,"turns":7},{"damage":1,"enemies":"Snecko","floor":27,"turns":7},{"damage":8,"enemies":"Centurion and Healer","floor":28,"turns":7},{"damage":27,"enemies":"Slavers","floor":31,"turns":4},{"damage":16,"enemies":"Champ","floor":33,"turns":13},{"damage":2,"enemies":"3 Darklings","floor":35,"turns":5},{"damage":22,"enemies":"2 Orb Walkers","floor":36,"turns":5},{"damage":9,"enemies":"3 Shapes","floor":37,"turns":3},{"damage":30,"enemies":"Jaw Worm Horde","floor":39,"turns":1}],"seed_played":"8833210206598683822","potions_obtained":[{"floor":2,"key":"SpeedPotion"},{"floor":4,"key":"Block Potion"},{"floor":6,"key":"Dexterity Potion"},{"floor":12,"key":"SpeedPotion"},{"floor":16,"key":"Swift Potion"},{"floor":22,"key":"Dexterity Potion"},{"floor":23,"key":"DuplicationPotion"},{"floor":25,"key":"FocusPotion"},{"floor":35,"key":"FearPotion"},{"floor":36,"key":"Block Potion"}],"is_trial":false,"path_per_floor":["M","M","M","M","?","E","?","M","T","M","M","M","$","E","R","B",null,"M","?","?","?","M","E","T","M","T","M","M","R","?","E","R","B",null,"M","?","M","$","M"],"character_chosen":"DEFECT","items_purchased":["Meat on the Bone","Defragment","Bag of Preparation","Pocketwatch"],"campfire_rested":1,"item_purchase_floors":[13,13,38,38],"current_hp_per_floor":[75,64,64,62,51,41,41,41,41,43,31,33,33,24,24,26,79,54,54,39,39,38,29,29,31,31,30,36,36,36,23,44,28,44,44,36,29,29,0,0],"gold":77,"neow_bonus":"","is_daily":true,"chose_seed":false,"campfire_upgraded":2,"win_rate":0.0,"timestamp":1608050153,"path_taken":["M","M","M","M","?","E","?","M","T","M","M","M","$","E","R","BOSS","M","?","?","?","M","E","?","M","T","M","M","R","?","E","R","BOSS","M","?","M","$","M"],"items_purchased_type":["Relic","Card","Relic","Relic"],"build_version":"2020-12-13","purchased_purges":0,"victory":false,"max_hp_per_floor":[75,75,75,75,75,75,75,75,75,77,77,79,79,79,79,79,79,79,79,39,39,41,43,43,45,45,45,47,47,47,49,44,44,44,46,48,50,50,50,50],"card_choices":[{"not_picked":["Reinforced Body","Cold Snap"],"picked":"Stack","floor":1},{"not_picked":["Leap","Consume","Redo"],"picked":"SKIP","floor":2},{"not_picked":["Rebound","Chill"],"picked":"Gash","floor":3},{"not_picked":["Redo","Rebound"],"picked":"Gash","floor":4},{"not_picked":["Conserve Battery","Coolheaded"],"picked":"Aggregate","floor":6},{"not_picked":["Sunder","Barrage"],"picked":"Echo Form","floor":8},{"not_picked":["Sweeping Beam","Streamline","Hologram"],"picked":"Singing Bowl","floor":10},{"not_picked":["Genetic Algorithm","Turbo"],"picked":"Cold Snap","floor":11},{"not_picked":["Storm","Sweeping Beam","Melter"],"picked":"Singing Bowl","floor":12},{"not_picked":["Compile Driver","Sweeping Beam"],"picked":"Scrape","floor":14},{"not_picked":["Meteor Strike","Core Surge"],"picked":"Biased Cognition","floor":16},{"not_picked":["Barrage+1","Chaos"],"picked":"Capacitor+1","floor":18},{"not_picked":["Lockon","Steam","Beam Cell"],"picked":"Singing Bowl","floor":22},{"not_picked":["Steam+1","Beam Cell","Hyperbeam"],"picked":"Singing Bowl","floor":23},{"not_picked":["Rip and Tear","Double Energy+1","Rebound"],"picked":"Singing Bowl","floor":25},{"not_picked":["Turbo+1","Go for the Eyes+1"],"picked":"Coolheaded+1","floor":27},{"not_picked":["Beam Cell","Stack+1","White Noise+1"],"picked":"Singing Bowl","floor":28},{"not_picked":["Undo+1","Beam Cell","Turbo+1"],"picked":"Singing Bowl","floor":31},{"not_picked":["Meteor Strike","Rainbow+1"],"picked":"Reboot+1","floor":33},{"not_picked":["Streamline+1","Force Field+1","Go for the Eyes"],"picked":"Singing Bowl","floor":35},{"not_picked":["Redo+1","Beam Cell","FTL"],"picked":"Singing Bowl","floor":36},{"not_picked":["Cold Snap+1","Stack+1","Hello World"],"picked":"Singing Bowl","floor":37}],"player_experience":304678,"relics_obtained":[{"floor":6,"key":"Shuriken"},{"floor":9,"key":"Singing Bowl"},{"floor":14,"key":"War Paint"},{"floor":23,"key":"Toxic Egg 2"},{"floor":24,"key":"Bottled Flame"},{"floor":26,"key":"Bottled Tornado"},{"floor":31,"key":"Ancient Tea Set"},{"floor":36,"key":"StoneCalendar"}],"event_choices":[{"damage_healed":0,"gold_gain":75,"player_choice":"Gather Gold","damage_taken":11,"max_hp_gain":0,"max_hp_loss":0,"event_name":"World of Goop","floor":5,"gold_loss":0},{"damage_healed":0,"gold_gain":30,"player_choice":"Searched \u00272\u0027 times","damage_taken":0,"relics_obtained":["The Courier"],"max_hp_gain":0,"max_hp_loss":0,"event_name":"Dead Adventurer","floor":7,"gold_loss":0},{"damage_healed":0,"gold_gain":0,"player_choice":"Ignored","damage_taken":0,"max_hp_gain":0,"max_hp_loss":0,"event_name":"Vampires","floor":19,"gold_loss":0},{"damage_healed":0,"gold_gain":0,"player_choice":"Became a Ghost","damage_taken":0,"max_hp_gain":0,"max_hp_loss":40,"event_name":"Ghosts","floor":20,"gold_loss":0,"cards_obtained":["Ghostly","Ghostly","Ghostly","Ghostly","Ghostly"]},{"damage_healed":0,"gold_gain":0,"player_choice":"Simplicity","damage_taken":0,"max_hp_gain":0,"max_hp_loss":0,"event_name":"Back to Basics","floor":21,"gold_loss":0,"cards_upgraded":["Strike_B","Strike_B","Strike_B","Strike_B","Defend_B","Defend_B","Defend_B","Defend_B"]},{"cards_removed":["Forethought"],"damage_healed":0,"gold_gain":0,"player_choice":"Gave Gold","damage_taken":0,"max_hp_gain":0,"max_hp_loss":0,"event_name":"Beggar","floor":30,"gold_loss":75},{"damage_healed":0,"gold_gain":0,"player_choice":"Fight","damage_taken":0,"max_hp_gain":0,"max_hp_loss":0,"event_name":"Mysterious Sphere","floor":36,"gold_loss":0}],"is_beta":false,"boss_relics":[{"not_picked":["Inserter","SlaversCollar"],"picked":"Runic Dome"},{"not_picked":["Busted Crown","SacredBark"],"picked":"Philosopher\u0027s Stone"}],"items_purged_floors":[],"is_endless":false,"potions_floor_spawned":[2,4,6,12,16,22,23,25,27,35,36],"killed_by":"Jaw Worm Horde","ascension_level":0}}