{"host":"vzugls1u57eppbds","time":1608070060,"event":{"mods":["AchievementEnabler","BaseMod","Better Third Choice","Minty Spire (QoL Compilation)","Relic Stats","Shop Mod","StSLib","The IronCluck"],"gold_per_floor":[117,34,49,63,83,83,111,124,124,153,153,153,170,187,187,283,283,295,295,326,341,296,329,329,329,376,376,376],"floor_reached":27,"playtime":612,"items_purged":[],"score":243,"play_id":"98822755-e7ad-4807-881d-3319ba011c0c","local_time":"20201215230740","is_ascension_mode":false,"campfire_choices":[{"data":"Zap","floor":6,"key":"SMITH"},{"floor":11,"key":"REST"},{"floor":15,"key":"REST"},{"floor":25,"key":"REST"}],"circlet_count":0,"master_deck":["Strike_B","Strike_B","Strike_B","Strike_B","Defend_B","Defend_B","Defend_B","Defend_B","Zap+1","Dualcast","Decay","Dramatic Entrance","Go for the Eyes","Beam Cell","Beam Cell","Go for the Eyes","Leap","Go for the Eyes","Necronomicurse"],"relics":["Cracked Core","Turnip","White Beast Statue","Happy Flower","Bag of Marbles","SacredBark","Red Mask","Frozen Egg 2","Necronomicon","CeramicFish"],"acts_visited":["Exordium","TheCity"],"potions_floor_usage":[7,7,16,16,18,20,23,27,27],"damage_taken":[{"damage":5,"enemies":"Small Slimes","floor":1,"turns":3},{"damage":0,"enemies":"2 Louse","floor":3,"turns":2},{"damage":3,"enemies":"Jaw Worm","floor":4,"turns":3},{"damage":5,"enemies":"Red Slaver","floor":5,"turns":3},{"damage":12,"enemies":"Gremlin Nob","floor":7,"turns":3},{"damage":8,"enemies":"3 Louse","floor":8,"turns":3},{"damage":30,"enemies":"Lagavulin","floor":10,"turns":6},{"damage":0,"enemies":"Lots of Slimes","floor":13,"turns":1},{"damage":7,"enemies":"Exordium Thugs","floor":14,"turns":2},{"damage":29,"enemies":"The Guardian","floor":16,"turns":7},{"damage":0,"enemies":"2 Thieves","floor":18,"turns":1},{"damage":0,"enemies":"Masked Bandits","floor":20,"turns":2},{"damage":16,"enemies":"Shell Parasite","floor":21,"turns":6},{"damage":30,"enemies":"Book of Stabbing","floor":23,"turns":6},{"damage":11,"enemies":"Colosseum Slavers","floor":27,"turns":4},{"damage":27,"enemies":"Colosseum Nobs","floor":27,"turns":4}],"seed_played":"-4463356496769686644","potions_obtained":[{"floor":3,"key":"FearPotion"},{"floor":4,"key":"Strength Potion"},{"floor":5,"key":"BlessingOfTheForge"},{"floor":8,"key":"SpeedPotion"},{"floor":10,"key":"SpeedPotion"},{"floor":13,"key":"EssenceOfDarkness"},{"floor":14,"key":"BlessingOfTheForge"},{"floor":16,"key":"AttackPotion"},{"floor":18,"key":"FearPotion"},{"floor":20,"key":"Energy Potion"},{"floor":21,"key":"SteroidPotion"},{"floor":23,"key":"DistilledChaos"}],"is_trial":false,"path_per_floor":["M","$","M","M","M","R","E","M","T","E","R","?","M","M","R","B",null,"M","$","?","M","$","E","?","R","T","?"],"character_chosen":"DEFECT","items_purchased":["Dramatic Entrance","Go for the Eyes"],"campfire_rested":3,"item_purchase_floors":[2,22],"current_hp_per_floor":[70,70,70,67,62,62,50,42,42,12,34,34,34,27,49,20,75,75,75,75,59,59,29,13,35,35,0,0],"gold":376,"neow_bonus":"ONE_RARE_RELIC","is_daily":false,"chose_seed":false,"campfire_upgraded":1,"win_rate":0.0,"timestamp":1608070060,"path_taken":["M","$","M","M","M","R","E","M","T","E","R","?","M","M","R","BOSS","M","$","?","M","$","E","?","R","T","?"],"items_purchased_type":["Card","Card"],"build_version":"2020-12-13","purchased_purges":0,"victory":false,"max_hp_per_floor":[75,75,75,75,75,75,75,75,75,75,75,75,75,75,75,75,75,75,75,75,75,75,75,75,75,75,75,75],"relic_stats":{"Happy Flower":[13],"counters":[16,56],"CeramicFish":0,"Turnip":[0],"Necronomicon":[0],"obtain_stats":[{"Happy Flower":9,"SacredBark":17,"CeramicFish":26,"Turnip":0,"Bag of Marbles":10,"Red Mask":20,"Necronomicon":24,"Frozen Egg 2":23,"Cracked Core":0,"White Beast Statue":7},{"Happy Flower":6,"SacredBark":10,"CeramicFish":14,"Turnip":0,"Bag of Marbles":7,"Red Mask":12,"Necronomicon":14,"Frozen Egg 2":14,"Cracked Core":0,"White Beast Statue":5},{"Happy Flower":17,"SacredBark":33,"CeramicFish":48,"Turnip":0,"Bag of Marbles":23,"Red Mask":36,"Necronomicon":48,"Frozen Egg 2":48,"Cracked Core":0,"White Beast Statue":14}]},"card_choices":[{"not_picked":["Turbo","Rebound","Sunder"],"picked":"SKIP","floor":1},{"not_picked":["Streamline","Tempest"],"picked":"Go for the Eyes","floor":3},{"not_picked":["Defragment","Barrage","Turbo"],"picked":"SKIP","floor":4},{"not_picked":["Chaos","Coolheaded"],"picked":"Beam Cell","floor":5},{"not_picked":["Conserve Battery","Streamline","Hyperbeam"],"picked":"SKIP","floor":7},{"not_picked":["Steam Power","Darkness"],"picked":"Beam Cell","floor":8},{"not_picked":["Rebound","Coolheaded"],"picked":"Go for the Eyes","floor":10},{"not_picked":["Steam","Turbo","Defragment"],"picked":"SKIP","floor":13},{"not_picked":["Turbo","Rebound","Sunder"],"picked":"SKIP","floor":14},{"not_picked":["Cold Snap","Rebound+1","Steam"],"picked":"SKIP","floor":18},{"not_picked":["Sunder","Conserve Battery+1"],"picked":"Leap","floor":21},{"not_picked":["Capacitor+1","Doom and Gloom+1","Steam"],"picked":"SKIP","floor":23}],"player_experience":218541,"relics_obtained":[{"floor":7,"key":"White Beast Statue"},{"floor":9,"key":"Happy Flower"},{"floor":10,"key":"Bag of Marbles"},{"floor":20,"key":"Red Mask"},{"floor":23,"key":"Frozen Egg 2"},{"floor":24,"key":"Necronomicon"},{"floor":26,"key":"CeramicFish"}],"event_choices":[{"damage_healed":0,"gold_gain":0,"player_choice":"Ignored","damage_taken":0,"max_hp_gain":0,"max_hp_loss":0,"event_name":"Golden Wing","floor":12,"gold_loss":0},{"damage_healed":0,"gold_gain":0,"player_choice":"Fought Bandits","damage_taken":0,"max_hp_gain":0,"max_hp_loss":0,"event_name":"Masked Bandits","floor":20,"gold_loss":0},{"damage_healed":0,"gold_gain":0,"player_choice":"Obtained Book","damage_taken":16,"max_hp_gain":0,"max_hp_loss":0,"event_name":"Cursed Tome","floor":24,"gold_loss":0},{"damage_healed":0,"gold_gain":0,"player_choice":"Fight","damage_taken":0,"max_hp_gain":0,"max_hp_loss":0,"event_name":"Colosseum","floor":27,"gold_loss":0},{"damage_healed":0,"gold_gain":0,"player_choice":"Fought Nobs","damage_taken":0,"max_hp_gain":0,"max_hp_loss":0,"event_name":"Colosseum","floor":27,"gold_loss":0}],"is_beta":false,"boss_relics":[{"not_picked":["Black Star","Coffee Dripper"],"picked":"SacredBark"}],"items_purged_floors":[],"is_endless":false,"potions_floor_spawned":[3,4,5,8,10,13,14,16,18,20,21,23,27],"killed_by":"Colosseum Nobs","ascension_level":0}}