{"host":"usewcu4ohw2wtmxk","time":1608004219,"event":{"mods":["AchievementEnabler","BaseMod","BetterRewards","Colored Powertips","Minty Spire (QoL Compilation)","Permanent Neow","Quick Restart","Relic Sorter","Relic Stats","Shop Mod","StSLib"],"gold_per_floor":[110,120,120,139,64,91,91,104,127,127,52,84,100,176,176,176,176],"floor_reached":16,"playtime":421,"items_purged":["Strike_B"],"score":220,"play_id":"fcf50887-741a-46c7-82f2-891676e23611","local_time":"20201215115019","is_ascension_mode":true,"campfire_choices":[{"data":"Coolheaded","floor":7.0,"key":"SMITH"},{"data":"Loop","floor":10.0,"key":"SMITH"},{"floor":15.0,"key":"REST"}],"circlet_count":0,"master_deck":["AscendersBane","Strike_B","Defend_B","Defend_B","Defend_B","Defend_B","Zap","Dualcast","Core Surge","Cold Snap","Hello World","Coolheaded+1","Loop+1","Seek"],"relics":["Cracked Core","Nunchaku","Regal Pillow","Pen Nib"],"acts_visited":["Exordium"],"potions_floor_usage":[16],"damage_taken":[{"damage":3.0,"enemies":"Small Slimes","floor":1.0,"turns":4.0},{"damage":0.0,"enemies":"Jaw Worm","floor":2.0,"turns":2.0},{"damage":0.0,"enemies":"2 Louse","floor":4.0,"turns":2.0},{"damage":29.0,"enemies":"Lagavulin","floor":6.0,"turns":10.0},{"damage":11.0,"enemies":"Blue Slaver","floor":8.0,"turns":4.0},{"damage":18.0,"enemies":"3 Sentries","floor":12.0,"turns":8.0},{"damage":0.0,"enemies":"Red Slaver","floor":13.0,"turns":6.0},{"damage":22,"enemies":"Slime Boss","floor":16,"turns":8}],"seed_played":"8071005765534917980","potions_obtained":[{"floor":2.0,"key":"GamblersBrew"},{"floor":4.0,"key":"Weak Potion"},{"floor":13.0,"key":"ColorlessPotion"}],"is_trial":false,"path_per_floor":["M","M","?","M","$","E","R","M","T","R","?","E","M","?","R","B"],"character_chosen":"DEFECT","items_purchased":[],"campfire_rested":1,"item_purchase_floors":[],"current_hp_per_floor":[61,61,61,61,61,32,32,21,21,21,21,3,3,3,39,17,17],"gold":176,"neow_bonus":"TRANSFORM_CARD","is_daily":false,"chose_seed":false,"campfire_upgraded":2,"win_rate":0.0,"timestamp":1608004219,"path_taken":["M","M","?","M","$","E","R","M","T","R","?","E","M","?","R","BOSS"],"items_purchased_type":[],"build_version":"2020-12-13","purchased_purges":1,"victory":false,"max_hp_per_floor":[71,71,71,71,71,71,71,71,71,71,71,71,71,71,71,71,71],"relic_stats":{"Nunchaku":[2],"Regal Pillow":15,"counters":[8,44],"Pen Nib":[1],"obtain_stats":[{"Nunchaku":6,"Regal Pillow":9,"Pen Nib":12,"Cracked Core":0},{"Nunchaku":4,"Regal Pillow":5,"Pen Nib":6,"Cracked Core":0},{"Nunchaku":18,"Regal Pillow":22,"Pen Nib":30,"Cracked Core":0}]},"card_choices":[{"not_picked":["Streamline","Sweeping Beam"],"picked":"Cold Snap","floor":1.0},{"not_picked":["Static Discharge","Loop"],"picked":"Hello World","floor":2.0},{"not_picked":["Compile Driver","Turbo"],"picked":"Coolheaded","floor":4.0},{"not_picked":["Leap","Capacitor","Go for the Eyes"],"picked":"SKIP","floor":6.0},{"not_picked":["Reinforced Body","Loop","Meteor Strike"],"picked":"SKIP","floor":8.0},{"not_picked":["Reinforced Body","Meteor Strike"],"picked":"Loop","floor":8.0},{"not_picked":["Stack","Hello World"],"picked":"Seek","floor":12.0},{"not_picked":["Steam","Barrage","Conserve Battery"],"picked":"SKIP","floor":13.0}],"player_experience":259655,"relics_obtained":[{"floor":6.0,"key":"Nunchaku"},{"floor":9.0,"key":"Regal Pillow"},{"floor":12.0,"key":"Pen Nib"}],"event_choices":[{"damage_healed":0.0,"max_hp_gain":0.0,"max_hp_loss":0.0,"gold_gain":0.0,"event_name":"Scrap Ooze","player_choice":"Fled","floor":3.0,"gold_loss":0.0,"damage_taken":0.0},{"cards_removed":["Strike_B"],"damage_healed":0.0,"max_hp_gain":0.0,"max_hp_loss":0.0,"gold_gain":0.0,"event_name":"The Cleric","player_choice":"Card Removal","floor":11.0,"gold_loss":75.0,"damage_taken":0.0},{"damage_healed":0.0,"max_hp_gain":0.0,"max_hp_loss":0.0,"gold_gain":76.0,"event_name":"Golden Wing","player_choice":"Gained Gold","floor":14.0,"gold_loss":0.0,"damage_taken":0.0}],"is_beta":false,"boss_relics":[],"items_purged_floors":[5],"is_endless":false,"potions_floor_spawned":[2,4,13],"killed_by":"Slime Boss","ascension_level":20}}