{"host":"igi9xpgoc000gxf5","time":1608070477,"event":{"mods":["BaseMod","Colored Powertips","Downfall","Googly Eyes","Minty Spire (QoL Compilation)","StSLib"],"gold_per_floor":[99,126,145,145,2,2,2,2,18,53,38,49,66,80,94,194,194,119,129,229,229,329,340,414,414,414,339,350,350,34,49,61,158,208,208,218,49,66,66,66,66,66,77,77,127,137,137,137,153,153],"floor_reached":51,"playtime":3041,"items_purged":[],"score":757,"play_id":"2adaa9ec-0ae2-4223-943f-12232d2c985c","local_time":"20201215231437","is_ascension_mode":false,"campfire_choices":[{"data":"Slimebound:CorrosiveSpit","floor":1,"key":"SMITH"},{"floor":4,"key":"RECALL"},{"floor":8,"key":"REST"},{"data":"Slimebound:Split","floor":18,"key":"SMITH"},{"floor":27,"key":"REST"},{"floor":35,"key":"DIG"},{"data":"Slimebound:Overexert","floor":42,"key":"SMITH"},{"floor":44,"key":"DIG"}],"circlet_count":0,"master_deck":["Slimebound:Strike_Slimebound","Slimebound:Strike_Slimebound","Slimebound:Strike_Slimebound","Slimebound:Tackle","Slimebound:Defend_Slimebound","Slimebound:Defend_Slimebound","Slimebound:Defend_Slimebound","Slimebound:Defend_Slimebound","Slimebound:Split+1","Slimebound:CorrosiveSpit+1","Slimebound:OneTwoCombo","Slimebound:ProtectTheBoss","Slimebound:FormOfPuddle","Slimebound:SlimeSpikes","Slimebound:SlimeSlap","Slimebound:SamplingLick+1","Slimebound:RollThrough","Slimebound:SamplingLick","Slimebound:MassFeed","Slimebound:SamplingLick","Slimebound:GoopSpray","Slimebound:PressTheAttack","Slimebound:OozeBath","Slimebound:SplitMire+1","Slimebound:BestDefense","Slimebound:Schlurp","Slimebound:Overexert+1","Slimebound:SlimeBrawl","Slimebound:ServeAndProtect","Shame","Slimebound:Split","expansioncontent:DefensiveMode","Slimebound:LivingWall+1","Slimebound:LevelUp","Slimebound:CheckThePlaybook","Slimebound:Icky","Shame","Slimebound:LeechLife","Slimebound:LeechLife","Slimebound:SplitMire","Slimebound:Schlurp","Slimebound:Overexert","Slimebound:SlimeBarrage","Slimebound:FirmFortitude","Slimebound:Schlurp+1","expansioncontent:DashGenerateEvil","Slimebound:LevelUp","Slimebound:SplitAcid+1","Slimebound:SplitLeeching","Slimebound:SplitBruiser","Slimebound:AcidTongue+1","expansioncontent:DefensiveMode","Slimebound:SplitLeeching"],"relics":["Slimebound:AbsorbEndCombat","Ornamental Fan","Sundial","Pantograph","Philosopher\u0027s Stone","downfall:HeartBlessingRed","Shovel","Darkstone Periapt","downfall:GremlinSack","Kunai","Omamori","downfall:HeartBlessingGreen","Dead Branch","Sling","Regal Pillow","Tiny House","Anchor","Eternal Feather","InkBottle","Slimebound:MaxSlimesRelic","CaptainsWheel"],"acts_visited":["Exordium","TheCity","TheBeyond"],"potions_floor_usage":[10,16,16,30,32,33,37,50],"damage_taken":[{"damage":37,"enemies":"Gremlin Nob","floor":2,"turns":4},{"damage":4,"enemies":"Small Slimes","floor":3,"turns":3},{"damage":11,"enemies":"downfall:FleeingMerchant","floor":5,"turns":4},{"damage":10,"enemies":"2 Louse","floor":9,"turns":3},{"damage":23,"enemies":"Lagavulin","floor":10,"turns":8},{"damage":10,"enemies":"downfall:FleeingMerchant","floor":11,"turns":4},{"damage":4,"enemies":"Jaw Worm","floor":12,"turns":3},{"damage":7,"enemies":"Red Slaver","floor":13,"turns":5},{"damage":0,"enemies":"2 Fungi Beasts","floor":14,"turns":3},{"damage":11,"enemies":"Blue Slaver","floor":15,"turns":2},{"damage":63,"enemies":"downfall:Silent","floor":16,"turns":9},{"damage":41,"enemies":"3 Byrds","floor":19,"turns":5},{"damage":48,"enemies":"downfall:Watcher","floor":20,"turns":7},{"damage":0,"enemies":"Chosen","floor":21,"turns":1},{"damage":21,"enemies":"Chosen","floor":22,"turns":4},{"damage":38,"enemies":"Snake Plant","floor":23,"turns":3},{"damage":24,"enemies":"Snecko","floor":28,"turns":5},{"damage":1,"enemies":"downfall:FleeingMerchant","floor":30,"turns":4},{"damage":30,"enemies":"Chosen and Byrds","floor":31,"turns":3},{"damage":30,"enemies":"Shelled Parasite and Fungi","floor":32,"turns":3},{"damage":38,"enemies":"downfall:Ironclad","floor":33,"turns":4},{"damage":12,"enemies":"Orb Walker","floor":36,"turns":3},{"damage":47,"enemies":"downfall:FleeingMerchant","floor":37,"turns":4},{"damage":35,"enemies":"3 Darklings","floor":38,"turns":4},{"damage":37,"enemies":"Writhing Mass","floor":43,"turns":5},{"damage":20,"enemies":"Mind Bloom Boss Battle","floor":45,"turns":5},{"damage":24,"enemies":"Transient","floor":46,"turns":5},{"damage":25,"enemies":"Maw","floor":49,"turns":5},{"damage":32,"enemies":"downfall:Watcher","floor":50,"turns":6}],"seed_played":"6617456391405288673","potions_obtained":[{"floor":2,"key":"Slimebound:SlimedPotion"},{"floor":9,"key":"FearPotion"},{"floor":12,"key":"SneckoOil"},{"floor":13,"key":"Slimebound:SlimyTonguePotion"},{"floor":15,"key":"Block Potion"},{"floor":22,"key":"Slimebound:ThreeZeroPotion"},{"floor":28,"key":"Block Potion"},{"floor":31,"key":"PowerPotion"},{"floor":34,"key":"LiquidMemories"},{"floor":43,"key":"Slimebound:SlimedPotion"},{"floor":45,"key":"Block Potion"},{"floor":49,"key":"Energy Potion"}],"is_trial":false,"path_per_floor":["R","E","M","R","$","?","T","R","M","E","$","M","M","M","M","B",null,"R","M","?","M","?","M","T","?","?","R","M","T","$","M","M","B",null,"R","M","$","M","?","$","T","R","M","R","?","M","?","?","M","B",null],"character_chosen":"SLIMEBOUND","items_purchased":["Slimebound:SlimeSpikes","Slimebound:SlimeSlap","Sling","Regal Pillow","Eternal Feather","expansioncontent:DashGenerateEvil","Slimebound:LevelUp"],"campfire_rested":2,"item_purchase_floors":[5,5,30,30,37,37,37],"current_hp_per_floor":[66,35,39,39,36,36,36,55,51,42,44,48,51,60,57,22,69,69,48,42,42,47,21,21,27,33,59,49,49,52,36,32,61,92,92,92,77,70,70,70,70,92,73,92,92,92,92,92,88,92],"gold":153,"neow_bonus":"TEN_PERCENT_HP_BONUS","is_daily":false,"chose_seed":false,"campfire_upgraded":3,"win_rate":0.0,"timestamp":1608070477,"path_taken":["R","E","M","R","$","?","T","R","M","E","$","M","M","M","M","BOSS","R","M","?","M","?","?","T","?","?","R","M","?","?","M","M","BOSS","R","M","$","M","?","$","T","R","M","R","?","?","?","?","M","BOSS"],"items_purchased_type":["Card","Card","Relic","Relic","Relic","Card","Card"],"build_version":"2020-12-13","purchased_purges":0,"victory":true,"max_hp_per_floor":[66,66,66,66,66,66,66,66,66,66,66,66,66,69,69,69,69,69,69,69,69,75,75,75,81,87,87,87,87,87,87,87,87,92,92,92,92,92,92,92,92,92,92,92,92,92,92,92,92,92],"card_choices":[{"not_picked":["Slimebound:SpikyOuterGoop","Slimebound:DivideAndConquer"],"picked":"Slimebound:OneTwoCombo","floor":2},{"not_picked":["Slimebound:Schlurp","Slimebound:SplitMire"],"picked":"Slimebound:ProtectTheBoss","floor":3},{"not_picked":["Slimebound:SplitAcid","Slimebound:GrowthPunch"],"picked":"Slimebound:FormOfPuddle","floor":5},{"not_picked":["Slimebound:SplitLeeching","Slimebound:ComboTackle"],"picked":"Slimebound:SamplingLick","floor":9},{"not_picked":["Slimebound:DisruptingSlam","Slimebound:Prepare"],"picked":"Slimebound:RollThrough","floor":10},{"not_picked":["Slimebound:ItLooksTasty","Slimebound:Chomp"],"picked":"Slimebound:SamplingLick","floor":11},{"not_picked":["Slimebound:PressTheAttack","Slimebound:SplitAcid"],"picked":"Slimebound:MassFeed","floor":12},{"not_picked":["Slimebound:SplitMire","Slimebound:FinishingTackle"],"picked":"Slimebound:SamplingLick","floor":13},{"not_picked":["Slimebound:Equalize","Slimebound:LeechingTouch"],"picked":"Slimebound:GoopSpray","floor":14},{"not_picked":["Slimebound:FormOfPuddle","Slimebound:HauntingLick"],"picked":"Slimebound:PressTheAttack","floor":15},{"not_picked":["Slimebound:SlimeSlap","Slimebound:SelfFormingGoo"],"picked":"Slimebound:OozeBath","floor":16},{"not_picked":["Slimebound:ComboTackle","Slimebound:SlimeBarrage"],"picked":"Slimebound:SplitMire+1","floor":19},{"not_picked":["Slimebound:GrowthPunch","Slimebound:ProtectTheBoss+1"],"picked":"Slimebound:BestDefense","floor":20},{"not_picked":["Slimebound:HauntingLick","Slimebound:DivideAndConquer"],"picked":"Slimebound:Schlurp","floor":21},{"not_picked":["Slimebound:Repurpose","Slimebound:PressTheAttack"],"picked":"Slimebound:LivingWall+1","floor":22},{"not_picked":["Slimebound:LeechEnergy","Slimebound:GrowthPunch"],"picked":"Slimebound:LevelUp","floor":23},{"not_picked":["Slimebound:Equalize","Slimebound:PressTheAttack+1"],"picked":"Slimebound:LeechLife","floor":28},{"not_picked":["Slimebound:FinishingTackle","Slimebound:ForwardTackle+1"],"picked":"Slimebound:LeechLife","floor":30},{"not_picked":["Slimebound:SlimeTap","Slimebound:LeechingTouch"],"picked":"Slimebound:SplitMire","floor":31},{"not_picked":["Slimebound:Prepare","Slimebound:LeechEnergy+1"],"picked":"Slimebound:Schlurp","floor":32},{"not_picked":["Slimebound:DouseInSlime","Slimebound:SelfFormingGoo"],"picked":"Slimebound:Overexert","floor":33},{"not_picked":["Slimebound:Nibble","Slimebound:ProtectTheBoss"],"picked":"Slimebound:SlimeBarrage","floor":34},{"not_picked":["Slimebound:Equalize","Slimebound:SlimeBarrage"],"picked":"Slimebound:FirmFortitude","floor":36},{"not_picked":["Slimebound:SplitLeeching","Slimebound:Nibble"],"picked":"Slimebound:Schlurp+1","floor":37},{"not_picked":["Slimebound:SplitLeeching+1","Slimebound:SlimeSpikes+1"],"picked":"Slimebound:SplitAcid+1","floor":38},{"not_picked":["Slimebound:ItLooksTasty+1","Slimebound:DivideAndConquer"],"picked":"Slimebound:SplitLeeching","floor":43},{"not_picked":["Slimebound:BestDefense+1","Slimebound:ForwardTackle+1"],"picked":"Slimebound:SplitBruiser","floor":45},{"not_picked":["Slimebound:SplitLeeching","Slimebound:LeechingTouch"],"picked":"Slimebound:AcidTongue+1","floor":46},{"not_picked":["expansioncontent:CaCaw","expansioncontent:Torchfire"],"picked":"expansioncontent:DefensiveMode","floor":47},{"not_picked":["Slimebound:RejuvenatingLick","Slimebound:SplitAcid+1"],"picked":"Slimebound:SplitLeeching","floor":49}],"player_experience":865450,"relics_obtained":[{"floor":2,"key":"Ornamental Fan"},{"floor":7,"key":"Sundial"},{"floor":10,"key":"Pantograph"},{"floor":20,"key":"Shovel"},{"floor":20,"key":"Darkstone Periapt"},{"floor":22,"key":"downfall:GremlinSack"},{"floor":24,"key":"Kunai"},{"floor":29,"key":"Dead Branch"},{"floor":35,"key":"Anchor"},{"floor":41,"key":"InkBottle"},{"floor":44,"key":"Slimebound:MaxSlimesRelic"},{"floor":45,"key":"CaptainsWheel"}],"event_choices":[{"damage_healed":0,"gold_gain":0,"player_choice":"Stole Relic","damage_taken":0,"relics_obtained":["Omamori"],"max_hp_gain":0,"max_hp_loss":0,"event_name":"Addict","floor":26,"gold_loss":0,"cards_obtained":["Shame"]},{"damage_healed":0,"gold_gain":0,"player_choice":"Ignored","damage_taken":0,"max_hp_gain":0,"max_hp_loss":0,"event_name":"Mysterious Sphere","floor":39,"gold_loss":0}],"is_beta":false,"boss_relics":[{"not_picked":["Fusion Hammer","SlaversCollar"],"picked":"Philosopher\u0027s Stone"},{"not_picked":["Runic Dome","Coffee Dripper"],"picked":"Tiny House"}],"items_purged_floors":[],"is_endless":false,"potions_floor_spawned":[2,9,12,13,15,22,28,31,43,45,49],"ascension_level":0}}