{"host":"7ttbe3gzet1mthv0","time":1608067381,"event":{"mods":["AchievementEnabler","BaseMod","CapriCore","Colored Map","Colored Powertips","Downfall","Hermit","Highlight Path","Jorbs\u0027s Wanderer Trilogy","Marisa????????","Minty Spire (QoL Compilation)","Rare Cards Sparkle","Relic Stats","StSLib","The Alterego","The Bug Knight","The Hierophant","TheVelvet"],"gold_per_floor":[115,80,80,98,115,115,115,148,148,148,173,189,209,221,221,325,325,342,342,232,60,60,87,87,105,105,105,130,61,61,61,61,160,160,172,172,190,204,28,55,55,55,55,409,444,461,461,480,480,480],"floor_reached":51,"playtime":3320,"items_purged":["Strike_G","Strike_G"],"score":901,"play_id":"87f40b8e-b646-4220-b8a7-9aa119b7643b","local_time":"20201215222301","is_ascension_mode":false,"campfire_choices":[{"data":"Neutralize","floor":6,"key":"SMITH"},{"data":"Footwork","floor":10,"key":"SMITH"},{"data":"Noxious Fumes","floor":15,"key":"SMITH"},{"data":"Wraith Form v2","floor":24,"key":"SMITH"},{"data":"Regret","floor":27,"key":"PURGE"},{"data":"Caltrops","floor":30,"key":"SMITH"},{"data":"Strike_G","floor":32,"key":"PURGE"},{"data":"Defend_G","floor":41,"key":"PURGE"},{"data":"stsjorbsmod:Amnesia","floor":47,"key":"PURGE"},{"floor":49,"key":"REST"}],"circlet_count":0,"master_deck":["Strike_G","Strike_G","Defend_G","Defend_G","Defend_G","Survivor","Neutralize+1","Wraith Form v2+1","Blade Dance","Footwork+1","Dash","Masterful Stab","Die Die Die","Noxious Fumes+1","Dodge and Roll+1","Backstab+1","Escape Plan+1","Bullet Time+1","Prepared+1","Footwork+1","Well Laid Plans","Well Laid Plans","Blur+1","Backflip+1","Bouncing Flask+1","Caltrops+1","Venomology+1","Eviscerate+1","Trip+1","Blur+1","Bouncing Flask+1","Secret Technique+1","Predator+1","Writhe","Phantasmal Killer+1","Backflip+1","Crippling Poison+1"],"relics":["Ring of the Snake","Toxic Egg 2","Molten Egg 2","Bronze Scales","Cursed Key","Pen Nib","Peace Pipe","Calipers","SacredBark","Kunai","Ninja Scroll","Old Coin","Snake Skull"],"acts_visited":["Exordium","TheCity","TheBeyond"],"potions_floor_usage":[8,28,33,37,37,40,45,45,45,45,48,50,50,50,50],"damage_taken":[{"damage":0,"enemies":"Cultist","floor":1,"turns":5},{"damage":3,"enemies":"Jaw Worm","floor":4,"turns":5},{"damage":0,"enemies":"2 Louse","floor":5,"turns":4},{"damage":1,"enemies":"Gremlin Nob","floor":8,"turns":4},{"damage":0,"enemies":"3 Sentries","floor":11,"turns":7},{"damage":2,"enemies":"Large Slime","floor":12,"turns":6},{"damage":2,"enemies":"Exordium Thugs","floor":13,"turns":4},{"damage":1,"enemies":"Blue Slaver","floor":14,"turns":2},{"damage":10,"enemies":"The Guardian","floor":16,"turns":11},{"damage":0,"enemies":"Chosen","floor":18,"turns":4},{"damage":10,"enemies":"Gremlin Leader","floor":23,"turns":7},{"damage":0,"enemies":"Centurion and Healer","floor":25,"turns":6},{"damage":0,"enemies":"Slavers","floor":28,"turns":7},{"damage":0,"enemies":"Automaton","floor":33,"turns":11},{"damage":4,"enemies":"Orb Walker","floor":35,"turns":4},{"damage":0,"enemies":"3 Darklings","floor":37,"turns":4},{"damage":0,"enemies":"Sphere and 2 Shapes","floor":38,"turns":5},{"damage":0,"enemies":"Reptomancer","floor":40,"turns":7},{"damage":13,"enemies":"2 Orb Walkers","floor":44,"turns":4},{"damage":17,"enemies":"Nemesis","floor":45,"turns":5},{"damage":0,"enemies":"Spire Growth","floor":46,"turns":4},{"damage":0,"enemies":"Transient","floor":48,"turns":5},{"damage":33,"enemies":"Donu and Deca","floor":50,"turns":8}],"seed_played":"2738876700586990525","potions_obtained":[{"floor":4,"key":"Fire Potion"},{"floor":11,"key":"GamblersBrew"},{"floor":12,"key":"Poison Potion"},{"floor":14,"key":"ColorlessPotion"},{"floor":23,"key":"Dexterity Potion"},{"floor":28,"key":"Explosive Potion"},{"floor":35,"key":"PowerPotion"},{"floor":45,"key":"SkillPotion"},{"floor":46,"key":"CultistPotion"}],"is_trial":false,"path_per_floor":["M","$","?","M","M","R","?","E","T","R","E","M","M","M","R","B",null,"M","?","$","$","?","E","R","M","T","R","E","$","R","?","R","B",null,"M","?","M","M","$","E","R","?","T","?","E","M","R","M","R","B",null],"character_chosen":"THE_SILENT","items_purchased":["Footwork","Well Laid Plans","Well Laid Plans","Caltrops","Secret Technique+1"],"campfire_rested":1,"item_purchase_floors":[2,20,21,29,39],"current_hp_per_floor":[70,70,75,72,72,72,72,71,71,71,71,69,67,66,66,56,75,75,75,75,75,75,65,65,65,65,65,65,65,65,65,65,65,75,71,71,71,71,71,71,71,75,75,62,45,45,45,45,67,57],"gold":480,"neow_bonus":"ONE_RANDOM_RARE_CARD","is_daily":false,"chose_seed":false,"campfire_upgraded":5,"win_rate":0.0,"timestamp":1608067381,"path_taken":["M","?","?","M","M","R","?","E","T","R","E","M","M","M","R","BOSS","M","?","?","$","?","E","R","?","T","R","E","?","R","?","R","BOSS","M","?","M","M","$","E","R","?","T","?","E","?","R","M","R","BOSS"],"items_purchased_type":["Card","Card","Card","Card","Card"],"build_version":"2020-12-13","purchased_purges":2,"victory":true,"max_hp_per_floor":[70,70,75,75,75,75,75,75,75,75,75,75,75,75,75,75,75,75,75,75,75,75,75,75,75,75,75,75,75,75,75,75,75,75,75,75,75,75,75,75,75,75,75,75,75,75,75,75,75,75],"relic_stats":{"Peace Pipe":4,"counters":[23,129],"Bronze Scales":[312],"Pen Nib":[14],"Snake Skull":[37],"Kunai":[9],"Cursed Key":2,"obtain_stats":[{"Calipers":28,"SacredBark":34,"Pen Nib":23,"Snake Skull":45,"Cursed Key":17,"Old Coin":44,"Peace Pipe":26,"Ninja Scroll":43,"Bronze Scales":11,"Molten Egg 2":9,"Kunai":40,"Toxic Egg 2":8,"Ring of the Snake":0},{"Calipers":13,"SacredBark":14,"Pen Nib":11,"Snake Skull":20,"Cursed Key":9,"Old Coin":19,"Peace Pipe":12,"Ninja Scroll":18,"Bronze Scales":5,"Molten Egg 2":4,"Kunai":18,"Toxic Egg 2":4,"Ring of the Snake":0},{"Calipers":72,"SacredBark":83,"Pen Nib":59,"Snake Skull":112,"Cursed Key":48,"Old Coin":107,"Peace Pipe":65,"Ninja Scroll":103,"Bronze Scales":25,"Molten Egg 2":18,"Kunai":103,"Toxic Egg 2":18,"Ring of the Snake":0}],"Ring of the Snake":[46]},"card_choices":[{"not_picked":["Quick Slash","Catalyst"],"picked":"Blade Dance","floor":1},{"not_picked":["Quick Slash","Poisoned Stab"],"picked":"Dash","floor":4},{"not_picked":["Prepared","Dash"],"picked":"Masterful Stab","floor":5},{"not_picked":["Bane","Outmaneuver+1"],"picked":"Die Die Die","floor":8},{"not_picked":["Slice+1","Calculated Gamble+1"],"picked":"Noxious Fumes","floor":11},{"not_picked":["Underhanded Strike+1","Dash+1"],"picked":"Dodge and Roll+1","floor":12},{"not_picked":["Acrobatics+1","Reflex+1"],"picked":"Backstab+1","floor":13},{"not_picked":["Deflect+1","PiercingWail+1"],"picked":"Escape Plan+1","floor":14},{"not_picked":["Envenom","Burst+1"],"picked":"Bullet Time+1","floor":16},{"not_picked":["Slice+1","Terror+1"],"picked":"Prepared+1","floor":18},{"not_picked":["Wraith Form v2","Deadly Poison+1"],"picked":"Blur+1","floor":23},{"not_picked":["Underhanded Strike+1","Reflex+1"],"picked":"Backflip+1","floor":25},{"not_picked":["All Out Attack+1","Tools of the Trade"],"picked":"Bouncing Flask+1","floor":28},{"not_picked":["Die Die Die+1","Tools of the Trade"],"picked":"Venomology+1","floor":33},{"not_picked":["Sucker Punch+1","Dodge and Roll+1"],"picked":"Eviscerate+1","floor":35},{"not_picked":["Good Instincts+1","Enlightenment+1"],"picked":"Trip+1","floor":36},{"not_picked":["Blade Dance+1","Deadly Poison+1"],"picked":"Blur+1","floor":37},{"not_picked":["PiercingWail+1","Finisher+1"],"picked":"Bouncing Flask+1","floor":38},{"not_picked":["PiercingWail+1","Terror+1"],"picked":"Predator+1","floor":40},{"not_picked":["Terror+1","Dagger Spray+1"],"picked":"Phantasmal Killer+1","floor":45},{"not_picked":["Bane+1","Heel Hook+1"],"picked":"Backflip+1","floor":46},{"not_picked":["Backflip+1","Slice+1"],"picked":"Crippling Poison+1","floor":48}],"player_experience":21148,"relics_obtained":[{"floor":8,"key":"Toxic Egg 2"},{"floor":9,"key":"Molten Egg 2"},{"floor":11,"key":"Bronze Scales"},{"floor":23,"key":"Pen Nib"},{"floor":26,"key":"Peace Pipe"},{"floor":28,"key":"Calipers"},{"floor":40,"key":"Kunai"},{"floor":43,"key":"Ninja Scroll"},{"floor":44,"key":"Old Coin"},{"floor":45,"key":"Snake Skull"}],"event_choices":[{"damage_healed":0,"gold_gain":0,"player_choice":"Donut","damage_taken":0,"max_hp_gain":5,"max_hp_loss":0,"event_name":"Big Fish","floor":3,"gold_loss":0},{"damage_healed":0,"gold_gain":0,"player_choice":"Ignored","damage_taken":0,"max_hp_gain":0,"max_hp_loss":0,"event_name":"Liars Game","floor":7,"gold_loss":0},{"damage_healed":0,"gold_gain":0,"player_choice":"Copied","damage_taken":0,"max_hp_gain":0,"max_hp_loss":0,"event_name":"Duplicator","floor":19,"gold_loss":0,"cards_obtained":["Footwork"]},{"damage_healed":0,"gold_gain":0,"player_choice":"Ignored","damage_taken":0,"max_hp_gain":0,"max_hp_loss":0,"event_name":"NoteForYourself","floor":22,"gold_loss":0},{"cards_removed":["Defend_G"],"damage_healed":0,"gold_gain":0,"player_choice":"Elegance","damage_taken":0,"max_hp_gain":0,"max_hp_loss":0,"event_name":"Back to Basics","floor":31,"gold_loss":0},{"damage_healed":0,"gold_gain":0,"player_choice":"Memory 1","damage_taken":0,"max_hp_gain":0,"max_hp_loss":0,"event_name":"SensoryStone","floor":36,"gold_loss":0},{"damage_healed":19,"gold_gain":0,"player_choice":"Writhe","damage_taken":0,"max_hp_gain":0,"max_hp_loss":0,"event_name":"Winding Halls","floor":42,"gold_loss":0,"cards_obtained":["Writhe"]},{"damage_healed":0,"gold_gain":0,"player_choice":"Fight","damage_taken":0,"max_hp_gain":0,"max_hp_loss":0,"event_name":"Mysterious Sphere","floor":44,"gold_loss":0}],"is_beta":false,"boss_relics":[{"not_picked":["SlaversCollar","Black Star"],"picked":"Cursed Key"},{"not_picked":["Busted Crown","Tiny House"],"picked":"SacredBark"}],"items_purged_floors":[20,21],"is_endless":false,"potions_floor_spawned":[4,11,12,14,23,25,28,35,45,46],"ascension_level":0}}