{"host":"7skpg3w6spfq7de9","time":1608061913,"event":{"mods":["AchievementEnabler","BaseMod","Bestiary","Better Third Choice","Block Reminder","Colored Powertips","DeckTracker","Downfall","Duelist Mod","Highlight Path","JesterMod","Marisa????????","Minty Spire (QoL Compilation)","Permanent Neow","Relic Stats","Robot Space Explorer","StSLib","The Blue Laboratory","The Bug Knight","The Dragon Tamer","The Necromancer"],"gold_per_floor":[219,42,42,57,0,0,18,37,118,118,146,166,166,183,183,286,286,303,196,210,113,137,137,137,137,137,172,11,25,39,70,70,70,70],"floor_reached":33,"playtime":1680,"items_purged":[],"score":310,"play_id":"c9549a27-ef9a-442f-b58d-29d3ff7d4db3","local_time":"20201215115153","is_ascension_mode":false,"campfire_choices":[{"data":"Enlightenment","floor":6,"key":"SMITH"},{"data":"Searing Blow","floor":10,"key":"SMITH"},{"data":"Searing Blow+1","floor":13,"key":"SMITH"},{"data":"Searing Blow+2","floor":15,"key":"SMITH"},{"data":"expansioncontent:PrepareCrush","floor":23,"key":"SMITH"},{"data":"Searing Blow+3","floor":25,"key":"SMITH"},{"data":"Anger","floor":32,"key":"SMITH"}],"circlet_count":0,"master_deck":["Defend_R","Defend_R","Defend_R","Defend_R","Bash","Clothesline","Rage","Infernal Blade+1","Searing Blow+4","Enlightenment+1","Headbutt","Cleave","Metallicize","Feed","Headbutt","expansioncontent:PrepareCrush+1","Bite","Bite","Bite","Bite","Bite","Searing Blow","Immolate","Hemokinesis","Clash+1","Anger+1"],"relics":["Burning Blood","InkBottle","MealTicket","Sozu","Toy Ornithopter","Regal Pillow","Letter Opener","HollowMod:LifeEnderRelic","Bronze Scales"],"acts_visited":["Exordium","TheCity"],"potions_floor_usage":[11,16],"damage_taken":[{"damage":10,"enemies":"Cultist","floor":1,"turns":4},{"damage":2,"enemies":"Small Slimes","floor":4,"turns":5},{"damage":7,"enemies":"2 Louse","floor":7,"turns":2},{"damage":9,"enemies":"Exordium Thugs","floor":8,"turns":4},{"damage":15,"enemies":"3 Sentries","floor":11,"turns":5},{"damage":3,"enemies":"2 Fungi Beasts","floor":12,"turns":3},{"damage":8,"enemies":"Blue Slaver","floor":14,"turns":3},{"damage":40,"enemies":"Hexaghost","floor":16,"turns":9},{"damage":9,"enemies":"Shell Parasite","floor":18,"turns":4},{"damage":27,"enemies":"Spheric Guardian","floor":20,"turns":4},{"damage":4,"enemies":"theDuelist:KaibaA2","floor":27,"turns":5},{"damage":22,"enemies":"Snake Plant","floor":29,"turns":3},{"damage":14,"enemies":"Chosen and Byrds","floor":30,"turns":5},{"damage":21,"enemies":"Book of Stabbing","floor":31,"turns":4},{"damage":38,"enemies":"Champ","floor":33,"turns":9}],"seed_played":"-9015400782686259782","potions_obtained":[{"floor":4,"key":"Guardian:BlockOnCardUsePotion"},{"floor":11,"key":"blueLaboratory:SavagePotion"}],"is_trial":false,"path_per_floor":["M","$","?","M","?","R","M","M","T","R","E","M","R","M","R","B",null,"M","?","M","$","T","R","?","R","T","E","$","M","M","E","R","B"],"character_chosen":"IRONCLAD","items_purchased":["Rage","Infernal Blade","Searing Blow","expansioncontent:PrepareCrush","Immolate"],"campfire_rested":0,"item_purchase_floors":[2,2,2,21,28],"current_hp_per_floor":[76,76,76,80,86,86,85,82,82,82,73,76,76,74,74,40,86,83,83,62,77,77,77,60,60,60,60,60,44,44,35,35,9,9],"gold":70,"neow_bonus":"HUNDRED_GOLD","is_daily":false,"chose_seed":false,"campfire_upgraded":7,"win_rate":0.0,"timestamp":1608061913,"path_taken":["M","$","?","M","?","R","M","M","T","R","E","M","R","M","R","BOSS","M","?","M","$","?","R","?","R","T","E","$","M","M","E","R","BOSS"],"items_purchased_type":["Card","Card","Card","Card","Card"],"build_version":"2020-12-13","purchased_purges":0,"victory":false,"max_hp_per_floor":[80,80,80,80,86,86,86,86,86,86,86,86,86,86,86,86,86,86,86,86,86,86,86,60,60,60,60,60,60,60,60,60,60,60],"relic_stats":{"Sozu":2,"Regal Pillow":0,"counters":[15,69],"Bronze Scales":[15],"MealTicket":15,"Letter Opener":[13],"obtain_stats":[{"Sozu":17,"Regal Pillow":22,"HollowMod:LifeEnderRelic":27,"Bronze Scales":31,"MealTicket":11,"Letter Opener":26,"Burning Blood":0,"InkBottle":9,"Toy Ornithopter":19},{"Sozu":8,"Regal Pillow":10,"HollowMod:LifeEnderRelic":11,"Bronze Scales":14,"MealTicket":5,"Letter Opener":10,"Burning Blood":0,"InkBottle":4,"Toy Ornithopter":9},{"Sozu":35,"Regal Pillow":43,"HollowMod:LifeEnderRelic":48,"Bronze Scales":60,"MealTicket":20,"Letter Opener":43,"Burning Blood":0,"InkBottle":15,"Toy Ornithopter":39}],"Burning Blood":78,"InkBottle":[16],"Toy Ornithopter":0},"card_choices":[{"not_picked":["Armaments","Sword Boomerang"],"picked":"Clothesline","floor":1},{"not_picked":["Wild Strike","Body Slam","Warcry"],"picked":"SKIP","floor":4},{"not_picked":["Body Slam","Wild Strike"],"picked":"Headbutt","floor":7},{"not_picked":["Armaments","Pummel"],"picked":"Cleave","floor":8},{"not_picked":["Shockwave","Wild Strike"],"picked":"Metallicize","floor":11},{"not_picked":["Thunderclap","Wild Strike","Intimidate"],"picked":"SKIP","floor":12},{"not_picked":["Limit Break","Body Slam","Armaments"],"picked":"SKIP","floor":14},{"not_picked":["Reaper","Corruption"],"picked":"Feed","floor":16},{"not_picked":["Thunderclap","Warcry+1","Uppercut"],"picked":"SKIP","floor":18},{"not_picked":["Iron Wave","Feel No Pain+1"],"picked":"Headbutt","floor":20},{"not_picked":["Twin Strike","Shockwave+1"],"picked":"Searing Blow","floor":27},{"not_picked":["Shockwave+1","Headbutt"],"picked":"Hemokinesis","floor":29},{"not_picked":["Sword Boomerang","Twin Strike"],"picked":"Clash+1","floor":30},{"not_picked":["Clash","Battle Trance"],"picked":"Anger","floor":31}],"player_experience":63904,"relics_obtained":[{"floor":9,"key":"InkBottle"},{"floor":11,"key":"MealTicket"},{"floor":22,"key":"Regal Pillow"},{"floor":26,"key":"Letter Opener"},{"floor":27,"key":"HollowMod:LifeEnderRelic"},{"floor":31,"key":"Bronze Scales"}],"event_choices":[{"damage_healed":0,"gold_gain":0,"player_choice":"Grow","damage_taken":0,"max_hp_gain":0,"max_hp_loss":0,"event_name":"Living Wall","floor":3,"gold_loss":0,"cards_upgraded":["Infernal Blade"]},{"damage_healed":0,"gold_gain":0,"player_choice":"RENOUNCE","damage_taken":57,"max_hp_gain":0,"max_hp_loss":0,"event_name":"betterThird:BetterSerpent","floor":5,"gold_loss":57,"cards_obtained":["Enlightenment"]},{"damage_healed":0,"gold_gain":0,"player_choice":"Paid Gold","damage_taken":0,"relics_obtained":["Toy Ornithopter"],"max_hp_gain":0,"max_hp_loss":0,"event_name":"WeMeetAgain","floor":19,"gold_loss":107},{"damage_healed":0,"gold_gain":0,"player_choice":"Became a vampire","damage_taken":0,"max_hp_gain":0,"max_hp_loss":26,"event_name":"Vampires","floor":24,"gold_loss":0,"cards_obtained":["Bite","Bite","Bite","Bite","Bite"]}],"is_beta":false,"boss_relics":[{"not_picked":["Runic Cube","Astrolabe"],"picked":"Sozu"}],"items_purged_floors":[],"is_endless":false,"potions_floor_spawned":[4,11,20,29],"killed_by":"Champ","ascension_level":0}}