{"host":"lreod2rejfd0az5i","time":1608014320,"event":{"mods":["AchievementEnabler","Aspiration","BaseMod","Colored Powertips","Conspire","Downfall","Highlight Path","Hubris","Infinite Spire","Mad Scientist","Minty Spire (QoL Compilation)","Rare Cards Sparkle","Relic Stats","Replay The Spire","StSLib","The Bug Knight","The Jungle"],"gold_per_floor":[116,136,136,211,77,106,106,106,129,142,142,157,157,157,157,236,236,246,262,187,187,29,29,29],"floor_reached":23,"playtime":641,"items_purged":["Regret"],"score":403,"play_id":"08b5ad7f-c431-47e7-8dd2-02d6420ef90d","local_time":"20201214233840","is_ascension_mode":true,"campfire_choices":[{"data":"Eruption","floor":8.0,"key":"SMITH"},{"data":"Vigilance","floor":11.0,"key":"SMITH"},{"floor":13.0,"key":"REST"},{"data":"FlyingSleeves","floor":15.0,"key":"SMITH"}],"circlet_count":0,"master_deck":["AscendersBane","Strike_P+1","Strike_P","Strike_P+1","Defend_P","Defend_P","Defend_P","Eruption+1","Vigilance+1","Worship+1","BattleHymn+1","Protect","FlyingSleeves+1","DeusExMachina","LikeWater+1"],"relics":["PureWater","NeowsBlessing","ReplayFunnel","Whetstone","infinitespire:Lucky Rock","Fusion Hammer","PreservedInsect"],"acts_visited":["Exordium","TheCity"],"potions_floor_usage":[19],"damage_taken":[{"damage":0.0,"enemies":"Small Slimes","floor":1.0,"turns":1.0},{"damage":0.0,"enemies":"Jaw Worm","floor":2.0,"turns":1.0},{"damage":0.0,"enemies":"Lagavulin","floor":6.0,"turns":2.0},{"damage":0.0,"enemies":"Cultist","floor":10.0,"turns":3.0},{"damage":6.0,"enemies":"3 Louse","floor":12.0,"turns":4.0},{"damage":34.0,"enemies":"The Guardian","floor":16.0,"turns":6.0},{"damage":19.0,"enemies":"3 Byrds","floor":18.0,"turns":7.0},{"damage":11,"enemies":"Shell Parasite","floor":19,"turns":5},{"damage":46,"enemies":"conspire:SneckoGhost","floor":23,"turns":4}],"seed_played":"8208516322732524976","potions_obtained":[{"floor":6.0,"key":"Venom Potion"},{"floor":7.0,"key":"BlessingOfTheForge"},{"floor":16.0,"key":"StancePotion"}],"is_trial":false,"path_per_floor":["M","M","?","?","$","E","?","R","T","M","R","M","R","?","R","B",null,"M","M","?","?","$","E"],"character_chosen":"WATCHER","items_purchased":["BattleHymn+1","PreservedInsect"],"campfire_rested":1,"item_purchase_floors":[5,22],"current_hp_per_floor":[61,61,61,50,50,50,50,50,50,50,50,44,64,64,64,30,59,40,29,29,29,29,0,0],"gold":29,"neow_bonus":"THREE_ENEMY_KILL","is_daily":false,"chose_seed":false,"campfire_upgraded":3,"win_rate":0.0,"timestamp":1608014320,"path_taken":["M","M","?","?","?","E","?","R","T","?","R","M","R","?","R","BOSS","M","M","?","?","$","E"],"items_purchased_type":["Card","Relic"],"build_version":"2020-12-13","purchased_purges":1,"victory":false,"max_hp_per_floor":[68,68,68,68,68,68,68,68,68,68,68,68,68,68,68,68,68,68,68,68,68,68,68,68],"relic_stats":{"counters":[9,33],"PreservedInsect":38,"Whetstone":["Strike_P","Strike_P"],"obtain_stats":[{"ReplayFunnel":3,"NeowsBlessing":0,"Fusion Hammer":17,"PreservedInsect":22,"Whetstone":6,"infinitespire:Lucky Rock":9,"PureWater":0},{"ReplayFunnel":2,"NeowsBlessing":0,"Fusion Hammer":6,"PreservedInsect":8,"Whetstone":3,"infinitespire:Lucky Rock":3,"PureWater":0},{"ReplayFunnel":2,"NeowsBlessing":0,"Fusion Hammer":17,"PreservedInsect":29,"Whetstone":4,"infinitespire:Lucky Rock":4,"PureWater":0}]},"card_choices":[{"not_picked":["JustLucky","Halt","InnerPeace"],"picked":"SKIP","floor":1.0},{"not_picked":["Prostrate","FlurryOfBlows"],"picked":"Worship","floor":2.0},{"not_picked":["Consecrate","Perseverance","Omniscience"],"picked":"SKIP","floor":6.0},{"not_picked":["PathToVictory","FollowUp","Adaptation"],"picked":"SKIP","floor":10.0},{"not_picked":["Replay:ManipulateFuture","CrushJoints"],"picked":"Protect","floor":12.0},{"not_picked":["Replay:AllIn","Blasphemy"],"picked":"DeusExMachina","floor":16.0},{"not_picked":["ThirdEye","Evaluate+1"],"picked":"LikeWater+1","floor":18},{"not_picked":["SandsOfTime","BattleHymn","CutThroughFate"],"picked":"SKIP","floor":19}],"player_experience":842010,"relics_obtained":[{"floor":6.0,"key":"Whetstone"},{"floor":9.0,"key":"infinitespire:Lucky Rock"}],"event_choices":[{"damage_healed":0.0,"max_hp_gain":0.0,"max_hp_loss":0.0,"gold_gain":0.0,"event_name":"Big Fish","player_choice":"Box","floor":3.0,"gold_loss":0.0,"damage_taken":0.0,"relics_obtained":["ReplayFunnel"],"cards_obtained":["Regret"]},{"damage_healed":0.0,"max_hp_gain":0.0,"max_hp_loss":0.0,"gold_gain":75.0,"event_name":"World of Goop","player_choice":"Gather Gold","floor":4.0,"gold_loss":0.0,"damage_taken":11.0},{"damage_healed":0.0,"max_hp_gain":0.0,"max_hp_loss":0.0,"gold_gain":0.0,"event_name":"Lab","player_choice":"Got Potions","floor":7.0,"gold_loss":0.0,"damage_taken":0.0},{"damage_healed":0.0,"max_hp_gain":0.0,"max_hp_loss":0.0,"gold_gain":0.0,"cards_transformed":["Strike_P"],"event_name":"Living Wall","player_choice":"Change","floor":14.0,"gold_loss":0.0,"damage_taken":0.0,"cards_obtained":["FlyingSleeves"]},{"cards_removed":["Defend_P"],"damage_healed":0,"gold_gain":0,"player_choice":"Gave Gold","damage_taken":0,"max_hp_gain":0,"max_hp_loss":0,"event_name":"Beggar","floor":20,"gold_loss":75},{"damage_healed":0,"gold_gain":0,"player_choice":"Forge","damage_taken":0,"max_hp_gain":0,"max_hp_loss":0,"event_name":"Accursed Blacksmith","floor":21,"gold_loss":0,"cards_upgraded":["Worship"]}],"is_beta":false,"boss_relics":[{"not_picked":["aspiration:DefectSkillbook","Ectoplasm"],"picked":"Fusion Hammer"}],"items_purged_floors":[5],"is_endless":false,"potions_floor_spawned":[6,16],"killed_by":"conspire:SneckoGhost","ascension_level":18}}