{"host":"15dd7v8o90xso62x","time":1608049215,"event":{"mods":["BaseMod","Minty Spire (QoL Compilation)","Quick Restart","StSLib"],"gold_per_floor":[119,119,119,136,136,136,162,237,237,237,270,282,165,181,181,258,258,278,293,218,228,228,228,228,228],"floor_reached":24,"playtime":508,"items_purged":["Strike_P"],"score":508,"play_id":"aa4b8321-5e2c-45f1-982f-f5f490cb72c6","local_time":"20201216012015","is_ascension_mode":true,"campfire_choices":[{"data":"CrushJoints","floor":6.0,"key":"SMITH"},{"data":"FearNoEvil","floor":10.0,"key":"SMITH"},{"data":"Adaptation","floor":15.0,"key":"SMITH"},{"data":"Vault","floor":23,"key":"SMITH"}],"circlet_count":0,"master_deck":["AscendersBane","Strike_P","Strike_P","Strike_P","Defend_P","Defend_P","Eruption+1","Vigilance","FearNoEvil+1","CrushJoints+1","Conclude","Perseverance","Adaptation+1","Vault+1"],"relics":["PureWater","NeowsBlessing","Pocketwatch","Meat on the Bone","Blood Vial","VioletLotus"],"acts_visited":["Exordium","TheCity"],"potions_floor_usage":[],"damage_taken":[{"damage":0.0,"enemies":"Small Slimes","floor":1.0,"turns":1.0},{"damage":0.0,"enemies":"Cultist","floor":4.0,"turns":1.0},{"damage":0.0,"enemies":"Lagavulin","floor":7.0,"turns":1.0},{"damage":0.0,"enemies":"Gremlin Nob","floor":11.0,"turns":2.0},{"damage":4.0,"enemies":"2 Louse","floor":12.0,"turns":3.0},{"damage":1.0,"enemies":"Looter","floor":14.0,"turns":2.0},{"damage":1.0,"enemies":"The Guardian","floor":16.0,"turns":8.0},{"damage":25.0,"enemies":"3 Byrds","floor":18.0,"turns":3.0},{"damage":29,"enemies":"Shell Parasite","floor":19,"turns":3},{"damage":16,"enemies":"Snake Plant","floor":21,"turns":3},{"damage":29,"enemies":"Slavers","floor":24,"turns":1}],"seed_played":"3452316194869328934","potions_obtained":[{"floor":7.0,"key":"Swift Potion"},{"floor":12.0,"key":"Energy Potion"},{"floor":19,"key":"Energy Potion"}],"is_trial":false,"path_per_floor":["M","?","?","M","?","R","E","?","T","R","E","M","$","M","R","B",null,"M","M","?","M","?","R","E"],"character_chosen":"WATCHER","items_purchased":["Adaptation"],"campfire_rested":0,"item_purchase_floors":[13],"current_hp_per_floor":[61,66,66,66,59,59,59,48,48,48,48,46,46,47,47,48,67,44,29,29,27,27,27,0,0],"gold":228,"neow_bonus":"THREE_ENEMY_KILL","is_daily":false,"chose_seed":false,"campfire_upgraded":4,"win_rate":0.0,"timestamp":1608049215,"path_taken":["M","?","?","?","?","R","E","?","T","R","E","M","$","M","R","BOSS","M","M","?","M","?","R","E"],"items_purchased_type":["Card"],"build_version":"2020-12-13","purchased_purges":1,"victory":false,"max_hp_per_floor":[68,73,73,73,73,73,73,73,73,73,73,73,73,73,73,73,73,73,73,73,73,73,73,73,73],"card_choices":[{"not_picked":["PathToVictory","Evaluate"],"picked":"FearNoEvil","floor":1.0},{"not_picked":["Prostrate","WaveOfTheHand"],"picked":"CrushJoints","floor":4.0},{"not_picked":["EmptyFist","Weave","CarveReality"],"picked":"SKIP","floor":7.0},{"not_picked":["ReachHeaven","CutThroughFate"],"picked":"Conclude","floor":11.0},{"not_picked":["ForeignInfluence","Collect"],"picked":"Perseverance","floor":12.0},{"not_picked":["FlyingSleeves","SandsOfTime","Prostrate"],"picked":"SKIP","floor":14.0},{"not_picked":["Wish","Establishment"],"picked":"Vault","floor":16.0},{"not_picked":["EmptyBody+1","ReachHeaven","Protect+1"],"picked":"SKIP","floor":18.0},{"not_picked":["Prostrate","CutThroughFate","Perseverance"],"picked":"SKIP","floor":19},{"not_picked":["Halt","CrushJoints","ThirdEye"],"picked":"SKIP","floor":21}],"player_experience":908024,"relics_obtained":[{"floor":7.0,"key":"Pocketwatch"},{"floor":9.0,"key":"Meat on the Bone"},{"floor":11.0,"key":"Blood Vial"}],"event_choices":[{"damage_healed":0.0,"max_hp_gain":5.0,"max_hp_loss":0.0,"gold_gain":0.0,"event_name":"Big Fish","player_choice":"Donut","floor":2.0,"gold_loss":0.0,"damage_taken":0.0},{"damage_healed":0.0,"max_hp_gain":0.0,"max_hp_loss":0.0,"gold_gain":0.0,"event_name":"Upgrade Shrine","player_choice":"Upgraded","floor":3.0,"gold_loss":0.0,"damage_taken":0.0,"cards_upgraded":["Eruption"]},{"cards_removed":["Defend_P"],"damage_healed":0.0,"max_hp_gain":0.0,"max_hp_loss":0.0,"gold_gain":0.0,"event_name":"Golden Wing","player_choice":"Card Removal","floor":5.0,"gold_loss":0.0,"damage_taken":7.0},{"damage_healed":0.0,"max_hp_gain":0.0,"max_hp_loss":0.0,"gold_gain":75.0,"event_name":"World of Goop","player_choice":"Gather Gold","floor":8.0,"gold_loss":0.0,"damage_taken":11.0},{"cards_removed":["Defend_P"],"damage_healed":0,"gold_gain":0,"player_choice":"Gave Gold","damage_taken":0,"max_hp_gain":0,"max_hp_loss":0,"event_name":"Beggar","floor":20,"gold_loss":75},{"damage_healed":0,"gold_gain":0,"player_choice":"Ignored","damage_taken":0,"max_hp_gain":0,"max_hp_loss":0,"event_name":"Vampires","floor":22,"gold_loss":0}],"is_beta":false,"boss_relics":[{"not_picked":["Tiny House","Runic Pyramid"],"picked":"VioletLotus"}],"items_purged_floors":[13],"is_endless":false,"potions_floor_spawned":[7,12,14,19],"killed_by":"Slavers","ascension_level":20}}