{"host":"0rxdudjy6rylha1k","time":1608044050,"event":{"mods":["Aspiration","BaseMod","Colored Map","Colored Powertips","Downfall","Highlight Path","Hubris","Minty Spire (QoL Compilation)","StSLib"],"gold_per_floor":[0,19,31,31,58,58,58,58,58,70,92,104,134,146,174,283,295,232,263,275,11,11,26,26,26,37,37,53,53,66,76,91,91,91],"floor_reached":33,"playtime":19451,"items_purged":[],"score":249,"play_id":"9a4ea05f-6df2-46a9-a3f2-5190ffd4d9b8","local_time":"20201215075410","is_ascension_mode":false,"campfire_choices":[{"data":"Apotheosis","floor":1.0,"key":"SMITH"},{"floor":4.0,"key":"RECALL"},{"data":"champ:IronFortress","floor":6.0,"key":"SMITH"},{"data":"champ:FanOfKnives","floor":8.0,"key":"SMITH"},{"floor":10.0,"key":"REST"},{"data":"champ:Improvising","floor":18.0,"key":"SMITH"},{"data":"champ:EndlessRage","floor":20.0,"key":"SMITH"},{"data":"champ:IronFortress","floor":25.0,"key":"SMITH"},{"data":"champ:Taunt","floor":27.0,"key":"SMITH"}],"circlet_count":0,"master_deck":["champ:Strike","champ:Strike","champ:Strike","champ:Strike","champ:Defend","champ:Defend","champ:Defend","champ:Defend","champ:Execute","champ:Taunt+1","Apotheosis+1","champ:RecklessLeap","champ:FanOfKnives+1","champ:IronFortress+1","champ:FocusedGladiator+1","champ:Backstep+1","champ:RapidStrikes","champ:Improvising+1","champ:EndlessRage+1","champ:IronFortress+1","champ:RisingSlash","champ:DefensiveShout+1","champ:StanceDance+1","champ:Lariat+1","champ:PreciseThrust+1","champ:Backstep+1"],"relics":["champ:ChampionCrown","hubris:Zylophone","Toxic Egg 2","MawBank","champ:LiftRelic","Ornamental Fan","aspiration:SecretTechniqueScroll","downfall:HeartBlessingRed","downfall:RedIOU","Pear"],"acts_visited":["Exordium","TheCity"],"potions_floor_usage":[],"damage_taken":[{"damage":0.0,"enemies":"Small Slimes","floor":2.0,"turns":3.0},{"damage":5.0,"enemies":"Jaw Worm","floor":3.0,"turns":5.0},{"damage":33.0,"enemies":"Lagavulin","floor":5.0,"turns":7.0},{"damage":5.0,"enemies":"2 Louse","floor":11.0,"turns":3.0},{"damage":30.0,"enemies":"Large Slime","floor":13.0,"turns":5.0},{"damage":0.0,"enemies":"Exordium Wildlife","floor":15.0,"turns":2.0},{"damage":59.0,"enemies":"downfall:Ironclad","floor":16.0,"turns":10.0},{"damage":35.0,"enemies":"Chosen","floor":19.0,"turns":5.0},{"damage":22.0,"enemies":"downfall:FleeingMerchant","floor":21.0,"turns":4.0},{"damage":0.0,"enemies":"Spheric Guardian","floor":23.0,"turns":4.0},{"damage":46.0,"enemies":"Cultist and Chosen","floor":26.0,"turns":6.0},{"damage":29.0,"enemies":"Snake Plant","floor":28.0,"turns":4.0},{"damage":36.0,"enemies":"Shelled Parasite and Fungi","floor":30.0,"turns":5.0},{"damage":1.0,"enemies":"Cultist and Chosen","floor":31.0,"turns":5.0},{"damage":17.0,"enemies":"Snake Plant","floor":32.0,"turns":4.0},{"damage":24,"enemies":"downfall:Watcher","floor":33,"turns":3}],"seed_played":"1318308925988923278","potions_obtained":[{"floor":2.0,"key":"LiquidMemories"},{"floor":5.0,"key":"Weak Potion"},{"floor":13.0,"key":"Block Potion"},{"floor":16.0,"key":"Guardian:BlockOnCardUsePotion"},{"floor":23.0,"key":"hexamod:EctoCoolerPotion"},{"floor":26.0,"key":"CultistPotion"},{"floor":28.0,"key":"DuplicationPotion"},{"floor":29.0,"key":"CultistPotion"},{"floor":30.0,"key":"Swift Potion"},{"floor":32,"key":"champ:UltimateStancePotion"}],"is_trial":false,"path_per_floor":["R","M","M","R","E","R","T","R","?","R","M","?","M","T","M","B",null,"R","M","R","$","?","M","T","R","M","R","M","?","M","M","M","B"],"character_chosen":"THE_CHAMP","items_purchased":["champ:IronFortress","champ:RisingSlash","Blood Vial"],"campfire_rested":1,"item_purchase_floors":[21,21,21],"current_hp_per_floor":[90,90,88,88,65,65,65,65,58,85,85,85,85,85,85,59,90,90,80,80,82,82,82,92,92,79,79,66,66,30,29,22,0,0],"gold":91,"neow_bonus":"RANDOM_COLORLESS_2","is_daily":false,"chose_seed":false,"campfire_upgraded":7,"win_rate":0.0,"timestamp":1608044050,"path_taken":["R","M","M","R","E","R","T","R","?","R","M","?","M","?","M","BOSS","R","M","R","$","?","M","T","R","M","R","M","?","M","M","M","BOSS"],"items_purchased_type":["Card","Card","Relic"],"build_version":"2020-12-13","purchased_purges":0,"victory":false,"max_hp_per_floor":[90,90,90,90,90,90,90,90,90,90,90,90,90,90,90,90,90,90,90,90,90,90,90,100,100,100,100,100,100,100,100,100,100,100],"card_choices":[{"not_picked":["expansioncontent:DashGenerateEvil","Mayhem"],"picked":"Apotheosis","floor":0.0},{"not_picked":["champ:FocusedBerserking","champ:TornadoPunch"],"picked":"champ:RecklessLeap","floor":2.0},{"not_picked":["champ:FlashCut","champ:BladeFlurry"],"picked":"champ:FanOfKnives","floor":3.0},{"not_picked":["champ:Haymaker","champ:PreciseThrust"],"picked":"champ:IronFortress","floor":5.0},{"not_picked":["champ:FanOfKnives","champ:CalledShot"],"picked":"champ:FocusedGladiator+1","floor":11.0},{"not_picked":["champ:Circumvent+1","champ:CrookedStrike"],"picked":"champ:Backstep+1","floor":13.0},{"not_picked":["champ:FanOfKnives","champ:PerfectForm"],"picked":"champ:RapidStrikes","floor":15.0},{"not_picked":["champ:HeavySlash","champ:CheapShot"],"picked":"champ:Improvising","floor":16.0},{"not_picked":["champ:PerfectedStrike","champ:ViciousMockery+1"],"picked":"champ:EndlessRage","floor":19.0},{"not_picked":["champ:GladiatorsShout+1","champ:EnragedBash","champ:CrookedStrike"],"picked":"SKIP","floor":21.0},{"not_picked":["champ:Backstep+1","champ:PerfectedStrike+1"],"picked":"champ:DefensiveShout+1","floor":23.0},{"not_picked":["champ:GladiatorStyle","champ:FanOfKnives"],"picked":"champ:StanceDance+1","floor":26.0},{"not_picked":["champ:FanOfKnives","champ:BladeFlurry+1","champ:LastStand"],"picked":"SKIP","floor":28.0},{"not_picked":["champ:EndlessRage","champ:SkillfulDodge+1"],"picked":"champ:Lariat+1","floor":30.0},{"not_picked":["champ:PerfectedStrike","champ:GutPunch"],"picked":"champ:PreciseThrust+1","floor":31.0},{"not_picked":["champ:BladeFlurry","champ:BringItOn+1"],"picked":"champ:Backstep+1","floor":32}],"player_experience":2226851,"relics_obtained":[{"floor":5.0,"key":"hubris:Zylophone"},{"floor":7.0,"key":"Toxic Egg 2"},{"floor":14.0,"key":"Ornamental Fan"},{"floor":24.0,"key":"Pear"}],"event_choices":[{"damage_healed":0.0,"max_hp_gain":0.0,"max_hp_loss":0.0,"gold_gain":0.0,"event_name":"Scrap Ooze","player_choice":"Success","floor":9.0,"gold_loss":0.0,"damage_taken":7.0,"relics_obtained":["MawBank"]}],"is_beta":false,"boss_relics":[{"not_picked":["aspiration:PoetsPen_weak","aspiration:RitualDagger"],"picked":"aspiration:SecretTechniqueScroll"}],"items_purged_floors":[],"is_endless":false,"potions_floor_spawned":[2,5,13,16,23,26,28,30,32],"killed_by":"downfall:Watcher","ascension_level":0}}