{"host":"63rwe7p34ct1i0qu","time":1608028563,"event":{"mods":["BaseMod","DeckTracker","Minty Spire (QoL Compilation)","Permanent Neow","Quick Restart","StSLib"],"gold_per_floor":[110,110,110,128,128,128,148,148,174,14,34,34,66,76,76,175,175,195,195,207,207,172,207,207,236,288,306,306,231,243,260,260,356,356,381,393,420,444,476,488,512,534,546,575,95,95,95,110,110,110],"floor_reached":51,"playtime":1752,"items_purged":["Strike_R","Strike_R"],"score":847,"play_id":"46a950d6-8851-4a4f-abe0-c16be0ba2282","local_time":"20201215193603","is_ascension_mode":true,"campfire_choices":[{"data":"Bash","floor":6,"key":"SMITH"},{"data":"Hemokinesis","floor":8,"key":"SMITH"},{"floor":15,"key":"REST"},{"floor":24,"key":"REST"},{"floor":28,"key":"REST"},{"floor":32,"key":"REST"},{"floor":40,"key":"REST"},{"floor":49,"key":"REST"}],"circlet_count":0,"master_deck":["Strike_R+1","Defend_R+1","Defend_R+1","Defend_R+1","Defend_R+1","Bash+1","Brutality+1","Evolve+1","Headbutt+1","Hemokinesis+1","Bludgeon+1","Immolate+1","Second Wind+1","Hemokinesis+1","Fire Breathing+1","Wild Strike+1","Fire Breathing+1","Power Through+1","Battle Trance+1","Battle Trance+1","Power Through+1","Offering+1","CurseOfTheBell","True Grit+1","Violence+1","Good Instincts+1","Thinking Ahead+1","Second Wind+1","Offering+1","Evolve+1","Shockwave+1"],"relics":["Burning Blood","Orichalcum","Odd Mushroom","Bag of Preparation","Prayer Wheel","HornCleat","Fusion Hammer","Ice Cream","Gambling Chip","Strawberry","Calling Bell","MawBank","Meat on the Bone","CaptainsWheel","Bottled Lightning","Pen Nib","Blue Candle","Mark of the Bloom"],"acts_visited":["Exordium","TheCity","TheBeyond"],"potions_floor_usage":[7,16,23,25,33,39,42,50,50],"damage_taken":[{"damage":11,"enemies":"Small Slimes","floor":1,"turns":3},{"damage":17,"enemies":"Jaw Worm","floor":4,"turns":5},{"damage":37,"enemies":"The Mushroom Lair","floor":7,"turns":6},{"damage":0,"enemies":"2 Louse","floor":11,"turns":2},{"damage":14,"enemies":"Gremlin Nob","floor":13,"turns":3},{"damage":3,"enemies":"Looter","floor":14,"turns":3},{"damage":41,"enemies":"Hexaghost","floor":16,"turns":8},{"damage":8,"enemies":"Shell Parasite","floor":18,"turns":3},{"damage":11,"enemies":"2 Thieves","floor":20,"turns":3},{"damage":2,"enemies":"Gremlin Leader","floor":23,"turns":3},{"damage":41,"enemies":"Slavers","floor":25,"turns":5},{"damage":14,"enemies":"Snake Plant","floor":27,"turns":2},{"damage":8,"enemies":"Shelled Parasite and Fungi","floor":30,"turns":5},{"damage":4,"enemies":"Centurion and Healer","floor":31,"turns":5},{"damage":14,"enemies":"Collector","floor":33,"turns":5},{"damage":3,"enemies":"Orb Walker","floor":35,"turns":3},{"damage":11,"enemies":"3 Darklings","floor":37,"turns":3},{"damage":46,"enemies":"Transient","floor":38,"turns":5},{"damage":12,"enemies":"4 Shapes","floor":39,"turns":3},{"damage":21,"enemies":"Maw","floor":41,"turns":7},{"damage":12,"enemies":"Writhing Mass","floor":42,"turns":5},{"damage":16,"enemies":"Spire Growth","floor":44,"turns":4},{"damage":10,"enemies":"Sphere and 2 Shapes","floor":48,"turns":3},{"damage":24,"enemies":"Donu and Deca","floor":50,"turns":6}],"seed_played":"-4029997839441491849","potions_obtained":[{"floor":1,"key":"Weak Potion"},{"floor":4,"key":"Weak Potion"},{"floor":16,"key":"Explosive Potion"},{"floor":20,"key":"HeartOfIron"},{"floor":25,"key":"PowerPotion"},{"floor":30,"key":"BlessingOfTheForge"},{"floor":33,"key":"Regen Potion"},{"floor":38,"key":"FearPotion"},{"floor":39,"key":"HeartOfIron"},{"floor":42,"key":"BloodPotion"},{"floor":48,"key":"Fire Potion"}],"is_trial":false,"path_per_floor":["M","?","?","M","$","R","?","R","T","$","M","T","E","M","R","B",null,"M","?","M","?","$","E","R","E","T","M","R","$","M","M","R","B",null,"M","?","M","M","M","R","M","M","T","M","$","?","?","M","R","B",null],"character_chosen":"IRONCLAD","items_purchased":["Bludgeon","Fire Breathing","Pen Nib","Blue Candle"],"campfire_rested":6,"item_purchase_floors":[10,22,45,45],"current_hp_per_floor":[75,72,65,54,54,54,23,23,23,23,29,29,21,24,48,13,80,78,78,73,73,73,77,80,45,52,44,70,70,68,70,87,79,87,87,77,72,44,59,85,70,81,81,71,71,71,71,61,61,37],"gold":110,"neow_bonus":"ONE_RANDOM_RARE_CARD","is_daily":false,"chose_seed":false,"campfire_upgraded":2,"win_rate":0.0,"timestamp":1608028563,"path_taken":["M","?","?","M","?","R","?","R","T","$","M","?","E","M","R","BOSS","M","?","?","?","$","E","R","E","T","M","R","$","M","M","R","BOSS","M","?","M","M","M","R","M","M","T","M","?","?","?","M","R","BOSS"],"items_purchased_type":["Card","Card","Relic","Relic"],"build_version":"2020-12-13","purchased_purges":2,"victory":true,"max_hp_per_floor":[80,80,80,80,80,80,80,80,80,80,80,80,80,80,80,80,80,80,80,80,80,80,80,80,80,87,87,87,87,87,87,87,87,87,87,87,87,87,87,87,87,87,87,87,87,83,83,83,83,83],"card_choices":[{"not_picked":["Dual Wield","Whirlwind"],"picked":"Evolve","floor":1},{"not_picked":["Sword Boomerang","Thunderclap"],"picked":"Headbutt","floor":4},{"not_picked":["Heavy Blade","Rage"],"picked":"Hemokinesis","floor":7},{"not_picked":["Heavy Blade","Armaments","Clothesline"],"picked":"SKIP","floor":11},{"not_picked":["Rampage","Sentinel","Clothesline"],"picked":"SKIP","floor":13},{"not_picked":["Iron Wave","Intimidate","Pommel Strike"],"picked":"SKIP","floor":14},{"not_picked":["Clothesline","Carnage","True Grit"],"picked":"SKIP","floor":14},{"not_picked":["Corruption","Impervious"],"picked":"Immolate","floor":16},{"not_picked":["Hemokinesis","Anger"],"picked":"Second Wind","floor":18},{"not_picked":["Body Slam","Shockwave"],"picked":"Hemokinesis","floor":18},{"not_picked":["Warcry","Havoc"],"picked":"Fire Breathing+1","floor":20},{"not_picked":["Perfected Strike","Evolve","Intimidate"],"picked":"SKIP","floor":20},{"not_picked":["Sever Soul+1","Hemokinesis+1"],"picked":"Power Through","floor":23},{"not_picked":["Havoc","Infernal Blade+1"],"picked":"Battle Trance","floor":25},{"not_picked":["Havoc","Perfected Strike","Flex+1"],"picked":"SKIP","floor":27},{"not_picked":["Carnage","True Grit","Dropkick+1"],"picked":"SKIP","floor":27},{"not_picked":["Body Slam","Metallicize"],"picked":"Battle Trance","floor":30},{"not_picked":["Thunderclap","Perfected Strike","Dropkick"],"picked":"SKIP","floor":30},{"not_picked":["Warcry","Clash"],"picked":"Power Through","floor":31},{"not_picked":["Clash+1","Anger+1","Rage+1"],"picked":"SKIP","floor":31},{"not_picked":["Fiend Fire","Barricade"],"picked":"Offering","floor":33},{"not_picked":["Metallicize+1","Whirlwind"],"picked":"True Grit+1","floor":35},{"not_picked":["Anger","Armaments","Pommel Strike+1"],"picked":"SKIP","floor":35},{"not_picked":["PanicButton","Purity"],"picked":"Violence","floor":36},{"not_picked":["Purity","Forethought"],"picked":"Good Instincts","floor":36},{"not_picked":["Impatience","Dark Shackles"],"picked":"Thinking Ahead","floor":36},{"not_picked":["True Grit+1","Clothesline+1"],"picked":"Second Wind+1","floor":37},{"not_picked":["Headbutt","Infernal Blade+1","Sword Boomerang+1"],"picked":"SKIP","floor":37},{"not_picked":["Sword Boomerang","Armaments","Blood for Blood"],"picked":"SKIP","floor":38},{"not_picked":["Rampage+1","Feel No Pain+1","Pommel Strike"],"picked":"SKIP","floor":38},{"not_picked":["Reckless Charge+1","Headbutt+1"],"picked":"Offering","floor":39},{"not_picked":["True Grit","Clothesline"],"picked":"Evolve","floor":39},{"not_picked":["Evolve","Rage","Twin Strike+1"],"picked":"SKIP","floor":41},{"not_picked":["Flex","Warcry","Pommel Strike"],"picked":"SKIP","floor":41},{"not_picked":["Havoc+1","Armaments+1","Sword Boomerang+1"],"picked":"SKIP","floor":42},{"not_picked":["Fiend Fire","Combust+1","Shrug It Off"],"picked":"SKIP","floor":42},{"not_picked":["Thunderclap+1","Cleave+1"],"picked":"Shockwave+1","floor":44},{"not_picked":["Cleave+1","Wild Strike+1","Anger+1"],"picked":"SKIP","floor":44},{"not_picked":["Anger+1","Fiend Fire","Clothesline+1"],"picked":"SKIP","floor":48},{"not_picked":["Burning Pact","Heavy Blade+1","Rage+1"],"picked":"SKIP","floor":48}],"player_experience":769652,"relics_obtained":[{"floor":7,"key":"Odd Mushroom"},{"floor":9,"key":"Bag of Preparation"},{"floor":12,"key":"Prayer Wheel"},{"floor":13,"key":"HornCleat"},{"floor":23,"key":"Ice Cream"},{"floor":25,"key":"Gambling Chip"},{"floor":26,"key":"Strawberry"},{"floor":34,"key":"MawBank"},{"floor":34,"key":"Meat on the Bone"},{"floor":34,"key":"CaptainsWheel"},{"floor":43,"key":"Bottled Lightning"}],"event_choices":[{"damage_healed":0,"gold_gain":0,"player_choice":"Success","damage_taken":3,"relics_obtained":["Orichalcum"],"max_hp_gain":0,"max_hp_loss":0,"event_name":"Scrap Ooze","floor":2,"gold_loss":0},{"cards_removed":["Strike_R"],"damage_healed":0,"gold_gain":0,"player_choice":"Card Removal","damage_taken":7,"max_hp_gain":0,"max_hp_loss":0,"event_name":"Golden Wing","floor":3,"gold_loss":0},{"damage_healed":0,"gold_gain":0,"player_choice":"Fought Mushrooms","damage_taken":0,"max_hp_gain":0,"max_hp_loss":0,"event_name":"Mushrooms","floor":7,"gold_loss":0},{"cards_removed":["Strike_R"],"damage_healed":0,"gold_gain":0,"player_choice":"Offered Basic","damage_taken":0,"max_hp_gain":0,"max_hp_loss":0,"event_name":"Bonfire Elementals","floor":19,"gold_loss":0},{"damage_healed":0,"gold_gain":0,"player_choice":"Read","damage_taken":0,"max_hp_gain":0,"max_hp_loss":0,"event_name":"The Library","floor":21,"gold_loss":0,"cards_obtained":["Wild Strike"]},{"damage_healed":0,"gold_gain":0,"player_choice":"Memory 3","damage_taken":10,"max_hp_gain":0,"max_hp_loss":0,"event_name":"SensoryStone","floor":36,"gold_loss":0},{"damage_healed":0,"gold_gain":0,"player_choice":"Max HP","damage_taken":0,"max_hp_gain":0,"max_hp_loss":4,"event_name":"Winding Halls","floor":46,"gold_loss":0},{"damage_healed":0,"gold_gain":0,"player_choice":"Upgrade","damage_taken":0,"relics_obtained":["Mark of the Bloom"],"max_hp_gain":0,"max_hp_loss":0,"event_name":"MindBloom","floor":47,"gold_loss":0,"cards_upgraded":["Strike_R","Defend_R","Defend_R","Defend_R","Defend_R","Brutality","Evolve","Headbutt","Bludgeon","Immolate","Second Wind","Hemokinesis","Wild Strike","Fire Breathing","Power Through","Battle Trance","Battle Trance","Power Through","Offering","Violence","Good Instincts","Thinking Ahead","Offering","Evolve"]}],"is_beta":false,"boss_relics":[{"not_picked":["Black Star","Philosopher\u0027s Stone"],"picked":"Fusion Hammer"},{"not_picked":["Runic Dome","Runic Cube"],"picked":"Calling Bell"}],"items_purged_floors":[29,45],"is_endless":false,"potions_floor_spawned":[1,4,16,20,25,30,33,38,39,42,48],"ascension_level":4}}