{"host":"Dean","time":1608044345,"event":{"mods":["2.2 Compatiblity","AchievementEnabler","BaseMod","Block Reminder","Colored Map","Colored Powertips","Downfall","Minty Spire (QoL Compilation)","Permanent Neow","Quick Restart","Relic Stats","Replay The Spire","StSLib"],"gold_per_floor":[99,99,24,37,62,62,114,114,145,145,155,155,167,122,136,236,236,236,263,276,276,287,314,314,314,341,191,179,191,191,191,202,303,303,303,24,24,57,57,107,107,107,142,177,177,197,215,24,39,39,39,68,22,22,22],"floor_reached":56,"playtime":3686,"items_purged":["champ:Strike","champ:Strike","champ:Strike","champ:Strike"],"score":1815,"play_id":"e0b89cc4-ea44-47d5-8bcd-2127324b91e3","local_time":"20201215095905","is_ascension_mode":true,"campfire_choices":[{"floor":1,"key":"RECALL"},{"data":"champ:Execute","floor":3,"key":"SMITH"},{"data":"champ:Encircle","floor":10,"key":"SMITH"},{"data":"champ:Taunt","floor":18,"key":"SMITH"},{"data":"champ:FaceSlap","floor":21,"key":"SMITH"},{"data":"champ:RecklessLeap","floor":25,"key":"SMITH"},{"data":"champ:IronFortress","floor":27,"key":"SMITH"},{"data":"champ:Control","floor":35,"key":"SMITH"},{"data":"champ:BerserkersShout","floor":37,"key":"SMITH"},{"data":"champ:BringItOn","floor":39,"key":"SMITH"},{"data":"champ:Defend","floor":42,"key":"SMITH"},{"data":"champ:Defend","floor":54,"key":"SMITH"}],"circlet_count":0,"master_deck":["champ:Defend","champ:Defend","champ:Defend+1","champ:Defend+1","champ:Execute+1","champ:Taunt+1","champ:Encircle+1","champ:BerserkerStyle+1","champ:StanceDance+1","champ:FaceSlap+1","champ:BringItOn+1","champ:SteelEdge+1","champ:IronFortress+1","champ:SwordThrow+1","champ:BerserkerStyle+1","champ:Duel+1","champ:BerserkersShout+1","champ:HoldFirm+1","CurseOfTheBell","champ:RecklessLeap+1","champ:Lariat+1","champ:HoldFirm+1","champ:EndlessRage+1","champ:ArenaPreparation+1","champ:ArenaPreparation+1","champ:AdrenalArmor+1","champ:CrookedStrike+1","expansioncontent:GuardianWhirl+1","champ:Control+1","champ:HeavySlash+1","champ:StanceDance+1","champ:StanceDance+1","champ:AdrenalArmor+1","champ:Lariat+1","champ:HoldFirm+1","champ:DancingMaster+1","champ:SteelEdge+1","champ:EndlessRage+1","champ:AdrenalArmor+1"],"relics":["champ:ChampionCrown","downfall:HeartsMalice","downfall:ShatteredFragment","downfall:HeartBlessingRed","Membership Card","Golden Egg","Replay:Wax Seal","champ:LiftRelic","Orichalcum","Kunai","Blue Doll","Torii","Calling Bell","Ancient Tea Set","ReplayTheSpireMod:Shallot","Counterbalance","Sozu","WingedGreaves","Onion Ring","White Beast Statue","Sundial","ReplayFunnel","downfall:HeartBlessingGreen","downfall:HeartBlessingBlue","BargainBundle","Lantern","Unceasing Top","champ:ChampionCrownUpgraded","Mummified Hand","HandDrill","ReplayTheSpireMod:Ninjato","Du-Vu Doll","Letter Opener","Replay:Bottled Flurry","ReplayTheSpireMod:Lightbulb","Ornamental Fan","Chemical X","Bottled Tornado"],"acts_visited":["Exordium","TheCity","TheBeyond","TheEnding"],"potions_floor_usage":[55],"damage_taken":[{"damage":0,"enemies":"downfall:FleeingMerchant","floor":4,"turns":1},{"damage":0,"enemies":"3 Sentries","floor":5,"turns":1},{"damage":0,"enemies":"Small Slimes","floor":8,"turns":1},{"damage":8,"enemies":"Replay:BlueRogue","floor":9,"turns":3},{"damage":5,"enemies":"Jaw Worm","floor":11,"turns":2},{"damage":5,"enemies":"2 Louse","floor":13,"turns":2},{"damage":20,"enemies":"downfall:FleeingMerchant","floor":14,"turns":4},{"damage":4,"enemies":"2 Fungi Beasts","floor":15,"turns":2},{"damage":29,"enemies":"downfall:Defect","floor":16,"turns":4},{"damage":17,"enemies":"Replay:Snechameleon","floor":19,"turns":2},{"damage":24,"enemies":"Chosen","floor":20,"turns":2},{"damage":39,"enemies":"3 Byrds","floor":22,"turns":3},{"damage":8,"enemies":"Book of Stabbing","floor":23,"turns":3},{"damage":10,"enemies":"Replay:Snechameleon","floor":26,"turns":3},{"damage":24,"enemies":"downfall:FleeingMerchant","floor":28,"turns":3},{"damage":33,"enemies":"Snake Plant","floor":29,"turns":2},{"damage":40,"enemies":"Centurion and Healer","floor":32,"turns":3},{"damage":68,"enemies":"downfall:Ironclad","floor":33,"turns":4},{"damage":82,"enemies":"R_Hoarder","floor":38,"turns":4},{"damage":56,"enemies":"Mind Bloom Boss Battle","floor":40,"turns":3},{"damage":56,"enemies":"Reptomancer","floor":43,"turns":2},{"damage":59,"enemies":"R_Hoarder","floor":44,"turns":2},{"damage":21,"enemies":"3 Darklings","floor":46,"turns":2},{"damage":10,"enemies":"Orb Walker","floor":47,"turns":2},{"damage":39,"enemies":"Writhing Mass","floor":49,"turns":2},{"damage":59,"enemies":"downfall:Silent","floor":50,"turns":2},{"damage":24,"enemies":"downfall:CharBossMerchant","floor":52,"turns":2},{"damage":180,"enemies":"downfall:NeowBoss","floor":55,"turns":9}],"seed_played":"-3120069225910194669","potions_obtained":[{"floor":5,"key":"Cursed Concoction"},{"floor":9,"key":"Energy Potion"},{"floor":13,"key":"LifebloodPotion"},{"floor":15,"key":"Block Potion"}],"is_trial":false,"path_per_floor":["R","?","R","$","E","?","T","M","E","R","M","T","M","$","M","B",null,"R","E","M","R","M","E","T","R","E","R","$","M","?","?","M","B",null,"R","?","R","E","R","?","T","R","E","E","?","M","M","$","M","B",null,"E","$","R","B",null],"character_chosen":"THE_CHAMP","items_purchased":["champ:BerserkerStyle+1","champ:StanceDance","champ:BerserkerStyle","Blue Doll","champ:Duel","Torii","BargainBundle","champ:ArenaPreparation","Lantern","Unceasing Top","champ:AdrenalArmor","champ:CrookedStrike","expansioncontent:GuardianWhirl","Mummified Hand","HandDrill","champ:StanceDance","Chemical X","champ:HoldFirm","champ:DancingMaster","champ:EndlessRage+1","champ:AdrenalArmor"],"campfire_rested":0,"item_purchase_floors":[4,4,14,14,14,14,28,28,28,28,28,28,28,36,36,36,48,48,48,53,53],"current_hp_per_floor":[90,63,63,63,63,63,63,63,63,63,63,63,63,63,63,59,90,90,90,89,89,88,88,88,88,88,98,97,100,100,100,100,100,100,100,100,100,92,92,100,100,100,100,100,100,100,100,100,100,97,100,100,100,100,100],"gold":22,"neow_bonus":"THREE_ENEMY_KILL","is_daily":false,"chose_seed":false,"campfire_upgraded":11,"win_rate":0.0,"timestamp":1608044345,"path_taken":["R","?","R","$","E","?","T","M","E","R","M","?","M","$","M","BOSS","R","E","M","R","M","E","T","R","E","R","$","M","?","?","M","BOSS","R","?","R","E","R","?","T","R","E","E","?","?","M","$","M","BOSS","E","$","R","BOSS"],"items_purchased_type":["Card","Card","Card","Relic","Card","Relic","Relic","Card","Relic","Relic","Card","Card","Card","Relic","Relic","Card","Relic","Card","Card","Card","Card"],"build_version":"2020-12-07","purchased_purges":4,"victory":true,"max_hp_per_floor":[90,90,90,90,90,90,90,90,90,90,90,90,90,90,90,90,90,90,90,90,90,90,90,90,90,90,100,100,100,100,100,100,100,100,100,100,100,100,100,100,100,100,100,100,100,100,100,100,100,100,100,100,100,100,100],"relic_stats":{"Torii":2,"counters":[28,72],"Letter Opener":[72],"Orichalcum":[48],"Sozu":13,"Sundial":[0],"Mummified Hand":[46],"Ornamental Fan":[36],"HandDrill":[16],"Kunai":[36],"Chemical X":[11],"obtain_stats":[{"ReplayFunnel":26,"Golden Egg":4,"Lantern":28,"Torii":14,"champ:ChampionCrown":0,"Blue Doll":14,"downfall:HeartBlessingGreen":27,"Bottled Tornado":52,"Ancient Tea Set":17,"Sozu":17,"Sundial":24,"downfall:HeartBlessingBlue":27,"Mummified Hand":36,"WingedGreaves":17,"HandDrill":36,"Replay:Bottled Flurry":43,"Kunai":12,"Chemical X":48,"Replay:Wax Seal":5,"BargainBundle":28,"downfall:ShatteredFragment":2,"ReplayTheSpireMod:Ninjato":38,"downfall:HeartBlessingRed":3,"Counterbalance":17,"Circlet":4,"downfall:HeartsMalice":0,"champ:ChampionCrownUpgraded":34,"Letter Opener":41,"Orichalcum":9,"White Beast Statue":23,"Calling Bell":17,"Du-Vu Doll":40,"ReplayTheSpireMod:Shallot":17,"Ornamental Fan":45,"champ:LiftRelic":6,"Onion Ring":19,"Membership Card":4,"ReplayTheSpireMod:Lightbulb":44,"Unceasing Top":28},{"ReplayFunnel":14,"Golden Egg":1,"Lantern":15,"Torii":7,"champ:ChampionCrown":0,"Blue Doll":7,"downfall:HeartBlessingGreen":14,"Bottled Tornado":27,"Ancient Tea Set":9,"Sozu":9,"Sundial":13,"downfall:HeartBlessingBlue":14,"Mummified Hand":18,"WingedGreaves":9,"HandDrill":18,"Replay:Bottled Flurry":21,"Kunai":5,"Chemical X":24,"Replay:Wax Seal":2,"BargainBundle":15,"downfall:ShatteredFragment":0,"ReplayTheSpireMod:Ninjato":19,"downfall:HeartBlessingRed":0,"Counterbalance":9,"Circlet":1,"downfall:HeartsMalice":0,"champ:ChampionCrownUpgraded":18,"Letter Opener":20,"Orichalcum":4,"White Beast Statue":13,"Calling Bell":9,"Du-Vu Doll":20,"ReplayTheSpireMod:Shallot":9,"Ornamental Fan":22,"champ:LiftRelic":2,"Onion Ring":10,"Membership Card":1,"ReplayTheSpireMod:Lightbulb":22,"Unceasing Top":15},{"ReplayFunnel":30,"Golden Egg":0,"Lantern":33,"Torii":11,"champ:ChampionCrown":0,"Blue Doll":11,"downfall:HeartBlessingGreen":30,"Bottled Tornado":63,"Ancient Tea Set":17,"Sozu":17,"Sundial":27,"downfall:HeartBlessingBlue":30,"Mummified Hand":42,"WingedGreaves":17,"HandDrill":42,"Replay:Bottled Flurry":51,"Kunai":5,"Chemical X":57,"Replay:Wax Seal":0,"BargainBundle":33,"downfall:ShatteredFragment":0,"ReplayTheSpireMod:Ninjato":46,"downfall:HeartBlessingRed":0,"Counterbalance":17,"Circlet":0,"downfall:HeartsMalice":0,"champ:ChampionCrownUpgraded":42,"Letter Opener":49,"Orichalcum":3,"White Beast Statue":27,"Calling Bell":17,"Du-Vu Doll":49,"ReplayTheSpireMod:Shallot":17,"Ornamental Fan":53,"champ:LiftRelic":0,"Onion Ring":19,"Membership Card":0,"ReplayTheSpireMod:Lightbulb":53,"Unceasing Top":33}],"Unceasing Top":[6]},"card_choices":[{"not_picked":["champ:RapidStrikes","champ:BladeFlurry"],"picked":"champ:Encircle","floor":4},{"not_picked":["champ:FlashCut","champ:CalledShot"],"picked":"champ:FaceSlap","floor":5},{"not_picked":["champ:BladeFlurry","champ:BerserkersShout","champ:TornadoPunch"],"picked":"SKIP","floor":8},{"not_picked":["champ:FanOfKnives","champ:EnGarde"],"picked":"champ:BringItOn","floor":9},{"not_picked":["champ:RageSigil","champ:ShieldWall"],"picked":"champ:SteelEdge","floor":11},{"not_picked":["champ:StanceDance","champ:GladiatorsShout"],"picked":"champ:IronFortress","floor":13},{"not_picked":["champ:RageSigil","champ:CrookedStrike"],"picked":"champ:SwordThrow","floor":14},{"not_picked":["champ:Backstep","champ:GladiatorsShout"],"picked":"champ:BerserkersShout","floor":15},{"not_picked":["champ:IgnorePain","champ:CheapShot"],"picked":"champ:HoldFirm","floor":16},{"not_picked":["champ:DefensiveShout","champ:Duel"],"picked":"champ:RecklessLeap","floor":19},{"not_picked":["champ:FightOn","champ:Backstep","champ:BringItOn"],"picked":"SKIP","floor":20},{"not_picked":["champ:BringItOn","champ:BerserkersShout"],"picked":"champ:Lariat+1","floor":22},{"not_picked":["champ:Haymaker","champ:FanOfKnives+1"],"picked":"champ:HoldFirm","floor":23},{"not_picked":["champ:BladeFlurry+1","champ:CrookedStrike","champ:BringItOn"],"picked":"SKIP","floor":26},{"not_picked":["champ:DefensiveStyle","champ:Lariat"],"picked":"champ:EndlessRage+1","floor":28},{"not_picked":["champ:BladeFlurry+1","champ:FightOn"],"picked":"champ:Control","floor":29},{"not_picked":["champ:HeartStrike","champ:FocusedDefense","champ:Encircle"],"picked":"SKIP","floor":32},{"not_picked":["champ:IgnorePain","champ:PerfectForm"],"picked":"champ:HeavySlash","floor":33},{"not_picked":["champ:FanOfKnives","champ:ViciousMockery+1","champ:ShieldThrow"],"picked":"SKIP","floor":38},{"not_picked":["champ:FocusedGladiator","champ:BerserkersShout"],"picked":"champ:AdrenalArmor+1","floor":40},{"not_picked":["champ:Circumvent","champ:ViciousMockery+1"],"picked":"champ:Lariat+1","floor":43},{"not_picked":["champ:BerserkerStyle","champ:FanOfKnives+1","champ:RapidStrikes"],"picked":"SKIP","floor":44},{"not_picked":["champ:BladeFlurry+1","champ:FlashCut","champ:BringItOn+1"],"picked":"SKIP","floor":46},{"not_picked":["champ:ShieldWall","champ:Backstep","champ:BladeFlurry+1"],"picked":"SKIP","floor":47},{"not_picked":["champ:StanceDance","champ:TornadoPunch","champ:BerserkerStyle+1"],"picked":"SKIP","floor":49},{"not_picked":["champ:Riposte","champ:RecklessLeap+1"],"picked":"champ:SteelEdge","floor":52}],"player_experience":990929,"relics_obtained":[{"floor":5,"key":"Replay:Wax Seal"},{"floor":9,"key":"Orichalcum"},{"floor":12,"key":"Kunai"},{"floor":17,"key":"Ancient Tea Set"},{"floor":17,"key":"ReplayTheSpireMod:Shallot"},{"floor":17,"key":"Counterbalance"},{"floor":19,"key":"Onion Ring"},{"floor":23,"key":"White Beast Statue"},{"floor":24,"key":"Sundial"},{"floor":26,"key":"ReplayFunnel"},{"floor":38,"key":"ReplayTheSpireMod:Ninjato"},{"floor":40,"key":"Du-Vu Doll"},{"floor":41,"key":"Letter Opener"},{"floor":43,"key":"Replay:Bottled Flurry"},{"floor":44,"key":"ReplayTheSpireMod:Lightbulb"},{"floor":45,"key":"Ornamental Fan"},{"floor":52,"key":"Bottled Tornado"}],"event_choices":[{"damage_healed":0,"gold_gain":0,"player_choice":"Relic","damage_taken":0,"max_hp_gain":0,"max_hp_loss":0,"event_name":"Wheel of Change","floor":45,"gold_loss":0}],"is_beta":true,"boss_relics":[{"not_picked":["Pandora\u0027s Box","Replay:Drink Me"],"picked":"Calling Bell"},{"not_picked":["Abe\u0027s Treasure","SlaversCollar"],"picked":"champ:ChampionCrownUpgraded"}],"items_purged_floors":[4,14,28,36],"is_endless":false,"potions_floor_spawned":[5,9,13,15,19,23,26,28,29,32,33,38,40,43,44,46,47,49,52],"ascension_level":1}}