{"host":"rxpu8tqu58sn7qk5","time":1608007516,"event":{"mods":["BaseMod","Colored Map","Colored Powertips","Downfall","Hubris","Minty Spire (QoL Compilation)","Replay The Spire","StSLib"],"gold_per_floor":[99,99,99,24,76,76,150,150,150,75,89,101,101,101,118,223,223,223,223,223,223,251,274,350,350,366,366,366,388,388,142,164,272,272,272,290,290,27,27,45,45,69,86,86,86,86,114,127,144,144],"floor_reached":51,"playtime":3108,"items_purged":["Hallucinations","Hallucinations"],"score":660,"play_id":"3524018a-a335-4bb9-b468-2b5cd6e85ea9","local_time":"20201214234516","is_ascension_mode":false,"campfire_choices":[{"floor":1,"key":"RECALL"},{"data":"hexamod:Firestarter","floor":4,"key":"SMITH"},{"data":"hexamod:ThermalTransfer","floor":10,"key":"SMITH"},{"data":"hexamod:RainOfEmbers","floor":18,"key":"SMITH"},{"data":"hexamod:RainOfEmbers","floor":20,"key":"SMITH"},{"data":"hexamod:RainOfEmbers","floor":25,"key":"SMITH"},{"data":"hexamod:HeatShield","floor":27,"key":"SMITH"},{"floor":35,"key":"DIG"},{"data":"ReplayUltimateDefense","floor":39,"key":"SMITH"},{"floor":44,"key":"REST"}],"circlet_count":0,"master_deck":["hexamod:Strike","hexamod:Strike+1","hexamod:Strike+1","hexamod:Strike+1","hexamod:Defend+1","hexamod:Defend+1","hexamod:Defend","hexamod:Defend+1","hexamod:Sear+1","hexamod:Float+1","hexamod:ThermalTransfer+1","hexamod:Firestarter+1","hexamod:Hexaguard+1","hexamod:RainOfEmbers+1","hexamod:RainOfEmbers+1","hexamod:RainOfEmbers+1","hexamod:SixthSeal","hexamod:SecondSeal","hexamod:AdvancingGuard+1","hexamod:HeatShield+1","hexamod:FirstSeal","ReplayUltimateDefense+1","hexamod:RainOfEmbers+1","hexamod:SearingWound+1","hexamod:ThermalTransfer+1","expansioncontent:DarkVoid+1","hexamod:FourthSeal","hexamod:Incineration+1","hexamod:RainOfEmbers","hexamod:PhantomFireball+1","hexamod:ThirdSeal","hexamod:ExtraCrispy+1","hexamod:RainOfEmbers+1","hexamod:RadiantFlame"],"relics":["hexamod:SpiritBrand","downfall:HeartsMalice","downfall:HeartBlessingRed","Letter Opener","downfall:HeartBlessingBlue","hubris:Icosahedron","hubris:ToyBattleship","Replay:Ancient Bell","hexamod:MatchstickCase","hubris:SphereOfDissonance","hubris:MedicalManual","Onion Ring","SlaversCollar","Quantum Egg","Torii"],"acts_visited":["Exordium","TheCity","TheBeyond"],"potions_floor_usage":[16,16,22,40,42,43,48,49,50,50],"damage_taken":[{"damage":0,"enemies":"Cultist","floor":2,"turns":1},{"damage":0,"enemies":"2 Louse","floor":3,"turns":1},{"damage":0,"enemies":"Jaw Worm","floor":8,"turns":1},{"damage":0,"enemies":"Large Slime","floor":11,"turns":3},{"damage":8,"enemies":"2 Fungi Beasts","floor":12,"turns":3},{"damage":2,"enemies":"Large Slime","floor":15,"turns":6},{"damage":50,"enemies":"downfall:Ironclad","floor":16,"turns":6},{"damage":11,"enemies":"Shell Parasite","floor":22,"turns":5},{"damage":0,"enemies":"Centurion and Healer","floor":23,"turns":5},{"damage":1,"enemies":"Cultist and Chosen","floor":26,"turns":5},{"damage":0,"enemies":"Shelled Parasite and Fungi","floor":29,"turns":3},{"damage":0,"enemies":"downfall:FleeingMerchant","floor":31,"turns":4},{"damage":21,"enemies":"Snake Plant","floor":32,"turns":3},{"damage":38,"enemies":"downfall:Watcher","floor":33,"turns":9},{"damage":5,"enemies":"3 Shapes","floor":36,"turns":6},{"damage":10,"enemies":"downfall:FleeingMerchant","floor":38,"turns":4},{"damage":0,"enemies":"Orb Walker","floor":40,"turns":3},{"damage":64,"enemies":"Maw","floor":42,"turns":9},{"damage":4,"enemies":"Sphere and 2 Shapes","floor":43,"turns":4},{"damage":0,"enemies":"4 Shapes","floor":47,"turns":7},{"damage":15,"enemies":"Jaw Worm Horde","floor":48,"turns":3},{"damage":16,"enemies":"Spire Growth","floor":49,"turns":5},{"damage":6,"enemies":"downfall:Silent","floor":50,"turns":4}],"seed_played":"-9083721742935513869","potions_obtained":[{"floor":12,"key":"DuplicationPotion"},{"floor":15,"key":"Energy Potion"},{"floor":16,"key":"Languid Potion"},{"floor":22,"key":"Cursed Concoction"},{"floor":29,"key":"champ:CounterPotion"},{"floor":30,"key":"CultistPotion"},{"floor":40,"key":"SpeedPotion"},{"floor":42,"key":"champ:CounterPotion"},{"floor":47,"key":"Explosive Potion"},{"floor":48,"key":"Block Potion"},{"floor":49,"key":"hexamod:InfernoChargePotion"}],"is_trial":false,"path_per_floor":["R_BF","M","M","R","T","?","T","M","?","R","M","M","?","T","M","B",null,"R","?","R","?","M","M","T","R","M","R","?","M","?","$","M","B",null,"R_BF","M","?","$","R","M","T","M","M","R","?","?","M","M","M","B",null],"character_chosen":"THE_SPIRIT","items_purchased":["ReplayUltimateDefense","hexamod:FourthSeal","hexamod:Incineration"],"campfire_rested":1,"item_purchase_floors":[31,38,38],"current_hp_per_floor":[70,70,70,70,70,70,70,70,70,80,80,72,72,72,70,20,80,80,80,80,80,69,69,69,69,68,68,68,68,68,68,54,16,80,80,80,80,77,77,77,77,20,16,40,40,40,47,32,23,17],"gold":144,"neow_bonus":"THREE_ENEMY_KILL","is_daily":false,"chose_seed":false,"campfire_upgraded":7,"win_rate":0.0,"timestamp":1608007516,"path_taken":["R_BF","M","M","R","?","?","T","M","?","R","?","M","?","?","M","BOSS","R","?","R","?","M","M","T","R","M","R","?","M","?","?","M","BOSS","R_BF","M","?","$","R","M","T","M","M","R","?","?","M","M","M","BOSS"],"items_purchased_type":["Card","Card","Card"],"build_version":"2020-12-13","purchased_purges":2,"victory":true,"max_hp_per_floor":[70,70,70,70,70,70,70,70,70,80,80,80,80,80,80,80,80,80,80,80,80,80,80,80,80,80,80,80,80,80,80,80,80,80,80,80,80,80,80,80,80,80,80,80,80,80,80,80,80,80],"card_choices":[{"not_picked":["hexamod:Again","hexamod:Haunt"],"picked":"hexamod:ThermalTransfer","floor":2},{"not_picked":["hexamod:GhostShield","hexamod:HauntingEcho"],"picked":"hexamod:Firestarter","floor":3},{"not_picked":["hexamod:GhostLash","hexamod:SwordOfDarkness"],"picked":"hexamod:Hexaguard","floor":8},{"not_picked":["hexamod:BurningTouch","hexamod:ShieldOfDarkness"],"picked":"hexamod:RainOfEmbers","floor":11},{"not_picked":["hexamod:Again","hexamod:DynamicBlow"],"picked":"hexamod:RainOfEmbers","floor":12},{"not_picked":["hexamod:CatchUp","hexamod:Firestarter"],"picked":"hexamod:RainOfEmbers","floor":15},{"not_picked":["hexamod:SearingWound","hexamod:VolcanoVisage"],"picked":"hexamod:SixthSeal","floor":16},{"not_picked":["Hallucinations","Shame"],"picked":"Injury","floor":17},{"not_picked":["hubris:Lust","Replay:Hysterical Blindness"],"picked":"Hallucinations","floor":17},{"not_picked":["Delirium","Spreading Infection"],"picked":"Hallucinations","floor":17},{"not_picked":["hexamod:GhostLash","hexamod:RetreatToShadows"],"picked":"hexamod:AdvancingGuard","floor":22},{"not_picked":["hexamod:EtherealExpedition","hexamod:AdvancingGuard"],"picked":"hexamod:Firestarter+1","floor":23},{"not_picked":["hexamod:BacktrackSmack","hexamod:GhostShield"],"picked":"hexamod:HeatShield","floor":26},{"not_picked":["hexamod:ThermalTransfer","hexamod:GhostflameInferno"],"picked":"hexamod:FirstSeal","floor":29},{"not_picked":["hexamod:SuperheatedStrike","hexamod:SpectersWail","hexamod:NightmareGuise+1"],"picked":"SKIP","floor":31},{"not_picked":["hexamod:ExtraCrispy","hexamod:SpectersWail"],"picked":"hexamod:RainOfEmbers+1","floor":32},{"not_picked":["hexamod:GiftsFromTheDead","hexamod:UnleashSpirits"],"picked":"hexamod:SearingWound","floor":33},{"not_picked":["hexamod:Again+1","hexamod:GhostLash"],"picked":"hexamod:ThermalTransfer","floor":36},{"not_picked":["expansioncontent:Collect","expansioncontent:DefensiveMode"],"picked":"expansioncontent:DarkVoid","floor":37},{"not_picked":["hexamod:GhostLash","hexamod:StepThrough","hexamod:GhostShield"],"picked":"SKIP","floor":38},{"not_picked":["hexamod:ShieldOfDarkness","hexamod:NightmareStrike+1","hexamod:NightmareGuise+1"],"picked":"SKIP","floor":40},{"not_picked":["hexamod:NightmareGuise","hexamod:StepThrough+1"],"picked":"hexamod:RainOfEmbers","floor":42},{"not_picked":["hexamod:AdvancingGuard+1","hexamod:InspiringFlames+1"],"picked":"hexamod:PhantomFireball+1","floor":43},{"not_picked":["hexamod:ShieldOfDarkness+1","hexamod:FastForward+1"],"picked":"hexamod:ExtraCrispy+1","floor":47},{"not_picked":["hexamod:Haunt+1","hexamod:FastForward"],"picked":"hexamod:RainOfEmbers+1","floor":48},{"not_picked":["hexamod:GhostShield+1","hexamod:PowerFromBeyond"],"picked":"hexamod:RadiantFlame","floor":49},{"not_picked":["hexamod:GhostShield+1","hexamod:FirstSeal","hexamod:CrushingStance"],"picked":"SKIP","floor":49}],"player_experience":102865,"relics_obtained":[{"floor":7,"key":"Letter Opener"},{"floor":14,"key":"hubris:ToyBattleship"},{"floor":24,"key":"Onion Ring"},{"floor":35,"key":"Quantum Egg"},{"floor":41,"key":"Torii"}],"event_choices":[{"damage_healed":0,"gold_gain":0,"player_choice":"Full Heal","damage_taken":0,"max_hp_gain":0,"max_hp_loss":0,"event_name":"Wheel of Change","floor":9,"gold_loss":0},{"cards_removed":["Injury"],"damage_healed":0,"gold_gain":0,"player_choice":"Elegance","damage_taken":0,"max_hp_gain":0,"max_hp_loss":0,"event_name":"Back to Basics","floor":19,"gold_loss":0},{"damage_healed":0,"gold_gain":0,"player_choice":"Read","damage_taken":0,"max_hp_gain":0,"max_hp_loss":0,"event_name":"The Library","floor":21,"gold_loss":0,"cards_obtained":["hexamod:SecondSeal"]},{"damage_healed":0,"gold_gain":0,"player_choice":"Ignored","damage_taken":0,"max_hp_gain":0,"max_hp_loss":0,"event_name":"Mysterious Sphere","floor":45,"gold_loss":0}],"is_beta":false,"boss_relics":[{"not_picked":["Coffee Dripper","ChewingGum"],"picked":"Replay:Ancient Bell"},{"not_picked":["Vajra","Bronze Scales"],"picked":"hexamod:MatchstickCase"},{"not_picked":["Replay:Accelerometer","Snack Pack"],"picked":"hubris:SphereOfDissonance"},{"not_picked":["Gambling Chip","Bird Faced Urn"],"picked":"hubris:MedicalManual"},{"not_picked":["hubris:RunicObelisk","Replay:Grab Bag"],"picked":"SlaversCollar"}],"items_purged_floors":[31,38],"is_endless":false,"potions_floor_spawned":[12,15,16,22,29,33,40,42,47,48],"ascension_level":0}}