{"host":"usewcu4ohw2wtmxk","time":1608065790,"event":{"mods":["AchievementEnabler","BaseMod","BetterRewards","Colored Powertips","Minty Spire (QoL Compilation)","Permanent Neow","Quick Restart","Relic Sorter","Relic Stats","Shop Mod","StSLib"],"gold_per_floor":[20,31,31,47,63,101,101,120,120,120,144,157,190,205,205,298,298,318,79,97,97,147,185,206,206,231,264,288,319,141,161,161,256,256,274,297,297,297,318,357,357,380,380,255,271,271,302,316,316,316,316,316],"floor_reached":51,"playtime":1670,"items_purged":["Defend_P","Defend_P","Strike_P"],"score":1866,"play_id":"e3381896-5675-408a-bfcb-4f251495f439","local_time":"20201216045630","is_ascension_mode":true,"campfire_choices":[{"data":"Eruption","floor":7.0,"key":"SMITH"},{"data":"Ragnarok","floor":10.0,"key":"SMITH"},{"data":"Vault","floor":15.0,"key":"SMITH"},{"floor":25.0,"key":"REST"},{"data":"BowlingBash","floor":32.0,"key":"SMITH"},{"floor":41.0,"key":"RECALL"},{"data":"CutThroughFate","floor":46.0,"key":"SMITH"},{"data":"SpiritShield","floor":49,"key":"SMITH"}],"circlet_count":0,"master_deck":["AscendersBane","Strike_P","Strike_P+1","Strike_P+1","Defend_P","Defend_P","Eruption+1","Vigilance","Ragnarok+1","InnerPeace","CutThroughFate+1","BowlingBash+1","Vault+1","Tantrum+1","EmptyFist+1","FlurryOfBlows+1","WheelKick+1","Scrawl","Wallop+1","Adaptation","Wallop+1","SpiritShield+1"],"relics":["PureWater","Golden Idol","Molten Egg 2","White Beast Statue","Snecko Eye","TheAbacus","Nilry\u0027s Codex","Vajra","Bag of Marbles","Potion Belt","Runic Dome","Art of War","Eternal Feather","Whetstone"],"acts_visited":["Exordium","TheCity","TheBeyond"],"potions_floor_usage":[],"damage_taken":[{"damage":8.0,"enemies":"Small Slimes","floor":1.0,"turns":3.0},{"damage":0.0,"enemies":"2 Louse","floor":2.0,"turns":2.0},{"damage":0.0,"enemies":"Cultist","floor":4.0,"turns":2.0},{"damage":3.0,"enemies":"3 Louse","floor":5.0,"turns":4.0},{"damage":0.0,"enemies":"Lagavulin","floor":6.0,"turns":2.0},{"damage":7.0,"enemies":"Looter","floor":8.0,"turns":5.0},{"damage":4.0,"enemies":"Red Slaver","floor":11.0,"turns":3.0},{"damage":0.0,"enemies":"Blue Slaver","floor":12.0,"turns":3.0},{"damage":0.0,"enemies":"Gremlin Nob","floor":13.0,"turns":3.0},{"damage":0.0,"enemies":"3 Louse","floor":14.0,"turns":1.0},{"damage":0.0,"enemies":"Slime Boss","floor":16.0,"turns":4.0},{"damage":17.0,"enemies":"2 Thieves","floor":18.0,"turns":4.0},{"damage":0.0,"enemies":"Spheric Guardian","floor":20.0,"turns":2.0},{"damage":0.0,"enemies":"Book of Stabbing","floor":23.0,"turns":1.0},{"damage":0.0,"enemies":"Snake Plant","floor":24.0,"turns":2.0},{"damage":0.0,"enemies":"Gremlin Leader","floor":27.0,"turns":3.0},{"damage":0.0,"enemies":"Sentry and Sphere","floor":28.0,"turns":3.0},{"damage":9.0,"enemies":"Book of Stabbing","floor":29.0,"turns":3.0},{"damage":0.0,"enemies":"Chosen and Byrds","floor":31.0,"turns":2.0},{"damage":8.0,"enemies":"Automaton","floor":33.0,"turns":4.0},{"damage":0.0,"enemies":"Orb Walker","floor":35.0,"turns":1.0},{"damage":0.0,"enemies":"3 Shapes","floor":36.0,"turns":2.0},{"damage":4.0,"enemies":"Writhing Mass","floor":39.0,"turns":3.0},{"damage":0.0,"enemies":"Nemesis","floor":40.0,"turns":1.0},{"damage":32.0,"enemies":"4 Shapes","floor":42.0,"turns":1.0},{"damage":0.0,"enemies":"3 Darklings","floor":45.0,"turns":2.0},{"damage":0.0,"enemies":"Reptomancer","floor":47.0,"turns":3.0},{"damage":4,"enemies":"Transient","floor":48,"turns":7},{"damage":40,"enemies":"Time Eater","floor":50,"turns":8},{"damage":21,"enemies":"Awakened One","floor":51,"turns":6}],"seed_played":"-4685096431977598027","potions_obtained":[{"floor":1.0,"key":"Block Potion"},{"floor":2.0,"key":"Dexterity Potion"},{"floor":5.0,"key":"SkillPotion"},{"floor":8.0,"key":"LiquidMemories"},{"floor":14.0,"key":"BottledMiracle"},{"floor":18.0,"key":"SkillPotion"},{"floor":23.0,"key":"Block Potion"},{"floor":27.0,"key":"Swift Potion"},{"floor":29.0,"key":"DuplicationPotion"},{"floor":31.0,"key":"SkillPotion"},{"floor":33.0,"key":"Energy Potion"},{"floor":39.0,"key":"Block Potion"},{"floor":40.0,"key":"Block Potion"},{"floor":45.0,"key":"GamblersBrew"},{"floor":48,"key":"StancePotion"}],"is_trial":false,"path_per_floor":["M","M","?","M","M","E","R","M","T","R","M","M","E","M","R","B",null,"M","$","M","?","?","E","M","R","T","E","M","E","$","M","R","B",null,"M","M","?","?","M","E","R","M","T","$","M","R","E","M","R","B","B"],"character_chosen":"WATCHER","items_purchased":["TheAbacus","Wallop+1"],"campfire_rested":1,"item_purchase_floors":[19,30],"current_hp_per_floor":[53,53,53,53,50,50,50,43,43,43,39,39,39,39,39,39,56,39,39,39,18,18,18,18,36,36,36,36,27,27,27,27,19,51,51,51,51,72,68,68,68,36,36,36,36,48,48,44,56,16,0,0],"gold":316,"neow_bonus":"THREE_RARE_CARDS","is_daily":false,"chose_seed":false,"campfire_upgraded":6,"win_rate":0.0,"timestamp":1608065790,"path_taken":["M","M","?","M","M","E","R","M","T","R","M","M","E","M","R","BOSS","M","$","M","?","?","E","?","R","T","E","M","E","$","M","R","BOSS","M","M","?","?","?","E","R","M","T","$","M","R","E","M","R","BOSS","BOSS"],"items_purchased_type":["Relic","Card"],"build_version":"2020-12-13","purchased_purges":3,"victory":false,"max_hp_per_floor":[68,68,62,62,62,62,62,62,62,62,62,62,62,62,62,62,62,62,62,62,62,62,62,62,62,62,62,62,62,62,62,62,62,62,62,62,62,72,72,72,72,72,72,72,72,72,72,72,72,72,72,72],"relic_stats":{"TheAbacus":[102],"counters":[30,90],"Golden Idol":182,"Snecko Eye":[127,118,126,123],"Eternal Feather":24,"Art of War":[0],"Whetstone":["Strike_P","Strike_P"],"obtain_stats":[{"Potion Belt":29,"Golden Idol":3,"Nilry\u0027s Codex":21,"Vajra":26,"Eternal Feather":43,"Whetstone":47,"White Beast Statue":13,"Runic Dome":34,"TheAbacus":19,"Snecko Eye":17,"Molten Egg 2":6,"Bag of Marbles":27,"Art of War":40,"PureWater":0},{"Potion Belt":18,"Golden Idol":2,"Nilry\u0027s Codex":13,"Vajra":15,"Eternal Feather":25,"Whetstone":27,"White Beast Statue":9,"Runic Dome":20,"TheAbacus":12,"Snecko Eye":11,"Molten Egg 2":5,"Bag of Marbles":16,"Art of War":24,"PureWater":0},{"Potion Belt":50,"Golden Idol":5,"Nilry\u0027s Codex":38,"Vajra":41,"Eternal Feather":64,"Whetstone":69,"White Beast Statue":27,"Runic Dome":56,"TheAbacus":36,"Snecko Eye":32,"Molten Egg 2":13,"Bag of Marbles":44,"Art of War":63,"PureWater":0}]},"card_choices":[{"not_picked":["Scrawl","ConjureBlade"],"picked":"Ragnarok","floor":0.0},{"not_picked":["Weave","JustLucky","WreathOfFlame"],"picked":"SKIP","floor":1.0},{"not_picked":["CarveReality","SandsOfTime"],"picked":"InnerPeace","floor":2.0},{"not_picked":["ForeignInfluence","FlurryOfBlows"],"picked":"CutThroughFate","floor":4.0},{"not_picked":["EmptyFist","Crescendo"],"picked":"BowlingBash","floor":5.0},{"not_picked":["PathToVictory","Vengeance"],"picked":"Vault","floor":6.0},{"not_picked":["SandsOfTime+1","Prostrate"],"picked":"Tantrum+1","floor":8.0},{"not_picked":["Consecrate+1","Halt"],"picked":"EmptyFist+1","floor":11.0},{"not_picked":["Consecrate+1","MentalFortress","FlurryOfBlows+1"],"picked":"SKIP","floor":12.0},{"not_picked":["Consecrate+1","MentalFortress"],"picked":"FlurryOfBlows+1","floor":12.0},{"not_picked":["WindmillStrike+1","SandsOfTime+1"],"picked":"WheelKick+1","floor":13.0},{"not_picked":["ThirdEye","ClearTheMind","Conclude+1"],"picked":"SKIP","floor":14.0},{"not_picked":["Blasphemy","Wish"],"picked":"Scrawl","floor":16.0},{"not_picked":["Halt","CrushJoints+1","Crescendo"],"picked":"SKIP","floor":18.0},{"not_picked":["FlyingSleeves+1","LikeWater","Protect"],"picked":"SKIP","floor":20.0},{"not_picked":["CutThroughFate+1","EmptyBody","EmptyFist+1"],"picked":"SKIP","floor":23.0},{"not_picked":["FlyingSleeves+1","CutThroughFate+1","Crescendo"],"picked":"SKIP","floor":24.0},{"not_picked":["Halt","Establishment","CarveReality+1"],"picked":"SKIP","floor":27.0},{"not_picked":["BowlingBash+1","JustLucky+1","EmptyBody"],"picked":"SKIP","floor":28.0},{"not_picked":["Tantrum+1","ThirdEye","Nirvana"],"picked":"SKIP","floor":29.0},{"not_picked":["FlyingSleeves+1","EmptyBody","Protect"],"picked":"SKIP","floor":31.0},{"not_picked":["Judgement","Alpha"],"picked":"Brilliance+1","floor":33.0},{"not_picked":["Halt","FollowUp+1"],"picked":"Adaptation","floor":35.0},{"not_picked":["InnerPeace","Tantrum+1","Consecrate+1"],"picked":"SKIP","floor":36.0},{"not_picked":["Meditate","Crescendo"],"picked":"Wallop+1","floor":39.0},{"not_picked":["FollowUp+1","Crescendo","Worship"],"picked":"SKIP","floor":40.0},{"not_picked":["Vengeance","SashWhip+1","Prostrate+1"],"picked":"SKIP","floor":42.0},{"not_picked":["Crescendo","WreathOfFlame","LikeWater"],"picked":"SKIP","floor":45.0},{"not_picked":["Indignation","ClearTheMind","WreathOfFlame"],"picked":"SKIP","floor":47.0},{"not_picked":["BattleHymn","ThirdEye"],"picked":"SpiritShield","floor":48}],"player_experience":266659,"relics_obtained":[{"floor":6.0,"key":"Molten Egg 2"},{"floor":13.0,"key":"White Beast Statue"},{"floor":21.0,"key":"Nilry\u0027s Codex"},{"floor":26.0,"key":"Vajra"},{"floor":27.0,"key":"Bag of Marbles"},{"floor":29.0,"key":"Potion Belt"},{"floor":40.0,"key":"Art of War"},{"floor":43.0,"key":"Eternal Feather"},{"floor":47.0,"key":"Whetstone"}],"event_choices":[{"damage_healed":0.0,"max_hp_gain":0.0,"max_hp_loss":6.0,"gold_gain":0.0,"event_name":"Golden Idol","player_choice":"Lose Max HP","floor":3.0,"gold_loss":0.0,"damage_taken":0.0,"relics_obtained":["Golden Idol"]},{"damage_healed":0.0,"max_hp_gain":0.0,"max_hp_loss":0.0,"gold_gain":0.0,"event_name":"Cursed Tome","player_choice":"Obtained Book","floor":21.0,"gold_loss":0.0,"damage_taken":21.0},{"damage_healed":0.0,"max_hp_gain":0.0,"max_hp_loss":0.0,"gold_gain":100.0,"event_name":"The Joust","player_choice":"Bet on Murderer","floor":22.0,"gold_loss":50.0,"damage_taken":0.0},{"damage_healed":0.0,"max_hp_gain":0.0,"max_hp_loss":0.0,"gold_gain":0.0,"event_name":"Tomb of Lord Red Mask","player_choice":"Ignored","floor":37.0,"gold_loss":0.0,"damage_taken":0.0},{"cards_removed":["Brilliance"],"damage_healed":11.0,"max_hp_gain":10.0,"max_hp_loss":0.0,"gold_gain":0.0,"event_name":"Bonfire Elementals","player_choice":"Offered Rare","floor":38.0,"gold_loss":0.0,"damage_taken":0.0}],"is_beta":false,"boss_relics":[{"not_picked":["Fusion Hammer","SacredBark"],"picked":"Snecko Eye"},{"not_picked":["Sozu","Runic Pyramid"],"picked":"Runic Dome"}],"items_purged_floors":[19,30,44],"is_endless":false,"potions_floor_spawned":[1,2,5,8,11,14,16,18,20,23,24,27,28,29,31,33,35,36,39,40,42,45,47,48],"killed_by":"Awakened One","ascension_level":20}}