{"host":"b6iqmq74l2bwzb3l","time":1608051347,"event":{"mods":["Astrologer","BaseMod","Colored Map","Colored Powertips","Googly Eyes","HololiveMod","MarisaÅiñ∂âJÅ@ñÇóùçπÅj","Minty Spire (QoL Compilation)","Quick Restart","StSLib","The Cursed"],"gold_per_floor":[83,83,104,123,142,142,142,142,142,142,181,181,31,64,64,190,190],"floor_reached":16,"playtime":282,"items_purged":[],"score":258,"play_id":"e6d52f43-e56f-40e1-972a-be27d1743484","local_time":"20201216015547","is_ascension_mode":false,"campfire_choices":[{"data":"Hololive_CallNekomataOkayu","floor":6,"key":"SMITH"},{"data":"Hololive_CallArtia","floor":8,"key":"SMITH"},{"data":"Hololive_CallShiroganeNoel","floor":10,"key":"SMITH"},{"data":"Hololive_CallShiroganeNoel","floor":15,"key":"SMITH"}],"circlet_count":0,"master_deck":["Hololive_Strike","Hololive_Strike+1","Hololive_Defend","Hololive_Defend","Hololive_Breathe","Hololive_CallAZKi","Hololive_CallHoushouMarine","Hololive_CallYozoraMel","Hololive_CallShiroganeNoel+1","Hololive_CallHoushouMarine+1","Hololive_CallArtia+1","Hololive_CallShiroganeNoel+1","Hololive_CallNekomataOkayu+1","Hololive_HuntDinosaur+1"],"relics":["Hololive_TheStar","NeowsBlessing","Golden Idol","Toxic Egg 2","Bottled Lightning","Lantern","Hololive_LightStick"],"acts_visited":["Exordium"],"potions_floor_usage":[],"damage_taken":[{"damage":0,"enemies":"2 Louse","floor":1,"turns":1},{"damage":0,"enemies":"Jaw Worm","floor":3,"turns":1},{"damage":0,"enemies":"Small Slimes","floor":4,"turns":1},{"damage":0,"enemies":"2 Fungi Beasts","floor":5,"turns":4},{"damage":0,"enemies":"3 Sentries","floor":11,"turns":4},{"damage":0,"enemies":"Gremlin Nob","floor":14,"turns":3},{"damage":0,"enemies":"Hexaghost","floor":16,"turns":4}],"seed_played":"-4407764687009648369","potions_obtained":[{"floor":3,"key":"Swift Potion"},{"floor":5,"key":"SneckoOil"},{"floor":11,"key":"Block Potion"}],"is_trial":false,"path_per_floor":["M","?","M","M","M","R","?","R","T","R","E","?","$","E","R","B"],"character_chosen":"Hololive_HololiveCharacter","items_purchased":["Lantern"],"campfire_rested":0,"item_purchase_floors":[13],"current_hp_per_floor":[35,33,33,33,33,33,26,26,26,26,26,33,33,33,33,33,33],"gold":190,"neow_bonus":"THREE_ENEMY_KILL","is_daily":false,"chose_seed":false,"campfire_upgraded":4,"win_rate":0.0,"timestamp":1608051347,"path_taken":["M","?","M","M","M","R","?","R","T","R","E","?","$","E","R","BOSS"],"items_purchased_type":["Relic"],"build_version":"2020-12-13","purchased_purges":0,"victory":false,"max_hp_per_floor":[35,33,33,33,33,33,33,33,33,33,33,33,33,33,33,33,33],"card_choices":[{"not_picked":["Hololive_LuckPotion","Hololive_HuntDinosaur","Hololive_Rebound"],"picked":"Hololive_CallArtia","floor":1},{"not_picked":["Hololive_Rebound","Hololive_RevenueBasedLive","Hololive_LuckPotion","Hololive_Trident"],"picked":"SKIP","floor":3},{"not_picked":["Hololive_CallSpadeEcho","Hololive_Drill","Hololive_CallRosalyn"],"picked":"Hololive_CallShiroganeNoel","floor":4},{"not_picked":["Hololive_Yoholoon","Hololive_RevenueBasedLive","Hololive_CallYozoraMel"],"picked":"Hololive_CallNekomataOkayu","floor":5},{"not_picked":["Hololive_StrengthChampion","Hololive_Drill","Hololive_CocoNews"],"picked":"Hololive_HuntDinosaur+1","floor":11},{"not_picked":["Hololive_FlyingPonyTail+1","Hololive_Rebound+1","Hololive_Breathe+1","Hololive_SoulCatcher"],"picked":"SKIP","floor":14}],"player_experience":309240,"relics_obtained":[{"floor":9,"key":"Toxic Egg 2"},{"floor":11,"key":"Bottled Lightning"},{"floor":14,"key":"Hololive_LightStick"}],"event_choices":[{"damage_healed":0,"gold_gain":0,"player_choice":"Lose Max HP","damage_taken":0,"relics_obtained":["Golden Idol"],"max_hp_gain":0,"max_hp_loss":2,"event_name":"Golden Idol","floor":2,"gold_loss":0},{"damage_healed":0,"gold_gain":0,"player_choice":"Entered Light","damage_taken":7,"max_hp_gain":0,"max_hp_loss":0,"event_name":"Shining Light","floor":7,"gold_loss":0,"cards_upgraded":["Hololive_Strike","Hololive_CallHoushouMarine"]},{"damage_healed":11,"gold_gain":0,"player_choice":"Banana","damage_taken":0,"max_hp_gain":0,"max_hp_loss":0,"event_name":"Big Fish","floor":12,"gold_loss":0}],"is_beta":false,"boss_relics":[],"items_purged_floors":[],"is_endless":false,"potions_floor_spawned":[3,5,11],"killed_by":"Hexaghost","ascension_level":0}}