{"host":"za51qju8r56bcr85","time":1608049204,"event":{"mods":["Act Like it!","BaseMod","Block Reminder","Downfall","Googly Eyes","Minty Spire (QoL Compilation)","Quick Restart","Relic Sorter","Relic Stats","Shop Mod","StSLib","SuperFastMode"],"gold_per_floor":[109,109,109,130,154,193,193,193,217,217,237,237,7,42,42,167,167,206,225,248,74,74,74,101,101,101,67,93,93,108,108,128,128,228,228,242,117,117,136,149,182,182,207,234,259,291,303,315,327,339,351,363,375,93,118,118],"floor_reached":57,"playtime":4762,"items_purged":["champ:Strike","champ:Strike","champ:Strike","champ:Strike"],"score":1361,"play_id":"acf8d155-6b5c-470d-9c55-ecc6493b90ac","local_time":"20201216002004","is_ascension_mode":false,"campfire_choices":[{"data":"champ:PreciseThrust","floor":8.0,"key":"SMITH"},{"data":"champ:Taunt","floor":10.0,"key":"SMITH"},{"data":"champ:FocusedGladiator","floor":12.0,"key":"SMITH"},{"data":"Apotheosis","floor":15.0,"key":"SMITH"},{"floor":23.0,"key":"RECALL"},{"data":"champ:Improvising","floor":25.0,"key":"SMITH"},{"data":"champ:CalledShot","floor":33.0,"key":"SMITH"},{"data":"champ:GladiatorsShout","floor":42.0,"key":"SMITH"},{"data":"Master of Strategy","floor":50.0,"key":"SMITH"},{"data":"expansioncontent:YouAreMine","floor":53.0,"key":"SMITH"}],"circlet_count":0,"master_deck":["champ:Defend","champ:Defend","champ:Execute","champ:Taunt+1","champ:FocusedGladiator+1","champ:PreciseThrust+1","champ:GladiatorStyle","champ:RecklessLeap","Apotheosis+1","champ:IronFortress","champ:Improvising+1","champ:GladiatorsShout+1","champ:ViciousMockery","champ:CalledShot+1","champ:Improvising+1","Clumsy","Master of Strategy+1","expansioncontent:YouAreMine+1"],"relics":["champ:ChampionCrown","champ:BerserkersGuideToSlaughter","NeowsBlessing","Bloody Idol","Frozen Eye","Oddly Smooth Stone","Art of War","Cursed Key","Ancient Tea Set","Tiny Chest","Coffee Dripper","Happy Flower","Orichalcum","Lantern","MawBank","Nunchaku"],"acts_visited":["Exordium","TheCity","TheBeyond","TheEnding"],"potions_floor_usage":[56,56],"damage_taken":[{"damage":0.0,"enemies":"Small Slimes","floor":1.0,"turns":1.0},{"damage":0.0,"enemies":"Jaw Worm","floor":4.0,"turns":1.0},{"damage":0.0,"enemies":"Cultist","floor":5.0,"turns":3.0},{"damage":22.0,"enemies":"3 Sentries","floor":6.0,"turns":3.0},{"damage":0.0,"enemies":"3 Louse","floor":7.0,"turns":1.0},{"damage":6.0,"enemies":"Looter","floor":11.0,"turns":4.0},{"damage":20.0,"enemies":"Lagavulin","floor":14.0,"turns":7.0},{"damage":60.0,"enemies":"The Guardian","floor":16.0,"turns":10.0},{"damage":20.0,"enemies":"2 Thieves","floor":18.0,"turns":4.0},{"damage":0.0,"enemies":"Spheric Guardian","floor":19.0,"turns":1.0},{"damage":0.0,"enemies":"Shelled Parasite and Fungi","floor":20.0,"turns":1.0},{"damage":23.0,"enemies":"Book of Stabbing","floor":24.0,"turns":7.0},{"damage":15.0,"enemies":"Gremlin Leader","floor":28.0,"turns":7.0},{"damage":15.0,"enemies":"Cultist and Chosen","floor":30.0,"turns":5.0},{"damage":23.0,"enemies":"3 Cultists","floor":32.0,"turns":4.0},{"damage":25.0,"enemies":"Champ","floor":34.0,"turns":7.0},{"damage":3.0,"enemies":"Orb Walker","floor":36.0,"turns":4.0},{"damage":5.0,"enemies":"3 Darklings","floor":39.0,"turns":4.0},{"damage":31.0,"enemies":"Transient","floor":40.0,"turns":5.0},{"damage":30.0,"enemies":"Giant Head","floor":41.0,"turns":6.0},{"damage":31.0,"enemies":"Nemesis","floor":43.0,"turns":7.0},{"damage":33.0,"enemies":"Giant Head","floor":45.0,"turns":5.0},{"damage":0.0,"enemies":"Jaw Worm Horde","floor":46.0,"turns":1.0},{"damage":44.0,"enemies":"Time Eater","floor":51.0,"turns":6.0},{"damage":32.0,"enemies":"Shield and Spear","floor":55.0,"turns":2.0},{"damage":72,"enemies":"The Heart","floor":56,"turns":6}],"seed_played":"-1933646879849947977","potions_obtained":[{"floor":4.0,"key":"Strength Potion"},{"floor":5.0,"key":"SteroidPotion"},{"floor":6.0,"key":"Fire Potion"},{"floor":14.0,"key":"Energy Potion"},{"floor":28.0,"key":"DistilledChaos"},{"floor":32.0,"key":"ColorlessPotion"},{"floor":39.0,"key":"champ:TechniquePotion"},{"floor":43.0,"key":"DuplicationPotion"}],"is_trial":false,"path_per_floor":["M","?","?","M","M","E","M","R","T","R","M","R","$","E","R","B",null,"M","M","M","$","?","R","E","R","T","$","E","?","M","?","M","R","B",null,"M","$","T","M","M","E","R","E","T","E","M","?","?","?","R","B",null,"R","$","E","B",null],"character_chosen":"THE_CHAMP","items_purchased":["Apotheosis","champ:ViciousMockery","champ:CalledShot","champ:BerserkersGuideToSlaughter"],"campfire_rested":0,"item_purchase_floors":[13,21,27,54],"current_hp_per_floor":[90,90,68,68,68,51,51,51,51,51,50,50,50,50,50,35,90,80,80,80,80,80,80,82,82,82,82,87,87,90,90,90,90,90,90,90,90,90,90,89,90,90,89,90,90,90,90,80,85,90,66,90,90,90,78,26],"gold":118,"neow_bonus":"THREE_ENEMY_KILL","is_daily":false,"chose_seed":false,"campfire_upgraded":9,"win_rate":0.0,"timestamp":1608049204,"path_taken":["M","?","?","M","M","E","M","R","T","R","?","R","$","E","R","BOSS","M","M","M","$","?","R","E","R","T","$","E","?","M","?","?","R","BOSS","M","$","?","M","M","E","R","E","T","E","M","?","?","?","R","BOSS","R","$","E","BOSS"],"items_purchased_type":["Card","Card","Card","Relic"],"build_version":"2020-12-13","purchased_purges":4,"victory":true,"max_hp_per_floor":[90,90,90,90,90,90,90,90,90,90,90,90,90,90,90,90,90,90,90,90,90,90,90,90,90,90,90,90,90,90,90,90,90,90,90,90,90,90,90,90,90,90,90,90,90,90,90,90,90,90,90,90,90,90,90,90],"relic_stats":{"Nunchaku":[1],"Happy Flower":[9],"counters":[26,112],"Bloody Idol":54,"Tiny Chest":1,"Art of War":[10],"Orichalcum":[24],"Cursed Key":1,"MawBank":108,"obtain_stats":[{"Lantern":44,"NeowsBlessing":0,"Happy Flower":41,"Golden Idol":3,"Oddly Smooth Stone":6,"champ:ChampionCrown":0,"Orichalcum":43,"Cursed Key":17,"Ancient Tea Set":24,"MawBank":45,"Frozen Eye":5,"Nunchaku":55,"Bloody Idol":22,"Tiny Chest":28,"Art of War":14,"Coffee Dripper":35,"champ:BerserkersGuideToSlaughter":54},{"Lantern":21,"NeowsBlessing":0,"Happy Flower":20,"Golden Idol":1,"Oddly Smooth Stone":4,"champ:ChampionCrown":0,"Orichalcum":21,"Cursed Key":8,"Ancient Tea Set":12,"MawBank":22,"Frozen Eye":3,"Nunchaku":25,"Bloody Idol":11,"Tiny Chest":13,"Art of War":7,"Coffee Dripper":16,"champ:BerserkersGuideToSlaughter":24},{"Lantern":92,"NeowsBlessing":0,"Happy Flower":85,"Golden Idol":1,"Oddly Smooth Stone":8,"champ:ChampionCrown":0,"Orichalcum":92,"Cursed Key":30,"Ancient Tea Set":43,"MawBank":97,"Frozen Eye":4,"Nunchaku":106,"Bloody Idol":36,"Tiny Chest":50,"Art of War":20,"Coffee Dripper":66,"champ:BerserkersGuideToSlaughter":104}]},"card_choices":[{"not_picked":["champ:BladeFlurry","champ:Circumvent"],"picked":"champ:FocusedGladiator","floor":1.0},{"not_picked":["champ:RapidStrikes","champ:BerserkersShout"],"picked":"champ:PreciseThrust","floor":4.0},{"not_picked":["champ:TornadoPunch","champ:FlashCut","champ:Backstep"],"picked":"SKIP","floor":5.0},{"not_picked":["champ:EnGarde","champ:Circumvent"],"picked":"champ:GladiatorStyle","floor":6.0},{"not_picked":["champ:RisingSlash","champ:Lariat","champ:DefensiveShout"],"picked":"SKIP","floor":7.0},{"not_picked":["champ:AdrenalArmor","champ:Circumvent"],"picked":"champ:RecklessLeap","floor":11.0},{"not_picked":["champ:DefensiveStyle","champ:Encircle"],"picked":"champ:IronFortress","floor":14.0},{"not_picked":["champ:LastStand","champ:ShieldThrow"],"picked":"champ:Improvising","floor":16.0},{"not_picked":["champ:Circumvent+1","champ:SkillfulDodge+1"],"picked":"champ:GladiatorsShout","floor":18.0},{"not_picked":["champ:Circumvent","champ:Encircle","champ:GutPunch"],"picked":"SKIP","floor":19.0},{"not_picked":["champ:FocusedBerserking","champ:Shatter","champ:Encircle+1"],"picked":"SKIP","floor":20.0},{"not_picked":["champ:BerserkersShout","champ:PerfectedStrike","champ:BerserkerStyle"],"picked":"SKIP","floor":24.0},{"not_picked":["champ:AdrenalArmor","champ:BringItOn"],"picked":"champ:Improvising","floor":28.0},{"not_picked":["champ:CalledShot","champ:BladeFlurry","champ:FocusedBerserking"],"picked":"SKIP","floor":30.0},{"not_picked":["champ:CrookedStrike","champ:Backstep","champ:FocusedDefense+1"],"picked":"SKIP","floor":32.0},{"not_picked":["champ:Shatter","champ:BerserkersShout","champ:DefensiveShout+1"],"picked":"SKIP","floor":36.0},{"not_picked":["champ:FalseCounter+1","champ:FocusedBerserking","champ:BringItOn"],"picked":"SKIP","floor":39.0},{"not_picked":["champ:BerserkerStyle+1","champ:ViciousMockery+1","champ:BladeFlurry"],"picked":"SKIP","floor":40.0},{"not_picked":["champ:FocusedBerserking","champ:GladiatorsShout+1","champ:Shatter"],"picked":"SKIP","floor":41.0},{"not_picked":["champ:EnragedBash+1","champ:PerfectedStrike+1","champ:TornadoPunch+1"],"picked":"SKIP","floor":43.0},{"not_picked":["champ:GutPunch","champ:RapidStrikes","champ:Encircle"],"picked":"SKIP","floor":45.0},{"not_picked":["champ:Circumvent+1","champ:DefensiveShout+1","champ:BladeFlurry"],"picked":"SKIP","floor":46.0},{"not_picked":["Mind Blast","Panacea"],"picked":"Master of Strategy","floor":48.0},{"not_picked":["Thinking Ahead","Transmutation"],"picked":"expansioncontent:YouAreMine","floor":48.0},{"not_picked":["champ:ViciousMockery","champ:SkillfulDodge","champ:DeathBlow"],"picked":"SKIP","floor":55.0}],"player_experience":1421960,"relics_obtained":[{"floor":6.0,"key":"Oddly Smooth Stone"},{"floor":14.0,"key":"Art of War"},{"floor":24.0,"key":"Ancient Tea Set"},{"floor":28.0,"key":"Tiny Chest"},{"floor":41.0,"key":"Happy Flower"},{"floor":43.0,"key":"Orichalcum"},{"floor":44.0,"key":"Lantern"},{"floor":45.0,"key":"MawBank"},{"floor":55.0,"key":"Nunchaku"}],"event_choices":[{"damage_healed":0.0,"max_hp_gain":0.0,"max_hp_loss":0.0,"gold_gain":0.0,"event_name":"Golden Idol","player_choice":"Take Damage","floor":3.0,"gold_loss":0.0,"damage_taken":22.0,"relics_obtained":["Golden Idol"]},{"damage_healed":0.0,"max_hp_gain":0.0,"max_hp_loss":0.0,"gold_gain":0.0,"event_name":"Forgotten Altar","player_choice":"Gave Idol","floor":22.0,"relics_lost":["Golden Idol"],"gold_loss":0.0,"damage_taken":0.0,"relics_obtained":["Bloody Idol"]},{"cards_removed":["champ:Defend"],"damage_healed":0.0,"max_hp_gain":0.0,"max_hp_loss":0.0,"gold_gain":0.0,"event_name":"Back to Basics","player_choice":"Elegance","floor":29.0,"gold_loss":0.0,"damage_taken":0.0},{"damage_healed":0.0,"max_hp_gain":0.0,"max_hp_loss":0.0,"gold_gain":0.0,"event_name":"Upgrade Shrine","player_choice":"Upgraded","floor":31.0,"gold_loss":0.0,"damage_taken":0.0,"cards_upgraded":["champ:Improvising"]},{"damage_healed":0.0,"max_hp_gain":0.0,"max_hp_loss":0.0,"gold_gain":0.0,"event_name":"Tomb of Lord Red Mask","player_choice":"Ignored","floor":47.0,"gold_loss":0.0,"damage_taken":0.0},{"damage_healed":0.0,"max_hp_gain":0.0,"max_hp_loss":0.0,"gold_gain":0.0,"event_name":"SensoryStone","player_choice":"Memory 3","floor":48.0,"gold_loss":0.0,"damage_taken":10.0},{"cards_removed":["champ:Defend"],"damage_healed":0.0,"max_hp_gain":0.0,"max_hp_loss":0.0,"gold_gain":0.0,"event_name":"Falling","player_choice":"Removed Skill","floor":49.0,"gold_loss":0.0,"damage_taken":0.0}],"is_beta":false,"boss_relics":[{"not_picked":["Snecko Eye","Velvet Choker"],"picked":"Cursed Key"},{"not_picked":["Empty Cage","Runic Dome"],"picked":"Coffee Dripper"}],"items_purged_floors":[13,21,37,54],"is_endless":false,"potions_floor_spawned":[4,5,6,14,18,28,32,34,36,39,43,45],"ascension_level":0}}