{"host":"sabve5zmqufxyc5o","time":1608030758,"event":{"mods":["2.2 Compatiblity","AchievementEnabler","Act Like it!","BaseMod","Block Reminder","Colored Map","Colored Powertips","DeckTracker","KOR Keyword Fix","Keyboard Shortcuts","Minty Spire (QoL Compilation)","Quick Restart","Rare Cards Sparkle","Relic Stats","StSLib","SuperFastMode"],"gold_per_floor":[118,138,26,36,47,47,73,21,67,67,87,101,119,129,129,203,203,216,16,35,51,51,51,77,92,92,105,105,117,136,7,7,7,7],"floor_reached":33,"playtime":853,"items_purged":["Strike_B","Strike_B","Defend_B"],"score":561,"play_id":"c4edb742-14e0-40a4-b669-ce0554285303","local_time":"20201215201238","is_ascension_mode":true,"campfire_choices":[{"data":"Sunder","floor":6.0,"key":"SMITH"},{"floor":10.0,"key":"REST"},{"data":"Coolheaded","floor":15.0,"key":"SMITH"},{"data":"Panacea","floor":23.0,"key":"SMITH"},{"data":"Biased Cognition","floor":28.0,"key":"SMITH"},{"data":"Coolheaded","floor":32,"key":"SMITH"}],"circlet_count":0,"master_deck":["AscendersBane","Defend_B+1","Defend_B+1","Defend_B","Zap","Dualcast","Coolheaded+1","Self Repair","Sunder+1","Coolheaded+1","Ball Lightning","Echo Form","Compile Driver","Cold Snap","Turbo","BootSequence","Biased Cognition+1","Chill","Panacea+1","Cold Snap","Coolheaded","Beam Cell","Streamline","Coolheaded+1","Darkness+1"],"relics":["Cracked Core","War Paint","Sozu","Smiling Mask","Toxic Egg 2"],"acts_visited":["Exordium","TheCity"],"potions_floor_usage":[],"damage_taken":[{"damage":0.0,"enemies":"2 Louse","floor":1.0,"turns":2.0},{"damage":0.0,"enemies":"Cultist","floor":2.0,"turns":4.0},{"damage":2.0,"enemies":"Jaw Worm","floor":4.0,"turns":5.0},{"damage":44.0,"enemies":"Exordium Thugs","floor":5.0,"turns":5.0},{"damage":6.0,"enemies":"Gremlin Nob","floor":7.0,"turns":3.0},{"damage":10.0,"enemies":"Blue Slaver","floor":11.0,"turns":5.0},{"damage":13.0,"enemies":"Red Slaver","floor":12.0,"turns":5.0},{"damage":23.0,"enemies":"3 Louse","floor":13.0,"turns":3.0},{"damage":3.0,"enemies":"Blue Slaver","floor":14.0,"turns":3.0},{"damage":32.0,"enemies":"Slime Boss","floor":16.0,"turns":9.0},{"damage":14.0,"enemies":"3 Byrds","floor":18.0,"turns":6.0},{"damage":18.0,"enemies":"Spheric Guardian","floor":20.0,"turns":4.0},{"damage":0.0,"enemies":"3 Cultists","floor":21.0,"turns":5.0},{"damage":20.0,"enemies":"Slavers","floor":24.0,"turns":9.0},{"damage":1.0,"enemies":"Snake Plant","floor":25.0,"turns":6.0},{"damage":2.0,"enemies":"Cultist and Chosen","floor":27.0,"turns":6.0},{"damage":12.0,"enemies":"Snecko","floor":29.0,"turns":6.0},{"damage":0,"enemies":"Centurion and Healer","floor":30,"turns":5},{"damage":69,"enemies":"Automaton","floor":33,"turns":14}],"seed_played":"-7060361757379796357","potions_obtained":[{"floor":1.0,"key":"PotionOfCapacity"},{"floor":4.0,"key":"DistilledChaos"},{"floor":5.0,"key":"Fire Potion"},{"floor":7.0,"key":"PowerPotion"}],"is_trial":false,"path_per_floor":["M","M","$","M","M","R","E","$","T","R","M","M","M","M","R","B",null,"M","$","M","M","?","R","E","M","T","M","R","M","M","$","R","B"],"character_chosen":"DEFECT","items_purchased":["Sunder","Compile Driver","Panacea","Darkness+1"],"campfire_rested":1,"item_purchase_floors":[3,8,19,31],"current_hp_per_floor":[64,64,64,69,32,32,33,33,33,54,51,45,29,33,33,8,55,48,48,37,44,44,44,31,37,37,42,42,37,51,51,51,0,0],"gold":7,"neow_bonus":"REMOVE_CARD","is_daily":false,"chose_seed":false,"campfire_upgraded":5,"win_rate":0.0,"timestamp":1608030758,"path_taken":["M","M","$","M","M","R","E","$","T","R","M","M","M","M","R","BOSS","M","$","M","M","?","R","E","M","T","M","R","M","?","$","R","BOSS"],"items_purchased_type":["Card","Card","Card","Card"],"build_version":"2020-12-13","purchased_purges":3,"victory":false,"max_hp_per_floor":[71,71,71,71,71,71,71,71,71,71,71,71,71,71,71,71,71,71,71,71,71,71,71,71,71,71,71,71,71,71,71,71,71,71],"relic_stats":{"Sozu":4,"counters":[19,105],"War Paint":["Defend_B","Defend_B"],"Smiling Mask":75,"obtain_stats":[{"Sozu":17,"War Paint":9,"Toxic Egg 2":26,"Cracked Core":0,"Smiling Mask":24},{"Sozu":10,"War Paint":5,"Toxic Egg 2":15,"Cracked Core":0,"Smiling Mask":14},{"Sozu":44,"War Paint":19,"Toxic Egg 2":74,"Cracked Core":0,"Smiling Mask":68}]},"card_choices":[{"not_picked":["Double Energy","Redo"],"picked":"Coolheaded","floor":1.0},{"not_picked":["Gash","Turbo"],"picked":"Self Repair","floor":2.0},{"not_picked":["Rebound","Aggregate"],"picked":"Coolheaded","floor":4.0},{"not_picked":["Hello World","Turbo"],"picked":"Ball Lightning","floor":5.0},{"not_picked":["Auto Shields","Coolheaded"],"picked":"Echo Form","floor":7.0},{"not_picked":["Reinforced Body","Darkness"],"picked":"Cold Snap","floor":11.0},{"not_picked":["Rip and Tear","Reprogram"],"picked":"Turbo","floor":12.0},{"not_picked":["Go for the Eyes","Rebound","Reinforced Body"],"picked":"SKIP","floor":13.0},{"not_picked":["Coolheaded","Auto Shields"],"picked":"BootSequence","floor":14.0},{"not_picked":["Amplify","Thunder Strike"],"picked":"Biased Cognition","floor":16.0},{"not_picked":["Steam Power","Aggregate"],"picked":"Chill","floor":18.0},{"not_picked":["Reprogram","FTL"],"picked":"Cold Snap","floor":20.0},{"not_picked":["Cold Snap","Sweeping Beam"],"picked":"Coolheaded","floor":21.0},{"not_picked":["Conserve Battery","BootSequence"],"picked":"Beam Cell","floor":24.0},{"not_picked":["Turbo","Compile Driver+1","Conserve Battery"],"picked":"SKIP","floor":25.0},{"not_picked":["Cold Snap","Conserve Battery+1"],"picked":"Streamline","floor":27.0},{"not_picked":["Genetic Algorithm+1","Skim+1"],"picked":"Coolheaded+1","floor":29.0},{"not_picked":["Machine Learning","Hologram+1","Chaos+1"],"picked":"SKIP","floor":30}],"player_experience":776556,"relics_obtained":[{"floor":9.0,"key":"War Paint"},{"floor":24.0,"key":"Smiling Mask"},{"floor":26.0,"key":"Toxic Egg 2"}],"event_choices":[{"cards_removed":["Strike_B"],"damage_healed":0.0,"max_hp_gain":0.0,"max_hp_loss":0.0,"gold_gain":0.0,"event_name":"Bonfire Elementals","player_choice":"Offered Basic","floor":22.0,"gold_loss":0.0,"damage_taken":0.0}],"is_beta":false,"boss_relics":[{"not_picked":["Coffee Dripper","Ectoplasm"],"picked":"Sozu"}],"items_purged_floors":[3,19,31],"is_endless":false,"potions_floor_spawned":[1,4,5,7,18,21,29,30],"killed_by":"Automaton","ascension_level":19}}