{"host":"yecadp3kwkksam5a","time":1608044141,"event":{"mods":["BaseMod","Minty Spire (QoL Compilation)","Replay The Spire","StSLib","SuperFastMode"],"gold_per_floor":[112,112,112,112,112,141,141,172,246,265,285,64,64,90,90,90,90],"floor_reached":16,"playtime":674,"items_purged":[],"score":249,"play_id":"968fa8c8-50d9-420e-afd6-3760f59174ca","local_time":"20201215235541","is_ascension_mode":true,"campfire_choices":[{"data":"Neutralize","floor":7,"key":"SMITH"},{"data":"Reflex","floor":13,"key":"SMITH"},{"floor":15,"key":"DIG"}],"circlet_count":0,"master_deck":["AscendersBane","Strike_G","Strike_G","Strike_G","Defend_G","Defend_G","Defend_G+1","Defend_G","Defend_G+1","Survivor","Neutralize+1","Dagger Throw","Dagger Spray","Replay:Poison Smokescreen","Bane","Reflex+1","ReplayTheSpireMod:Scrap Shanks","ReplayTheSpireMod:From All Sides"],"relics":["Ring of the Snake","NeowsBlessing","Incense Burner","Art of War","Replay:Bottled Snecko","Snake Skull","Replay:Accelerometer"],"acts_visited":["Exordium"],"potions_floor_usage":[],"damage_taken":[{"damage":0.0,"enemies":"Small Slimes","floor":1.0,"turns":1.0},{"damage":0.0,"enemies":"3 Sentries","floor":6.0,"turns":1.0},{"damage":0,"enemies":"Lagavulin","floor":8,"turns":1},{"damage":0,"enemies":"Jaw Worm","floor":10,"turns":4},{"damage":0,"enemies":"2 Louse","floor":11,"turns":1},{"damage":26,"enemies":"3 Sentries","floor":14,"turns":11},{"damage":16,"enemies":"Hexaghost","floor":16,"turns":10}],"seed_played":"-3669112208319437999","potions_obtained":[{"floor":1.0,"key":"Regen Potion"},{"floor":6.0,"key":"Dexterity Potion"},{"floor":11,"key":"Block Potion"}],"is_trial":false,"path_per_floor":["M","?","?","?","?","E","R","E","T","M","M","$","R","E","R","B"],"character_chosen":"THE_SILENT","items_purchased":["Snake Skull","ReplayTheSpireMod:Scrap Shanks"],"campfire_rested":0,"item_purchase_floors":[12,12],"current_hp_per_floor":[63,63,49,42,42,42,42,42,42,42,42,42,42,16,16,0,0],"gold":90,"neow_bonus":"THREE_ENEMY_KILL","is_daily":false,"chose_seed":false,"campfire_upgraded":2,"win_rate":0.0,"timestamp":1608044141,"path_taken":["M","?","?","?","?","E","R","E","T","M","M","$","R","E","R","BOSS"],"items_purchased_type":["Relic","Card"],"build_version":"2020-12-13","purchased_purges":0,"victory":false,"max_hp_per_floor":[70,70,70,70,70,70,70,70,70,70,70,70,70,70,70,70,70],"card_choices":[{"not_picked":["Accuracy","ReplayTheSpireMod:Tripwire"],"picked":"Dagger Throw","floor":1.0},{"not_picked":["Poisoned Stab","Skewer","Dagger Spray"],"picked":"SKIP","floor":6.0},{"not_picked":["Setup","Hidden Blade"],"picked":"Replay:Poison Smokescreen","floor":8},{"not_picked":["Leg Sweep","Sneak Up"],"picked":"Bane","floor":10},{"not_picked":["Slice","Bane"],"picked":"Reflex","floor":11},{"not_picked":["Bane","Eviscerate"],"picked":"ReplayTheSpireMod:From All Sides","floor":14}],"player_experience":179624,"relics_obtained":[{"floor":6.0,"key":"Incense Burner"},{"floor":8,"key":"Art of War"},{"floor":9,"key":"Replay:Bottled Snecko"},{"floor":15,"key":"Replay:Accelerometer"}],"event_choices":[{"damage_healed":0.0,"max_hp_gain":0.0,"max_hp_loss":0.0,"gold_gain":0.0,"cards_transformed":["Strike_G"],"event_name":"Living Wall","player_choice":"Change","floor":2.0,"gold_loss":0.0,"damage_taken":0.0,"cards_obtained":["Dagger Spray"]},{"damage_healed":0.0,"max_hp_gain":0.0,"max_hp_loss":0.0,"gold_gain":0.0,"event_name":"Shining Light","player_choice":"Entered Light","floor":3.0,"gold_loss":0.0,"damage_taken":14.0,"cards_upgraded":["Defend_G","Defend_G"]},{"cards_removed":["Strike_G"],"damage_healed":0.0,"max_hp_gain":0.0,"max_hp_loss":0.0,"gold_gain":0.0,"event_name":"Golden Wing","player_choice":"Card Removal","floor":4.0,"gold_loss":0.0,"damage_taken":7.0},{"damage_healed":0.0,"max_hp_gain":0.0,"max_hp_loss":0.0,"gold_gain":0.0,"event_name":"Liars Game","player_choice":"Ignored","floor":5.0,"gold_loss":0.0,"damage_taken":0.0}],"is_beta":false,"boss_relics":[],"items_purged_floors":[],"is_endless":false,"potions_floor_spawned":[1,6,11],"killed_by":"Hexaghost","ascension_level":10}}