{"host":"0241nbavu410sn7l","time":1608045975,"event":{"mods":["Ascension Reborn","BaseMod","Better Third Choice","Minty Spire (QoL Compilation)","Rare Cards Sparkle","StSLib"],"gold_per_floor":[15,15,15,28,28,28,46,46,46,64,14,55,80,118,118,246,246,265,265,265],"floor_reached":19,"playtime":1653,"items_purged":[],"score":202,"play_id":"09b9249a-fc58-40b7-8ead-f7ab704f79b4","local_time":"20201215082615","is_ascension_mode":false,"campfire_choices":[{"floor":6.0,"key":"REST"},{"floor":8.0,"key":"RECALL"},{"floor":15.0,"key":"REST"}],"circlet_count":0,"master_deck":["Strike_B","Strike_B","Strike_B","Strike_B","Defend_B","Defend_B","Defend_B","Defend_B","Zap","Dualcast","Electrodynamics","Conserve Battery","Compile Driver","Impervious","Genetic Algorithm","Capacitor","Cold Snap","Conserve Battery","Defragment","Go for the Eyes","Creative AI","Beam Cell+1"],"relics":["Cracked Core","Golden Idol","Pocketwatch","Happy Flower","Ornamental Fan","Runic Pyramid"],"acts_visited":["Exordium","TheCity"],"potions_floor_usage":[],"damage_taken":[{"damage":11.0,"enemies":"Jaw Worm","floor":1.0,"turns":2.0},{"damage":7.0,"enemies":"2 Louse","floor":4.0,"turns":2.0},{"damage":0.0,"enemies":"Small Slimes","floor":7.0,"turns":2.0},{"damage":10.0,"enemies":"3 Louse","floor":10.0,"turns":2.0},{"damage":24.0,"enemies":"3 Sentries","floor":12.0,"turns":4.0},{"damage":9.0,"enemies":"Exordium Wildlife","floor":13.0,"turns":3.0},{"damage":0.0,"enemies":"Lagavulin","floor":14.0,"turns":3.0},{"damage":4.0,"enemies":"Hexaghost","floor":16.0,"turns":12.0},{"damage":12.0,"enemies":"2 Thieves","floor":18.0,"turns":3.0},{"damage":69,"enemies":"Masked Bandits","floor":19,"turns":3}],"seed_played":"1603819840655153361","potions_obtained":[{"floor":10.0,"key":"CultistPotion"},{"floor":12.0,"key":"Fire Potion"},{"floor":13.0,"key":"AttackPotion"}],"is_trial":false,"path_per_floor":["M","?","?","M","?","R","M","R","T","M","$","E","M","E","R","B",null,"M","?"],"character_chosen":"DEFECT","items_purchased":["Cold Snap"],"campfire_rested":2,"item_purchase_floors":[11],"current_hp_per_floor":[64,64,64,57,25,47,47,47,47,37,37,13,4,4,26,22,75,63,0,0],"gold":265,"neow_bonus":"THREE_RARE_CARDS","is_daily":false,"chose_seed":false,"campfire_upgraded":0,"win_rate":0.0,"timestamp":1608045975,"path_taken":["M","?","?","?","?","R","M","R","T","M","$","E","M","E","R","BOSS","M","?"],"items_purchased_type":["Card"],"build_version":"2020-12-13","purchased_purges":0,"victory":false,"max_hp_per_floor":[75,75,75,75,75,75,75,75,75,75,75,75,75,75,75,75,75,75,75,75],"card_choices":[{"not_picked":["Thunder Strike","Reboot"],"picked":"Electrodynamics","floor":0.0},{"not_picked":["Redo","Turbo"],"picked":"Conserve Battery","floor":1.0},{"not_picked":["Recycle","Steam"],"picked":"Compile Driver","floor":4.0},{"not_picked":["Darkness","Biased Cognition"],"picked":"Genetic Algorithm","floor":7.0},{"not_picked":["Turbo","Skim"],"picked":"Capacitor","floor":10.0},{"not_picked":["Steam","Reprogram"],"picked":"Conserve Battery","floor":12.0},{"not_picked":["Rip and Tear","Turbo"],"picked":"Defragment","floor":13.0},{"not_picked":["Heatsinks","Stack"],"picked":"Go for the Eyes","floor":14.0},{"not_picked":["Meteor Strike","Seek"],"picked":"Creative AI","floor":16.0},{"not_picked":["Capacitor","Steam"],"picked":"Beam Cell+1","floor":18.0}],"player_experience":557364,"relics_obtained":[{"floor":12.0,"key":"Happy Flower"},{"floor":14.0,"key":"Ornamental Fan"}],"event_choices":[{"damage_healed":0.0,"max_hp_gain":0.0,"max_hp_loss":0.0,"gold_gain":0.0,"event_name":"Golden Idol","player_choice":"Take Wound","floor":2.0,"gold_loss":0.0,"damage_taken":0.0,"relics_obtained":["Golden Idol"],"cards_obtained":["Injury"]},{"cards_removed":["Injury"],"damage_healed":0.0,"max_hp_gain":0.0,"max_hp_loss":0.0,"gold_gain":0.0,"event_name":"Living Wall","player_choice":"Forget","floor":3.0,"gold_loss":0.0,"damage_taken":0.0},{"damage_healed":0,"gold_gain":0,"player_choice":"Fought Bandits","damage_taken":0,"max_hp_gain":0,"max_hp_loss":0,"event_name":"Masked Bandits","floor":19,"gold_loss":0}],"is_beta":false,"boss_relics":[{"not_picked":["Snecko Eye","Sozu"],"picked":"Runic Pyramid"}],"items_purged_floors":[],"is_endless":false,"potions_floor_spawned":[10,12,13],"killed_by":"Masked Bandits","ascension_level":0}}