{"host":"htqwg582tjjtn9p7","time":1608051280,"event":{"mods":["2.2 Compatiblity","AchievementEnabler","Act Like it!","Aspiration","BaseMod","Better Third Choice","Colored Map","Conspire","Curses Come First","Displayed Cursed Tome","Energized Spire","Force Act Four","GifTheSpireLib","Hermit","Highlight Path","JesterMod","Mad Scientist","Minty Spire (QoL Compilation)","Pale of the Ancients","Permanent Neow","Random Character Button","Relic Stats","Replay The Spire","Robot Space Explorer","Somnambulant","Spicy Shops","Spikes Relics","StSLib","Stuff the Spire","The Blue Laboratory","The Disciple","The Dragon Tamer","The Forsaken","The Gatherer","The Judge","The Jungle","The Runesmith","The Servant 0.9.4"],"gold_per_floor":[115,19,19,19,32,32,65,65,92,124,137,137,169,27,27,105,105,125,75,86,102,119,150,150,184,184,184,184,184,201,217,217,296,296,306,306,98,116,14,34,34,65,91,144,154,183,196,224,224,224,240,255,255,205,205,220,220,95,95,95],"floor_reached":61,"playtime":4116,"items_purged":["Injury","StuffTheSpire:CuriosityCurse","theForsaken:TheForsaken_Strike","theForsaken:TheForsaken_Strike","theForsaken:TheForsaken_Defend"],"score":2101,"play_id":"929efa8f-53eb-4bdd-892a-349b7851e5eb","local_time":"20201215175440","is_ascension_mode":true,"campfire_choices":[{"data":"theForsaken:Smite","floor":6,"key":"SMITH"},{"data":"conspire:Banana","floor":15,"key":"SMITH"},{"data":"1","floor":24,"key":"LIFT"},{"floor":27,"key":"REST"},{"data":"theForsaken:Smite","floor":29,"key":"SMITH"},{"data":"2","floor":32,"key":"LIFT"},{"data":"theForsaken:ShieldBash","floor":41,"key":"SMITH"},{"data":"3","floor":49,"key":"LIFT"},{"data":"theForsaken:DefensiveStance","floor":55,"key":"SMITH"},{"floor":57,"key":"REST"}],"circlet_count":0,"master_deck":["AscendersBane","theForsaken:TheForsaken_Defend","theForsaken:TheForsaken_Defend","theForsaken:TheForsaken_Defend","theForsaken:Smite+1","theForsaken:Penitence","conspire:Banana+1","theForsaken:ChargeAttack+1","theForsaken:HymnOfPatience+1","StuffTheSpire:Innocence","theForsaken:DefensiveStance+1","theForsaken:BountifulSunlight+1","theForsaken:FountainOfLife","theForsaken:NobleSacrifice+1","theForsaken:HymnOfPatience+1","theForsaken:StoreUp+1","theForsaken:Smite+1","theForsaken:NobleSacrifice+1","theForsaken:DarkBargain","theForsaken:Purification","theForsaken:PowerUp+1","theForsaken:Purification","theForsaken:ShieldBash+1","theForsaken:BountifulSunlight+1","theForsaken:StoreUp+1"],"relics":["Sandwich","Toxic Egg 2","Girya","Regal Pillow","Pear","MealTicket","aspiration:FrozenJewel","Snecko Eye","Smiling Mask","Divine Protection","Durian","energizedSpire:OgreHead","StuffTheSpire:Wildfire","StuffTheSpire:GrapeVine","StuffTheSpire:OldFever","Nunchaku","paleoftheancients:Timepiece","paleoftheancients:KeyRelic","Gremlin Horn","CultistMask","paleoftheancients:SoulOfTheIroncluck","Medical Kit"],"acts_visited":["Exordium","TheCity","TheBeyond","TheBeyond"],"potions_floor_usage":[13,20,23,23,25,25,25,51,56],"damage_taken":[{"damage":4,"enemies":"2 Louse","floor":1,"turns":6},{"damage":0,"enemies":"conspire:RoseBush","floor":5,"turns":4},{"damage":6,"enemies":"3 Sentries","floor":7,"turns":5},{"damage":32,"enemies":"Gremlin Nob","floor":10,"turns":5},{"damage":1,"enemies":"Jaw Worm","floor":11,"turns":4},{"damage":11,"enemies":"Lagavulin","floor":13,"turns":5},{"damage":125,"enemies":"Slime Boss","floor":16,"turns":12},{"damage":15,"enemies":"Spheric Guardian","floor":18,"turns":6},{"damage":10,"enemies":"Chosen","floor":20,"turns":6},{"damage":19,"enemies":"Snecko","floor":21,"turns":6},{"damage":3,"enemies":"Chosen and Byrds","floor":22,"turns":6},{"damage":57,"enemies":"Gremlin Leader","floor":23,"turns":13},{"damage":86,"enemies":"Book of Stabbing","floor":25,"turns":7},{"damage":0,"enemies":"Sentry and Sphere","floor":30,"turns":4},{"damage":18,"enemies":"conspire:HollyBat","floor":31,"turns":8},{"damage":17,"enemies":"Automaton","floor":33,"turns":19},{"damage":3,"enemies":"3 Shapes","floor":35,"turns":3},{"damage":65,"enemies":"3 Darklings","floor":38,"turns":15},{"damage":0,"enemies":"Transient","floor":40,"turns":5},{"damage":64,"enemies":"Nemesis","floor":42,"turns":8},{"damage":69,"enemies":"4 Shapes","floor":45,"turns":7},{"damage":34,"enemies":"Reptomancer","floor":46,"turns":5},{"damage":27,"enemies":"Sphere and 2 Shapes","floor":47,"turns":5},{"damage":4,"enemies":"R_Hoarder","floor":48,"turns":7},{"damage":135,"enemies":"Awakened One","floor":50,"turns":12},{"damage":169,"enemies":"Awakened One","floor":51,"turns":9},{"damage":0,"enemies":"Awakened One","floor":52,"turns":13},{"damage":117,"enemies":"Awakened One","floor":56,"turns":5},{"damage":45,"enemies":"paleoftheancients:N","floor":60,"turns":8}],"seed_played":"-1806521840986536685","potions_obtained":[{"floor":10,"key":"EntropicBrew"},{"floor":13,"key":"blueLaboratory:EmptyBottle"},{"floor":20,"key":"Strength Potion"},{"floor":23,"key":"BlessingOfTheForge"},{"floor":30,"key":"FearPotion"},{"floor":42,"key":"blueLaboratory:BottledHope"},{"floor":48,"key":"Adrenaline Potion"},{"floor":51,"key":"LiquidMemories"},{"floor":53,"key":"PowerPotion"},{"floor":53,"key":"blueLaboratory:ExaltedPotion"},{"floor":56,"key":"PowerPotion"}],"is_trial":false,"path_per_floor":["M","$","?","?","M","R","E","?","T","E","M","?","E","$","R","B",null,"M","?","M","M","M","E","R","E","T","R","?","R","M","M","R_BF","B",null,"M","?","$","M","$","M","R","E","T","?","M","E","M","E","R","B","M","M","?","$","R","M","R","$","?","B",null],"character_chosen":"THE_FORSAKEN","items_purchased":["conspire:Banana","theForsaken:BountifulSunlight+1","theForsaken:Purification","theForsaken:ShieldBash","Medical Kit"],"campfire_rested":2,"item_purchase_floors":[2,14,37,39,58],"current_hp_per_floor":[63,63,63,63,66,66,64,57,57,45,51,51,53,68,68,27,68,86,86,86,93,97,104,104,56,61,111,111,111,119,120,120,128,128,132,132,132,140,155,158,158,156,156,116,153,168,150,174,174,174,157,184,184,184,184,146,188,188,188,192],"gold":95,"neow_bonus":"BOSS_RELIC","is_daily":false,"chose_seed":false,"campfire_upgraded":5,"win_rate":0.0,"timestamp":1608051280,"path_taken":["M","$","?","?","M","R","E","?","T","E","?","?","E","$","R","BOSS","M","?","M","?","M","E","R","E","T","R","?","R","?","?","R_BF","BOSS","M","?","$","M","$","?","R","E","T","?","M","E","M","E","R","BOSS","M","M","?","$","R","M","R","$","?","BOSS"],"items_purchased_type":["Card","Card","Card","Card","Relic"],"build_version":"2020-12-13","purchased_purges":5,"victory":true,"max_hp_per_floor":[65,65,65,65,66,66,67,67,67,78,79,79,80,80,80,82,82,86,86,90,94,100,104,104,112,117,117,117,117,119,123,123,128,128,132,132,132,156,156,158,158,162,162,162,164,168,170,174,174,176,180,184,184,184,184,188,188,188,188,192],"relic_stats":{"Regal Pillow":15,"Nunchaku":[23],"Gremlin Horn":[30,32],"counters":[29,218],"Snecko Eye":[197,184,203,183],"MealTicket":30,"Smiling Mask":350,"Medical Kit":[4],"obtain_stats":[{"Girya":7,"Divine Protection":25,"Regal Pillow":9,"paleoftheancients:KeyRelic":50,"Pear":10,"Gremlin Horn":50,"StuffTheSpire:Wildfire":42,"energizedSpire:OgreHead":34,"StuffTheSpire:GrapeVine":44,"Smiling Mask":23,"Medical Kit":58,"aspiration:FrozenJewel":13,"Sandwich":0,"paleoftheancients:Timepiece":50,"Nunchaku":48,"Snecko Eye":17,"MealTicket":12,"CultistMask":50,"Durian":26,"Toxic Egg 2":4,"theForsaken:JudgementScales":0,"StuffTheSpire:OldFever":46,"paleoftheancients:SoulOfTheIroncluck":51},{"Girya":3,"Divine Protection":13,"Regal Pillow":3,"paleoftheancients:KeyRelic":25,"Pear":4,"Gremlin Horn":25,"StuffTheSpire:Wildfire":20,"energizedSpire:OgreHead":16,"StuffTheSpire:GrapeVine":20,"Smiling Mask":12,"Medical Kit":28,"aspiration:FrozenJewel":6,"Sandwich":0,"paleoftheancients:Timepiece":25,"Nunchaku":24,"Snecko Eye":7,"MealTicket":5,"CultistMask":25,"Durian":13,"Toxic Egg 2":1,"theForsaken:JudgementScales":0,"StuffTheSpire:OldFever":22,"paleoftheancients:SoulOfTheIroncluck":26},{"Girya":15,"Divine Protection":85,"Regal Pillow":15,"paleoftheancients:KeyRelic":183,"Pear":20,"Gremlin Horn":183,"StuffTheSpire:Wildfire":147,"energizedSpire:OgreHead":116,"StuffTheSpire:GrapeVine":147,"Smiling Mask":78,"Medical Kit":210,"aspiration:FrozenJewel":29,"Sandwich":0,"paleoftheancients:Timepiece":183,"Nunchaku":171,"Snecko Eye":41,"MealTicket":24,"CultistMask":183,"Durian":85,"Toxic Egg 2":6,"theForsaken:JudgementScales":0,"StuffTheSpire:OldFever":159,"paleoftheancients:SoulOfTheIroncluck":192}]},"card_choices":[{"not_picked":["theForsaken:PowerUp","theForsaken:ScorchingSunlight","theForsaken:FatRoll"],"picked":"SKIP","floor":1},{"not_picked":["theForsaken:Enfeeble","theForsaken:Backlash+1"],"picked":"theForsaken:HymnOfPatience+1","floor":5},{"not_picked":["theForsaken:DarkBarrier+1","theForsaken:BlessedWeapon+1","theForsaken:QuickAttack"],"picked":"SKIP","floor":7},{"not_picked":["theForsaken:RainingSunlight","theForsaken:BlightOfFamine+1","theForsaken:SacrificeSoul"],"picked":"SKIP","floor":10},{"not_picked":["theForsaken:Thunderbolt","theForsaken:WordOfPower","theForsaken:ChargeAttack"],"picked":"SKIP","floor":11},{"not_picked":["theForsaken:LightRoll+1","theForsaken:RainingSunlight"],"picked":"theForsaken:DefensiveStance","floor":13},{"not_picked":["theForsaken:CorruptDeck","theForsaken:DivineGuidance+1"],"picked":"theForsaken:FountainOfLife","floor":16},{"not_picked":["theForsaken:WordOfPower","theForsaken:Preservation+1"],"picked":"theForsaken:NobleSacrifice+1","floor":18},{"not_picked":["theForsaken:Preservation+1","theForsaken:RainingSunlight","theForsaken:ShieldCharge"],"picked":"SKIP","floor":20},{"not_picked":["theForsaken:Devotion+1","theForsaken:Parry+1"],"picked":"theForsaken:HymnOfPatience+1","floor":21},{"not_picked":["theForsaken:HealingLight+1","theForsaken:RainingSunlight","theForsaken:PanicDive+1"],"picked":"SKIP","floor":22},{"not_picked":["theForsaken:SpreadingPlague","theForsaken:CreepingInfection+1"],"picked":"theForsaken:StoreUp+1","floor":23},{"not_picked":["theForsaken:QuickAttack","theForsaken:Backlash+1","theForsaken:Preservation+1"],"picked":"SKIP","floor":25},{"not_picked":["theForsaken:PreciseStrike","theForsaken:HymnOfPatience+1"],"picked":"theForsaken:NobleSacrifice+1","floor":30},{"not_picked":["theForsaken:ShieldBash","theForsaken:PanicDive+1"],"picked":"theForsaken:DarkBargain","floor":31},{"not_picked":["theForsaken:SacrificeSoul","theForsaken:Mantra+1"],"picked":"theForsaken:Purification","floor":33},{"not_picked":["theForsaken:RainingSunlight","theForsaken:BattleHymn+1","theForsaken:Backlash+1"],"picked":"SKIP","floor":35},{"not_picked":["theForsaken:WordOfPower","theForsaken:ChargeAttack","theForsaken:BlindFaith+1"],"picked":"SKIP","floor":38},{"not_picked":["theForsaken:SiphonStrike","theForsaken:BindingThorns+1","theForsaken:InspiringBlow"],"picked":"SKIP","floor":40},{"not_picked":["theForsaken:Mantra+1","theForsaken:InspiringBlow+1"],"picked":"theForsaken:BountifulSunlight+1","floor":42},{"not_picked":["theForsaken:DarkBarrier+1","theForsaken:Eulogy+1","theForsaken:CleansingLight+1"],"picked":"SKIP","floor":45},{"not_picked":["theForsaken:DarkBargain","theForsaken:CreepingInfection+1","theForsaken:FatRoll+1"],"picked":"SKIP","floor":46},{"not_picked":["theForsaken:PanicDive+1","theForsaken:CreepingInfection+1","theForsaken:WordsOfMight"],"picked":"SKIP","floor":47},{"not_picked":["theForsaken:Retribution+1","theForsaken:WordsOfMight","theForsaken:InspiringBlow"],"picked":"SKIP","floor":48},{"not_picked":["theForsaken:RainingSunlight","theForsaken:ChargeAttack"],"picked":"theForsaken:StoreUp+1","floor":51},{"not_picked":["theForsaken:ShieldCharge","theForsaken:Terrorize+1","theForsaken:HorrifyingStrike+1"],"picked":"SKIP","floor":52},{"not_picked":["theForsaken:QuickAttack","theForsaken:ScorchingSunlight","theForsaken:RainingSunlight"],"picked":"SKIP","floor":56}],"player_experience":1681897,"relics_obtained":[{"floor":7,"key":"Girya"},{"floor":9,"key":"Regal Pillow"},{"floor":10,"key":"Pear"},{"floor":13,"key":"aspiration:FrozenJewel"},{"floor":23,"key":"Smiling Mask"},{"floor":25,"key":"Divine Protection"},{"floor":26,"key":"Durian"},{"floor":42,"key":"StuffTheSpire:Wildfire"},{"floor":44,"key":"StuffTheSpire:GrapeVine"},{"floor":46,"key":"StuffTheSpire:OldFever"},{"floor":48,"key":"Nunchaku"},{"floor":51,"key":"paleoftheancients:SoulOfTheIroncluck"}],"event_choices":[{"damage_healed":0,"gold_gain":0,"player_choice":"Bet on Murderer","damage_taken":0,"max_hp_gain":0,"max_hp_loss":0,"event_name":"The Joust","floor":19,"gold_loss":50},{"damage_healed":0,"gold_gain":0,"player_choice":"1 cards matched","damage_taken":0,"max_hp_gain":0,"max_hp_loss":0,"event_name":"Match and Keep!","floor":28,"gold_loss":0,"cards_obtained":["theForsaken:Smite"]},{"damage_healed":0,"gold_gain":0,"cards_transformed":["theForsaken:TheForsaken_Strike"],"player_choice":"Transformed","damage_taken":0,"max_hp_gain":0,"max_hp_loss":0,"event_name":"Transmorgrifier","floor":36,"gold_loss":0,"cards_obtained":["theForsaken:PowerUp"]},{"damage_healed":0,"gold_gain":0,"player_choice":"Got Potions","damage_taken":0,"max_hp_gain":0,"max_hp_loss":0,"event_name":"Lab","floor":53,"gold_loss":0}],"is_beta":false,"boss_relics":[{"not_picked":["conspire:SlowCooker","Honey Jar"],"picked":"Snecko Eye"},{"not_picked":["StuffTheSpire:RunicConfusion","Kintsugi"],"picked":"energizedSpire:OgreHead"}],"items_purged_floors":[14,37,39,54,58],"is_endless":false,"potions_floor_spawned":[10,13,18,20,23,30,40,42,45,48,51,56],"ascension_level":13}}