{"host":"3c27c697js19kaoo","time":1608023048,"event":{"mods":["BaseMod","Dota2Spire","Hermit","Minty Spire (QoL Compilation)","Quick Restart","Remilia£®¿Ÿ√◊¿Ú—«£©","Spicy Shops","StSLib","The Alterego","The Cursed","The Servant 0.9.4","°æ“≈ŒÔø®≈∆°øREMEMod"],"gold_per_floor":[115,65,65,136,151,151,176,176,176,52,65,65,100,118,118,218,218,234,43,43,43,56,56,13,28,54,54,54,154,154,69,69,164,164,177,177,189,189,201,201,251,9,64,89,104,134,150,150,150,150],"floor_reached":51,"playtime":2117,"items_purged":[],"score":734,"play_id":"01b82c41-604e-4c82-8a02-6e7aba4bbccb","local_time":"20201215170408","is_ascension_mode":false,"campfire_choices":[{"data":"hermit:CursedWeapon","floor":6.0,"key":"SMITH"},{"data":"hermit:Deadeye","floor":8.0,"key":"SMITH"},{"floor":15.0,"key":"REST"},{"data":"hermit:Shortfuse","floor":23.0,"key":"SMITH"},{"floor":32.0,"key":"REST"},{"data":"hermit:Snapshot","floor":40.0,"key":"SMITH"},{"floor":49,"key":"REST"}],"circlet_count":0,"master_deck":["hermit:Strike_Hermit+1","hermit:Strike_Hermit+1","hermit:Strike_Hermit+1","hermit:Strike_Hermit+1","hermit:Defend_Hermit+1","hermit:Defend_Hermit+1","hermit:Defend_Hermit+1","hermit:Defend_Hermit+1","hermit:Snapshot+1","ForecastOfChange+1","hermit:CursedWeapon+1","hermit:ItchyTrigger","hermit:Deadeye+1","hermit:Reprieve+1","hermit:GhostlyPresence+1","hermit:Determination+1","hermit:Shortfuse+1","hermit:Enervate","hermit:Determination+1","Writhe","hermit:OverwhelmingPower+1","hermit:FullyLoaded+1","Clumsy","hermit:EyeOfTheStorm+1"],"relics":["hermit:ClaspedLocket","REME_ComplimentaryCards","Lizard Tail","Shuriken","Toxic Egg 2","Frozen Egg 2","REME_PuzzleBoxRelic","hermit:RedScarf","Cursed Key","Enchiridion","Dota2Spire:BladeMail","Dota2Spire:Satanic","Dota2Spire:AghanimScepter","MutagenicStrength","hermit:Horseshoe","TungstenRod","Gremlin Horn","Dota2Spire:MaskOfMadness","Omamori","Vajra"],"acts_visited":["Exordium","TheCity","TheBeyond"],"potions_floor_usage":[],"damage_taken":[{"damage":0.0,"enemies":"Cultist","floor":1.0,"turns":3.0},{"damage":3.0,"enemies":"Small Slimes","floor":5.0,"turns":3.0},{"damage":23.0,"enemies":"3 Sentries","floor":7.0,"turns":7.0},{"damage":8.0,"enemies":"Jaw Worm","floor":11.0,"turns":3.0},{"damage":10.0,"enemies":"Lagavulin","floor":13.0,"turns":3.0},{"damage":2.0,"enemies":"2 Fungi Beasts","floor":14.0,"turns":2.0},{"damage":21.0,"enemies":"Hexaghost","floor":16.0,"turns":6.0},{"damage":14.0,"enemies":"Shell Parasite","floor":18.0,"turns":3.0},{"damage":3.0,"enemies":"2 Thieves","floor":22.0,"turns":3.0},{"damage":34.0,"enemies":"Snake Plant","floor":25.0,"turns":3.0},{"damage":0.0,"enemies":"Colosseum Slavers","floor":29.0,"turns":2.0},{"damage":2.0,"enemies":"Colosseum Nobs","floor":29.0,"turns":3.0},{"damage":30.0,"enemies":"Collector","floor":33.0,"turns":7.0},{"damage":26.0,"enemies":"3 Shapes","floor":35.0,"turns":2.0},{"damage":4.0,"enemies":"3 Darklings","floor":37.0,"turns":4.0},{"damage":5.0,"enemies":"Jaw Worm Horde","floor":39.0,"turns":3.0},{"damage":4.0,"enemies":"Mind Bloom Boss Battle","floor":41.0,"turns":3.0},{"damage":19.0,"enemies":"Giant Head","floor":44.0,"turns":5.0},{"damage":10.0,"enemies":"Writhing Mass","floor":45.0,"turns":4.0},{"damage":10.0,"enemies":"Reptomancer","floor":46.0,"turns":3.0},{"damage":8,"enemies":"Transient","floor":47,"turns":5},{"damage":54,"enemies":"Time Eater","floor":50,"turns":6}],"seed_played":"-4579147930950210577","potions_obtained":[{"floor":1.0,"key":"hermit:Tonic"},{"floor":7.0,"key":"Block Potion"},{"floor":14.0,"key":"BlessingOfTheForge"},{"floor":16.0,"key":"Block Potion"},{"floor":18.0,"key":"LiquidBronze"},{"floor":25.0,"key":"ColorlessPotion"},{"floor":41.0,"key":"Energy Potion"},{"floor":46.0,"key":"Explosive Potion"},{"floor":47,"key":"Strength Potion"}],"is_trial":false,"path_per_floor":["M","$","?","?","M","R","E","R","T","$","M","?","E","M","R","B",null,"M","$","?","?","M","R","$","M","T","$","?","?","?","?","R","B",null,"M","?","M","?","M","R","?","$","T","E","M","E","M","$","R","B",null],"character_chosen":"HERMIT","items_purchased":["hermit:ItchyTrigger","Frozen Egg 2","hermit:Determination+1","hermit:Shortfuse","hermit:Enervate","hermit:Determination+1","Gremlin Horn"],"campfire_rested":3,"item_purchase_floors":[2,10,19,19,19,24,42],"current_hp_per_floor":[75,75,72,72,69,69,55,55,55,55,47,47,37,35,57,36,75,61,61,45,45,42,42,42,12,12,12,12,10,10,10,32,37,75,49,49,45,45,40,40,43,43,43,25,15,41,39,39,62,51],"gold":150,"neow_bonus":"UPGRADE_CARD","is_daily":false,"chose_seed":false,"campfire_upgraded":4,"win_rate":0.0,"timestamp":1608023048,"path_taken":["M","?","?","?","M","R","E","R","T","$","M","?","E","?","R","BOSS","M","$","?","?","M","R","?","M","T","$","?","?","?","?","R","BOSS","M","?","M","?","?","R","?","$","T","E","M","E","M","?","R","BOSS"],"items_purchased_type":["Card","Relic","Card","Card","Card","Card","Relic"],"build_version":"2020-12-13","purchased_purges":0,"victory":true,"max_hp_per_floor":[75,75,75,75,75,75,75,75,75,75,75,75,75,75,75,75,75,75,75,75,75,75,75,75,75,75,75,75,75,75,75,75,75,75,75,75,75,75,75,75,75,75,75,75,75,75,77,77,77,77],"card_choices":[{"not_picked":["hermit:NoHoldsBarred","hermit:BodyArmor"],"picked":"hermit:CursedWeapon","floor":1.0},{"not_picked":["hermit:Combo","hermit:HoleUp"],"picked":"hermit:Deadeye","floor":5.0},{"not_picked":["hermit:FullyLoaded","hermit:HoleUp","hermit:Roulette"],"picked":"SKIP","floor":7.0},{"not_picked":["hermit:BodyArmor+1","hermit:CursedWeapon","hermit:Headshot"],"picked":"SKIP","floor":11.0},{"not_picked":["hermit:Desperado","hermit:Roulette","hermit:Manifest+1"],"picked":"SKIP","floor":13.0},{"not_picked":["hermit:Midnight+1","hermit:Headshot","hermit:Feint+1"],"picked":"SKIP","floor":14.0},{"not_picked":["hermit:BlackWind","hermit:FatalDesire+1"],"picked":"hermit:Reprieve+1","floor":16.0},{"not_picked":["hermit:Shortfuse","hermit:CalledShot+1"],"picked":"hermit:GhostlyPresence+1","floor":18.0},{"not_picked":["hermit:Manifest+1","hermit:FullyLoaded+1","hermit:Misfire"],"picked":"SKIP","floor":22.0},{"not_picked":["hermit:Grudge","hermit:FullyLoaded+1","hermit:Vantage+1"],"picked":"SKIP","floor":25.0},{"not_picked":["hermit:Dissolve+1","hermit:EternalForm+1"],"picked":"hermit:OverwhelmingPower+1","floor":33.0},{"not_picked":["hermit:LowProfile+1","hermit:WideOpen+1","hermit:HighCaliber+1"],"picked":"SKIP","floor":35.0},{"not_picked":["hermit:Grudge","hermit:Brawl+1","hermit:Determination+1"],"picked":"SKIP","floor":37.0},{"not_picked":["hermit:Headshot+1","hermit:Desperado+1","hermit:Shortfuse+1"],"picked":"SKIP","floor":39.0},{"not_picked":["hermit:HeroicBravado+1","hermit:Headshot","hermit:NoHoldsBarred+1"],"picked":"SKIP","floor":44.0},{"not_picked":["hermit:ItchyTrigger","hermit:Feint+1","hermit:BigShot+1"],"picked":"SKIP","floor":45.0},{"not_picked":["hermit:TakeCover+1","hermit:Gestalt+1"],"picked":"hermit:EyeOfTheStorm+1","floor":46.0},{"not_picked":["hermit:Virtue+1","hermit:BigShot+1","hermit:Glare+1","hermit:Misfire+1"],"picked":"SKIP","floor":47}],"player_experience":117432,"relics_obtained":[{"floor":7.0,"key":"Shuriken"},{"floor":9.0,"key":"Toxic Egg 2"},{"floor":13.0,"key":"hermit:RedScarf"},{"floor":20.0,"key":"Enchiridion"},{"floor":26.0,"key":"Dota2Spire:BladeMail"},{"floor":29.0,"key":"Dota2Spire:Satanic"},{"floor":29.0,"key":"Dota2Spire:AghanimScepter"},{"floor":41.0,"key":"TungstenRod"},{"floor":43.0,"key":"Dota2Spire:MaskOfMadness"},{"floor":44.0,"key":"Omamori"},{"floor":46.0,"key":"Vajra"}],"event_choices":[{"damage_healed":0.0,"max_hp_gain":0.0,"max_hp_loss":0.0,"gold_gain":0.0,"event_name":"Scrap Ooze","player_choice":"Success","floor":3.0,"gold_loss":0.0,"damage_taken":3.0,"relics_obtained":["Lizard Tail"]},{"damage_healed":0.0,"max_hp_gain":0.0,"max_hp_loss":0.0,"gold_gain":71.0,"event_name":"Golden Wing","player_choice":"Gained Gold","floor":4.0,"gold_loss":0.0,"damage_taken":0.0},{"damage_healed":0.0,"max_hp_gain":0.0,"max_hp_loss":0.0,"gold_gain":0.0,"event_name":"WeMeetAgain","player_choice":"Gave Potion","floor":12.0,"gold_loss":0.0,"damage_taken":0.0,"relics_obtained":["REME_PuzzleBoxRelic"]},{"damage_healed":0.0,"max_hp_gain":0.0,"max_hp_loss":0.0,"gold_gain":0.0,"event_name":"Cursed Tome","player_choice":"Obtained Book","floor":20.0,"gold_loss":0.0,"damage_taken":16.0},{"damage_healed":0.0,"max_hp_gain":0.0,"max_hp_loss":0.0,"gold_gain":0.0,"event_name":"Ghosts","player_choice":"Ignored","floor":21.0,"gold_loss":0.0,"damage_taken":0.0},{"damage_healed":0.0,"max_hp_gain":0.0,"max_hp_loss":0.0,"gold_gain":0.0,"event_name":"Back to Basics","player_choice":"Simplicity","floor":28.0,"gold_loss":0.0,"damage_taken":0.0,"cards_upgraded":["hermit:Strike_Hermit","hermit:Strike_Hermit","hermit:Strike_Hermit","hermit:Strike_Hermit","hermit:Defend_Hermit","hermit:Defend_Hermit","hermit:Defend_Hermit","hermit:Defend_Hermit"]},{"damage_healed":0.0,"max_hp_gain":0.0,"max_hp_loss":0.0,"gold_gain":0.0,"event_name":"Colosseum","player_choice":"Fight","floor":29.0,"gold_loss":0.0,"damage_taken":0.0},{"damage_healed":0.0,"max_hp_gain":0.0,"max_hp_loss":0.0,"gold_gain":0.0,"event_name":"Colosseum","player_choice":"Fought Nobs","floor":29.0,"gold_loss":0.0,"damage_taken":0.0},{"damage_healed":0.0,"max_hp_gain":0.0,"max_hp_loss":0.0,"gold_gain":0.0,"event_name":"Drug Dealer","player_choice":"Inject Mutagens","floor":30.0,"gold_loss":0.0,"damage_taken":0.0,"relics_obtained":["MutagenicStrength"]},{"damage_healed":0.0,"max_hp_gain":0.0,"max_hp_loss":0.0,"gold_gain":0.0,"event_name":"Addict","player_choice":"Obtained Relic","floor":31.0,"gold_loss":85.0,"damage_taken":0.0,"relics_obtained":["hermit:Horseshoe"]},{"damage_healed":0.0,"max_hp_gain":0.0,"max_hp_loss":0.0,"gold_gain":0.0,"event_name":"Tomb of Lord Red Mask","player_choice":"Ignored","floor":36.0,"gold_loss":0.0,"damage_taken":0.0},{"damage_healed":0.0,"max_hp_gain":0.0,"max_hp_loss":0.0,"gold_gain":0.0,"cards_transformed":["hermit:Covet"],"event_name":"Transmorgrifier","player_choice":"Transformed","floor":38.0,"gold_loss":0.0,"damage_taken":0.0,"cards_obtained":["hermit:FullyLoaded"]},{"damage_healed":0.0,"max_hp_gain":0.0,"max_hp_loss":0.0,"gold_gain":0.0,"event_name":"MindBloom","player_choice":"Fight","floor":41.0,"gold_loss":0.0,"damage_taken":0.0}],"is_beta":false,"boss_relics":[{"not_picked":["SlaversCollar","Sozu"],"picked":"Cursed Key"},{"not_picked":["Black Star","Calling Bell"],"picked":"hermit:ClaspedLocket"}],"items_purged_floors":[],"is_endless":false,"potions_floor_spawned":[1,7,14,16,18,25,29,41,46,47],"ascension_level":0}}