{"host":"63jn9lre6xij8k68","time":1608043301,"event":{"mods":["AchievementEnabler","BaseMod","Colored Map","DeckTracker","Minty Spire (QoL Compilation)","StSLib","SuperFastMode"],"gold_per_floor":[119,47,122,136,136,177,177,195,195,195,236,257,257,270,270,389,452,475,390,390,385,385,385,385,385],"floor_reached":24,"playtime":522,"items_purged":[],"score":286,"play_id":"85385bba-d216-4839-827c-386c579e85a3","local_time":"20201215234141","is_ascension_mode":true,"campfire_choices":[{"data":"Second Wind","floor":7,"key":"SMITH"},{"data":"Shrug It Off","floor":10,"key":"SMITH"},{"floor":15,"key":"REST"},{"floor":23,"key":"REST"}],"circlet_count":0,"master_deck":["Strike_R","Strike_R","Strike_R","Strike_R","Strike_R","Defend_R+1","Defend_R","Defend_R","Defend_R","Bash","Seeing Red","Second Wind+1","Fire Breathing","Shrug It Off+1","Immolate","Uppercut","Bludgeon","True Grit","Headbutt+1","Impervious"],"relics":["Burning Blood","NeowsBlessing","Golden Idol","Darkstone Periapt","Pantograph","Dream Catcher","Tiny House","Matryoshka","Nilry\u0027s Codex"],"acts_visited":["Exordium","TheCity"],"potions_floor_usage":[11,16,24],"damage_taken":[{"damage":0,"enemies":"Cultist","floor":1,"turns":1},{"damage":0,"enemies":"Jaw Worm","floor":4,"turns":1},{"damage":5,"enemies":"3 Sentries","floor":6,"turns":2},{"damage":10,"enemies":"Small Slimes","floor":8,"turns":4},{"damage":29,"enemies":"Lagavulin","floor":11,"turns":6},{"damage":18,"enemies":"Exordium Wildlife","floor":12,"turns":7},{"damage":0,"enemies":"Looter","floor":14,"turns":3},{"damage":61,"enemies":"The Guardian","floor":16,"turns":10},{"damage":48,"enemies":"3 Byrds","floor":18,"turns":7},{"damage":33,"enemies":"2 Thieves","floor":21,"turns":4},{"damage":42,"enemies":"Masked Bandits","floor":24,"turns":3}],"seed_played":"-7231246485069568894","potions_obtained":[{"floor":1,"key":"Dexterity Potion"},{"floor":8,"key":"AttackPotion"},{"floor":12,"key":"FearPotion"},{"floor":16,"key":"BlessingOfTheForge"},{"floor":17,"key":"EntropicBrew"}],"is_trial":false,"path_per_floor":["M","$","?","M","?","E","R","M","T","R","E","M","?","M","R","B",null,"M","?","?","M","?","R","?"],"character_chosen":"IRONCLAD","items_purchased":["Second Wind"],"campfire_rested":2,"item_purchase_floors":[2],"current_hp_per_floor":[78,78,67,73,73,74,74,70,70,70,47,35,28,34,58,25,71,29,29,57,30,14,39,0,0],"gold":385,"neow_bonus":"THREE_ENEMY_KILL","is_daily":false,"chose_seed":false,"campfire_upgraded":2,"win_rate":0.0,"timestamp":1608043301,"path_taken":["M","$","?","M","?","E","R","M","T","R","E","M","?","M","R","BOSS","M","?","?","M","?","R","?"],"items_purchased_type":["Card"],"build_version":"2020-12-13","purchased_purges":0,"victory":false,"max_hp_per_floor":[80,80,80,80,80,80,80,80,80,80,80,80,80,80,80,80,85,85,85,85,85,85,85,85,85],"card_choices":[{"not_picked":["Pommel Strike","Anger"],"picked":"Seeing Red","floor":1},{"not_picked":["Blood for Blood","Rupture"],"picked":"Fire Breathing","floor":4},{"not_picked":["Fire Breathing","Clothesline","Clash"],"picked":"SKIP","floor":6},{"not_picked":["Corruption","Twin Strike"],"picked":"Shrug It Off","floor":8},{"not_picked":["Combust","Heavy Blade","Perfected Strike"],"picked":"SKIP","floor":11},{"not_picked":["Twin Strike","Wild Strike"],"picked":"Immolate","floor":12},{"not_picked":["Anger","Flex","Havoc"],"picked":"SKIP","floor":14},{"not_picked":["Clothesline","Rupture"],"picked":"Uppercut","floor":15},{"not_picked":["Limit Break","Corruption"],"picked":"Bludgeon","floor":16},{"not_picked":["Flex","Dark Embrace"],"picked":"True Grit","floor":17},{"not_picked":["Entrench","Reckless Charge"],"picked":"Headbutt+1","floor":18},{"not_picked":["Havoc","Sword Boomerang"],"picked":"Impervious","floor":21}],"player_experience":99218,"relics_obtained":[{"floor":6,"key":"Darkstone Periapt"},{"floor":9,"key":"Pantograph"},{"floor":11,"key":"Dream Catcher"},{"floor":22,"key":"Nilry\u0027s Codex"}],"event_choices":[{"damage_healed":0,"gold_gain":75,"player_choice":"Gather Gold","damage_taken":11,"max_hp_gain":0,"max_hp_loss":0,"event_name":"World of Goop","floor":3,"gold_loss":0},{"damage_healed":0,"gold_gain":0,"player_choice":"Take Wound","damage_taken":0,"relics_obtained":["Golden Idol"],"max_hp_gain":0,"max_hp_loss":0,"event_name":"Golden Idol","floor":5,"gold_loss":0,"cards_obtained":["Injury"]},{"cards_removed":["Injury"],"damage_healed":0,"gold_gain":0,"player_choice":"Card Removal","damage_taken":7,"max_hp_gain":0,"max_hp_loss":0,"event_name":"Golden Wing","floor":13,"gold_loss":0},{"damage_healed":0,"gold_gain":0,"player_choice":"Obtained Relic","damage_taken":0,"relics_obtained":["Matryoshka"],"max_hp_gain":0,"max_hp_loss":0,"event_name":"Addict","floor":19,"gold_loss":85},{"damage_healed":28,"gold_gain":0,"player_choice":"Heal","damage_taken":0,"max_hp_gain":0,"max_hp_loss":0,"event_name":"The Library","floor":20,"gold_loss":0},{"damage_healed":0,"gold_gain":0,"player_choice":"Obtained Book","damage_taken":16,"max_hp_gain":0,"max_hp_loss":0,"event_name":"Cursed Tome","floor":22,"gold_loss":0},{"damage_healed":0,"gold_gain":0,"player_choice":"Fought Bandits","damage_taken":0,"max_hp_gain":0,"max_hp_loss":0,"event_name":"Masked Bandits","floor":24,"gold_loss":0}],"is_beta":false,"boss_relics":[{"not_picked":["Snecko Eye","Runic Cube"],"picked":"Tiny House"}],"items_purged_floors":[],"is_endless":false,"potions_floor_spawned":[1,8,12,16],"killed_by":"Masked Bandits","ascension_level":8}}