{"host":"7gewg82ormp6yt4e","time":1608039971,"event":{"mods":["BaseMod","Block Reminder","Colored Map","Colored Powertips","DeckTracker","Highlight Path","Minty Spire (QoL Compilation)","Relic Stats","StSLib"],"gold_per_floor":[112,44,59,73,92,92,124,138,138,138,29,48,48,82,82,155,155,155,155,155,37,49,83,8,8,8,43,43,1,34,34,34,113,113,126,151,121,139,139,171,171,204,280,314,45,45,60,71,71,71,71,71],"floor_reached":51,"playtime":3216,"items_purged":["Strike_G"],"score":1587,"play_id":"655155c3-5384-4371-b50c-36b91a7b7bb9","local_time":"20201215224611","is_ascension_mode":true,"campfire_choices":[{"data":"Poisoned Stab","floor":6.0,"key":"SMITH"},{"data":"Well Laid Plans","floor":10.0,"key":"SMITH"},{"floor":13.0,"key":"REST"},{"data":"Neutralize","floor":15.0,"key":"SMITH"},{"floor":25.0,"key":"REST"},{"data":"Adrenaline","floor":28.0,"key":"SMITH"},{"data":"Catalyst","floor":32,"key":"SMITH"},{"floor":41,"key":"REST"},{"floor":46,"key":"RECALL"},{"data":"Apotheosis","floor":49,"key":"SMITH"}],"circlet_count":0,"master_deck":["AscendersBane","Defend_G","Defend_G","Defend_G","Defend_G","Defend_G","Survivor","Neutralize+1","Poisoned Stab+1","Poisoned Stab+1","Flying Knee+1","Flying Knee+1","Well Laid Plans+1","Dash+1","PiercingWail","Poisoned Stab+1","Dagger Spray+1","Corpse Explosion","Sucker Punch+1","Tactician","Dash+1","Acrobatics","Adrenaline+1","Slice+1","Catalyst+1","Finisher+1","Tools of the Trade","Dagger Throw+1","Outmaneuver","Eviscerate+1","Caltrops+1","Terror+1","Cloak And Dagger+1","Apotheosis+1","PiercingWail","PiercingWail+1","Flechettes+1"],"relics":["Ring of the Snake","Regal Pillow","Molten Egg 2","Orichalcum","Bottled Tornado","Ginger","SlaversCollar","Shuriken","Ninja Scroll","Red Mask","Eternal Feather","Runic Pyramid","Pocketwatch","Shovel","Gremlin Horn","Mercury Hourglass"],"acts_visited":["Exordium","TheCity","TheBeyond"],"potions_floor_usage":[42,48,50,50],"damage_taken":[{"damage":0.0,"enemies":"2 Louse","floor":1.0,"turns":4.0},{"damage":4.0,"enemies":"Cultist","floor":3.0,"turns":4.0},{"damage":3.0,"enemies":"Small Slimes","floor":4.0,"turns":4.0},{"damage":0.0,"enemies":"3 Louse","floor":5.0,"turns":3.0},{"damage":20.0,"enemies":"Lagavulin","floor":7.0,"turns":4.0},{"damage":5.0,"enemies":"Blue Slaver","floor":8.0,"turns":3.0},{"damage":3.0,"enemies":"Looter","floor":12.0,"turns":3.0},{"damage":9.0,"enemies":"3 Sentries","floor":14.0,"turns":6.0},{"damage":0.0,"enemies":"Hexaghost","floor":16.0,"turns":9.0},{"damage":0.0,"enemies":"Shell Parasite","floor":18.0,"turns":1.0},{"damage":7.0,"enemies":"3 Byrds","floor":22.0,"turns":4.0},{"damage":17.0,"enemies":"Book of Stabbing","floor":23.0,"turns":5.0},{"damage":0.0,"enemies":"Masked Bandits","floor":27.0,"turns":1.0},{"damage":21.0,"enemies":"Slavers","floor":30.0,"turns":3.0},{"damage":0.0,"enemies":"Snake Plant","floor":31.0,"turns":1.0},{"damage":25,"enemies":"Collector","floor":33,"turns":8},{"damage":0,"enemies":"3 Shapes","floor":35,"turns":6},{"damage":0,"enemies":"Mind Bloom Boss Battle","floor":36,"turns":4},{"damage":0,"enemies":"Orb Walker","floor":38,"turns":1},{"damage":45,"enemies":"Nemesis","floor":40,"turns":7},{"damage":28,"enemies":"Reptomancer","floor":42,"turns":5},{"damage":24,"enemies":"Giant Head","floor":44,"turns":5},{"damage":5,"enemies":"3 Darklings","floor":47,"turns":3},{"damage":0,"enemies":"Spire Growth","floor":48,"turns":4},{"damage":36,"enemies":"Time Eater","floor":50,"turns":8},{"damage":31,"enemies":"Awakened One","floor":51,"turns":8}],"seed_played":"-6704617907378333925","potions_obtained":[{"floor":4.0,"key":"LiquidMemories"},{"floor":5.0,"key":"SmokeBomb"},{"floor":14.0,"key":"SteroidPotion"},{"floor":16.0,"key":"DuplicationPotion"},{"floor":23.0,"key":"SmokeBomb"},{"floor":37,"key":"CunningPotion"},{"floor":37,"key":"Ancient Potion"},{"floor":44,"key":"GamblersBrew"},{"floor":48,"key":"FearPotion"}],"is_trial":false,"path_per_floor":["M","?","M","M","M","R","E","M","T","R","$","M","R","E","R","B",null,"M","?","?","$","M","E","?","R","T","?","R","$","E","M","R","B",null,"M","?","?","M","?","E","R","E","T","E","$","R","M","M","R","B","B"],"character_chosen":"THE_SILENT","items_purchased":["PiercingWail","Poisoned Stab+1","Dash+1","Catalyst","Apotheosis","PiercingWail"],"campfire_rested":3,"item_purchase_floors":[11,11,21,29,45,45],"current_hp_per_floor":[59,59,55,52,52,52,32,27,27,27,27,24,58,49,49,49,62,62,62,44,44,37,20,20,56,56,56,56,56,35,35,50,25,60,60,60,60,60,60,15,69,41,41,17,17,38,33,33,54,18,0,0],"gold":71,"neow_bonus":"RANDOM_COMMON_RELIC","is_daily":false,"chose_seed":false,"campfire_upgraded":6,"win_rate":0.0,"timestamp":1608039971,"path_taken":["M","?","M","?","M","R","E","M","T","R","$","M","R","E","R","BOSS","M","?","?","$","M","E","?","R","T","?","R","$","E","M","R","BOSS","M","?","?","?","?","E","R","E","T","E","$","R","?","M","R","BOSS","BOSS"],"items_purchased_type":["Card","Card","Card","Card","Card","Card"],"build_version":"2020-12-13","purchased_purges":1,"victory":false,"max_hp_per_floor":[66,66,66,66,66,66,66,66,66,66,66,66,66,66,66,66,66,66,66,71,71,71,71,71,71,71,71,71,71,71,71,71,71,71,71,71,71,71,71,71,71,71,71,71,71,71,71,71,71,71,71,71],"relic_stats":{"Regal Pillow":45,"Shovel":0,"Gremlin Horn":[3,3],"counters":[26,114],"Shuriken":[48],"Eternal Feather":75,"Ginger":[10],"Orichalcum":[156],"obtain_stats":[{"Regal Pillow":0,"Gremlin Horn":42,"Eternal Feather":30,"Ginger":14,"Orichalcum":7,"Bottled Tornado":9,"Mercury Hourglass":44,"SlaversCollar":17,"Shovel":40,"Shuriken":23,"Ninja Scroll":26,"Molten Egg 2":2,"Red Mask":27,"Ring of the Snake":0,"Runic Pyramid":34,"Pocketwatch":36},{"Regal Pillow":0,"Gremlin Horn":21,"Eternal Feather":14,"Ginger":8,"Orichalcum":5,"Bottled Tornado":6,"Mercury Hourglass":22,"SlaversCollar":9,"Shovel":20,"Shuriken":12,"Ninja Scroll":12,"Molten Egg 2":1,"Red Mask":13,"Ring of the Snake":0,"Runic Pyramid":16,"Pocketwatch":18},{"Regal Pillow":0,"Gremlin Horn":86,"Eternal Feather":54,"Ginger":31,"Orichalcum":19,"Bottled Tornado":22,"Mercury Hourglass":91,"SlaversCollar":40,"Shovel":81,"Shuriken":50,"Ninja Scroll":50,"Molten Egg 2":4,"Red Mask":51,"Ring of the Snake":0,"Runic Pyramid":63,"Pocketwatch":73}],"Ring of the Snake":[52],"Pocketwatch":[3],"Mercury Hourglass":[81]},"card_choices":[{"not_picked":["Bane","Blade Dance"],"picked":"Poisoned Stab","floor":1.0},{"not_picked":["Quick Slash+1","Blade Dance"],"picked":"Poisoned Stab+1","floor":3.0},{"not_picked":["Expertise","Heel Hook+1"],"picked":"Flying Knee+1","floor":4.0},{"not_picked":["Backflip","Storm of Steel"],"picked":"Flying Knee+1","floor":5.0},{"not_picked":["Blade Dance","Calculated Gamble"],"picked":"Well Laid Plans","floor":7.0},{"not_picked":["Outmaneuver","Poisoned Stab+1"],"picked":"Dash+1","floor":8.0},{"not_picked":["Poisoned Stab+1","Outmaneuver"],"picked":"Dagger Spray+1","floor":12.0},{"not_picked":["Dagger Spray+1","Tactician","Quick Slash+1"],"picked":"SKIP","floor":14.0},{"not_picked":["Venomology","Phantasmal Killer"],"picked":"Corpse Explosion","floor":16.0},{"not_picked":["Poisoned Stab+1","Deadly Poison"],"picked":"Acrobatics","floor":22.0},{"not_picked":["Backflip","Underhanded Strike+1"],"picked":"Adrenaline","floor":23.0},{"not_picked":["Infinite Blades","All Out Attack+1"],"picked":"Slice+1","floor":27.0},{"not_picked":["Tactician","Malaise"],"picked":"Finisher+1","floor":30.0},{"not_picked":["Storm of Steel","Malaise"],"picked":"Tools of the Trade","floor":33},{"not_picked":["Cloak And Dagger","Eviscerate+1"],"picked":"Dagger Throw+1","floor":35},{"not_picked":["Eviscerate+1","Slice+1"],"picked":"Outmaneuver","floor":36},{"not_picked":["Deadly Poison","Quick Slash+1","Deflect"],"picked":"SKIP","floor":38},{"not_picked":["Infinite Blades","Envenom"],"picked":"Caltrops+1","floor":40},{"not_picked":["Cloak And Dagger+1","All Out Attack+1"],"picked":"Terror+1","floor":42},{"not_picked":["Poisoned Stab+1","Deadly Poison"],"picked":"Cloak And Dagger+1","floor":44},{"not_picked":["Dagger Spray+1","Poisoned Stab+1"],"picked":"PiercingWail+1","floor":47},{"not_picked":["All Out Attack+1","Blade Dance"],"picked":"Flechettes+1","floor":48}],"player_experience":2366690,"relics_obtained":[{"floor":7.0,"key":"Orichalcum"},{"floor":9.0,"key":"Bottled Tornado"},{"floor":14.0,"key":"Ginger"},{"floor":23.0,"key":"Shuriken"},{"floor":26.0,"key":"Ninja Scroll"},{"floor":27.0,"key":"Red Mask"},{"floor":30.0,"key":"Eternal Feather"},{"floor":36,"key":"Pocketwatch"},{"floor":40,"key":"Shovel"},{"floor":42,"key":"Gremlin Horn"},{"floor":44,"key":"Mercury Hourglass"}],"event_choices":[{"damage_healed":0.0,"max_hp_gain":0.0,"max_hp_loss":0.0,"gold_gain":0.0,"event_name":"WeMeetAgain","player_choice":"Paid Gold","floor":2.0,"gold_loss":68.0,"damage_taken":0.0,"relics_obtained":["Molten Egg 2"]},{"damage_healed":0.0,"max_hp_gain":0.0,"max_hp_loss":0.0,"gold_gain":0.0,"cards_transformed":["Strike_G","Strike_G"],"event_name":"Drug Dealer","player_choice":"Became Test Subject","floor":19.0,"gold_loss":0.0,"damage_taken":0.0,"cards_obtained":["Sucker Punch","Tactician"]},{"damage_healed":0.0,"max_hp_gain":5.0,"max_hp_loss":0.0,"gold_gain":0.0,"event_name":"Forgotten Altar","player_choice":"Shed Blood","floor":20.0,"gold_loss":0.0,"damage_taken":23.0},{"cards_removed":["Strike_G"],"damage_healed":0.0,"max_hp_gain":0.0,"max_hp_loss":0.0,"gold_gain":0.0,"event_name":"Beggar","player_choice":"Gave Gold","floor":24.0,"gold_loss":75.0,"damage_taken":0.0},{"damage_healed":0.0,"max_hp_gain":0.0,"max_hp_loss":0.0,"gold_gain":0.0,"event_name":"Masked Bandits","player_choice":"Fought Bandits","floor":27.0,"gold_loss":0.0,"damage_taken":0.0},{"damage_healed":0,"gold_gain":0,"player_choice":"Fight","damage_taken":0,"max_hp_gain":0,"max_hp_loss":0,"event_name":"MindBloom","floor":36,"gold_loss":0},{"damage_healed":0,"gold_gain":0,"player_choice":"Bought 2 Potions","damage_taken":0,"max_hp_gain":0,"max_hp_loss":0,"event_name":"The Woman in Blue","floor":37,"gold_loss":0},{"damage_healed":0,"gold_gain":0,"cards_transformed":["Strike_G"],"player_choice":"Transformed","damage_taken":0,"max_hp_gain":0,"max_hp_loss":0,"event_name":"Transmorgrifier","floor":39,"gold_loss":0,"cards_obtained":["Eviscerate"]}],"is_beta":false,"boss_relics":[{"not_picked":["Ring of the Serpent","HoveringKite"],"picked":"SlaversCollar"},{"not_picked":["SacredBark","Tiny House"],"picked":"Runic Pyramid"}],"items_purged_floors":[21],"is_endless":false,"potions_floor_spawned":[4,5,14,16,18,23,44,47,48],"killed_by":"Awakened One","ascension_level":20}}