{"host":"njruw0b0uprlitpx","time":1608040461,"event":{"mods":["2.2 Compatiblity","BaseMod","Better Altar","Better Match","Better Note","Better Sensory Stone","Better Skull","Better Third Choice","Block Reminder","Colored Map","Colored Powertips","Downfall","Energized Spire","Keyboard Shortcuts","Minty Spire (QoL Compilation)","Quick Restart","Relic Stats","Replay The Spire","SacredBarkPlus","Spicy Shops","StSLib","SuperFastMode"],"gold_per_floor":[99,129,54,54,54,404,429,458,38,38,38,58,71,0,14,115,115,115,25,37,137,149,149,174,200,200,226,276,251,32,182,197,298,298,223,242,262,206,206,256,256,256,306,335,436,336,413,428,444,444],"floor_reached":51,"playtime":4167,"items_purged":["Voices","Voices","Pain","Doubt","Amnesia","Spreading Infection"],"score":905,"play_id":"44670d93-a835-423c-b90c-1d72144aac00","local_time":"20201215075421","is_ascension_mode":false,"campfire_choices":[{"floor":1.0,"key":"RECALL"},{"floor":3.0,"key":"REST"},{"data":"Guardian:FloatingOrbs","floor":5.0,"key":"SMITH"},{"floor":10.0,"key":"REST"},{"data":"Guardian:DonusPower","floor":18.0,"key":"SMITH"},{"floor":23.0,"key":"REST"},{"data":"expansioncontent:Corrupt","floor":26.0,"key":"SMITH"},{"data":"Guardian:Orbwalk","floor":35,"key":"SMITH"},{"data":"expansioncontent:StudyTheSpire","floor":39,"key":"SMITH"},{"data":"Guardian:RefractedBeam","floor":42,"key":"SMITH"}],"circlet_count":0,"master_deck":["Guardian:Strike_Guardian","Guardian:Strike_Guardian","Guardian:Strike_Guardian","Guardian:Strike_Guardian","Guardian:Defend_Guardian","Guardian:Defend_Guardian","Guardian:Defend_Guardian","Guardian:CurlUp","Guardian:TimeBomb","Guardian:FloatingOrbs+1","Guardian:FloatingOrbs+1","Sickly","Guardian:GuardianWhirl","Guardian:DonusPower+1","expansioncontent:Corrupt+1","Guardian:ChargeCore","Guardian:BronzeArmor+1","Guardian:WalkerClaw","Guardian:ChargeUp","Guardian:Reroute","Guardian:EvasiveProtocol","Guardian:PiercingHide","Guardian:HyperBeam_Guardian","Guardian:RollAttack","Guardian:VentSteam","Guardian:Harden","Looming Evil","Guardian:DecasProtection+1","Guardian:ExploitGems","Magnetism+1","Guardian:Orbwalk+1","expansioncontent:BronzeBeam","Hallucinations","Guardian:Incinerate","Guardian:RevengeProtocol","Guardian:Repulse+1","Guardian:PrimingBeam+1","Guardian:ShieldCharger","Guardian:RefractedBeam+1","Guardian:ChargeUp","Flash of Steel","expansioncontent:StudyTheSpire+1","Armaments+1","Writhe","Guardian:Gem_Green","Guardian:ShieldCharger+1","Guardian:FastForward","Guardian:MultiBeam","Guardian:Gem_Red"],"relics":["Guardian:ModeShifter","Onion Ring","downfall:HeartBlessingRed","Membership Card","Old Coin","Oddly Smooth Stone","Odd Mushroom","Gremlin Horn","Garlic","ReplayTheSpireMod:CursedCoin","Juzu Bracelet","Cursed Key","downfall:CloakOfManyFaces","CultistMask","FaceOfCleric","NlothsMask","GremlinMask","SsserpentHead","Snack Pack","Akabeko","Quantum Egg","White Beast Statue","Ring of Chaos","downfall:HeartBlessingGreen","sneckomod:BlankCard","Replay:Ringing Soul","Replay:Baseball","Pear","BargainBundle","Toolbox","Omamori","Centennial Puzzle","Gremlin Food","Bag of Preparation"],"acts_visited":["Exordium","TheCity","TheBeyond"],"potions_floor_usage":[50,50,50,50,50],"damage_taken":[{"damage":27.0,"enemies":"Lagavulin","floor":2.0,"turns":9.0},{"damage":22.0,"enemies":"The Mushroom Lair","floor":8.0,"turns":4.0},{"damage":0.0,"enemies":"downfall:FleeingMerchant","floor":9.0,"turns":4.0},{"damage":0.0,"enemies":"Small Slimes","floor":12.0,"turns":2.0},{"damage":0.0,"enemies":"2 Louse","floor":13.0,"turns":2.0},{"damage":0.0,"enemies":"downfall:FleeingMerchant","floor":14.0,"turns":4.0},{"damage":0.0,"enemies":"Cultist","floor":15.0,"turns":2.0},{"damage":41.0,"enemies":"downfall:Defect","floor":16.0,"turns":7.0},{"damage":1.0,"enemies":"downfall:FleeingMerchant","floor":19.0,"turns":4.0},{"damage":11.0,"enemies":"Chosen","floor":20.0,"turns":5.0},{"damage":15.0,"enemies":"downfall:FaceTrader","floor":21.0,"turns":7.0},{"damage":5.0,"enemies":"Spheric Guardian","floor":22.0,"turns":4.0},{"damage":13.0,"enemies":"Slavers","floor":25.0,"turns":3.0},{"damage":11.0,"enemies":"Book of Stabbing","floor":27.0,"turns":4.0},{"damage":0.0,"enemies":"downfall:FleeingMerchant","floor":30.0,"turns":4.0},{"damage":0.0,"enemies":"downfall:LadyInBlue","floor":31.0,"turns":5.0},{"damage":7.0,"enemies":"Snecko","floor":32.0,"turns":6.0},{"damage":10.0,"enemies":"downfall:Watcher","floor":33.0,"turns":7.0},{"damage":1,"enemies":"3 Darklings","floor":36,"turns":4},{"damage":0,"enemies":"3 Shapes","floor":37,"turns":4},{"damage":0,"enemies":"downfall:FleeingMerchant","floor":38,"turns":4},{"damage":0,"enemies":"R_Hoarder","floor":44,"turns":6},{"damage":4,"enemies":"Spire Growth","floor":48,"turns":3},{"damage":28,"enemies":"Maw","floor":49,"turns":6},{"damage":33,"enemies":"downfall:Silent","floor":50,"turns":8}],"seed_played":"6948011492925852426","potions_obtained":[{"floor":8.0,"key":"SkillPotion"},{"floor":15.0,"key":"Guardian:BlockOnCardUsePotion"},{"floor":27.0,"key":"Languid Potion"},{"floor":31.0,"key":"Elixir"},{"floor":31.0,"key":"Swift Potion"},{"floor":31.0,"key":"FearPotion"},{"floor":32.0,"key":"Fruit Juice"},{"floor":33.0,"key":"Regen Potion"},{"floor":36,"key":"Strength Potion"},{"floor":37,"key":"Dexterity Potion"}],"is_trial":false,"path_per_floor":["R","E","R","?","R","?","T","?","$","R","T","M","M","$","M","B",null,"R","$","M","?","M","R","T","E","R","E","?","?","$","?","M","B",null,"R","M","M","$","R","?","T","R","?","E","?","$","T","M","M","B",null],"character_chosen":"GUARDIAN","items_purchased":["expansioncontent:Corrupt","Gremlin Horn","Guardian:ChargeCore","Guardian:BronzeArmor","Guardian:Gem_Cyan","ReplayTheSpireMod:CursedCoin","Juzu Bracelet","Guardian:EvasiveProtocol","FearPotion","Guardian:Orbwalk","Quantum Egg","expansioncontent:BronzeBeam","Guardian:ShieldCharger","sneckomod:BlankCard","Guardian:RefractedBeam","Guardian:ChargeUp","Flash of Steel","expansioncontent:StudyTheSpire","BargainBundle","Toolbox","Omamori","Centennial Puzzle","Gremlin Food","PowerPotion","PowerPotion","DuplicationPotion","Guardian:FastForward","Guardian:MultiBeam"],"campfire_rested":3,"item_purchase_floors":[9,9,9,9,9,14,14,14,14,30,30,30,38,38,38,38,38,38,46,46,46,46,46,46,46,46,46,46],"current_hp_per_floor":[80,53,77,77,77,77,77,55,55,79,79,79,79,79,79,38,80,80,79,68,53,49,73,73,61,61,53,45,45,46,49,50,49,92,92,92,94,95,95,95,95,95,95,99,112,115,115,117,96,80],"gold":444,"neow_bonus":"TRANSFORM_CARD","is_daily":false,"chose_seed":false,"campfire_upgraded":6,"win_rate":0.0,"timestamp":1608040461,"path_taken":["R","E","R","?","R","?","T","?","$","R","?","M","M","$","M","BOSS","R","$","M","?","M","R","T","E","R","E","?","?","$","?","M","BOSS","R","M","M","$","R","?","T","R","?","E","?","$","?","M","M","BOSS"],"items_purchased_type":["Card","Relic","Card","Card","Card","Relic","Relic","Card","Potion","Card","Relic","Card","Card","Relic","Card","Card","Card","Card","Relic","Relic","Relic","Relic","Relic","Potion","Potion","Potion","Card","Card"],"build_version":"2020-12-13","purchased_purges":6,"victory":true,"max_hp_per_floor":[80,80,80,80,80,80,80,80,80,80,80,80,80,80,80,80,80,80,80,80,80,81,81,81,82,82,83,83,83,84,85,91,92,92,92,93,94,95,95,95,95,95,95,99,112,115,115,119,120,121],"relic_stats":{"SsserpentHead":350,"Centennial Puzzle":[9],"Gremlin Horn":[7,7],"FaceOfCleric":14,"counters":[25,117],"Juzu Bracelet":0,"Bag of Preparation":[6],"Cursed Key":3,"obtain_stats":[{"Gremlin Horn":9,"sneckomod:BlankCard":38,"GremlinMask":21,"downfall:HeartBlessingGreen":35,"Juzu Bracelet":14,"Bag of Preparation":47,"Cursed Key":17,"Old Coin":6,"SsserpentHead":21,"Replay:Ringing Soul":41,"Centennial Puzzle":46,"FaceOfCleric":21,"Toolbox":46,"downfall:CloakOfManyFaces":21,"Gremlin Food":46,"BargainBundle":46,"Pear":45,"downfall:HeartBlessingRed":3,"ReplayTheSpireMod:CursedCoin":14,"Quantum Egg":30,"Guardian:ModeShifter":0,"Oddly Smooth Stone":7,"Ring of Chaos":34,"Omamori":46,"Ring of Greed":6,"Odd Mushroom":8,"Akabeko":27,"White Beast Statue":31,"Replay:Baseball":44,"Onion Ring":2,"CultistMask":21,"Garlic":11,"Snack Pack":25,"Membership Card":6,"NlothsMask":21},{"Gremlin Horn":3,"sneckomod:BlankCard":21,"GremlinMask":11,"downfall:HeartBlessingGreen":18,"Juzu Bracelet":6,"Bag of Preparation":22,"Cursed Key":8,"Old Coin":1,"SsserpentHead":11,"Replay:Ringing Soul":21,"Centennial Puzzle":22,"FaceOfCleric":11,"Toolbox":22,"downfall:CloakOfManyFaces":11,"Gremlin Food":22,"BargainBundle":22,"Pear":22,"downfall:HeartBlessingRed":1,"ReplayTheSpireMod:CursedCoin":6,"Quantum Egg":15,"Guardian:ModeShifter":0,"Oddly Smooth Stone":1,"Ring of Chaos":18,"Omamori":22,"Ring of Greed":1,"Odd Mushroom":2,"Akabeko":14,"White Beast Statue":16,"Replay:Baseball":22,"Onion Ring":1,"CultistMask":11,"Garlic":3,"Snack Pack":13,"Membership Card":1,"NlothsMask":11},{"Gremlin Horn":17,"sneckomod:BlankCard":94,"GremlinMask":49,"downfall:HeartBlessingGreen":82,"Juzu Bracelet":25,"Bag of Preparation":100,"Cursed Key":34,"Old Coin":9,"SsserpentHead":49,"Replay:Ringing Soul":94,"Centennial Puzzle":100,"FaceOfCleric":49,"Toolbox":100,"downfall:CloakOfManyFaces":49,"Gremlin Food":100,"BargainBundle":100,"Pear":100,"downfall:HeartBlessingRed":9,"ReplayTheSpireMod:CursedCoin":25,"Quantum Egg":64,"Guardian:ModeShifter":0,"Oddly Smooth Stone":9,"Ring of Chaos":82,"Omamori":100,"Ring of Greed":9,"Odd Mushroom":13,"Akabeko":60,"White Beast Statue":69,"Replay:Baseball":100,"Onion Ring":9,"CultistMask":49,"Garlic":17,"Snack Pack":56,"Membership Card":9,"NlothsMask":49}]},"card_choices":[{"not_picked":["Guardian:Suspension","Guardian:CrystalBeam"],"picked":"Guardian:FloatingOrbs","floor":2.0},{"not_picked":["Guardian:CrystalBeam","Guardian:Gem_Green"],"picked":"Guardian:GuardianWhirl","floor":8.0},{"not_picked":["Guardian:WalkerClaw","Guardian:DecasProtection"],"picked":"Guardian:DonusPower","floor":9.0},{"not_picked":["Guardian:Suspension","Guardian:RollAttack"],"picked":"Guardian:WalkerClaw","floor":12.0},{"not_picked":["Guardian:GatlingBeam","Guardian:VentSteam"],"picked":"Guardian:ChargeUp","floor":13.0},{"not_picked":["Guardian:WalkerClaw","Guardian:TimeBomb"],"picked":"Guardian:Reroute","floor":14.0},{"not_picked":["Guardian:Planning","Guardian:TemporalShield"],"picked":"Guardian:PiercingHide","floor":15.0},{"not_picked":["Guardian:StasisField","Guardian:AncientConstruct"],"picked":"Guardian:HyperBeam_Guardian","floor":16.0},{"not_picked":["Guardian:Recover+1","Guardian:StasisEngine"],"picked":"Guardian:RollAttack","floor":19.0},{"not_picked":["Guardian:Reroute+1","Guardian:ChargeCore+1"],"picked":"Guardian:Gem_Lightblue","floor":20.0},{"not_picked":["Guardian:PrismaticBarrier","Guardian:FuturePlans"],"picked":"Guardian:VentSteam","floor":21.0},{"not_picked":["Guardian:PrismaticBeam+1","Guardian:DonusPower"],"picked":"Guardian:Harden","floor":22.0},{"not_picked":["Guardian:ChargeUp+1","Guardian:Gem_White"],"picked":"Guardian:DecasProtection+1","floor":25.0},{"not_picked":["Guardian:Recover","Guardian:TimeBomb+1"],"picked":"Guardian:ExploitGems","floor":27.0},{"not_picked":["Transmutation+1","expansioncontent:Corrupt+1"],"picked":"Magnetism+1","floor":29.0},{"not_picked":["Guardian:GuardianWhirl","Guardian:EvasiveProtocol+1"],"picked":"Guardian:Gem_Cyan","floor":30.0},{"not_picked":["Guardian:ArmoredProtocol","Guardian:Gem_Cyan"],"picked":"Guardian:Incinerate","floor":31.0},{"not_picked":["Guardian:Gem_Green","Guardian:ArmoredProtocol"],"picked":"Guardian:Gem_Fragmented","floor":32.0},{"not_picked":["Guardian:StasisEngine","Guardian:TimeSifter"],"picked":"Guardian:RevengeProtocol","floor":33.0},{"not_picked":["Guardian:RollAttack+1","Guardian:Orbwalk+1"],"picked":"Guardian:Gem_Crimson","floor":36},{"not_picked":["Guardian:Planning+1","Guardian:Gem_Cyan"],"picked":"Guardian:Repulse+1","floor":37},{"not_picked":["Guardian:ChargeCore","Guardian:Gem_Cyan"],"picked":"Guardian:PrimingBeam+1","floor":38},{"not_picked":["Guardian:ConstructionForm","Guardian:PiercingHide+1"],"picked":"Guardian:Gem_Green","floor":44},{"not_picked":["Guardian:RollAttack","Guardian:CrystalBeam"],"picked":"Guardian:ShieldCharger+1","floor":45},{"not_picked":["Guardian:CrystalBeam","Guardian:Recover+1"],"picked":"Guardian:Gem_Red","floor":48},{"not_picked":["Guardian:DonusPower","Guardian:ChargeCore","Guardian:Gem_Cyan"],"picked":"SKIP","floor":49}],"player_experience":1335296,"relics_obtained":[{"floor":2.0,"key":"Onion Ring"},{"floor":6.0,"key":"Ring of Greed"},{"floor":6.0,"key":"Membership Card"},{"floor":6.0,"key":"Old Coin"},{"floor":7.0,"key":"Oddly Smooth Stone"},{"floor":8.0,"key":"Odd Mushroom"},{"floor":11.0,"key":"Garlic"},{"floor":21.0,"key":"downfall:CloakOfManyFaces"},{"floor":25.0,"key":"Snack Pack"},{"floor":27.0,"key":"Akabeko"},{"floor":31.0,"key":"White Beast Statue"},{"floor":41,"key":"Replay:Ringing Soul"},{"floor":44,"key":"Replay:Baseball"},{"floor":45,"key":"Pear"},{"floor":47,"key":"Bag of Preparation"}],"event_choices":[{"damage_healed":0.0,"max_hp_gain":0.0,"max_hp_loss":0.0,"gold_gain":0.0,"event_name":"Mushrooms","player_choice":"Fought Mushrooms","floor":8.0,"gold_loss":0.0,"damage_taken":0.0},{"damage_healed":0.0,"max_hp_gain":0.0,"max_hp_loss":0.0,"gold_gain":0.0,"event_name":"betterMatch:BetterMatch","player_choice":"2","floor":29.0,"gold_loss":0.0,"damage_taken":0.0,"cards_obtained":["betterMatch:ColorlessRareCard"]},{"damage_healed":0,"gold_gain":3,"player_choice":"4","damage_taken":0,"max_hp_gain":0,"max_hp_loss":0,"event_name":"betterStone:BetterStone","floor":40,"gold_loss":0,"cards_obtained":["Armaments"]}],"is_beta":false,"boss_relics":[{"not_picked":["energizedSpire:SpiderWeb","expansioncontent:StudyCardRelic"],"picked":"Cursed Key"},{"not_picked":["energizedSpire:OgreHead","Snecko Eye"],"picked":"Ring of Chaos"}],"items_purged_floors":[9,9,14,19,38,46],"is_endless":false,"potions_floor_spawned":[8,15,27,32,33,36,37,38,44,48,49],"ascension_level":0}}