{"host":"jtxptf9isiqyc7jm","time":1608028755,"event":{"mods":["Act Like it!","BaseMod","Bestiary","BetterRewards","Colored Powertips","Custom Start","Downfall","Friendly Minions","Hermit","Hubris","Infinite Spire","Jorbs\u0027s Wanderer Trilogy","Kiyohime????","Koishi","Lobotomy","Marisa????????","Minty Spire (QoL Compilation)","Prisma Mod","Remilia??????","Replay The Spire","Shop Mod","StSLib","The Construct","The Cursed","The Disciple","The Hierophant","The Jungle","The Runesmith","The Senshi","The Servant 0.9.4"],"gold_per_floor":[439,539,539,764,789,909,921,1022,1059,627,689,795,795,853,853,1256,1256,1366,1415,1415,1479,1479,1479,1569,1569,1569,1678,1678,1678,1741,1802,1477,1559,1559,1861,1861,1905,1905,2005,2118,2144,2311,2311,2415,2415,2415,2415],"floor_reached":46,"playtime":2515,"items_purged":["MeteoricShower"],"score":1103,"play_id":"1039b3f0-1ad1-41b6-8907-cada24661179","local_time":"20201215103915","daily_mods":["Vintage","Heirloom","Time Dilation","DeadlyEvents","Elite Swarm","Lethality","Midas"],"is_ascension_mode":false,"campfire_choices":[{"floor":7.0,"key":"REST"},{"floor":15.0,"key":"REST"},{"floor":23.0,"key":"REST"},{"floor":25.0,"key":"REST"},{"floor":43.0,"key":"DIG"}],"circlet_count":0,"master_deck":["Strike_MRS+1","Strike_MRS+1","Strike_MRS+1","Strike_MRS+1","Defend_MRS","Defend_MRS","Defend_MRS","Defend_MRS","MasterSpark","UpSweep","Parasite","Parasite","Sickly","LuminesStrike","SatelliteIllusion+1","Blade Dance+1","TreasureHunter+1","WitchOfGreed+1","expansioncontent:Chronoboost+1","FinalSpark+1","BinaryStars+1","AbeCurse","Pot Of Greed","Pot Of Greed+1","MillisecondPulsars+1","CasketOfStar+1","Pot Of Greed","EventHorizon","Replay:SS_hec_1+1","Sadistic Nature+1","Replay:Sssssssssshield+1","JA+1","expansioncontent:CaCaw","Poison Darts+1","ReplayTheSpireMod:Necrosis+1","Malaise+1","MaximisePower+1","Replay:Bag of Tricks+1","Pot Of Greed"],"relics":["MiniHakkero","replay:Trail_Library","hubris:Potato","Chemical X","Black Star","BewitchedHakkero","WristBlade","Replay:Wax Seal","Unceasing Top","Replay:WaspNest","Blue Doll","Strange Spoon","Shuriken","Question Card","Old Coin","ReplayTheSpireMod:Ninjato","MagicBroom","Kunai","hierophant:DonationBoxRelic","hubris:TenFootPole","Boot","Torii","Tiny Chest","hubris:SlimyHat","SimpleLauncher","ShroomBag","Simple Rune","m_TsuchinokoRing","m_SlimeRing","Strawberry","Paper Crane","Paper Frog","Pear","Potion Belt","Quantum Egg","MiniHakkero","Paper Turtyl","Mango","Membership Card","hubris:Metronome","Medical Kit","hubris:MedicalManual","infinitespire:Lucky Rock","ReplayTheSpireMod:Lightbulb","Lee\u0027s Waffle","Lantern","infinitespire:Joker Card","Juzu Bracelet","Ice Cream","HornCleat","Happy Flower","ReplayTheSpireMod:Onyx Gauntlets","Golden Egg","hubris:FunFungus","ReplayFunnel","ExperimentalFamiliar","FossilizedHelix","Durian","Calipers","BreadOfAWashokuLover","Replay:Bandana","AmplifyWand","ScarletDevilRocket","Ring of Misfortune","Ring of Peace","MealTicket","MawBank","hexamod:BolsterEngine","hubris:CrystalStatue","Darkstone Periapt","champ:DuelingGlove","Blood Vial","MerchantsRug","Bronze Scales","hubris:SphereOfDissonance","OrangePellets","Pen Nib","hubris:ToyBattleship","Snack Pack","theSenshi:SuperSailorFukuRelic","Abe\u0027s Treasure","Singing Bowl","Matryoshka","hubris:BottledHeart","Replay:Bottled Eggs","Grinning Jar","hubris:DisguiseKit","Smiling Mask","Guardian:GemstoneGun","Regal Pillow","Lizard Tail","Dream Catcher","Orichalcum","Replay:Bottled Snecko","War Paint","Omamori","WingedGreaves","ReplayTheSpireMod:ShopPack","Bottled Tornado","Gremlin Food","Shovel","infinitespire:Cupcake","infinitespire:CheckeredPen","hubris:Towel","Eternal Feather","Runesmith:AutoHammer","infinitespire:Satchel","Guardian:PocketSentry","Replay:Baseball","hubris:PeanutButter","Girya","Bag of Marbles","hubris:BottledRain","Pet Ghost"],"acts_visited":["Exordium","TheCity","TheBeyond"],"potions_floor_usage":[],"damage_taken":[{"damage":0.0,"enemies":"2 Louse","floor":1.0,"turns":1.0},{"damage":0.0,"enemies":"Gremlin Nob","floor":6.0,"turns":1.0},{"damage":0.0,"enemies":"3 Sentries","floor":8.0,"turns":1.0},{"damage":0.0,"enemies":"infinitespire:Voidling","floor":11.0,"turns":1.0},{"damage":0.0,"enemies":"Gremlin Nob","floor":12.0,"turns":1.0},{"damage":0.0,"enemies":"Cultist","floor":14.0,"turns":1.0},{"damage":0.0,"enemies":"Fading Forest","floor":16.0,"turns":1.0},{"damage":0.0,"enemies":"Chosen","floor":18.0,"turns":1.0},{"damage":0.0,"enemies":"Spheric Guardian","floor":19.0,"turns":1.0},{"damage":0.0,"enemies":"Snake Plant","floor":21.0,"turns":1.0},{"damage":0.0,"enemies":"Slavers","floor":24.0,"turns":1.0},{"damage":0.0,"enemies":"Nightmare","floor":27.0,"turns":1.0},{"damage":0.0,"enemies":"3 Cultists","floor":30.0,"turns":2.0},{"damage":0.0,"enemies":"Centurion and Healer","floor":31.0,"turns":1.0},{"damage":0.0,"enemies":"Book of Stabbing","floor":33.0,"turns":1.0},{"damage":0.0,"enemies":"Automaton","floor":35.0,"turns":2.0},{"damage":0.0,"enemies":"Orb Walker","floor":37.0,"turns":1.0},{"damage":0.0,"enemies":"Reptomancer","floor":40.0,"turns":2.0},{"damage":0.0,"enemies":"Nemesis","floor":42.0,"turns":2.0},{"damage":0.0,"enemies":"Reptomancer","floor":44.0,"turns":1.0},{"damage":0,"enemies":"R_Hoarder","floor":46,"turns":1}],"seed_played":"-4763637194711281274","potions_obtained":[{"floor":4.0,"key":"Cursed Concoction"},{"floor":4.0,"key":"Fruit Juice"},{"floor":6.0,"key":"DuplicationPotion"},{"floor":8.0,"key":"champ:CounterPotion"},{"floor":16.0,"key":"PowerPotion"},{"floor":16.0,"key":"AttackPotion"},{"floor":19.0,"key":"BottledSpark"},{"floor":42.0,"key":"construct:ShiftPotion"}],"is_trial":true,"path_per_floor":["M","?","?","?","T","E","R","E","T","$","M","E","?","M","R","B",null,"M","M","?","M","T","R","E","R","T","NM","PTL","PTL","M","M","$","E","R","B",null,"M","?","?","E","T","E","R","E","T","E"],"character_chosen":"MARISA","items_purchased":["WitchOfGreed+1","MerchantsRug","Bronze Scales","hubris:SphereOfDissonance","OrangePellets","expansioncontent:Chronoboost","Omamori","WingedGreaves","ReplayTheSpireMod:ShopPack","Replay:SS_hec_1+1"],"campfire_rested":4,"item_purchase_floors":[10,10,10,10,10,10,32,32,32,32],"current_hp_per_floor":[118,118,118,104,104,109,118,118,118,118,118,118,123,123,123,123,129,129,134,1,1,1,1,1,1,1,1,1,1,1,1,1,1,1,1,1,1,1,1,1,1,1,1,1,1,1,1],"gold":2415,"neow_bonus":"","is_daily":false,"chose_seed":false,"campfire_upgraded":0,"win_rate":0.0,"timestamp":1608028755,"path_taken":["M","?","?","?","?","E","R","?","T","$","M","E","?","M","R","BOSS","M","M","?","M","?","R","E","R","T","NM","PTL","PTL","M","M","$","E","R","BOSS","M","?","?","?","?","E","R","E","T","E"],"items_purchased_type":["Card","Relic","Relic","Relic","Relic","Card","Relic","Relic","Relic","Card"],"build_version":"2020-12-13","purchased_purges":1,"victory":false,"max_hp_per_floor":[118,118,118,118,118,118,118,118,118,118,118,118,123,123,123,123,129,129,134,1,1,1,1,1,1,1,1,1,1,1,1,1,1,1,1,1,1,1,1,1,1,1,1,1,1,1,1],"card_choices":[{"not_picked":["DarkSpark","Riddle With Holes","Masterful Stab"],"picked":"LuminesStrike","floor":4.0},{"not_picked":["SuperNova","A Thousand Cuts","MaximisePower"],"picked":"SatelliteIllusion","floor":6.0},{"not_picked":["EscapeVelocity","Phantasmal Killer","Storm of Steel"],"picked":"TreasureHunter","floor":8.0},{"not_picked":["TreasureHunter","MaximisePower","AbsoluteMagnitude"],"picked":"FinalSpark","floor":12.0},{"not_picked":["MaximisePower","Bullet Time","SuperNova"],"picked":"BinaryStars","floor":16.0},{"not_picked":["SatelliteIllusion","CollectingQuirk","SuperNova","Grand Finale"],"picked":"MillisecondPulsars","floor":24.0},{"not_picked":["StarDustReverie","MillisecondPulsars","AbsoluteMagnitude","Bullet Time"],"picked":"CasketOfStar","floor":27.0},{"not_picked":["expansioncontent:StudyTheSpire","Violence","The Bomb","Secret Weapon"],"picked":"Sadistic Nature","floor":32.0},{"not_picked":["ReplayTheSpireMod:Private Reserves","Replay:SS_forest_6","Impatience","Replay:SS_hec_4"],"picked":"HandOfGreed","floor":32.0},{"not_picked":["Blind","Replay:Sssssssssstrike","expansioncontent:Corrupt","expansioncontent:Sear"],"picked":"Replay:Sssssssssshield","floor":32.0},{"not_picked":["CollectingQuirk","FinalSpark","BigCrunch","Corpse Explosion"],"picked":"JA","floor":33.0},{"not_picked":["MillisecondPulsars","UltimateShortwave","TreasureHunter","CollectingQuirk"],"picked":"Poison Darts","floor":35.0},{"not_picked":["BigCrunch","FinalSpark","TreasureHunter","StarDustReverie"],"picked":"ReplayTheSpireMod:Necrosis","floor":40.0},{"not_picked":["BinaryStars","EscapeVelocity","JA","SuperNova"],"picked":"Malaise","floor":42.0},{"not_picked":["StarDustReverie","MaximisePower","UltimateShortwave","EscapeVelocity"],"picked":"Replay:Bag of Tricks","floor":44.0}],"player_experience":92914,"relics_obtained":[{"floor":1.0,"key":"ScarletDevilRocket"},{"floor":3.0,"key":"Ring of Misfortune"},{"floor":3.0,"key":"Ring of Peace"},{"floor":4.0,"key":"MealTicket"},{"floor":5.0,"key":"MawBank"},{"floor":6.0,"key":"hexamod:BolsterEngine"},{"floor":6.0,"key":"hubris:CrystalStatue"},{"floor":8.0,"key":"Darkstone Periapt"},{"floor":8.0,"key":"champ:DuelingGlove"},{"floor":9.0,"key":"Blood Vial"},{"floor":11.0,"key":"Pen Nib"},{"floor":12.0,"key":"hubris:ToyBattleship"},{"floor":12.0,"key":"Snack Pack"},{"floor":14.0,"key":"theSenshi:SuperSailorFukuRelic"},{"floor":18.0,"key":"Singing Bowl"},{"floor":19.0,"key":"Matryoshka"},{"floor":21.0,"key":"Replay:Bottled Eggs"},{"floor":22.0,"key":"Grinning Jar"},{"floor":22.0,"key":"hubris:DisguiseKit"},{"floor":24.0,"key":"Smiling Mask"},{"floor":24.0,"key":"Guardian:GemstoneGun"},{"floor":26.0,"key":"Regal Pillow"},{"floor":26.0,"key":"Lizard Tail"},{"floor":27.0,"key":"Dream Catcher"},{"floor":27.0,"key":"Orichalcum"},{"floor":30.0,"key":"Replay:Bottled Snecko"},{"floor":31.0,"key":"War Paint"},{"floor":33.0,"key":"Bottled Tornado"},{"floor":33.0,"key":"Gremlin Food"},{"floor":35.0,"key":"Shovel"},{"floor":37.0,"key":"infinitespire:CheckeredPen"},{"floor":40.0,"key":"Eternal Feather"},{"floor":40.0,"key":"Runesmith:AutoHammer"},{"floor":41.0,"key":"infinitespire:Satchel"},{"floor":42.0,"key":"Guardian:PocketSentry"},{"floor":42.0,"key":"Replay:Baseball"},{"floor":42.0,"key":"hubris:PeanutButter"},{"floor":43.0,"key":"Girya"},{"floor":44.0,"key":"Bag of Marbles"},{"floor":44.0,"key":"hubris:BottledRain"},{"floor":45.0,"key":"Pet Ghost"}],"event_choices":[{"damage_healed":0.0,"max_hp_gain":0.0,"max_hp_loss":0.0,"gold_gain":100.0,"event_name":"Golden Shrine","player_choice":"Pray","floor":2.0,"gold_loss":0.0,"damage_taken":0.0},{"damage_healed":0.0,"max_hp_gain":5.0,"max_hp_loss":0.0,"gold_gain":0.0,"event_name":"Big Fish","player_choice":"Donut","floor":13.0,"gold_loss":0.0,"damage_taken":0.0},{"damage_healed":0.0,"max_hp_gain":0.0,"max_hp_loss":0.0,"gold_gain":100.0,"event_name":"Golden Shrine","player_choice":"Pray","floor":39.0,"gold_loss":0.0,"damage_taken":0.0}],"is_beta":false,"boss_relics":[{"not_picked":["Honey Jar","Snecko Heart"],"picked":"Abe\u0027s Treasure"},{"not_picked":["Replay:Ancient Bell","Kintsugi"],"picked":"infinitespire:Cupcake"}],"items_purged_floors":[10],"is_endless":true,"potions_floor_spawned":[6,8,16,19,30,31,33,40],"killed_by":"R_Hoarder","ascension_level":0}}