{"host":"0xoib765171ofkym","time":1608038916,"event":{"mods":["AchievementEnabler","BaseMod","Colored Map","Minty Spire (QoL Compilation)","StSLib"],"gold_per_floor":[11123,11145,11157,11188,11226,11266,10726,10726,10800,10800,10819,10260,9556,9568,9568,9664,9664,9679,9604,9604,9624,9624,9624,9637,9656,9656,8721,8721,8751,8751,8771,8771,8866,8866,8876,8876,8888,8899,8140,8175,8175,8185,8212,8212,8212,8238,8238,8264,8264,8264],"floor_reached":51,"playtime":1753,"items_purged":["Strike_B","Strike_B","Strike_B","Defend_B"],"score":1085,"play_id":"673a7f88-89a6-432b-a1eb-4120d748d60c","local_time":"20201215222836","is_ascension_mode":true,"campfire_choices":[{"floor":8,"key":"REST"},{"data":"Zap","floor":10,"key":"SMITH"},{"data":"Defragment","floor":15,"key":"SMITH"},{"floor":23,"key":"REST"},{"data":"Dualcast","floor":28,"key":"SMITH"},{"floor":30,"key":"REST"},{"floor":32,"key":"REST"},{"floor":41,"key":"REST"},{"data":"Defragment","floor":45,"key":"SMITH"},{"floor":49,"key":"REST"}],"circlet_count":0,"master_deck":["Defend_B+1","Zap+1","Dualcast+1","Capacitor","Auto Shields+1","Cold Snap","Ball Lightning","Ball Lightning","Capacitor","Defragment+1","Rainbow","Chaos+1","Sunder+1","Cold Snap+1","Bandage Up","Beam Cell+1","Reboot","Darkness+1","White Noise+1","Defragment+1","Loop","Glacier"],"relics":["Cracked Core","MawBank","Potion Belt","Art of War","Dream Catcher","War Paint","Bottled Tornado","Ornamental Fan","CaptainsWheel","Lee\u0027s Waffle","Pen Nib","Astrolabe","Tiny Chest","Cables","Thread and Needle","Nunchaku","SlaversCollar","Letter Opener","Peace Pipe","Orichalcum","Orrery","Turnip","Bronze Scales","Anchor","DataDisk"],"acts_visited":["Exordium","TheCity","TheBeyond"],"potions_floor_usage":[11,16,16,21,25,29,29,29,29,29,29,31,33,35,35,40,42,42,50,50,50],"damage_taken":[{"damage":1,"enemies":"Small Slimes","floor":1,"turns":3},{"damage":7,"enemies":"Jaw Worm","floor":2,"turns":4},{"damage":6,"enemies":"Cultist","floor":4,"turns":3},{"damage":50,"enemies":"Lagavulin","floor":6,"turns":6},{"damage":18,"enemies":"Exordium Thugs","floor":11,"turns":5},{"damage":10,"enemies":"Large Slime","floor":14,"turns":4},{"damage":12,"enemies":"Slime Boss","floor":16,"turns":7},{"damage":16,"enemies":"Shell Parasite","floor":18,"turns":5},{"damage":36,"enemies":"2 Thieves","floor":21,"turns":3},{"damage":1,"enemies":"Snecko","floor":24,"turns":4},{"damage":7,"enemies":"3 Cultists","floor":25,"turns":4},{"damage":30,"enemies":"Slavers","floor":29,"turns":3},{"damage":0,"enemies":"Sentry and Sphere","floor":31,"turns":3},{"damage":33,"enemies":"Collector","floor":33,"turns":10},{"damage":29,"enemies":"3 Darklings","floor":35,"turns":4},{"damage":9,"enemies":"3 Shapes","floor":37,"turns":4},{"damage":20,"enemies":"Spire Growth","floor":38,"turns":5},{"damage":23,"enemies":"Giant Head","floor":40,"turns":7},{"damage":15,"enemies":"Transient","floor":42,"turns":5},{"damage":19,"enemies":"Nemesis","floor":46,"turns":5},{"damage":0,"enemies":"Reptomancer","floor":48,"turns":5},{"damage":14,"enemies":"Awakened One","floor":50,"turns":9}],"seed_played":"-2051808312035754549","potions_obtained":[{"floor":6,"key":"PowerPotion"},{"floor":11,"key":"Weak Potion"},{"floor":16,"key":"Fire Potion"},{"floor":18,"key":"LiquidBronze"},{"floor":24,"key":"AttackPotion"},{"floor":25,"key":"DistilledChaos"},{"floor":29,"key":"Dexterity Potion"},{"floor":35,"key":"FocusPotion"},{"floor":38,"key":"Fruit Juice"},{"floor":40,"key":"LiquidMemories"}],"is_trial":false,"path_per_floor":["M","M","?","M","T","E","$","R","T","R","M","$","$","M","R","B",null,"M","?","?","M","?","R","M","M","T","$","R","E","R","M","R","B",null,"M","T","M","M","$","E","R","M","T","?","R","E","?","E","R","B",null],"character_chosen":"DEFECT","items_purchased":["Cold Snap","Dream Catcher","War Paint","LiquidBronze","Strength Potion","Ball Lightning","Ornamental Fan","DistilledChaos","Strength Potion","Capacitor","CaptainsWheel","Lee\u0027s Waffle","Pen Nib","Cables","Thread and Needle","EntropicBrew","Fire Potion","Bandage Up","Peace Pipe","Orichalcum","Orrery","DistilledChaos","Weak Potion","Swift Potion"],"campfire_rested":6,"item_purchase_floors":[7,7,7,7,7,12,12,12,12,12,13,13,13,27,27,27,27,27,39,39,39,39,39,39],"current_hp_per_floor":[74,67,72,66,66,16,16,40,40,40,22,22,87,77,77,65,82,66,66,66,30,30,56,55,48,48,48,48,22,48,52,78,49,78,53,53,48,32,32,18,45,34,34,34,34,19,19,23,49,39],"gold":8264,"neow_bonus":"RANDOM_COMMON_RELIC","is_daily":false,"chose_seed":false,"campfire_upgraded":4,"win_rate":0.0,"timestamp":1608038916,"path_taken":["M","M","?","M","?","E","$","R","T","R","?","?","$","M","R","BOSS","M","?","?","M","?","R","?","M","T","$","R","E","R","M","R","BOSS","M","?","M","M","$","E","R","M","T","?","R","E","?","E","R","BOSS"],"items_purchased_type":["Card","Relic","Relic","Potion","Potion","Card","Relic","Potion","Potion","Card","Relic","Relic","Relic","Relic","Relic","Potion","Potion","Card","Relic","Relic","Relic","Potion","Potion","Potion"],"build_version":"2020-12-13","purchased_purges":4,"victory":true,"max_hp_per_floor":[75,75,80,80,80,80,80,80,80,80,80,80,87,87,87,87,87,87,87,87,87,87,87,87,87,87,87,87,87,87,87,87,87,87,87,87,87,87,87,92,92,92,92,87,87,87,87,87,87,87],"card_choices":[{"not_picked":["Beam Cell","Steam"],"picked":"Capacitor","floor":1},{"not_picked":["Barrage","Compile Driver","Go for the Eyes"],"picked":"SKIP","floor":2},{"not_picked":["Undo","Force Field","Barrage"],"picked":"SKIP","floor":4},{"not_picked":["Machine Learning","Steam"],"picked":"Auto Shields","floor":6},{"not_picked":["Beam Cell","Compile Driver"],"picked":"Ball Lightning","floor":11},{"not_picked":["Beam Cell","Leap"],"picked":"Defragment","floor":14},{"not_picked":["Fission","Thunder Strike"],"picked":"Rainbow","floor":16},{"not_picked":["Steam","Sweeping Beam+1","Cold Snap"],"picked":"SKIP","floor":18},{"not_picked":["Capacitor","Storm"],"picked":"Cold Snap+1","floor":21},{"not_picked":["Steam","Rebound","Go for the Eyes"],"picked":"SKIP","floor":24},{"not_picked":["Sweeping Beam+1","Cold Snap","FTL"],"picked":"SKIP","floor":25},{"not_picked":["Gash","Skim","Capacitor+1"],"picked":"SKIP","floor":29},{"not_picked":["Streamline","Rebound","Cold Snap"],"picked":"SKIP","floor":31},{"not_picked":["Turbo","Redo"],"picked":"Beam Cell+1","floor":32},{"not_picked":["Buffer","All For One"],"picked":"Reboot","floor":33},{"not_picked":["Conserve Battery","Coolheaded+1","Gash+1"],"picked":"SKIP","floor":35},{"not_picked":["Rip and Tear","Cold Snap"],"picked":"Darkness+1","floor":37},{"not_picked":["Chill","Conserve Battery+1"],"picked":"White Noise+1","floor":38},{"not_picked":["Turbo","Heatsinks+1"],"picked":"Defragment","floor":39},{"not_picked":["Conserve Battery+1","Skim"],"picked":"Loop","floor":39},{"not_picked":["Aggregate","Sunder+1","Ball Lightning"],"picked":"SKIP","floor":40},{"not_picked":["Cold Snap+1","Streamline","Ball Lightning+1"],"picked":"SKIP","floor":42},{"not_picked":["White Noise","Go for the Eyes+1","BootSequence"],"picked":"SKIP","floor":46},{"not_picked":["Tempest+1","Turbo+1","Barrage"],"picked":"SKIP","floor":48},{"not_picked":["Hologram+1","Reboot"],"picked":"Glacier","floor":49}],"player_experience":265209,"relics_obtained":[{"floor":5,"key":"Potion Belt"},{"floor":6,"key":"Art of War"},{"floor":9,"key":"Bottled Tornado"},{"floor":26,"key":"Tiny Chest"},{"floor":29,"key":"Nunchaku"},{"floor":36,"key":"Letter Opener"},{"floor":40,"key":"Turnip"},{"floor":43,"key":"Bronze Scales"},{"floor":46,"key":"Anchor"},{"floor":48,"key":"DataDisk"}],"event_choices":[{"damage_healed":0,"gold_gain":0,"player_choice":"Donut","damage_taken":0,"max_hp_gain":5,"max_hp_loss":0,"event_name":"Big Fish","floor":3,"gold_loss":0},{"cards_removed":["Darkness"],"damage_healed":0,"gold_gain":0,"player_choice":"Gave Gold","damage_taken":0,"max_hp_gain":0,"max_hp_loss":0,"event_name":"Beggar","floor":19,"gold_loss":75},{"damage_healed":0,"gold_gain":0,"player_choice":"Ignored","damage_taken":0,"max_hp_gain":0,"max_hp_loss":0,"event_name":"Ghosts","floor":20,"gold_loss":0},{"damage_healed":0,"gold_gain":0,"player_choice":"Bought 0 Potions","damage_taken":0,"max_hp_gain":0,"max_hp_loss":0,"event_name":"The Woman in Blue","floor":22,"gold_loss":0},{"damage_healed":0,"gold_gain":0,"player_choice":"Max HP","damage_taken":0,"max_hp_gain":0,"max_hp_loss":5,"event_name":"Winding Halls","floor":44,"gold_loss":0},{"damage_healed":0,"gold_gain":0,"player_choice":"Memory 1","damage_taken":0,"max_hp_gain":0,"max_hp_loss":0,"event_name":"SensoryStone","floor":47,"gold_loss":0}],"is_beta":false,"boss_relics":[{"not_picked":["Busted Crown","Philosopher\u0027s Stone"],"picked":"Astrolabe"},{"not_picked":["Runic Pyramid","Coffee Dripper"],"picked":"SlaversCollar"}],"items_purged_floors":[7,12,13,27],"is_endless":false,"potions_floor_spawned":[6,11,16,18,24,25,29,35,38,40],"ascension_level":5}}