{"host":"fqid566djxhwi0rl","time":1608055618,"event":{"mods":["2.2 Compatiblity","AchievementEnabler","Aspiration","BaseMod","Downfall","Energized Spire","Faster Ascension Climbing","GifTheSpireLib","Minty Spire (QoL Compilation)","Replay The Spire","Robot Space Explorer","StSLib","The Blackbeard","The Gatherer","Trackpad","Yuri Mod"],"gold_per_floor":[112,129,145,159,171,171,187,187,187,217,236,266,280,300,300,372,372,390,390,315,265,279,311,330,178,178,213,313,346,360,389,389,466,466,476,476,489,506,698,698,477,504,555,555,42,59,59,85,85,85],"floor_reached":51,"playtime":3165,"items_purged":["champ:Strike+1","champ:Strike+1"],"score":1286,"play_id":"efb7fe36-470f-43fd-b73a-a9c500e0aafc","local_time":"20201215200658","is_ascension_mode":true,"campfire_choices":[{"data":"champ:Taunt","floor":6.0,"key":"SMITH"},{"data":"champ:GutPunch","floor":8.0,"key":"SMITH"},{"data":"champ:Aggression","floor":15.0,"key":"SMITH"},{"data":"champ:Lariat","floor":32.0,"key":"SMITH"},{"floor":40,"key":"REST"},{"data":"champ:RecklessLeap","floor":44,"key":"SMITH"},{"data":"champ:CrownThrow","floor":47,"key":"SMITH"},{"data":"champ:Execute","floor":49,"key":"SMITH"}],"circlet_count":0,"master_deck":["AscendersBane","champ:Strike+1","champ:Defend+1","champ:Defend+1","champ:Defend+1","champ:Defend+1","champ:Execute+1","champ:Taunt+1","champ:Aggression+1","champ:DefensiveShout","champ:Lariat+1","champ:GutPunch+1","champ:CrownThrow+1","champ:Balance+1","champ:RecklessLeap+1","champ:Aggression+1","champ:BerserkersShout+1","champ:EnchantSword+1","champ:Lariat+1","champ:EnchantSword+1","champ:Encircle+1","champ:StanceDance+1","champ:RageSigil+1","champ:HeavySlash+1","champ:EndlessRage+1","champ:RageSigil+1","champ:BerserkerStyle+1"],"relics":["champ:ChampionCrown","Toxic Egg 2","Sundial","aspiration:ChemicalBlood","Runic Pyramid","Ancient Tea Set","DollysMirror","Turnip","Bag of Marbles","trackpad:SneckoScepter","InkBottle","MealTicket","HornCleat","SacredBark","HandDrill","Omamori","aspiration:HiddenCompartment","Toy Ornithopter","OrangePellets","Frozen Egg 2"],"acts_visited":["Exordium","TheCity","TheBeyond"],"potions_floor_usage":[33,33,33,35,37,37,38,42,42,42,46,46,48,48,48,48,50,50,50,50,50],"damage_taken":[{"damage":13.0,"enemies":"Cultist","floor":1.0,"turns":5.0},{"damage":9.0,"enemies":"Small Slimes","floor":2.0,"turns":4.0},{"damage":13.0,"enemies":"2 Louse","floor":3.0,"turns":2.0},{"damage":12.0,"enemies":"Lots of Slimes","floor":4.0,"turns":5.0},{"damage":13.0,"enemies":"Looter","floor":5.0,"turns":4.0},{"damage":5.0,"enemies":"3 Louse","floor":7.0,"turns":3.0},{"damage":38.0,"enemies":"3 Sentries","floor":10.0,"turns":7.0},{"damage":0.0,"enemies":"Lots of Slimes","floor":11.0,"turns":1.0},{"damage":0.0,"enemies":"Gremlin Nob","floor":12.0,"turns":3.0},{"damage":15.0,"enemies":"Gremlin Gang","floor":13.0,"turns":6.0},{"damage":0.0,"enemies":"Looter","floor":14.0,"turns":2.0},{"damage":143.0,"enemies":"Fading Forest","floor":16.0,"turns":11.0},{"damage":36.0,"enemies":"Shell Parasite","floor":18.0,"turns":3.0},{"damage":34.0,"enemies":"Chosen","floor":22.0,"turns":3.0},{"damage":66.0,"enemies":"Gremlin Leader","floor":23.0,"turns":4.0},{"damage":21.0,"enemies":"Sentry and Sphere","floor":24.0,"turns":2.0},{"damage":54.0,"enemies":"Replay:Snechameleon","floor":27.0,"turns":5.0},{"damage":28.0,"enemies":"Colosseum Slavers","floor":28.0,"turns":1.0},{"damage":65.0,"enemies":"Colosseum Nobs","floor":28.0,"turns":4.0},{"damage":48.0,"enemies":"Book of Stabbing","floor":29.0,"turns":6.0},{"damage":54.0,"enemies":"Cultist and Chosen","floor":30.0,"turns":4.0},{"damage":65.0,"enemies":"Gremlin Leader","floor":31.0,"turns":3.0},{"damage":60,"enemies":"Collector","floor":33,"turns":5},{"damage":36,"enemies":"Orb Walker","floor":35,"turns":2},{"damage":45,"enemies":"3 Darklings","floor":37,"turns":3},{"damage":0,"enemies":"Sphere and 2 Shapes","floor":38,"turns":2},{"damage":49,"enemies":"Nemesis","floor":42,"turns":3},{"damage":65,"enemies":"4 Shapes","floor":46,"turns":5},{"damage":121,"enemies":"Reptomancer","floor":48,"turns":4},{"damage":110,"enemies":"Replay:Hell Engine","floor":50,"turns":3}],"seed_played":"-6969925955872679167","potions_obtained":[{"floor":4.0,"key":"Toxic Potion"},{"floor":7.0,"key":"Strength Potion"},{"floor":11.0,"key":"SteroidPotion"},{"floor":16.0,"key":"Explosive Potion"},{"floor":16.0,"key":"ColorlessPotion"},{"floor":16.0,"key":"Milkshake"},{"floor":16.0,"key":"AttackPotion"},{"floor":18.0,"key":"Energy Potion"},{"floor":18.0,"key":"Milkshake"},{"floor":22.0,"key":"Explosive Potion"},{"floor":24.0,"key":"sneckomod:MuddlingPotion"},{"floor":30.0,"key":"PowerPotion"},{"floor":35,"key":"SkillPotion"},{"floor":46,"key":"Energy Potion"},{"floor":46,"key":"PowerPotion"},{"floor":48,"key":"hexamod:EctoCoolerPotion"},{"floor":48,"key":"champ:TechniquePotion"}],"is_trial":false,"path_per_floor":["M","M","M","M","M","R","M","R","T","E","M","E","M","M","R","B",null,"M","?","?","?","M","E","M","$","T","E","?","E","M","E","R","B",null,"M","?","M","M","?","R","$","E","T","R","$","M","R","E","R","B",null],"character_chosen":"THE_CHAMP","items_purchased":["DollysMirror","HandDrill","Toy Ornithopter","champ:BerserkerStyle+1","OrangePellets","AttackPotion"],"campfire_rested":1,"item_purchase_floors":[25,41,45,45,45,45],"current_hp_per_floor":[81,77,67,65,63,63,68,68,68,54,54,64,64,74,74,79,91,82,82,82,82,78,82,82,82,82,71,50,31,66,76,76,86,93,93,93,95,95,72,95,95,95,95,95,95,95,95,95,95,79],"gold":85,"neow_bonus":"RANDOM_EVENT","is_daily":false,"chose_seed":false,"campfire_upgraded":7,"win_rate":0.0,"timestamp":1608055618,"path_taken":["M","M","M","?","M","R","M","R","T","E","M","E","M","M","R","BOSS","M","?","?","?","M","E","?","$","T","E","?","E","M","E","R","BOSS","M","?","?","?","?","R","$","E","T","R","$","M","R","E","R","BOSS"],"items_purchased_type":["Relic","Relic","Relic","Card","Relic","Potion"],"build_version":"2020-12-13","purchased_purges":2,"victory":true,"max_hp_per_floor":[95,95,95,95,95,95,95,95,95,95,95,95,95,95,95,95,95,95,95,95,95,95,95,95,95,95,95,95,95,95,95,95,95,95,95,95,95,95,95,95,95,95,95,95,95,95,95,95,95,95],"card_choices":[{"not_picked":["champ:FanOfKnives","champ:Haymaker"],"picked":"champ:Aggression","floor":1.0},{"not_picked":["champ:SwordSigil","champ:BladeFlurry"],"picked":"champ:DefensiveShout","floor":2.0},{"not_picked":["champ:TornadoPunch","champ:GladiatorsShout"],"picked":"champ:Lariat","floor":3.0},{"not_picked":["champ:FanOfKnives","champ:DefensiveShout"],"picked":"champ:GutPunch","floor":4.0},{"not_picked":["champ:SkillfulDodge","champ:BladeFlurry"],"picked":"champ:CrownThrow","floor":5.0},{"not_picked":["champ:SwordSigil","champ:DefensiveShout","champ:Haymaker"],"picked":"SKIP","floor":7.0},{"not_picked":["champ:DefensiveShout+1","champ:GladiatorsShout+1"],"picked":"champ:Balance+1","floor":10.0},{"not_picked":["champ:GutPunch","champ:FlashCut","champ:DefensiveShout+1"],"picked":"SKIP","floor":11.0},{"not_picked":["champ:BladeFlurry","champ:GladiatorsShout+1"],"picked":"champ:RecklessLeap","floor":12.0},{"not_picked":["champ:PreciseThrust","champ:Encircle"],"picked":"champ:Aggression+1","floor":13.0},{"not_picked":["champ:StrikeOfGenius","champ:BladeFlurry"],"picked":"champ:BerserkersShout+1","floor":14.0},{"not_picked":["champ:IgnorePain+1","champ:DancingMaster"],"picked":"champ:EnchantSword+1","floor":16.0},{"not_picked":["champ:GladiatorsShout+1","champ:GladiatorStyle","champ:PreciseThrust"],"picked":"SKIP","floor":18.0},{"not_picked":["champ:ShieldSigil+1","champ:BerserkersShout+1","champ:EnGarde+1"],"picked":"SKIP","floor":22.0},{"not_picked":["champ:Encircle","champ:EnGarde+1","champ:ShieldSigil+1"],"picked":"SKIP","floor":23.0},{"not_picked":["champ:StanceDance+1","champ:PerfectedStrike"],"picked":"champ:Lariat+1","floor":24.0},{"not_picked":["champ:TornadoPunch","champ:BerserkersShout+1"],"picked":"champ:Encircle+1","floor":27.0},{"not_picked":["champ:GladiatorsShout+1","champ:CheapShot"],"picked":"champ:StanceDance+1","floor":28.0},{"not_picked":["champ:VampiricStrike","champ:StanceDance+1"],"picked":"champ:RageSigil+1","floor":29.0},{"not_picked":["champ:FocusedBerserking+1","champ:ShieldSigil+1","champ:CrookedStrike+1"],"picked":"SKIP","floor":30.0},{"not_picked":["champ:GutPunch","champ:FocusedBerserking+1","champ:LastStand"],"picked":"SKIP","floor":31.0},{"not_picked":["champ:LastStand","champ:MurderStrike"],"picked":"champ:HeavySlash","floor":33},{"not_picked":["champ:BerserkersShout+1","champ:AdrenalArmor+1"],"picked":"champ:EndlessRage+1","floor":35},{"not_picked":["champ:CrookedStrike","champ:HeartStrike+1","champ:Circumvent+1"],"picked":"SKIP","floor":37},{"not_picked":["champ:GutPunch","champ:AdrenalArmor+1"],"picked":"champ:RageSigil+1","floor":38},{"not_picked":["champ:Riposte+1","champ:BerserkersShout+1","champ:Aggression+1"],"picked":"SKIP","floor":42},{"not_picked":["champ:SwordSigil+1","champ:EndlessRage","champ:RapidStrikes+1"],"picked":"SKIP","floor":46},{"not_picked":["champ:DefensiveShout+1","champ:PerfectedStrike+1","champ:EnragedBash"],"picked":"SKIP","floor":48}],"player_experience":682028,"relics_obtained":[{"floor":9.0,"key":"Toxic Egg 2"},{"floor":10.0,"key":"Sundial"},{"floor":12.0,"key":"aspiration:ChemicalBlood"},{"floor":23.0,"key":"Ancient Tea Set"},{"floor":26.0,"key":"Turnip"},{"floor":27.0,"key":"Bag of Marbles"},{"floor":28.0,"key":"trackpad:SneckoScepter"},{"floor":28.0,"key":"InkBottle"},{"floor":29.0,"key":"MealTicket"},{"floor":31.0,"key":"HornCleat"},{"floor":42,"key":"Omamori"},{"floor":43,"key":"aspiration:HiddenCompartment"},{"floor":48,"key":"Frozen Egg 2"}],"event_choices":[{"damage_healed":0.0,"max_hp_gain":5.0,"max_hp_loss":0.0,"gold_gain":0.0,"event_name":"Big Fish","player_choice":"Donut","floor":0.0,"gold_loss":0.0,"damage_taken":0.0},{"damage_healed":0.0,"max_hp_gain":0.0,"max_hp_loss":0.0,"gold_gain":0.0,"event_name":"Back to Basics","player_choice":"Simplicity","floor":19.0,"gold_loss":0.0,"damage_taken":0.0,"cards_upgraded":["champ:Strike","champ:Strike","champ:Strike","champ:Strike","champ:Defend","champ:Defend","champ:Defend","champ:Defend"]},{"cards_removed":["champ:Strike"],"damage_healed":0.0,"max_hp_gain":0.0,"max_hp_loss":0.0,"gold_gain":0.0,"event_name":"Beggar","player_choice":"Gave Gold","floor":20.0,"gold_loss":75.0,"damage_taken":0.0},{"damage_healed":0.0,"max_hp_gain":0.0,"max_hp_loss":0.0,"gold_gain":0.0,"event_name":"The Joust","player_choice":"Bet on Owner","floor":21.0,"gold_loss":50.0,"damage_taken":0.0},{"damage_healed":0.0,"max_hp_gain":0.0,"max_hp_loss":0.0,"gold_gain":0.0,"event_name":"Colosseum","player_choice":"Fight","floor":28.0,"gold_loss":0.0,"damage_taken":0.0},{"damage_healed":0.0,"max_hp_gain":0.0,"max_hp_loss":0.0,"gold_gain":0.0,"event_name":"Colosseum","player_choice":"Fought Nobs","floor":28.0,"gold_loss":0.0,"damage_taken":0.0},{"damage_healed":0,"gold_gain":0,"player_choice":"Forge","damage_taken":0,"max_hp_gain":0,"max_hp_loss":0,"event_name":"Accursed Blacksmith","floor":36,"gold_loss":0,"cards_upgraded":["champ:HeavySlash"]}],"is_beta":false,"boss_relics":[{"not_picked":["Velvet Choker","champ:PowerArmor"],"picked":"Runic Pyramid"},{"not_picked":["Ring of Chaos","ReplayTheSpireMod:DimensionalGlitch"],"picked":"SacredBark"}],"items_purged_floors":[41,45],"is_endless":false,"potions_floor_spawned":[4,7,10,11,16,22,24,28,30,35,46,48],"ascension_level":13}}