{"host":"rmsq46plbpwfbxcc","time":1608039725,"event":{"mods":["AchievementEnabler","BaseMod","Colored Map","DeckTracker","Minty Spire (QoL Compilation)","Permanent Neow","SuperFastMode"],"gold_per_floor":[116,391,406,406,481,516,516,529,608,608,633,633,603,603,603],"floor_reached":14,"playtime":269,"items_purged":[],"score":218,"play_id":"64b6a755-0905-4ad9-98bc-763b7393ee1e","local_time":"20201215224205","is_ascension_mode":true,"campfire_choices":[{"data":"Neutralize","floor":7,"key":"SMITH"},{"data":"Cloak And Dagger","floor":10,"key":"SMITH"},{"floor":12,"key":"REST"}],"circlet_count":0,"master_deck":["AscendersBane","Strike_G","Strike_G","Strike_G","Strike_G","Strike_G","Defend_G","Defend_G","Defend_G","Defend_G","Defend_G","Survivor","Neutralize+1","Cloak And Dagger+1","Regret","Dagger Throw","Dagger Spray","Dash","Terror"],"relics":["Ring of the Snake","NeowsBlessing","Strawberry","Sundial","Bottled Flame"],"acts_visited":["Exordium"],"potions_floor_usage":[],"damage_taken":[{"damage":0,"enemies":"2 Louse","floor":1,"turns":1},{"damage":0,"enemies":"Cultist","floor":3,"turns":1},{"damage":0,"enemies":"3 Sentries","floor":6,"turns":2},{"damage":3,"enemies":"Jaw Worm","floor":8,"turns":5},{"damage":45,"enemies":"Lagavulin","floor":11,"turns":9},{"damage":3,"enemies":"Looter","floor":13,"turns":4},{"damage":11,"enemies":"3 Sentries","floor":14,"turns":5}],"seed_played":"-7372140076202031253","potions_obtained":[],"is_trial":false,"path_per_floor":["M","?","M","?","?","E","R","M","T","R","E","R","M","E"],"character_chosen":"THE_SILENT","items_purchased":[],"campfire_rested":1,"item_purchase_floors":[],"current_hp_per_floor":[59,59,59,59,48,55,55,52,52,52,7,28,25,14,14],"gold":603,"neow_bonus":"THREE_ENEMY_KILL","is_daily":false,"chose_seed":false,"campfire_upgraded":2,"win_rate":0.0,"timestamp":1608039725,"path_taken":["M","?","?","?","?","E","R","M","T","R","E","R","M","E"],"items_purchased_type":[],"build_version":"2020-11-30","purchased_purges":0,"victory":false,"max_hp_per_floor":[66,66,66,66,66,73,73,73,73,73,73,73,73,73,73],"card_choices":[{"not_picked":["Dodge and Roll","Flying Knee"],"picked":"Cloak And Dagger","floor":1},{"not_picked":["Expertise","Masterful Stab"],"picked":"Dagger Throw","floor":3},{"not_picked":["Setup","Underhanded Strike","Sucker Punch"],"picked":"SKIP","floor":6},{"not_picked":["Flying Knee","Poisoned Stab"],"picked":"Dagger Spray","floor":8},{"not_picked":["Bouncing Flask","Noxious Fumes"],"picked":"Dash","floor":11},{"not_picked":["Escape Plan","Slice"],"picked":"Terror","floor":13}],"player_experience":1328001,"relics_obtained":[{"floor":6,"key":"Strawberry"},{"floor":9,"key":"Sundial"},{"floor":11,"key":"Bottled Flame"}],"event_choices":[{"damage_healed":0,"gold_gain":275,"player_choice":"Desecrate","damage_taken":0,"max_hp_gain":0,"max_hp_loss":0,"event_name":"Golden Shrine","floor":2,"gold_loss":0,"cards_obtained":["Regret"]},{"damage_healed":0,"gold_gain":0,"player_choice":"Ignored","damage_taken":0,"max_hp_gain":0,"max_hp_loss":0,"event_name":"Shining Light","floor":4,"gold_loss":0},{"damage_healed":0,"gold_gain":75,"player_choice":"Gather Gold","damage_taken":11,"max_hp_gain":0,"max_hp_loss":0,"event_name":"World of Goop","floor":5,"gold_loss":0}],"is_beta":false,"boss_relics":[],"items_purged_floors":[],"is_endless":false,"potions_floor_spawned":[],"killed_by":"3 Sentries","ascension_level":16}}