{"host":"ktoxvvst1mwxww91","time":1608051729,"event":{"mods":["BaseMod","Downfall","Hermit","Minty Spire (QoL Compilation)","StSLib","The Hierophant","The Mystic","The Necromancer"],"gold_per_floor":[116,128,48,62,62,62,93,93,93,126,126,142,142,142,142,246,246,262,262,187,187,236,236,250,250,273,314,314,353,376,144,144,257,257,278,198,210,224,161,161,161,161,209,236,255,255,270,201,201,201],"floor_reached":51,"playtime":1244,"items_purged":["Strike_G","Strike_G","Expertise"],"score":1129,"play_id":"2b221b4b-2124-4cba-af81-9f3e9d4f1077","local_time":"20201215180209","is_ascension_mode":true,"campfire_choices":[{"data":"Noxious Fumes","floor":6.0,"key":"SMITH"},{"data":"Deadly Poison","floor":8.0,"key":"SMITH"},{"floor":11.0,"key":"REST"},{"data":"Footwork","floor":13.0,"key":"SMITH"},{"data":"Sucker Punch","floor":15,"key":"SMITH"},{"data":"Bouncing Flask","floor":23,"key":"SMITH"},{"data":"Neutralize","floor":25,"key":"SMITH"},{"data":"Caltrops","floor":28,"key":"SMITH"},{"floor":32,"key":"REST"},{"floor":40,"key":"REST"},{"data":"Catalyst","floor":42,"key":"SMITH"},{"data":"Wraith Form v2","floor":49,"key":"SMITH"}],"circlet_count":0,"master_deck":["AscendersBane","Defend_G+1","Defend_G","Defend_G","Defend_G+1","Defend_G","Survivor","Neutralize+1","Deadly Poison","Deadly Poison+1","Noxious Fumes+1","Corpse Explosion","Cloak And Dagger","Footwork+1","Bouncing Flask+1","Caltrops+1","PiercingWail+1","Deflect","Backflip","Catalyst+1","Bullet Time","Bouncing Flask+1","Leg Sweep","Wraith Form v2+1"],"relics":["Ring of the Snake","NeowsBlessing","Mercury Hourglass","War Paint","Tiny Chest","Happy Flower","Runic Pyramid","Blue Candle","Art of War","Regal Pillow","CeramicFish","Singing Bowl","Membership Card","Busted Crown","MealTicket","PreservedInsect"],"acts_visited":["Exordium","TheCity","TheBeyond"],"potions_floor_usage":[14,16,27,30,33,37,44],"damage_taken":[{"damage":0.0,"enemies":"Cultist","floor":1.0,"turns":1.0},{"damage":0.0,"enemies":"Jaw Worm","floor":2.0,"turns":1.0},{"damage":0.0,"enemies":"Small Slimes","floor":4.0,"turns":2.0},{"damage":17.0,"enemies":"3 Sentries","floor":7.0,"turns":6.0},{"damage":25.0,"enemies":"Lagavulin","floor":10.0,"turns":5.0},{"damage":0.0,"enemies":"2 Fungi Beasts","floor":12.0,"turns":3.0},{"damage":0,"enemies":"Exordium Thugs","floor":14,"turns":1},{"damage":13,"enemies":"Hexaghost","floor":16,"turns":9},{"damage":0,"enemies":"Chosen","floor":18,"turns":5},{"damage":5,"enemies":"3 Byrds","floor":24,"turns":3},{"damage":14,"enemies":"Slavers","floor":27,"turns":3},{"damage":8,"enemies":"Book of Stabbing","floor":29,"turns":5},{"damage":0,"enemies":"3 Cultists","floor":30,"turns":3},{"damage":35,"enemies":"Automaton","floor":33,"turns":7},{"damage":31,"enemies":"3 Darklings","floor":35,"turns":3},{"damage":0,"enemies":"3 Shapes","floor":37,"turns":2},{"damage":19,"enemies":"Sphere and 2 Shapes","floor":38,"turns":4},{"damage":56,"enemies":"Reptomancer","floor":44,"turns":5},{"damage":5,"enemies":"Spire Growth","floor":45,"turns":3},{"damage":12,"enemies":"Writhing Mass","floor":47,"turns":3},{"damage":24,"enemies":"Donu and Deca","floor":50,"turns":6}],"seed_played":"-5549865987140201517","potions_obtained":[{"floor":4.0,"key":"ColorlessPotion"},{"floor":7.0,"key":"SmokeBomb"},{"floor":10.0,"key":"Strength Potion"},{"floor":16,"key":"GamblersBrew"},{"floor":24,"key":"BlessingOfTheForge"},{"floor":30,"key":"DuplicationPotion"},{"floor":35,"key":"Explosive Potion"},{"floor":38,"key":"Regen Potion"}],"is_trial":false,"path_per_floor":["M","M","$","M","?","R","E","R","T","E","R","M","R","M","R","B",null,"M","?","?","?","T","R","M","R","T","E","R","E","M","$","R","B",null,"M","$","M","M","$","R","?","R","T","E","M","?","M","$","R","B",null],"character_chosen":"THE_SILENT","items_purchased":["Noxious Fumes","Membership Card","Leg Sweep","Wraith Form v2"],"campfire_rested":3,"item_purchase_floors":[3,31,36,48],"current_hp_per_floor":[63,63,63,63,63,63,46,46,46,21,42,42,42,42,42,29,60,60,60,60,60,60,60,55,55,55,41,41,33,33,33,69,34,61,30,30,32,15,15,52,52,52,52,13,10,68,58,70,70,46],"gold":201,"neow_bonus":"THREE_ENEMY_KILL","is_daily":false,"chose_seed":false,"campfire_upgraded":9,"win_rate":0.0,"timestamp":1608051729,"path_taken":["M","?","$","M","?","R","E","R","T","E","R","M","R","M","R","BOSS","M","?","?","?","?","R","?","R","T","E","R","E","M","$","R","BOSS","M","$","M","M","$","R","?","R","T","E","M","?","M","$","R","BOSS"],"items_purchased_type":["Card","Relic","Card","Card"],"build_version":"2020-12-13","purchased_purges":3,"victory":true,"max_hp_per_floor":[70,70,70,70,70,70,70,70,70,70,70,70,70,70,70,70,70,70,70,70,70,70,70,70,70,70,70,70,70,70,70,70,70,70,70,70,72,74,74,74,74,74,74,76,78,68,70,70,70,70],"card_choices":[{"not_picked":["Dodge and Roll","Dash"],"picked":"Deadly Poison","floor":1.0},{"not_picked":["Infinite Blades","Escape Plan"],"picked":"Deadly Poison","floor":2.0},{"not_picked":["Expertise","Dodge and Roll"],"picked":"Sucker Punch","floor":4.0},{"not_picked":["Sucker Punch","Dagger Throw"],"picked":"Corpse Explosion","floor":7.0},{"not_picked":["Choke","Masterful Stab"],"picked":"Cloak And Dagger","floor":10.0},{"not_picked":["Dodge and Roll","Finisher"],"picked":"Footwork","floor":12.0},{"not_picked":["Acrobatics","Slice"],"picked":"Bouncing Flask","floor":18},{"not_picked":["Infinite Blades+1","Skewer+1"],"picked":"PiercingWail+1","floor":24},{"not_picked":["Sucker Punch+1","Flying Knee"],"picked":"Deflect","floor":27},{"not_picked":["Prepared","Terror"],"picked":"Backflip","floor":29},{"not_picked":["Distraction","Underhanded Strike"],"picked":"Catalyst","floor":30},{"not_picked":["Storm of Steel","Burst"],"picked":"Bullet Time","floor":33},{"not_picked":[],"picked":"Bouncing Flask+1","floor":35},{"not_picked":["Underhanded Strike"],"picked":"Singing Bowl","floor":37},{"not_picked":["Reflex+1"],"picked":"Singing Bowl","floor":38},{"not_picked":["Outmaneuver"],"picked":"Singing Bowl","floor":44},{"not_picked":["Eviscerate+1"],"picked":"Singing Bowl","floor":45},{"not_picked":["Acrobatics"],"picked":"Singing Bowl","floor":47}],"player_experience":1020151,"relics_obtained":[{"floor":5.0,"key":"Mercury Hourglass"},{"floor":7.0,"key":"War Paint"},{"floor":9.0,"key":"Tiny Chest"},{"floor":10.0,"key":"Happy Flower"},{"floor":22,"key":"Art of War"},{"floor":26,"key":"Regal Pillow"},{"floor":27,"key":"CeramicFish"},{"floor":29,"key":"Singing Bowl"},{"floor":43,"key":"MealTicket"},{"floor":44,"key":"PreservedInsect"}],"event_choices":[{"damage_healed":0.0,"max_hp_gain":0.0,"max_hp_loss":0.0,"gold_gain":0.0,"event_name":"Wheel of Change","player_choice":"Relic","floor":5.0,"gold_loss":0.0,"damage_taken":0.0},{"damage_healed":0,"gold_gain":0,"cards_transformed":["Strike_G","Strike_G"],"player_choice":"Became Test Subject","damage_taken":0,"max_hp_gain":0,"max_hp_loss":0,"event_name":"Drug Dealer","floor":19,"gold_loss":0,"cards_obtained":["Caltrops","Expertise"]},{"cards_removed":["Strike_G"],"damage_healed":0,"gold_gain":0,"player_choice":"Gave Gold","damage_taken":0,"max_hp_gain":0,"max_hp_loss":0,"event_name":"Beggar","floor":20,"gold_loss":75},{"damage_healed":0,"gold_gain":0,"player_choice":"Opened","damage_taken":0,"relics_obtained":["Blue Candle"],"max_hp_gain":0,"max_hp_loss":0,"event_name":"The Mausoleum","floor":21,"gold_loss":0},{"cards_removed":["Sucker Punch"],"damage_healed":0,"gold_gain":0,"player_choice":"Removed Attack","damage_taken":0,"max_hp_gain":0,"max_hp_loss":0,"event_name":"Falling","floor":41,"gold_loss":0},{"damage_healed":68,"gold_gain":0,"player_choice":"Heal","damage_taken":0,"max_hp_gain":0,"max_hp_loss":10,"event_name":"The Moai Head","floor":46,"gold_loss":0}],"is_beta":false,"boss_relics":[{"not_picked":["Black Star","Runic Dome"],"picked":"Runic Pyramid"},{"not_picked":["SlaversCollar","Philosopher\u0027s Stone"],"picked":"Busted Crown"}],"items_purged_floors":[31,36,39],"is_endless":false,"potions_floor_spawned":[4,7,10,16,24,30,35,38],"ascension_level":11}}