{"host":"w01zow3jg16g8jdh","time":1608039376,"event":{"mods":["AchievementEnabler","BaseMod","DeckTracker","Keyboard Shortcuts","Minty Spire (QoL Compilation)","Permanent Neow","StSLib","SuperFastMode"],"gold_per_floor":[118,118,133,152,165,165,185,185,185,218,228,228,228,228,228,299,299,310,310,330,85,98,98,98,98,170,182,182,182,82,94,94,169,169,179,54,66,66,77,104,104,114,195,229,246,275,275,289,289,289,289,289,289,82,110,110],"floor_reached":57,"playtime":2426,"items_purged":["Defend_G","Defend_G","Blade Dance","Defend_G"],"score":2788,"play_id":"8ac7320f-9c21-4f78-894e-b05f9e0423bc","local_time":"20201215223616","is_ascension_mode":true,"campfire_choices":[{"data":"Bouncing Flask","floor":6.0,"key":"SMITH"},{"data":"Crippling Poison","floor":8.0,"key":"SMITH"},{"floor":15.0,"key":"REST"},{"data":"Tactician","floor":23.0,"key":"SMITH"},{"data":"Acrobatics","floor":25.0,"key":"SMITH"},{"data":"Well Laid Plans","floor":29.0,"key":"SMITH"},{"floor":32.0,"key":"REST"},{"floor":47.0,"key":"REST"},{"floor":49.0,"key":"RECALL"},{"data":"Reflex","floor":53.0,"key":"SMITH"}],"circlet_count":0,"master_deck":["AscendersBane","Defend_G","Survivor","Neutralize+1","Grand Finale+1","Dagger Throw","Calculated Gamble+1","Bouncing Flask+1","Crippling Poison+1","Acrobatics+1","Die Die Die","Caltrops+1","Quick Slash+1","Footwork","Tactician+1","Escape Plan","Well Laid Plans+1","Reflex+1","Footwork+1"],"relics":["Ring of the Snake","Toy Ornithopter","Whetstone","InkBottle","Nloth\u0027s Gift","Letter Opener","Empty Cage","Blood Vial","TungstenRod","Mercury Hourglass","The Specimen"],"acts_visited":[],"potions_floor_usage":[56],"damage_taken":[{"damage":0.0,"enemies":"2 Louse","floor":1.0,"turns":4.0},{"damage":7.0,"enemies":"Jaw Worm","floor":3.0,"turns":5.0},{"damage":1.0,"enemies":"Small Slimes","floor":4.0,"turns":4.0},{"damage":15.0,"enemies":"Exordium Thugs","floor":5.0,"turns":6.0},{"damage":2.0,"enemies":"Red Slaver","floor":7.0,"turns":3.0},{"damage":27.0,"enemies":"Gremlin Nob","floor":10.0,"turns":4.0},{"damage":5.0,"enemies":"3 Louse","floor":11.0,"turns":3.0},{"damage":10.0,"enemies":"Hexaghost","floor":16.0,"turns":7.0},{"damage":3.0,"enemies":"Spheric Guardian","floor":18.0,"turns":3.0},{"damage":26.0,"enemies":"Shell Parasite","floor":20.0,"turns":5.0},{"damage":14.0,"enemies":"Centurion and Healer","floor":22.0,"turns":5.0},{"damage":13.0,"enemies":"Shelled Parasite and Fungi","floor":27.0,"turns":4.0},{"damage":11.0,"enemies":"Cultist and Chosen","floor":31.0,"turns":3.0},{"damage":35.0,"enemies":"Collector","floor":33.0,"turns":6.0},{"damage":0.0,"enemies":"Orb Walker","floor":35.0,"turns":2.0},{"damage":23.0,"enemies":"3 Darklings","floor":37.0,"turns":3.0},{"damage":4.0,"enemies":"Spire Growth","floor":39.0,"turns":2.0},{"damage":2.0,"enemies":"Giant Head","floor":40.0,"turns":4.0},{"damage":0.0,"enemies":"Maw","floor":42.0,"turns":4.0},{"damage":26.0,"enemies":"Nemesis","floor":44.0,"turns":5.0},{"damage":4.0,"enemies":"Writhing Mass","floor":45.0,"turns":4.0},{"damage":14.0,"enemies":"Giant Head","floor":46.0,"turns":5.0},{"damage":13.0,"enemies":"Jaw Worm Horde","floor":48.0,"turns":3.0},{"damage":8.0,"enemies":"Awakened One","floor":50.0,"turns":5.0},{"damage":10.0,"enemies":"Donu and Deca","floor":51.0,"turns":3.0},{"damage":0.0,"enemies":"Shield and Spear","floor":55.0,"turns":2.0},{"damage":64,"enemies":"The Heart","floor":56,"turns":7}],"seed_played":"154790726625716451","potions_obtained":[{"floor":4.0,"key":"Poison Potion"},{"floor":10.0,"key":"Fruit Juice"},{"floor":11.0,"key":"Poison Potion"},{"floor":16.0,"key":"SkillPotion"},{"floor":22.0,"key":"ColorlessPotion"},{"floor":31.0,"key":"Fruit Juice"},{"floor":33.0,"key":"Swift Potion"},{"floor":39.0,"key":"FairyPotion"},{"floor":42.0,"key":"SteroidPotion"},{"floor":44.0,"key":"Fruit Juice"},{"floor":45.0,"key":"LiquidBronze"}],"is_trial":false,"path_per_floor":["M","?","M","M","M","R","M","R","T","E","M","?","?","?","R","B",null,"M","?","M","$","M","R","?","R","T","M","?","R","$","M","R","B",null,"M","$","M","?","M","E","?","M","T","E","M","E","R","M","R","B","B",null,"R","$","E","B",null],"character_chosen":"THE_SILENT","items_purchased":["Tactician","Escape Plan","Dexterity Potion"],"campfire_rested":3,"item_purchase_floors":[21,21,54],"current_hp_per_floor":[59,59,52,51,36,36,34,34,34,7,2,2,2,2,21,11,52,49,49,23,23,24,24,24,24,24,16,16,16,16,5,26,1,57,57,57,34,34,35,33,33,35,35,11,19,7,30,24,24,18,10,60,60,60,62,5],"gold":110,"neow_bonus":"ONE_RANDOM_RARE_CARD","is_daily":false,"chose_seed":false,"campfire_upgraded":6,"win_rate":0.0,"timestamp":1608039376,"path_taken":["M","?","M","M","M","R","M","R","T","E","M","?","?","?","R","BOSS","M","?","M","$","?","R","?","R","T","?","?","R","$","M","R","BOSS","M","$","?","?","M","E","?","M","T","E","M","E","R","M","R","BOSS","BOSS","R","$","E","BOSS"],"items_purchased_type":["Card","Card","Potion"],"build_version":"2020-12-13","purchased_purges":4,"victory":true,"max_hp_per_floor":[66,66,66,66,66,66,66,66,66,66,66,66,66,66,66,66,66,66,66,66,66,71,71,71,71,71,71,71,71,71,71,71,76,76,76,76,76,72,72,72,72,72,72,72,77,77,77,77,77,77,77,77,77,77,77,77],"card_choices":[{"not_picked":["Finisher","Infinite Blades"],"picked":"Blade Dance","floor":1.0},{"not_picked":["Predator","Catalyst"],"picked":"Dagger Throw","floor":3.0},{"not_picked":["Dash","Dagger Spray"],"picked":"Calculated Gamble","floor":4.0},{"not_picked":["Deflect","Deadly Poison"],"picked":"Bouncing Flask","floor":5.0},{"not_picked":["Deadly Poison","Bullet Time"],"picked":"Crippling Poison","floor":7.0},{"not_picked":["Quick Slash","Blade Dance","Bane"],"picked":"SKIP","floor":10.0},{"not_picked":["Quick Slash","Bane"],"picked":"Acrobatics","floor":11.0},{"not_picked":["Storm of Steel","Bullet Time"],"picked":"Die Die Die","floor":16.0},{"not_picked":["Flechettes","Bane"],"picked":"Footwork","floor":18.0},{"not_picked":["Dagger Spray","Accuracy","Bane"],"picked":"SKIP","floor":20.0},{"not_picked":["Catalyst","Sucker Punch"],"picked":"Well Laid Plans","floor":22.0},{"not_picked":["Heel Hook","Poisoned Stab+1","Deadly Poison"],"picked":"SKIP","floor":27.0},{"not_picked":["Well Laid Plans","Caltrops","Expertise"],"picked":"SKIP","floor":31.0},{"not_picked":["Finisher","Skewer","Outmaneuver"],"picked":"SKIP","floor":35.0},{"not_picked":["Deflect","Quick Slash","Crippling Poison"],"picked":"SKIP","floor":37.0},{"not_picked":["Eviscerate+1","Distraction","All Out Attack"],"picked":"SKIP","floor":39.0},{"not_picked":["Underhanded Strike","Deflect+1","Catalyst"],"picked":"SKIP","floor":40.0},{"not_picked":["Blade Dance","Dagger Spray+1","Flying Knee+1"],"picked":"SKIP","floor":42.0},{"not_picked":["PiercingWail+1","Die Die Die"],"picked":"Reflex","floor":44.0},{"not_picked":["Leg Sweep","Setup","Bullet Time"],"picked":"SKIP","floor":45.0},{"not_picked":["Catalyst","Bullet Time","Concentrate+1"],"picked":"SKIP","floor":46.0},{"not_picked":["PiercingWail","Flying Knee+1","Night Terror"],"picked":"SKIP","floor":48.0},{"not_picked":["Dodge and Roll","A Thousand Cuts"],"picked":"Footwork+1","floor":55.0}],"player_experience":280855,"relics_obtained":[{"floor":9.0,"key":"Toy Ornithopter"},{"floor":10.0,"key":"Whetstone"},{"floor":26.0,"key":"Letter Opener"},{"floor":40.0,"key":"Blood Vial"},{"floor":44.0,"key":"TungstenRod"},{"floor":46.0,"key":"Mercury Hourglass"},{"floor":55.0,"key":"The Specimen"}],"event_choices":[{"damage_healed":0.0,"max_hp_gain":0.0,"max_hp_loss":0.0,"gold_gain":0.0,"event_name":"Liars Game","player_choice":"Ignored","floor":2.0,"gold_loss":0.0,"damage_taken":0.0},{"damage_healed":0.0,"max_hp_gain":0.0,"max_hp_loss":0.0,"gold_gain":0.0,"event_name":"Dead Adventurer","player_choice":"Searched \u00270\u0027 times","floor":12.0,"gold_loss":0.0,"damage_taken":0.0},{"cards_removed":["Strike_G"],"damage_healed":0.0,"max_hp_gain":0.0,"max_hp_loss":0.0,"gold_gain":0.0,"event_name":"Living Wall","player_choice":"Forget","floor":13.0,"gold_loss":0.0,"damage_taken":0.0},{"damage_healed":0.0,"max_hp_gain":0.0,"max_hp_loss":0.0,"gold_gain":0.0,"event_name":"WeMeetAgain","player_choice":"Gave Potion","floor":14.0,"gold_loss":0.0,"damage_taken":0.0,"relics_obtained":["InkBottle"]},{"damage_healed":0.0,"max_hp_gain":0.0,"max_hp_loss":0.0,"gold_gain":0.0,"event_name":"N\u0027loth","player_choice":"Traded Relic","floor":19.0,"relics_lost":["Astrolabe"],"gold_loss":0.0,"damage_taken":0.0,"relics_obtained":["Nloth\u0027s Gift"]},{"damage_healed":0.0,"max_hp_gain":0.0,"max_hp_loss":0.0,"gold_gain":0.0,"cards_transformed":["Strike_G"],"event_name":"Transmorgrifier","player_choice":"Transformed","floor":24.0,"gold_loss":0.0,"damage_taken":0.0,"cards_obtained":["Choke"]},{"cards_removed":["Strike_G"],"damage_healed":0.0,"max_hp_gain":0.0,"max_hp_loss":0.0,"gold_gain":0.0,"event_name":"Wheel of Change","player_choice":"Card Removal","floor":28.0,"gold_loss":0.0,"damage_taken":0.0},{"damage_healed":0.0,"max_hp_gain":0.0,"max_hp_loss":4.0,"gold_gain":0.0,"event_name":"Winding Halls","player_choice":"Max HP","floor":38.0,"gold_loss":0.0,"damage_taken":0.0},{"damage_healed":0.0,"max_hp_gain":0.0,"max_hp_loss":0.0,"gold_gain":0.0,"event_name":"Upgrade Shrine","player_choice":"Upgraded","floor":41.0,"gold_loss":0.0,"damage_taken":0.0,"cards_upgraded":["Calculated Gamble"]}],"is_beta":false,"boss_relics":[{"not_picked":["Fusion Hammer","Snecko Eye"],"picked":"Astrolabe"},{"not_picked":["SacredBark","Calling Bell"],"picked":"Empty Cage"}],"items_purged_floors":[21,30,36,54],"is_endless":false,"potions_floor_spawned":[4,10,11,16,22,31,33,39,42,44,45],"ascension_level":20}}