{"host":"d9m9v0h6vo0edadb","time":1608031505,"event":{"mods":["BaseMod","Hermit","Keyboard Shortcuts","Minty Spire (QoL Compilation)","StSLib","SuperFastMode","The Cursed"],"gold_per_floor":[118,130,150,166,185,185,201,201,201,201,201,1,1,11,11,11,11],"floor_reached":16,"playtime":248,"items_purged":["Strike_G"],"score":188,"play_id":"1114ed34-d186-40a0-b2a6-34fe46937e9c","local_time":"20201215202505","is_ascension_mode":true,"campfire_choices":[{"data":"Terror","floor":6.0,"key":"SMITH"},{"floor":8.0,"key":"REST"},{"data":"Flechettes","floor":11.0,"key":"SMITH"},{"data":"Acrobatics","floor":15,"key":"SMITH"}],"circlet_count":0,"master_deck":["AscendersBane","Strike_G","Strike_G","Strike_G","Defend_G","Defend_G","Defend_G","Defend_G","Defend_G","Survivor","Neutralize","Infinite Blades","Flechettes+1","Terror+1","Backflip","Blade Dance+1","Tactician","Acrobatics+1"],"relics":["Ring of the Snake","Turnip"],"acts_visited":["Exordium"],"potions_floor_usage":[14,16],"damage_taken":[{"damage":3.0,"enemies":"Small Slimes","floor":1.0,"turns":6.0},{"damage":12.0,"enemies":"Jaw Worm","floor":2.0,"turns":8.0},{"damage":1.0,"enemies":"Cultist","floor":3.0,"turns":4.0},{"damage":12.0,"enemies":"Gremlin Gang","floor":4.0,"turns":4.0},{"damage":1.0,"enemies":"Looter","floor":5.0,"turns":4.0},{"damage":16.0,"enemies":"Exordium Thugs","floor":7.0,"turns":5.0},{"damage":0,"enemies":"Gremlin Gang","floor":14,"turns":4},{"damage":37,"enemies":"The Guardian","floor":16,"turns":8}],"seed_played":"6799817843136348825","potions_obtained":[{"floor":2.0,"key":"Explosive Potion"},{"floor":7.0,"key":"ColorlessPotion"},{"floor":14,"key":"Block Potion"}],"is_trial":false,"path_per_floor":["M","M","M","M","M","R","M","R","T","?","R","$","?","M","R","B"],"character_chosen":"THE_SILENT","items_purchased":["Blade Dance","Tactician"],"campfire_rested":1,"item_purchase_floors":[12,12],"current_hp_per_floor":[56,44,43,31,30,30,14,33,33,33,33,33,33,33,33,0,0],"gold":11,"neow_bonus":"REMOVE_CARD","is_daily":false,"chose_seed":false,"campfire_upgraded":3,"win_rate":0.0,"timestamp":1608031505,"path_taken":["M","M","M","M","M","R","M","R","T","?","R","$","?","M","R","BOSS"],"items_purchased_type":["Card","Card"],"build_version":"2020-12-13","purchased_purges":1,"victory":false,"max_hp_per_floor":[66,66,66,66,66,66,66,66,66,66,66,66,66,66,66,66,66],"card_choices":[{"not_picked":["PiercingWail","Outmaneuver"],"picked":"Infinite Blades","floor":1.0},{"not_picked":["Riddle With Holes","Poisoned Stab"],"picked":"Flechettes","floor":2.0},{"not_picked":["Acrobatics","Prepared"],"picked":"Terror","floor":3.0},{"not_picked":["Night Terror","Prepared"],"picked":"Backflip","floor":4.0},{"not_picked":["Backflip","Flying Knee","Slice"],"picked":"SKIP","floor":5.0},{"not_picked":["Catalyst","Prepared","Bane"],"picked":"SKIP","floor":7.0},{"not_picked":["Deflect","Tactician"],"picked":"Acrobatics","floor":14}],"player_experience":934336,"relics_obtained":[{"floor":9.0,"key":"Turnip"}],"event_choices":[{"damage_healed":0.0,"max_hp_gain":0.0,"max_hp_loss":0.0,"gold_gain":0.0,"event_name":"Shining Light","player_choice":"Ignored","floor":10.0,"gold_loss":0.0,"damage_taken":0.0},{"damage_healed":0.0,"max_hp_gain":0.0,"max_hp_loss":0.0,"gold_gain":0.0,"event_name":"Accursed Blacksmith","player_choice":"Forge","floor":13.0,"gold_loss":0.0,"damage_taken":0.0,"cards_upgraded":["Blade Dance"]}],"is_beta":false,"boss_relics":[],"items_purged_floors":[12],"is_endless":false,"potions_floor_spawned":[2,7,14],"killed_by":"The Guardian","ascension_level":20}}