{"host":"kh1j1cf337zr4nij","time":1608001547,"event":{"mods":["2.2 Compatiblity","AchievementEnabler","Act Like it!","Aspiration","BaseMod","Bestiary","CCEM","Colored Map","Colored Powertips","Conspire","Downfall","Energized Spire","Friendly Minions","GifTheSpireLib","Halation","Hermit","Highlight Path","Hubris","Minty Spire (QoL Compilation)","Quick Restart","Random Character Button","Relic Stats","Replay The Spire","StSLib","Stuff the Spire","SuperFastMode","Synergy Search","Trackpad"],"gold_per_floor":[99,99,24,24,24,59,84,84,118,118,130,146,62,47,62,157,157,157,157,173,192,192,192,192,215,140,171,524,535,549,474,490,588,588,588,603,614,663,678,689,689,724,649,679,698,716,616,616,634,634,634,664,246,246,246],"floor_reached":56,"playtime":3921,"items_purged":["Normality","Shame","Slimebound:Strike_Slimebound+1"],"score":1335,"play_id":"47775580-a6d1-4baa-b6e6-ce1e781c413c","local_time":"20201214220547","is_ascension_mode":false,"campfire_choices":[{"floor":1.0,"key":"RECALL"},{"data":"Slimebound:Split","floor":3.0,"key":"SMITH"},{"data":"Slimebound:LeadByExample","floor":10.0,"key":"SMITH"},{"data":"Slimebound:WasteNot","floor":18.0,"key":"SMITH"},{"data":"Slimebound:Nibble","floor":22.0,"key":"SMITH"},{"data":"Slimebound:RejuvenatingLick","floor":26.0,"key":"SMITH"},{"data":"Slimebound:PrepareCrush","floor":35.0,"key":"SMITH"},{"data":"Slimebound:TongueLash","floor":43.0,"key":"SMITH"},{"floor":54,"key":"REST"}],"circlet_count":0,"master_deck":["Slimebound:Strike_Slimebound+1","Slimebound:Strike_Slimebound+1","Slimebound:Tackle+1","Slimebound:Defend_Slimebound+1","Slimebound:Defend_Slimebound+1","Slimebound:Defend_Slimebound+1","Slimebound:Defend_Slimebound+1","Slimebound:Split+1","Slimebound:Nibble","Slimebound:ForwardTackle+1","Slimebound:LeadByExample+1","Slimebound:WasteNot+1","Slimebound:HauntingLick","Slimebound:FinishingTackle","Slimebound:RejuvenatingLick+1","Slimebound:LeechLife","CurseOfTheBell","Slimebound:Schlurp","Slimebound:Nibble+1","Slimebound:SamplingLick+1","Slimebound:PrepareCrush+1","Slimebound:LeechingTouch+1","Slimebound:Gluttony+1","Slimebound:TongueLash+1","Slimebound:ItLooksTasty+1","hubris:DuctTapeCard","Slimebound:SplitLeeching+1"],"relics":["Slimebound:AbsorbEndCombat","downfall:HeartsMalice","Ring of Fury","downfall:HeartBlessingRed","hubris:DuctTape","Oddly Smooth Stone","CCEMRelics:SpiritsEdge","Calling Bell","trackpad:CultistFigurine","halation:Toothbrush","StuffTheSpire:Expresso","Bag of Preparation","aspiration:ChemicalBlood","downfall:HeartBlessingBlue","CCEMRelics:OrganicArmor","Ancient Tea Set","aspiration:FutureDiary","hubris:MedicalManual","Meat on the Bone","StuffTheSpire:Mouthbags","downfall:HeartBlessingGreen","Gremlin Food","Whetstone","Slimebound:SelfDamagePreventRelic","StuffTheSpire:Experiment12"],"acts_visited":["Exordium","TheCity","TheBeyond","TheEnding"],"potions_floor_usage":[52,52,55,55,55,55,55],"damage_taken":[{"damage":0.0,"enemies":"2 Louse","floor":4.0,"turns":1.0},{"damage":0.0,"enemies":"conspire:RoseBush","floor":5.0,"turns":1.0},{"damage":0.0,"enemies":"Replay:BlueRogue","floor":6.0,"turns":1.0},{"damage":16.0,"enemies":"3 Sentries","floor":9.0,"turns":5.0},{"damage":1.0,"enemies":"Jaw Worm","floor":11.0,"turns":2.0},{"damage":0.0,"enemies":"Blue Slaver","floor":12.0,"turns":2.0},{"damage":30.0,"enemies":"downfall:FleeingMerchant","floor":13.0,"turns":4.0},{"damage":19.0,"enemies":"downfall:FleeingMerchant","floor":14.0,"turns":4.0},{"damage":22.0,"enemies":"Exordium Wildlife","floor":15.0,"turns":3.0},{"damage":57.0,"enemies":"downfall:Watcher","floor":16.0,"turns":5.0},{"damage":18.0,"enemies":"conspire:FuzzyDice","floor":20.0,"turns":4.0},{"damage":25.0,"enemies":"Spheric Guardian","floor":21.0,"turns":4.0},{"damage":15.0,"enemies":"Replay:Snechameleon","floor":27.0,"turns":4.0},{"damage":3.0,"enemies":"downfall:FleeingMerchant","floor":28.0,"turns":1.0},{"damage":4.0,"enemies":"Snake Plant","floor":29.0,"turns":2.0},{"damage":27.0,"enemies":"conspire:HollyBat","floor":30.0,"turns":5.0},{"damage":16.0,"enemies":"Centurion and Healer","floor":32.0,"turns":3.0},{"damage":63.0,"enemies":"downfall:Silent","floor":33.0,"turns":5.0},{"damage":3.0,"enemies":"3 Shapes","floor":36.0,"turns":3.0},{"damage":37.0,"enemies":"3 Darklings","floor":37.0,"turns":5.0},{"damage":74.0,"enemies":"2 Orb Walkers","floor":38.0,"turns":5.0},{"damage":23.0,"enemies":"Sphere and 2 Shapes","floor":39.0,"turns":4.0},{"damage":16.0,"enemies":"Jaw Worm Horde","floor":40.0,"turns":3.0},{"damage":28.0,"enemies":"Giant Head","floor":42.0,"turns":6.0},{"damage":8.0,"enemies":"R_Hoarder","floor":44.0,"turns":5.0},{"damage":47.0,"enemies":"Writhing Mass","floor":45.0,"turns":3.0},{"damage":1.0,"enemies":"Spire Growth","floor":46.0,"turns":3.0},{"damage":9.0,"enemies":"Sphere and 2 Shapes","floor":49.0,"turns":4.0},{"damage":24.0,"enemies":"downfall:Ironclad","floor":50.0,"turns":8.0},{"damage":98,"enemies":"downfall:CharBossMerchant","floor":52,"turns":8},{"damage":105,"enemies":"downfall:NeowBoss","floor":55,"turns":25}],"seed_played":"9028363125392391399","potions_obtained":[{"floor":6.0,"key":"BlessingOfTheForge"},{"floor":12.0,"key":"EntropicBrew"},{"floor":30.0,"key":"FearPotion"},{"floor":32.0,"key":"CultistPotion"},{"floor":33.0,"key":"Explosive Potion"},{"floor":33.0,"key":"Cursed Concoction"},{"floor":36.0,"key":"hexamod:EctoCoolerPotion"},{"floor":37.0,"key":"Dexterity Potion"},{"floor":37.0,"key":"SkillPotion"},{"floor":38.0,"key":"ColorlessPotion"},{"floor":38.0,"key":"Adrenaline Potion"},{"floor":40.0,"key":"Regen Potion"},{"floor":49.0,"key":"Adrenaline Potion"},{"floor":50.0,"key":"Energy Potion"}],"is_trial":false,"path_per_floor":["R","?","R","M","M","E","T","?","E","R","M","M","$","$","M","B",null,"R","?","M","M","R","?","T","T","R","E","$","M","M","$","M","B",null,"R","M","M","?","M","M","T","E","R","E","M","M","$","?","M","B",null,"E","$","R","B",null],"character_chosen":"SLIMEBOUND","items_purchased":["Slimebound:HauntingLick","Slimebound:SelfDamagePreventRelic","StuffTheSpire:Experiment12"],"campfire_rested":1,"item_purchase_floors":[13,53,53],"current_hp_per_floor":[60,60,60,60,60,60,60,60,56,56,59,60,54,59,53,36,60,60,60,60,45,45,45,45,45,55,62,59,63,55,58,72,59,73,73,73,56,38,37,73,73,74,74,79,40,79,82,82,81,82,82,36,39,65,88],"gold":246,"neow_bonus":"THREE_ENEMY_KILL","is_daily":false,"chose_seed":false,"campfire_upgraded":7,"win_rate":0.0,"timestamp":1608001547,"path_taken":["R","?","R","M","M","E","T","?","E","R","M","?","$","$","M","BOSS","R","?","M","M","R","?","T","?","R","E","?","M","M","$","M","BOSS","R","M","?","?","M","M","T","E","R","E","M","M","$","?","M","BOSS","E","$","R","BOSS"],"items_purchased_type":["Card","Relic","Relic"],"build_version":"2020-12-13","purchased_purges":3,"victory":true,"max_hp_per_floor":[60,60,60,60,60,60,60,60,60,60,60,60,60,60,60,60,60,60,60,60,60,60,60,60,60,70,70,70,70,70,73,73,73,73,73,73,73,73,73,73,73,76,76,79,79,79,82,82,82,82,82,85,88,88,88],"relic_stats":{"counters":[31,132],"Bag of Preparation":[38],"Whetstone":["Slimebound:ForwardTackle","Slimebound:Tackle"],"obtain_stats":[{"downfall:HeartBlessingGreen":43,"Bag of Preparation":23,"Whetstone":52,"Ancient Tea Set":28,"StuffTheSpire:Experiment12":53,"downfall:HeartBlessingBlue":26,"halation:Toothbrush":17,"trackpad:CultistFigurine":17,"aspiration:FutureDiary":34,"aspiration:ChemicalBlood":25,"CCEMRelics:OrganicArmor":27,"Gremlin Food":44,"Slimebound:SelfDamagePreventRelic":53,"downfall:HeartBlessingRed":3,"hubris:DuctTape":6,"Oddly Smooth Stone":7,"StuffTheSpire:Expresso":17,"downfall:HeartsMalice":0,"hubris:MedicalManual":38,"CCEMRelics:SpiritsEdge":9,"Calling Bell":17,"StuffTheSpire:Mouthbags":42,"Ring of Fury":2,"Slimebound:AbsorbEndCombat":0,"Meat on the Bone":41},{"downfall:HeartBlessingGreen":24,"Bag of Preparation":12,"Whetstone":30,"Ancient Tea Set":14,"StuffTheSpire:Experiment12":30,"downfall:HeartBlessingBlue":12,"halation:Toothbrush":10,"trackpad:CultistFigurine":10,"aspiration:FutureDiary":18,"aspiration:ChemicalBlood":12,"CCEMRelics:OrganicArmor":13,"Gremlin Food":25,"Slimebound:SelfDamagePreventRelic":30,"downfall:HeartBlessingRed":0,"hubris:DuctTape":3,"Oddly Smooth Stone":3,"StuffTheSpire:Expresso":10,"downfall:HeartsMalice":0,"hubris:MedicalManual":21,"CCEMRelics:SpiritsEdge":4,"Calling Bell":10,"StuffTheSpire:Mouthbags":24,"Ring of Fury":0,"Slimebound:AbsorbEndCombat":0,"Meat on the Bone":23},{"downfall:HeartBlessingGreen":77,"Bag of Preparation":32,"Whetstone":107,"Ancient Tea Set":37,"StuffTheSpire:Experiment12":107,"downfall:HeartBlessingBlue":32,"halation:Toothbrush":25,"trackpad:CultistFigurine":25,"aspiration:FutureDiary":52,"aspiration:ChemicalBlood":32,"CCEMRelics:OrganicArmor":36,"Gremlin Food":82,"Slimebound:SelfDamagePreventRelic":107,"downfall:HeartBlessingRed":0,"hubris:DuctTape":0,"Oddly Smooth Stone":0,"StuffTheSpire:Expresso":25,"downfall:HeartsMalice":0,"hubris:MedicalManual":64,"CCEMRelics:SpiritsEdge":5,"Calling Bell":25,"StuffTheSpire:Mouthbags":77,"Ring of Fury":0,"Slimebound:AbsorbEndCombat":0,"Meat on the Bone":71}],"Meat on the Bone":12},"card_choices":[{"not_picked":["Slimebound:SlimeSpikes","Slimebound:SplitBruiser"],"picked":"Slimebound:Nibble","floor":4.0},{"not_picked":["Slimebound:FinishingTackle","Slimebound:AcidTongue"],"picked":"Slimebound:LeechEnergy","floor":5.0},{"not_picked":["Slimebound:SplitBruiser","Slimebound:Chomp"],"picked":"Slimebound:ForwardTackle","floor":6.0},{"not_picked":["Slimebound:SplitLeeching","Slimebound:GrowthPunch"],"picked":"Slimebound:LeadByExample","floor":9.0},{"not_picked":["Slimebound:LeechingTouch","Slimebound:Prepare","Slimebound:RollThrough"],"picked":"SKIP","floor":11.0},{"not_picked":["Slimebound:Grow","Slimebound:PressTheAttack"],"picked":"Slimebound:WasteNot","floor":12.0},{"not_picked":["Slimebound:Dissolve","Slimebound:LivingWall"],"picked":"Slimebound:TongueLash","floor":13.0},{"not_picked":["Slimebound:ComboTackle","Slimebound:FlameTackle"],"picked":"Slimebound:FinishingTackle","floor":14.0},{"not_picked":["Slimebound:GoopSpray","Slimebound:LeechEnergy"],"picked":"Slimebound:RejuvenatingLick","floor":15.0},{"not_picked":["Slimebound:OozeBath","Slimebound:SelfFormingGoo"],"picked":"Slimebound:LeechLife","floor":16.0},{"not_picked":["Slimebound:MegaLick","Slimebound:RollThrough"],"picked":"Slimebound:Schlurp","floor":20.0},{"not_picked":["Slimebound:Schlurp","Slimebound:FinishingTackle"],"picked":"Slimebound:Nibble","floor":21.0},{"not_picked":["Slimebound:LeechLife","Slimebound:Overexert","Slimebound:ForwardTackle"],"picked":"SKIP","floor":27.0},{"not_picked":["Slimebound:RainOfGoop","Slimebound:ComboTackle"],"picked":"Slimebound:SamplingLick","floor":29.0},{"not_picked":["Slimebound:BestDefense","Slimebound:LevelUp","Slimebound:ComboTackle"],"picked":"SKIP","floor":30.0},{"not_picked":["Slimebound:SlimeSpikes","Slimebound:FormOfPuddle","Slimebound:LeechingTouch+1"],"picked":"SKIP","floor":32.0},{"not_picked":["Slimebound:SlimeSlap","Slimebound:RallyTheTroops"],"picked":"Slimebound:PrepareCrush","floor":33.0},{"not_picked":["Slimebound:ViciousTackle","Slimebound:RejuvenatingLick"],"picked":"Slimebound:LeechingTouch+1","floor":36.0},{"not_picked":["Slimebound:OneTwoCombo","Slimebound:SplitBruiser","Slimebound:PressTheAttack"],"picked":"SKIP","floor":37.0},{"not_picked":["Slimebound:ViciousTackle","Slimebound:RejuvenatingLick+1"],"picked":"Slimebound:Gluttony+1","floor":39.0},{"not_picked":["Slimebound:SplitLeeching","Slimebound:ViciousTackle","Slimebound:GrowthPunch+1"],"picked":"SKIP","floor":40.0},{"not_picked":["Slimebound:MinionMaster","Slimebound:GoopSpray+1","Slimebound:PressTheAttack+1"],"picked":"SKIP","floor":42.0},{"not_picked":["Slimebound:GrowthPunch","Slimebound:GoopSpray+1","Slimebound:ViciousTackle"],"picked":"SKIP","floor":44.0},{"not_picked":["Slimebound:GoopSpray","Slimebound:FinishingTackle"],"picked":"Slimebound:SplitLeeching+1","floor":45.0},{"not_picked":["Slimebound:Repurpose+1","Slimebound:ForwardTackle+1","Slimebound:Chomp"],"picked":"SKIP","floor":46.0},{"not_picked":["Slimebound:ViciousTackle","Slimebound:LeechEnergy+1"],"picked":"Slimebound:ItLooksTasty+1","floor":49.0},{"not_picked":["Slimebound:LeechingTouch+1","Slimebound:FinishingTackle+1","Slimebound:RollThrough+1"],"picked":"SKIP","floor":52}],"player_experience":4281,"relics_obtained":[{"floor":2.0,"key":"Ring of Fury"},{"floor":6.0,"key":"hubris:DuctTape"},{"floor":7.0,"key":"Oddly Smooth Stone"},{"floor":9.0,"key":"CCEMRelics:SpiritsEdge"},{"floor":17.0,"key":"trackpad:CultistFigurine"},{"floor":17.0,"key":"halation:Toothbrush"},{"floor":17.0,"key":"StuffTheSpire:Expresso"},{"floor":25.0,"key":"aspiration:ChemicalBlood"},{"floor":27.0,"key":"CCEMRelics:OrganicArmor"},{"floor":28.0,"key":"Ancient Tea Set"},{"floor":38.0,"key":"hubris:MedicalManual"},{"floor":41.0,"key":"Meat on the Bone"},{"floor":42.0,"key":"StuffTheSpire:Mouthbags"},{"floor":44.0,"key":"Gremlin Food"},{"floor":52,"key":"Whetstone"}],"event_choices":[{"damage_healed":0.0,"max_hp_gain":0.0,"max_hp_loss":0.0,"gold_gain":0.0,"event_name":"Upgrade Shrine","player_choice":"Upgraded","floor":8.0,"gold_loss":0.0,"damage_taken":0.0,"cards_upgraded":["hubris:DuctTapeCard"]},{"damage_healed":0.0,"max_hp_gain":0.0,"max_hp_loss":0.0,"gold_gain":0.0,"event_name":"Back to Basics","player_choice":"Simplicity","floor":19.0,"gold_loss":0.0,"damage_taken":0.0,"cards_upgraded":["Slimebound:Strike_Slimebound","Slimebound:Strike_Slimebound","Slimebound:Strike_Slimebound","Slimebound:Defend_Slimebound","Slimebound:Defend_Slimebound","Slimebound:Defend_Slimebound","Slimebound:Defend_Slimebound"]},{"damage_healed":0.0,"max_hp_gain":0.0,"max_hp_loss":0.0,"gold_gain":0.0,"event_name":"Addict","player_choice":"Stole Relic","floor":23.0,"gold_loss":0.0,"damage_taken":0.0,"relics_obtained":["Bag of Preparation"],"cards_obtained":["Shame"]},{"damage_healed":0.0,"max_hp_gain":0.0,"max_hp_loss":0.0,"gold_gain":0.0,"event_name":"Mysterious Sphere","player_choice":"Fight","floor":38.0,"gold_loss":0.0,"damage_taken":0.0}],"is_beta":false,"boss_relics":[{"not_picked":["energizedSpire:SpiderWeb","Slimebound:AbsorbEndCombatUpgraded"],"picked":"Calling Bell"},{"not_picked":["hubris:VirtuousBlindfold","energizedSpire:StickyHand"],"picked":"aspiration:FutureDiary"}],"items_purged_floors":[31,47,53],"is_endless":false,"potions_floor_spawned":[6,12,15,27,30,33,36,37,38,49,52],"ascension_level":0}}