{"host":"rwzz6mk6bpmb57ql","time":1608019871,"event":{"mods":["BaseMod","BetterRewards","Colored Map","Highlight Path","Hubris","Minty Spire (QoL Compilation)","Replay The Spire","StSLib"],"gold_per_floor":[5115,5130,5130,5148,5166,5201,5215,5242,5242,5260,5260,5276,4717,4717,4717,4814,4814,4824,4844,4844,4862,4529,4562,4572,4572,4572],"floor_reached":25,"playtime":1477,"items_purged":["Strike_R","Strike_R"],"score":469,"play_id":"b0bf9d22-6ef5-4218-8a4a-d4d9bded3f7a","local_time":"20201215021111","is_ascension_mode":true,"campfire_choices":[{"data":"ReplayTheSpireMod:Limb From Limb","floor":11,"key":"SMITH"},{"floor":15,"key":"RECALL"}],"circlet_count":0,"master_deck":["Strike_R","Strike_R","Strike_R","Defend_R","Defend_R","Defend_R","Defend_R","Bash","hubris:StunningStrike","hubris:CleavingFinish","ReplayTheSpireMod:Limb From Limb+1","Thunderclap","Flex","Flex","Pommel Strike","Corruption","Havoc","Ghostly","Ghostly","Ghostly","Ghostly","Ghostly","Second Wind+1","Infernal Blade","Flame Barrier"],"relics":["Burning Blood","ReplayTheSpireMod:Spearhead","ReplayTheSpireMod:Lightbulb","hubris:DeckOfHolding","Omamori","Replay:Ringing Soul","Toolbox","hubris:Backtick","Regal Pillow","Gambling Chip","BranchBurnRelic"],"acts_visited":["Exordium","TheCity"],"potions_floor_usage":[6,10,16,16,16,19,23,23,23],"damage_taken":[{"damage":12,"enemies":"2 Louse","floor":1,"turns":2},{"damage":9,"enemies":"Jaw Worm","floor":2,"turns":4},{"damage":6,"enemies":"Cultist","floor":4,"turns":3},{"damage":14,"enemies":"Exordium Wildlife","floor":5,"turns":4},{"damage":40,"enemies":"Lagavulin","floor":6,"turns":4},{"damage":13,"enemies":"Blue Slaver","floor":7,"turns":3},{"damage":20,"enemies":"Gremlin Nob","floor":8,"turns":5},{"damage":53,"enemies":"Gremlin Gang","floor":10,"turns":5},{"damage":21,"enemies":"Lots of Slimes","floor":12,"turns":3},{"damage":44,"enemies":"The Guardian","floor":16,"turns":6},{"damage":48,"enemies":"3 Byrds","floor":18,"turns":8},{"damage":42,"enemies":"2 Thieves","floor":19,"turns":3},{"damage":0,"enemies":"Snecko","floor":21,"turns":2},{"damage":0,"enemies":"Book of Stabbing","floor":23,"turns":4},{"damage":9,"enemies":"Centurion and Healer","floor":24,"turns":5}],"seed_played":"-458572347854625720","potions_obtained":[{"floor":2,"key":"Swift Potion"},{"floor":5,"key":"BlessingOfTheForge"},{"floor":10,"key":"Strength Potion"},{"floor":14,"key":"Adrenaline Potion"},{"floor":14,"key":"Cursed Concoction"},{"floor":16,"key":"Elixir"},{"floor":19,"key":"LifebloodPotion"},{"floor":23,"key":"Languid Potion"}],"is_trial":false,"path_per_floor":["M","M","?","M","M","E","M","E","T","M","R","M","$","?","R","B",null,"M","M","?","M","$","E","M","R"],"character_chosen":"IRONCLAD","items_purchased":["Flex","Pommel Strike","Replay:Ringing Soul","Toolbox","Infernal Blade","Regal Pillow"],"campfire_rested":0,"item_purchase_floors":[13,13,13,13,22,22],"current_hp_per_floor":[154,151,126,126,118,84,77,63,63,116,116,101,101,101,101,66,163,124,88,86,89,92,92,92,92,92],"gold":4572,"neow_bonus":"ONE_RANDOM_RARE_CARD","is_daily":false,"chose_seed":false,"campfire_upgraded":1,"win_rate":0.0,"timestamp":1608019871,"path_taken":["M","M","?","M","M","E","M","E","T","M","R","M","$","?","R","BOSS","M","M","?","M","$","E","M","R"],"items_purchased_type":["Card","Card","Relic","Relic","Card","Relic"],"build_version":"2020-12-13","purchased_purges":2,"victory":false,"max_hp_per_floor":[160,160,160,160,160,160,160,160,160,160,160,160,160,160,160,163,163,166,166,86,89,92,92,95,95,95],"card_choices":[{"not_picked":["Headbutt","Twin Strike"],"picked":"hubris:CleavingFinish","floor":1},{"not_picked":["Anger","Cleave","Life Link"],"picked":"SKIP","floor":2},{"not_picked":["ReplayTheSpireMod:Strike From Hell","Dual Wield","Anger"],"picked":"SKIP","floor":4},{"not_picked":["Body Slam","Cleave"],"picked":"ReplayTheSpireMod:Limb From Limb","floor":5},{"not_picked":["Shrug It Off","Evolve","Metallicize"],"picked":"SKIP","floor":6},{"not_picked":["True Grit","Combust","Whirlwind"],"picked":"SKIP","floor":7},{"not_picked":["Ghostly Armor","Combust","Disarm"],"picked":"SKIP","floor":8},{"not_picked":["Warcry","Perfected Strike"],"picked":"Thunderclap","floor":10},{"not_picked":["Anger","Feed","Body Slam"],"picked":"SKIP","floor":12},{"not_picked":["Feed","Exhume"],"picked":"Corruption","floor":16},{"not_picked":["Pummel+1","Perfected Strike+1"],"picked":"Havoc","floor":18},{"not_picked":["ReplayTheSpireMod:Strike From Hell","Thunderclap","Fire Breathing+1"],"picked":"SKIP","floor":19},{"not_picked":["Blood for Blood","Iron Wave"],"picked":"Second Wind+1","floor":21},{"not_picked":["Clash+1","Wild Strike+1","Clothesline"],"picked":"SKIP","floor":23},{"not_picked":["Wild Strike+1","Run Through"],"picked":"Flame Barrier","floor":24}],"player_experience":25874,"relics_obtained":[{"floor":6,"key":"ReplayTheSpireMod:Lightbulb"},{"floor":8,"key":"hubris:DeckOfHolding"},{"floor":9,"key":"Omamori"},{"floor":23,"key":"Gambling Chip"}],"event_choices":[{"damage_healed":0,"gold_gain":0,"player_choice":"Success","damage_taken":25,"relics_obtained":["ReplayTheSpireMod:Spearhead"],"max_hp_gain":0,"max_hp_loss":0,"event_name":"Scrap Ooze","floor":3,"gold_loss":0},{"damage_healed":0,"gold_gain":0,"player_choice":"Got Potions","damage_taken":0,"max_hp_gain":0,"max_hp_loss":0,"event_name":"Lab","floor":14,"gold_loss":0},{"damage_healed":0,"gold_gain":0,"player_choice":"Became a Ghost","damage_taken":0,"max_hp_gain":0,"max_hp_loss":83,"event_name":"Ghosts","floor":20,"gold_loss":0,"cards_obtained":["Ghostly","Ghostly","Ghostly","Ghostly","Ghostly"]}],"is_beta":false,"boss_relics":[{"not_picked":["Painkiller Herb","Ectoplasm"],"picked":"hubris:Backtick"}],"items_purged_floors":[13,22],"is_endless":false,"potions_floor_spawned":[2,5,10,16,19,23],"ascension_level":4}}