{"host":"gn6ds4edjslinxdh","time":1608013515,"event":{"mods":["AchievementEnabler","BaseMod","Colored Map","Colored Powertips","Hermit","Jorbs\u0027s Wanderer Trilogy","Minty Spire (QoL Compilation)","Permanent Neow","Quick Restart","Relic Sorter","Relic Stats","StSLib"],"gold_per_floor":[99,99,99,99,99,99,99,99,99,99,99,99,99,99,99,99,99,39,39,39,39,39,39,39,39,39,39,39,39,39,39,39,39,39,39,39,39,39,39,39,39,39,39,39,39,39,39,39,39,39],"floor_reached":51,"playtime":4145,"items_purged":[],"score":1215,"play_id":"89b663ac-6702-4eff-8ac1-bbd8faa9093b","local_time":"20201214222515","is_ascension_mode":true,"campfire_choices":[{"data":"Uppercut","floor":7,"key":"SMITH"},{"data":"Armaments","floor":11,"key":"SMITH"},{"data":"Dark Embrace","floor":15,"key":"SMITH"},{"data":"Immolate","floor":23,"key":"SMITH"},{"data":"Bash","floor":27,"key":"SMITH"},{"data":"Burning Pact","floor":32,"key":"SMITH"},{"data":"Spot Weakness","floor":40,"key":"SMITH"},{"data":"Spot Weakness","floor":42,"key":"SMITH"},{"data":"Burning Pact","floor":47,"key":"SMITH"},{"data":"Double Tap","floor":49,"key":"SMITH"}],"circlet_count":0,"master_deck":["AscendersBane","Defend_R","Defend_R","Defend_R","Defend_R","Bash+1","Wild Strike","Iron Wave","Anger","Dark Embrace+1","Uppercut+1","Armaments+1","Flame Barrier+1","Burning Pact+1","Immolate+1","Corruption","Burning Pact+1","Shrug It Off","Double Tap+1","Warcry+1","Bite","Bite","Bite","Bite","Bite","Double Tap","Shrug It Off","Feed+1","Feel No Pain+1","Shrug It Off+1","Dual Wield","Spot Weakness+1","Spot Weakness+1"],"relics":["Ectoplasm","Bag of Preparation","Ancient Tea Set","Orichalcum","Snecko Eye","Darkstone Periapt","Matryoshka","Boot","Akabeko","Bottled Flame","CaptainsWheel"],"acts_visited":["Exordium","TheCity","TheBeyond"],"potions_floor_usage":[5,6,16,24],"damage_taken":[{"damage":2,"enemies":"Small Slimes","floor":1,"turns":4},{"damage":0,"enemies":"2 Louse","floor":2,"turns":2},{"damage":7,"enemies":"Jaw Worm","floor":4,"turns":2},{"damage":0,"enemies":"Large Slime","floor":5,"turns":3},{"damage":20,"enemies":"3 Sentries","floor":6,"turns":8},{"damage":20,"enemies":"Lagavulin","floor":8,"turns":6},{"damage":0,"enemies":"Gremlin Gang","floor":10,"turns":4},{"damage":0,"enemies":"2 Fungi Beasts","floor":12,"turns":2},{"damage":0,"enemies":"Large Slime","floor":13,"turns":4},{"damage":6,"enemies":"Hexaghost","floor":16,"turns":7},{"damage":8,"enemies":"2 Thieves","floor":18,"turns":4},{"damage":0,"enemies":"Spheric Guardian","floor":19,"turns":2},{"damage":0,"enemies":"Snake Plant","floor":21,"turns":3},{"damage":0,"enemies":"Centurion and Healer","floor":22,"turns":3},{"damage":0,"enemies":"Chosen and Byrds","floor":24,"turns":3},{"damage":0,"enemies":"Cultist and Chosen","floor":28,"turns":2},{"damage":20,"enemies":"Book of Stabbing","floor":29,"turns":5},{"damage":0,"enemies":"Shelled Parasite and Fungi","floor":30,"turns":1},{"damage":0,"enemies":"Snake Plant","floor":31,"turns":2},{"damage":20,"enemies":"Automaton","floor":33,"turns":8},{"damage":0,"enemies":"3 Darklings","floor":35,"turns":1},{"damage":0,"enemies":"Orb Walker","floor":37,"turns":3},{"damage":0,"enemies":"Jaw Worm Horde","floor":38,"turns":2},{"damage":4,"enemies":"Writhing Mass","floor":39,"turns":4},{"damage":0,"enemies":"Giant Head","floor":41,"turns":2},{"damage":0,"enemies":"Transient","floor":44,"turns":5},{"damage":2,"enemies":"4 Shapes","floor":45,"turns":5},{"damage":0,"enemies":"Maw","floor":46,"turns":4},{"damage":0,"enemies":"2 Orb Walkers","floor":48,"turns":2},{"damage":25,"enemies":"Donu and Deca","floor":50,"turns":6}],"seed_played":"5830022484695459420","potions_obtained":[{"floor":1,"key":"AttackPotion"},{"floor":2,"key":"LiquidMemories"},{"floor":8,"key":"BloodPotion"},{"floor":10,"key":"AttackPotion"},{"floor":18,"key":"LiquidMemories"},{"floor":24,"key":"Fire Potion"},{"floor":39,"key":"DistilledChaos"}],"is_trial":false,"path_per_floor":["M","M","?","M","M","E","R","E","T","M","R","M","M","?","R","B",null,"M","M","?","M","M","R","M","?","T","R","M","E","M","M","R","B",null,"M","?","M","M","M","R","E","R","T","M","M","M","R","?","R","B",null],"character_chosen":"IRONCLAD","items_purchased":[],"campfire_rested":0,"item_purchase_floors":[],"current_hp_per_floor":[70,70,75,68,68,48,48,28,28,28,28,28,28,28,28,22,69,61,61,45,45,45,45,63,62,62,62,62,49,49,53,53,62,62,62,62,62,62,59,59,62,62,62,62,66,66,66,70,70,53],"gold":39,"neow_bonus":"BOSS_RELIC","is_daily":false,"chose_seed":false,"campfire_upgraded":10,"win_rate":0.0,"timestamp":1608013515,"path_taken":["M","M","?","M","M","E","R","E","T","M","R","M","M","?","R","BOSS","M","M","?","M","M","R","M","?","T","R","M","E","?","M","R","BOSS","M","?","M","M","M","R","E","R","T","?","M","M","R","?","R","BOSS"],"items_purchased_type":[],"build_version":"2020-12-13","purchased_purges":0,"victory":true,"max_hp_per_floor":[80,80,85,85,85,85,85,85,85,85,85,85,85,85,85,85,85,85,85,90,90,90,90,90,62,62,62,62,62,62,62,62,62,62,62,62,62,62,62,62,62,62,62,62,66,66,66,70,70,70],"relic_stats":{"Darkstone Periapt":0,"counters":[30,109],"Snecko Eye":[208,208,202,163],"Ectoplasm":765,"Bag of Preparation":[50],"Orichalcum":[54],"Boot":[0],"obtain_stats":[{"Darkstone Periapt":26,"Bottled Flame":43,"CaptainsWheel":48,"Matryoshka":29,"Snecko Eye":17,"Ectoplasm":0,"Bag of Preparation":6,"Orichalcum":9,"Ancient Tea Set":8,"Boot":41,"Burning Blood":0,"Akabeko":43},{"Darkstone Periapt":15,"Bottled Flame":25,"CaptainsWheel":29,"Matryoshka":17,"Snecko Eye":10,"Ectoplasm":0,"Bag of Preparation":5,"Orichalcum":6,"Ancient Tea Set":6,"Boot":25,"Burning Blood":0,"Akabeko":25},{"Darkstone Periapt":57,"Bottled Flame":87,"CaptainsWheel":103,"Matryoshka":64,"Snecko Eye":42,"Ectoplasm":0,"Bag of Preparation":19,"Orichalcum":25,"Ancient Tea Set":25,"Boot":87,"Burning Blood":0,"Akabeko":87}]},"card_choices":[{"not_picked":["Evolve","Armaments"],"picked":"Wild Strike","floor":1},{"not_picked":["Heavy Blade","Bloodletting"],"picked":"Iron Wave","floor":2},{"not_picked":["Intimidate","Bloodletting"],"picked":"Anger","floor":4},{"not_picked":["Sentinel","Thunderclap"],"picked":"Dark Embrace","floor":5},{"not_picked":["Hemokinesis","Carnage"],"picked":"Uppercut","floor":6},{"not_picked":["Seeing Red","Thunderclap"],"picked":"Armaments","floor":8},{"not_picked":["Havoc","Twin Strike"],"picked":"Flame Barrier","floor":10},{"not_picked":["Evolve","Warcry"],"picked":"Burning Pact","floor":12},{"not_picked":["Dark Embrace","Armaments"],"picked":"Immolate","floor":13},{"not_picked":["Berserk","Feed"],"picked":"Corruption","floor":16},{"not_picked":["True Grit","Headbutt"],"picked":"Burning Pact","floor":18},{"not_picked":["Bloodletting","Flame Barrier"],"picked":"Shrug It Off","floor":19},{"not_picked":["Sword Boomerang","Headbutt"],"picked":"Double Tap","floor":21},{"not_picked":["Hemokinesis","Headbutt","Perfected Strike"],"picked":"SKIP","floor":22},{"not_picked":["Clothesline","Heavy Blade"],"picked":"Warcry+1","floor":24},{"not_picked":["Second Wind","Flex","Pummel"],"picked":"SKIP","floor":28},{"not_picked":["Sword Boomerang","Armaments"],"picked":"Double Tap","floor":29},{"not_picked":["Pummel","Intimidate","Headbutt"],"picked":"SKIP","floor":30},{"not_picked":["Flame Barrier","Sword Boomerang"],"picked":"Shrug It Off","floor":31},{"not_picked":["Fiend Fire","Corruption"],"picked":"Feed","floor":33},{"not_picked":["Headbutt","Clash"],"picked":"Feel No Pain+1","floor":35},{"not_picked":["Havoc","Body Slam"],"picked":"Shrug It Off+1","floor":37},{"not_picked":["Anger","Bloodletting"],"picked":"Dual Wield","floor":38},{"not_picked":["Pommel Strike","Flex"],"picked":"Spot Weakness","floor":39},{"not_picked":["Flame Barrier","Armaments"],"picked":"Spot Weakness","floor":41},{"not_picked":["Evolve","Immolate","True Grit"],"picked":"SKIP","floor":44},{"not_picked":["Clothesline","Searing Blow","Wild Strike"],"picked":"SKIP","floor":45},{"not_picked":["Iron Wave+1","Ghostly Armor","Body Slam"],"picked":"SKIP","floor":46}],"player_experience":510668,"relics_obtained":[{"floor":6,"key":"Bag of Preparation"},{"floor":8,"key":"Ancient Tea Set"},{"floor":9,"key":"Orichalcum"},{"floor":26,"key":"Darkstone Periapt"},{"floor":29,"key":"Matryoshka"},{"floor":41,"key":"Boot"},{"floor":43,"key":"Akabeko"},{"floor":43,"key":"Bottled Flame"},{"floor":48,"key":"CaptainsWheel"}],"event_choices":[{"damage_healed":0,"gold_gain":0,"player_choice":"Donut","damage_taken":0,"max_hp_gain":5,"max_hp_loss":0,"event_name":"Big Fish","floor":3,"gold_loss":0},{"damage_healed":0,"gold_gain":0,"player_choice":"Grow","damage_taken":0,"max_hp_gain":0,"max_hp_loss":0,"event_name":"Living Wall","floor":14,"gold_loss":0,"cards_upgraded":["Flame Barrier"]},{"damage_healed":0,"gold_gain":0,"player_choice":"Shed Blood","damage_taken":21,"max_hp_gain":5,"max_hp_loss":0,"event_name":"Forgotten Altar","floor":20,"gold_loss":0},{"damage_healed":0,"gold_gain":0,"player_choice":"Became a vampire","damage_taken":0,"max_hp_gain":0,"max_hp_loss":28,"event_name":"Vampires","floor":25,"gold_loss":0,"cards_obtained":["Bite","Bite","Bite","Bite","Bite"]},{"damage_healed":0,"gold_gain":0,"player_choice":"Forge","damage_taken":0,"max_hp_gain":0,"max_hp_loss":0,"event_name":"Accursed Blacksmith","floor":36,"gold_loss":0,"cards_upgraded":["Feed"]},{"damage_healed":0,"gold_gain":0,"player_choice":"Fight","damage_taken":0,"max_hp_gain":0,"max_hp_loss":0,"event_name":"Mysterious Sphere","floor":48,"gold_loss":0}],"is_beta":false,"boss_relics":[{"not_picked":["Mark of Pain","Tiny House"],"picked":"Snecko Eye"},{"not_picked":["Runic Dome","Velvet Choker","Busted Crown"]}],"items_purged_floors":[],"is_endless":false,"potions_floor_spawned":[1,2,8,10,18,24,29,30,31,33,35,39,45],"ascension_level":12}}