{"host":"dcj2yvrgcvh5dl2s","time":1608065108,"event":{"mods":["BaseMod","Better Note","Block Reminder","Colored Powertips","DeckTracker","Minty Spire (QoL Compilation)","Quick Restart","Rare Cards Sparkle","Relic Stats","StSLib"],"gold_per_floor":[109,120,120,70,70,100,100,126,153,166,166,191,191,221,221,319,319,319,33,33,0,0,0,0,0,0,0,0,0,0,0,0,0,0,0,0,0,0,0,0,0,0,0,0,0,0,0,0,0,0],"floor_reached":51,"playtime":2347,"items_purged":[],"score":1222,"play_id":"1c32c035-f998-4427-9aac-4513cbe6741f","local_time":"20201216064508","is_ascension_mode":true,"campfire_choices":[{"data":"Searing Blow","floor":7.0,"key":"SMITH"},{"data":"True Grit","floor":13.0,"key":"SMITH"},{"floor":15.0,"key":"REST"},{"floor":23.0,"key":"REST"},{"data":"Searing Blow+1","floor":27.0,"key":"SMITH"},{"floor":30.0,"key":"REST"},{"floor":32.0,"key":"REST"},{"data":"Searing Blow+3","floor":40.0,"key":"SMITH"},{"data":"Body Slam","floor":42.0,"key":"SMITH"},{"data":"Searing Blow+4","floor":44.0,"key":"SMITH"},{"data":"Searing Blow+5","floor":49,"key":"SMITH"}],"circlet_count":0,"master_deck":["AscendersBane","Strike_R","Strike_R","Strike_R","Strike_R","Defend_R","Defend_R","Defend_R","Defend_R","Bash","Searing Blow+6","Armaments+1","True Grit+1","Feel No Pain","Body Slam+1","Double Tap","Body Slam+1","Shrug It Off","Fire Breathing","Dropkick","Limit Break","Pummel+1","Juggernaut","Inflame","Shockwave","Feel No Pain+1","Intimidate","Dropkick","Heavy Blade+1","Sword Boomerang"],"relics":["Burning Blood","NeowsBlessing","Ancient Tea Set","Pantograph","Lantern","HornCleat","Unceasing Top","Du-Vu Doll","Ectoplasm","Ice Cream","Enchiridion","Dream Catcher","MawBank","Coffee Dripper","Smiling Mask","Nunchaku","Frozen Egg 2","Centennial Puzzle"],"acts_visited":["Exordium","TheCity","TheBeyond"],"potions_floor_usage":[47,48],"damage_taken":[{"damage":0.0,"enemies":"Small Slimes","floor":1.0,"turns":1.0},{"damage":0.0,"enemies":"2 Louse","floor":2.0,"turns":1.0},{"damage":0.0,"enemies":"3 Sentries","floor":6.0,"turns":2.0},{"damage":40.0,"enemies":"Gremlin Nob","floor":8.0,"turns":5.0},{"damage":6.0,"enemies":"Cultist","floor":10.0,"turns":3.0},{"damage":5.0,"enemies":"3 Sentries","floor":12.0,"turns":8.0},{"damage":24.0,"enemies":"Lagavulin","floor":14.0,"turns":8.0},{"damage":57.0,"enemies":"Hexaghost","floor":16.0,"turns":11.0},{"damage":0.0,"enemies":"Chosen","floor":18.0,"turns":4.0},{"damage":4.0,"enemies":"2 Thieves","floor":21.0,"turns":4.0},{"damage":32.0,"enemies":"Centurion and Healer","floor":22.0,"turns":5.0},{"damage":24.0,"enemies":"Slavers","floor":24.0,"turns":5.0},{"damage":7.0,"enemies":"Cultist and Chosen","floor":25.0,"turns":8.0},{"damage":25.0,"enemies":"Shelled Parasite and Fungi","floor":28.0,"turns":5.0},{"damage":19.0,"enemies":"Sentry and Sphere","floor":31.0,"turns":5.0},{"damage":74.0,"enemies":"Champ","floor":33.0,"turns":11.0},{"damage":0.0,"enemies":"3 Shapes","floor":35.0,"turns":4.0},{"damage":16.0,"enemies":"Orb Walker","floor":39.0,"turns":2.0},{"damage":0.0,"enemies":"Nemesis","floor":41.0,"turns":5.0},{"damage":32.0,"enemies":"Reptomancer","floor":45.0,"turns":6.0},{"damage":8.0,"enemies":"3 Darklings","floor":46.0,"turns":4.0},{"damage":14,"enemies":"Nemesis","floor":47,"turns":5},{"damage":1,"enemies":"Writhing Mass","floor":48,"turns":3},{"damage":75,"enemies":"Donu and Deca","floor":50,"turns":7}],"seed_played":"-7184981822256341757","potions_obtained":[{"floor":2.0,"key":"SkillPotion"},{"floor":6.0,"key":"Energy Potion"},{"floor":8.0,"key":"BlessingOfTheForge"},{"floor":12.0,"key":"Fire Potion"},{"floor":25.0,"key":"FairyPotion"},{"floor":31.0,"key":"SkillPotion"},{"floor":33.0,"key":"DistilledChaos"},{"floor":35.0,"key":"LiquidMemories"},{"floor":41.0,"key":"SkillPotion"},{"floor":46.0,"key":"GamblersBrew"}],"is_trial":false,"path_per_floor":["M","M","?","?","$","E","R","E","T","M","?","E","R","E","R","B",null,"M","$","?","M","M","R","E","M","T","R","M","?","R","M","R","B",null,"M","$","?","?","M","R","E","R","T","R","E","M","E","M","R","B",null],"character_chosen":"IRONCLAD","items_purchased":["Ice Cream"],"campfire_rested":4,"item_purchase_floors":[19],"current_hp_per_floor":[78,80,80,80,80,80,80,46,46,46,46,47,47,29,53,27,67,73,73,57,59,33,57,39,38,38,38,19,19,43,30,54,11,63,69,69,69,69,59,59,65,65,65,65,39,37,29,34,34,23],"gold":0,"neow_bonus":"THREE_ENEMY_KILL","is_daily":false,"chose_seed":false,"campfire_upgraded":7,"win_rate":0.0,"timestamp":1608065108,"path_taken":["M","M","?","?","$","E","R","E","T","M","?","E","R","E","R","BOSS","M","$","?","M","M","R","E","M","T","R","M","?","R","M","R","BOSS","M","$","?","?","M","R","E","R","T","R","E","?","E","M","R","BOSS"],"items_purchased_type":["Relic"],"build_version":"2020-12-13","purchased_purges":0,"victory":true,"max_hp_per_floor":[80,80,80,80,80,80,80,80,80,80,80,80,80,80,80,80,80,80,80,80,80,80,80,80,80,80,80,80,80,80,80,80,80,80,80,80,80,80,80,80,80,80,80,80,80,80,80,80,80,80],"relic_stats":{"Dream Catcher":2,"Nunchaku":[6],"Centennial Puzzle":[6],"counters":[24,122],"Pantograph":75,"Ectoplasm":729,"MawBank":0,"Smiling Mask":0,"obtain_stats":[{"Ice Cream":19,"Lantern":9,"NeowsBlessing":0,"Enchiridion":20,"Frozen Egg 2":45,"Ancient Tea Set":6,"MawBank":26,"Smiling Mask":41,"Burning Blood":0,"Du-Vu Doll":14,"Dream Catcher":24,"Nunchaku":43,"Centennial Puzzle":47,"HornCleat":11,"Pantograph":8,"Ectoplasm":17,"Coffee Dripper":34,"Unceasing Top":12},{"Ice Cream":9,"Lantern":4,"NeowsBlessing":0,"Enchiridion":9,"Frozen Egg 2":20,"Ancient Tea Set":3,"MawBank":13,"Smiling Mask":19,"Burning Blood":0,"Du-Vu Doll":7,"Dream Catcher":12,"Nunchaku":19,"Centennial Puzzle":22,"HornCleat":5,"Pantograph":4,"Ectoplasm":8,"Coffee Dripper":16,"Unceasing Top":6},{"Ice Cream":43,"Lantern":9,"NeowsBlessing":0,"Enchiridion":43,"Frozen Egg 2":103,"Ancient Tea Set":4,"MawBank":65,"Smiling Mask":97,"Burning Blood":0,"Du-Vu Doll":28,"Dream Catcher":57,"Nunchaku":97,"Centennial Puzzle":112,"HornCleat":12,"Pantograph":9,"Ectoplasm":39,"Coffee Dripper":86,"Unceasing Top":20}],"Burning Blood":134,"Unceasing Top":[55]},"card_choices":[{"not_picked":["Cleave","Reckless Charge"],"picked":"Searing Blow","floor":1.0},{"not_picked":["Hemokinesis","Perfected Strike"],"picked":"Armaments","floor":2.0},{"not_picked":["Burning Pact","Rupture"],"picked":"True Grit","floor":6.0},{"not_picked":["Headbutt","True Grit","Clash"],"picked":"SKIP","floor":8.0},{"not_picked":["Perfected Strike","Iron Wave"],"picked":"Feel No Pain","floor":10.0},{"not_picked":["Evolve","Dark Embrace","Havoc"],"picked":"SKIP","floor":12.0},{"not_picked":["Perfected Strike","True Grit"],"picked":"Body Slam","floor":14.0},{"not_picked":["Corruption","Reaper"],"picked":"Double Tap","floor":16.0},{"not_picked":["Reckless Charge","Iron Wave","Twin Strike"],"picked":"SKIP","floor":18.0},{"not_picked":["Clothesline","Shrug It Off"],"picked":"Body Slam+1","floor":21.0},{"not_picked":["Clothesline","Inflame"],"picked":"Metallicize","floor":22.0},{"not_picked":["Second Wind","Rupture+1"],"picked":"Shrug It Off","floor":24.0},{"not_picked":["Rupture+1","Reckless Charge+1"],"picked":"Fire Breathing","floor":25.0},{"not_picked":["Bloodletting","Clash"],"picked":"Dropkick","floor":28.0},{"not_picked":["Anger","Searing Blow+1"],"picked":"Limit Break","floor":30.0},{"not_picked":["Evolve+1","Searing Blow+1","Cleave+1"],"picked":"SKIP","floor":31.0},{"not_picked":["Wild Strike","Clash"],"picked":"Pummel+1","floor":32.0},{"not_picked":["Immolate","Demon Form"],"picked":"Juggernaut","floor":33.0},{"not_picked":["Twin Strike+1","Heavy Blade"],"picked":"Inflame","floor":35.0},{"not_picked":["Thunderclap","Anger+1"],"picked":"Feel No Pain+1","floor":39.0},{"not_picked":["Headbutt","Evolve"],"picked":"Intimidate","floor":41.0},{"not_picked":["Clothesline+1","Searing Blow+1"],"picked":"Dropkick","floor":45.0},{"not_picked":["Havoc","Fiend Fire","Anger+1"],"picked":"SKIP","floor":46.0},{"not_picked":["Cleave","Perfected Strike"],"picked":"Heavy Blade+1","floor":47},{"not_picked":["Brutality+1","Wild Strike"],"picked":"Sword Boomerang","floor":48}],"player_experience":1974722,"relics_obtained":[{"floor":6.0,"key":"Ancient Tea Set"},{"floor":8.0,"key":"Pantograph"},{"floor":9.0,"key":"Lantern"},{"floor":12.0,"key":"Unceasing Top"},{"floor":14.0,"key":"Du-Vu Doll"},{"floor":20.0,"key":"Enchiridion"},{"floor":24.0,"key":"Dream Catcher"},{"floor":26.0,"key":"MawBank"},{"floor":41.0,"key":"Smiling Mask"},{"floor":43.0,"key":"Nunchaku"},{"floor":45.0,"key":"Frozen Egg 2"},{"floor":47,"key":"Centennial Puzzle"}],"event_choices":[{"damage_healed":0.0,"max_hp_gain":0.0,"max_hp_loss":0.0,"gold_gain":0.0,"event_name":"Living Wall","player_choice":"Grow","floor":3.0,"gold_loss":0.0,"damage_taken":0.0,"cards_upgraded":["Armaments"]},{"cards_removed":["Strike_R"],"damage_healed":0.0,"max_hp_gain":0.0,"max_hp_loss":0.0,"gold_gain":0.0,"event_name":"The Cleric","player_choice":"Card Removal","floor":4.0,"gold_loss":50.0,"damage_taken":0.0},{"damage_healed":0.0,"max_hp_gain":0.0,"max_hp_loss":0.0,"gold_gain":0.0,"event_name":"Dead Adventurer","player_choice":"Searched \u00271\u0027 times","floor":11.0,"gold_loss":0.0,"damage_taken":0.0,"relics_obtained":["HornCleat"]},{"damage_healed":0.0,"max_hp_gain":0.0,"max_hp_loss":0.0,"gold_gain":0.0,"event_name":"Cursed Tome","player_choice":"Obtained Book","floor":20.0,"gold_loss":0.0,"damage_taken":16.0},{"damage_healed":0.0,"max_hp_gain":0.0,"max_hp_loss":0.0,"gold_gain":0.0,"event_name":"Accursed Blacksmith","player_choice":"Forge","floor":29.0,"gold_loss":0.0,"damage_taken":0.0,"cards_upgraded":["Searing Blow"]},{"cards_removed":["Metallicize"],"damage_healed":0.0,"max_hp_gain":0.0,"max_hp_loss":0.0,"gold_gain":0.0,"event_name":"Falling","player_choice":"Removed Power","floor":37.0,"gold_loss":0.0,"damage_taken":0.0},{"damage_healed":0.0,"max_hp_gain":0.0,"max_hp_loss":0.0,"gold_gain":0.0,"event_name":"Match and Keep!","player_choice":"1 cards matched","floor":38.0,"gold_loss":0.0,"damage_taken":0.0,"cards_obtained":["Shockwave"]}],"is_beta":false,"boss_relics":[{"not_picked":["Velvet Choker","Busted Crown"],"picked":"Ectoplasm"},{"not_picked":["SacredBark","Snecko Eye"],"picked":"Coffee Dripper"}],"items_purged_floors":[],"is_endless":false,"potions_floor_spawned":[2,6,8,12,25,31,33,35,41,46],"ascension_level":10}}