{"host":"e40jm352kjzixotw","time":1608062741,"event":{"mods":["BaseMod","Better Altar","BetterRewards","Colored Map","Colored Powertips","DeckTracker","Dota2Spire","Downfall","Infinite Spire","Koishi","Marisa????????","Minty Spire (QoL Compilation)","Rare Cards Sparkle","Relic Stats","StSLib","Td1madao Mod","The Animator","The Mystic","The Servant 0.9.4"],"gold_per_floor":[119,294,172,172,186,216,216,274,274,129,88,88,176,36,36,165,165,148,148,23,70,119,174,174,174],"floor_reached":24,"playtime":1765,"items_purged":["Doubt"],"score":268,"play_id":"e875fc15-b250-4387-af29-5e136479169b","local_time":"20201215210541","is_ascension_mode":true,"campfire_choices":[{"data":"Exchange","floor":7,"key":"SMITH"},{"floor":12,"key":"REST"},{"floor":15,"key":"REST"}],"circlet_count":0,"master_deck":["Strike_S","Defend_S","Defend_S","Defend_S","Defend_S","KidneyShot","Exchange+1","BottledTime","Rearm","Potential","Contraction","Comet","BestPractice","FlawlessForm","Dilation","TimeWarp","Moonlight","Replace","Collapse","Misdirection+1"],"relics":["Uniform","NeowsBlessing","Dota2Spire:HandOfMidas","Ice Cream","HandDrill","Pantograph","Empty Cage","Mummified Hand"],"acts_visited":["Exordium","TheCity"],"potions_floor_usage":[13,16,23],"damage_taken":[{"damage":0,"enemies":"Jaw Worm","floor":1,"turns":1},{"damage":0,"enemies":"Small Slimes","floor":5,"turns":1},{"damage":0,"enemies":"3 Sentries","floor":6,"turns":1},{"damage":25,"enemies":"Lagavulin","floor":8,"turns":8},{"damage":30,"enemies":"3 Sentries","floor":13,"turns":13},{"damage":64,"enemies":"Hexaghost","floor":16,"turns":18},{"damage":11,"enemies":"2 Thieves","floor":18,"turns":4},{"damage":11,"enemies":"3 Byrds","floor":21,"turns":7},{"damage":8,"enemies":"Snecko","floor":22,"turns":9},{"damage":28,"enemies":"Gremlin Leader","floor":23,"turns":9},{"damage":7,"enemies":"Shelled Parasite and Fungi","floor":24,"turns":1}],"seed_played":"-7535250741483104818","potions_obtained":[{"floor":5,"key":"Weak Potion"},{"floor":6,"key":"LiquidBronze"},{"floor":22,"key":"LiquidBronze"}],"is_trial":false,"path_per_floor":["M","?","$","?","M","E","R","E","T","$","$","R","E","$","R","B",null,"M","?","$","M","M","E","M"],"character_chosen":"THE_SERVANT","items_purchased":["BottledTime","HandDrill","Comet","FlawlessForm","Moonlight","Replace"],"campfire_rested":2,"item_purchase_floors":[3,10,11,14,20,20],"current_hp_per_floor":[65,65,65,58,58,58,58,33,33,33,33,52,22,22,41,1,65,54,54,54,43,35,7,0,0],"gold":174,"neow_bonus":"THREE_ENEMY_KILL","is_daily":false,"chose_seed":false,"campfire_upgraded":1,"win_rate":0.0,"timestamp":1608062741,"path_taken":["M","?","$","?","M","E","R","E","T","?","$","R","E","?","R","BOSS","M","?","$","M","M","E","M"],"items_purchased_type":["Card","Relic","Card","Card","Card","Card"],"build_version":"2020-12-13","purchased_purges":1,"victory":false,"max_hp_per_floor":[65,65,65,65,65,65,65,65,65,65,65,65,65,65,65,65,65,65,65,65,65,65,65,65,65],"relic_stats":{"counters":[11,72],"Mummified Hand":[0],"Pantograph":24,"HandDrill":[30],"obtain_stats":[{"Ice Cream":8,"Dota2Spire:HandOfMidas":6,"NeowsBlessing":0,"Mummified Hand":23,"Pantograph":13,"Uniform":0,"HandDrill":10,"Empty Cage":17},{"Ice Cream":4,"Dota2Spire:HandOfMidas":3,"NeowsBlessing":0,"Mummified Hand":10,"Pantograph":5,"Uniform":0,"HandDrill":4,"Empty Cage":6},{"Ice Cream":11,"Dota2Spire:HandOfMidas":3,"NeowsBlessing":0,"Mummified Hand":71,"Pantograph":24,"Uniform":0,"HandDrill":11,"Empty Cage":42}]},"card_choices":[{"not_picked":["Revamp","SpecialFormula","Alleviate"],"picked":"SKIP","floor":1},{"not_picked":["Spin","Defy"],"picked":"Rearm","floor":5},{"not_picked":["Defy","Rearm"],"picked":"Potential","floor":6},{"not_picked":["Sabotage","DoubleEdge"],"picked":"Contraction","floor":8},{"not_picked":["Sunlight","ShatteredReality"],"picked":"BestPractice","floor":13},{"not_picked":["PendulumOfEternity","Duplication"],"picked":"Dilation","floor":16},{"not_picked":["Rearm","Moondial"],"picked":"TimeWarp","floor":18},{"not_picked":["Revamp+1","Barrier"],"picked":"Collapse","floor":21},{"not_picked":["Gouge","ShiftingGears"],"picked":"Misdirection+1","floor":22},{"not_picked":["TimeWarp","FlawlessForm","Defy"],"picked":"SKIP","floor":23}],"player_experience":1219717,"relics_obtained":[{"floor":6,"key":"Dota2Spire:HandOfMidas"},{"floor":8,"key":"Ice Cream"},{"floor":13,"key":"Pantograph"},{"floor":23,"key":"Mummified Hand"}],"event_choices":[{"damage_healed":0,"gold_gain":175,"player_choice":"AGREE","damage_taken":0,"max_hp_gain":0,"max_hp_loss":0,"event_name":"Liars Game","floor":2,"gold_loss":0,"cards_obtained":["Doubt"]},{"cards_removed":["Strike_S"],"damage_healed":0,"gold_gain":0,"player_choice":"Card Removal","damage_taken":7,"max_hp_gain":0,"max_hp_loss":0,"event_name":"Golden Wing","floor":4,"gold_loss":0}],"is_beta":false,"boss_relics":[{"not_picked":["SlaversCollar","Dota2Spire:RefresherOrb"],"picked":"Empty Cage"}],"items_purged_floors":[3],"is_endless":false,"potions_floor_spawned":[5,6,22],"killed_by":"Shelled Parasite and Fungi","ascension_level":1}}