{"host":"Jedit","time":1608076363,"event":{"mods":["BaseMod","Downfall","Minty Spire (QoL Compilation)","Relic Stats","StSLib"],"gold_per_floor":[112,124,138,150,150,176,190,190,213,223,239,255,3,3,3,3,3],"floor_reached":16,"playtime":641,"items_purged":["champ:Strike"],"score":106,"play_id":"cfba4bbe-c83c-47e5-ac50-a7ab0e2a0f02","local_time":"20201215235243","is_ascension_mode":false,"campfire_choices":[{"floor":8,"key":"REST"},{"data":"champ:Strike","floor":15,"key":"PURGE"}],"circlet_count":0,"master_deck":["champ:Strike","champ:Strike","champ:Defend","champ:Defend","champ:Defend","champ:Defend","champ:Execute","champ:Taunt","champ:FocusedGladiator","champ:RisingSlash","champ:DefensiveShout","champ:Circumvent","champ:GutPunch","champ:CrookedStrike","champ:TornadoPunch","champ:FlashCut","champ:DefensiveShout","HandOfGreed"],"relics":["champ:ChampionCrown","NeowsBlessing","Peace Pipe","Lantern"],"acts_visited":["Exordium"],"potions_floor_usage":[],"damage_taken":[{"damage":0,"enemies":"Cultist","floor":1,"turns":1},{"damage":5,"enemies":"2 Louse","floor":2,"turns":1},{"damage":0,"enemies":"Small Slimes","floor":3,"turns":1},{"damage":20,"enemies":"2 Fungi Beasts","floor":4,"turns":3},{"damage":42,"enemies":"Gremlin Nob","floor":6,"turns":4},{"damage":20,"enemies":"Blue Slaver","floor":7,"turns":2},{"damage":26,"enemies":"Large Slime","floor":10,"turns":4},{"damage":14,"enemies":"Red Slaver","floor":11,"turns":2},{"damage":5,"enemies":"Looter","floor":12,"turns":4},{"damage":72,"enemies":"The Guardian","floor":16,"turns":8}],"seed_played":"7235947883457256939","potions_obtained":[{"floor":2,"key":"Energy Potion"},{"floor":6,"key":"champ:CounterPotion"}],"is_trial":false,"path_per_floor":["M","M","M","M","?","E","M","R","T","M","M","M","$","?","R","B"],"character_chosen":"THE_CHAMP","items_purchased":["HandOfGreed"],"campfire_rested":1,"item_purchase_floors":[13],"current_hp_per_floor":[90,90,90,75,60,23,16,43,43,37,28,26,26,56,56,0,0],"gold":3,"neow_bonus":"THREE_ENEMY_KILL","is_daily":false,"chose_seed":false,"campfire_upgraded":0,"win_rate":0.0,"timestamp":1608076363,"path_taken":["M","M","?","M","?","E","M","R","T","?","M","M","$","?","R","BOSS"],"items_purchased_type":["Card"],"build_version":"2020-12-07","purchased_purges":1,"victory":false,"max_hp_per_floor":[90,90,90,90,90,90,90,90,90,90,90,90,90,90,90,90,90],"relic_stats":{"Peace Pipe":1,"counters":[10,30],"obtain_stats":[{"Peace Pipe":6,"Lantern":9,"NeowsBlessing":0,"champ:ChampionCrown":0},{"Peace Pipe":5,"Lantern":6,"NeowsBlessing":0,"champ:ChampionCrown":0},{"Peace Pipe":10,"Lantern":12,"NeowsBlessing":0,"champ:ChampionCrown":0}]},"card_choices":[{"not_picked":["champ:StanceDance","champ:PerfectedStrike"],"picked":"champ:FocusedGladiator","floor":1},{"not_picked":["champ:Haymaker","champ:PerfectedStrike"],"picked":"champ:RisingSlash","floor":2},{"not_picked":["champ:HeartStrike","champ:Shatter"],"picked":"champ:DefensiveShout","floor":3},{"not_picked":["champ:ShieldWall","champ:Backstep"],"picked":"champ:Circumvent","floor":4},{"not_picked":["champ:Encircle","champ:FocusedBerserking"],"picked":"champ:GutPunch","floor":6},{"not_picked":["champ:Backstep","champ:Circumvent"],"picked":"champ:CrookedStrike","floor":7},{"not_picked":["champ:FlashCut","champ:Backstep"],"picked":"champ:TornadoPunch","floor":10},{"not_picked":["champ:SwordThrow","champ:StanceDance"],"picked":"champ:FlashCut","floor":11},{"not_picked":["champ:Encircle","champ:BerserkersShout"],"picked":"champ:DefensiveShout","floor":12}],"player_experience":3583731,"relics_obtained":[{"floor":6,"key":"Peace Pipe"},{"floor":9,"key":"Lantern"}],"event_choices":[{"damage_healed":30,"gold_gain":0,"player_choice":"Banana","damage_taken":0,"max_hp_gain":0,"max_hp_loss":0,"event_name":"Big Fish","floor":14,"gold_loss":0}],"is_beta":true,"boss_relics":[],"items_purged_floors":[13],"is_endless":false,"potions_floor_spawned":[2,6],"killed_by":"The Guardian","ascension_level":0}}