{"host":"kh6fvhxn285ncg0o","time":1608013064,"event":{"mods":["Act Like it!","BaseMod","Colored Map","Friendly Minions","Keyboard Shortcuts","Minty Spire (QoL Compilation)","Quick Restart","Relic Stats","StSLib","SuperFastMode"],"gold_per_floor":[118,131,131,206,51,86,86,120,166,204,223,234,234,247,247,247,247],"floor_reached":16,"playtime":393,"items_purged":["Strike_R"],"score":240,"play_id":"e111e731-e355-4d51-a913-8fcaeb50d9b1","local_time":"20201215151744","is_ascension_mode":true,"campfire_choices":[{"floor":7,"key":"REST"},{"data":"Bash","floor":13,"key":"SMITH"},{"data":"True Grit","floor":15,"key":"SMITH"}],"circlet_count":0,"master_deck":["AscendersBane","Strike_R","Strike_R","Defend_R","Defend_R","Defend_R","Defend_R","Bash+1","Fire Breathing","Pummel","Reckless Charge","True Grit+1","Flame Barrier","Metallicize"],"relics":["Empty Cage","Red Skull","Blood Vial","CeramicFish","Tiny Chest"],"acts_visited":[],"potions_floor_usage":[6,12,16],"damage_taken":[{"damage":11,"enemies":"Jaw Worm","floor":1,"turns":4},{"damage":12,"enemies":"Cultist","floor":2,"turns":4},{"damage":56,"enemies":"Gremlin Nob","floor":6,"turns":5},{"damage":20,"enemies":"Lagavulin","floor":8,"turns":7},{"damage":5,"enemies":"3 Sentries","floor":10,"turns":4},{"damage":0,"enemies":"2 Louse","floor":11,"turns":2},{"damage":0,"enemies":"Blue Slaver","floor":12,"turns":2},{"damage":2,"enemies":"2 Fungi Beasts","floor":14,"turns":3},{"damage":6,"enemies":"The Guardian","floor":16,"turns":8}],"seed_played":"-8441658150481890141","potions_obtained":[{"floor":1,"key":"Swift Potion"},{"floor":10,"key":"Ancient Potion"},{"floor":11,"key":"Block Potion"},{"floor":14,"key":"SkillPotion"}],"is_trial":false,"path_per_floor":["M","M","?","?","$","E","R","E","T","E","M","M","R","M","R","B"],"character_chosen":"IRONCLAD","items_purchased":["Reckless Charge"],"campfire_rested":1,"item_purchase_floors":[5],"current_hp_per_floor":[57,45,70,59,59,3,25,5,5,2,4,6,6,6,6,2,2],"gold":247,"neow_bonus":"BOSS_RELIC","is_daily":false,"chose_seed":false,"campfire_upgraded":2,"win_rate":0.0,"timestamp":1608013064,"path_taken":["M","M","?","?","$","E","R","E","T","E","M","M","R","M","R","BOSS"],"items_purchased_type":["Card"],"build_version":"2020-12-13","purchased_purges":1,"victory":false,"max_hp_per_floor":[75,75,75,75,75,75,75,75,75,75,75,75,75,75,75,75,75],"relic_stats":{"Blood Vial":10,"counters":[9,39],"CeramicFish":18,"Tiny Chest":0,"obtain_stats":[{"Blood Vial":8,"CeramicFish":9,"Tiny Chest":10,"Empty Cage":0,"Burning Blood":0,"Red Skull":6},{"Blood Vial":4,"CeramicFish":4,"Tiny Chest":5,"Empty Cage":0,"Burning Blood":0,"Red Skull":3},{"Blood Vial":20,"CeramicFish":20,"Tiny Chest":24,"Empty Cage":0,"Burning Blood":0,"Red Skull":13}]},"card_choices":[{"not_picked":["Second Wind","Anger"],"picked":"Fire Breathing","floor":1},{"not_picked":["Twin Strike","Clash"],"picked":"Pummel","floor":2},{"not_picked":["Havoc","Fire Breathing","Wild Strike"],"picked":"SKIP","floor":6},{"not_picked":["Dual Wield","Whirlwind"],"picked":"True Grit","floor":8},{"not_picked":["Thunderclap","Armaments"],"picked":"Flame Barrier","floor":10},{"not_picked":["Pommel Strike","Double Tap"],"picked":"Metallicize","floor":11},{"not_picked":["Armaments","Headbutt","True Grit"],"picked":"SKIP","floor":12},{"not_picked":["Wild Strike","Iron Wave","Headbutt"],"picked":"SKIP","floor":14}],"player_experience":3167557,"relics_obtained":[{"floor":6,"key":"Red Skull"},{"floor":8,"key":"Blood Vial"},{"floor":9,"key":"CeramicFish"},{"floor":10,"key":"Tiny Chest"}],"event_choices":[{"damage_healed":25,"gold_gain":0,"player_choice":"Banana","damage_taken":0,"max_hp_gain":0,"max_hp_loss":0,"event_name":"Big Fish","floor":3,"gold_loss":0},{"damage_healed":0,"gold_gain":75,"player_choice":"Gather Gold","damage_taken":11,"max_hp_gain":0,"max_hp_loss":0,"event_name":"World of Goop","floor":4,"gold_loss":0}],"is_beta":false,"boss_relics":[],"items_purged_floors":[5],"is_endless":false,"potions_floor_spawned":[1,10,11,14],"killed_by":"The Guardian","ascension_level":20}}