{"host":"51f0ad793vly1w6u","time":1608019761,"event":{"mods":["BaseMod","Colored Map","DeckTracker","Minty Spire (QoL Compilation)","StSLib","SuperFastMode"],"gold_per_floor":[116,127,140,151,162,162,174,23,23,35,35,47,47,79,79,79,79],"floor_reached":16,"playtime":372,"items_purged":["Strike_G"],"score":262,"play_id":"04a8a8af-698a-47f4-9a50-4bcf0b4b880d","local_time":"20201215170921","is_ascension_mode":true,"campfire_choices":[{"data":"Calculated Gamble","floor":6,"key":"SMITH"},{"floor":11,"key":"REST"},{"data":"Neutralize","floor":13,"key":"SMITH"},{"data":"Footwork","floor":15,"key":"SMITH"}],"circlet_count":0,"master_deck":["AscendersBane","Strike_G","Strike_G","Strike_G","Strike_G","Defend_G","Defend_G","Defend_G","Defend_G","Survivor","Neutralize+1","Calculated Gamble+1","Footwork+1","Underhanded Strike","Dagger Spray","Slice","Dash","Expertise","Dagger Throw","Acrobatics"],"relics":["Ring of the Snake","Ornamental Fan","HornCleat"],"acts_visited":["Exordium"],"potions_floor_usage":[4,14,16],"damage_taken":[{"damage":1,"enemies":"Cultist","floor":1,"turns":4},{"damage":0,"enemies":"2 Louse","floor":2,"turns":3},{"damage":15,"enemies":"Jaw Worm","floor":3,"turns":8},{"damage":8,"enemies":"Looter","floor":4,"turns":4},{"damage":18,"enemies":"Large Slime","floor":5,"turns":7},{"damage":6,"enemies":"Red Slaver","floor":7,"turns":3},{"damage":0,"enemies":"Lots of Slimes","floor":10,"turns":2},{"damage":6,"enemies":"Large Slime","floor":12,"turns":8},{"damage":0,"enemies":"3 Sentries","floor":14,"turns":3},{"damage":23,"enemies":"Hexaghost","floor":16,"turns":13}],"seed_played":"-811920186673962027","potions_obtained":[{"floor":3,"key":"SkillPotion"},{"floor":7,"key":"Fire Potion"},{"floor":10,"key":"SkillPotion"}],"is_trial":false,"path_per_floor":["M","M","M","M","M","R","M","$","T","M","R","M","R","E","R","B"],"character_chosen":"THE_SILENT","items_purchased":["Dash"],"campfire_rested":1,"item_purchase_floors":[8],"current_hp_per_floor":[58,58,43,35,17,17,11,11,11,11,30,24,24,24,24,1,1],"gold":79,"neow_bonus":"REMOVE_CARD","is_daily":false,"chose_seed":false,"campfire_upgraded":3,"win_rate":0.0,"timestamp":1608019761,"path_taken":["M","?","M","M","M","R","M","?","T","M","R","M","R","E","R","BOSS"],"items_purchased_type":["Card"],"build_version":"2020-12-13","purchased_purges":1,"victory":false,"max_hp_per_floor":[66,66,66,66,66,66,66,66,66,66,66,66,66,66,66,66,66],"card_choices":[{"not_picked":["Quick Slash","Bane"],"picked":"Calculated Gamble","floor":1},{"not_picked":["Prepared","Blur"],"picked":"Footwork","floor":2},{"not_picked":["Deflect","Dodge and Roll"],"picked":"Underhanded Strike","floor":3},{"not_picked":["Backflip","Poisoned Stab"],"picked":"Dagger Spray","floor":4},{"not_picked":["Deadly Poison","Finisher"],"picked":"Slice","floor":5},{"not_picked":["Poisoned Stab","Noxious Fumes","Choke"],"picked":"SKIP","floor":7},{"not_picked":["Flechettes","Sucker Punch"],"picked":"Expertise","floor":10},{"not_picked":["Sucker Punch","Setup"],"picked":"Dagger Throw","floor":12},{"not_picked":["Dagger Throw","Finisher"],"picked":"Acrobatics","floor":14}],"player_experience":1364383,"relics_obtained":[{"floor":9,"key":"Ornamental Fan"},{"floor":14,"key":"HornCleat"}],"event_choices":[],"is_beta":false,"boss_relics":[],"items_purged_floors":[8],"is_endless":false,"potions_floor_spawned":[3,7,10],"killed_by":"Hexaghost","ascension_level":20}}