{"host":"0fmi5fguj5lvt8pf","time":1608050627,"event":{"mods":["BaseMod","BetterRewards","Colored Map","Downfall","Minty Spire (QoL Compilation)","Permanent Neow","StSLib"],"gold_per_floor":[199,199,199,299,284,284,338,338,350,350,363,119,119,119,137,242,242,242,252,277,277,277,289,314,314,45,71,84,103,114,114,132,236,236,236,236,255,255,266,266,266,441,441,216,216,216,232,250,261,261,261,293,51,51,51],"floor_reached":56,"playtime":4027,"items_purged":["Regret","champ:Defend","champ:FalseCounter+1"],"score":1203,"play_id":"b7e03332-3c36-477e-a316-f16d1e414fba","local_time":"20201215084347","is_ascension_mode":false,"campfire_choices":[{"data":"champ:Taunt","floor":1.0,"key":"SMITH"},{"data":"champ:FocusedBerserking","floor":6.0,"key":"SMITH"},{"floor":8.0,"key":"REST"},{"floor":10.0,"key":"RECALL"},{"data":"champ:AdrenalArmor","floor":18.0,"key":"SMITH"},{"data":"champ:SteelEdge","floor":35.0,"key":"SMITH"},{"data":"champ:Backstep","floor":40.0,"key":"SMITH"},{"data":"champ:Encircle","floor":44,"key":"SMITH"},{"data":"champ:FanOfKnives","floor":54,"key":"SMITH"}],"circlet_count":0,"master_deck":["champ:Strike+1","champ:Defend+1","champ:Execute","champ:Taunt+1","champ:BladeFlurry","champ:FocusedBerserking+1","champ:AdrenalArmor+1","champ:FanOfKnives+1","champ:SteelEdge+1","champ:RageSigil","champ:AdrenalArmor+1","champ:CrownThrow","champ:BringItOn+1","champ:Aggression+1","champ:Backstep+1","champ:Encircle+1","expansioncontent:CaCaw+1","champ:GladiatorStyle+1","champ:ShieldWall+1"],"relics":["champ:ChampionCrown","CloakClasp","PreservedInsect","Omamori","Singing Bowl","SlaversCollar","Guardian:PocketSentry","Happy Flower","champ:BerserkersGuideToSlaughter","champ:FightingForDummies","Mango","Astrolabe","Frozen Egg 2","downfall:HeartBlessingRed","downfall:HeartBlessingGreen","downfall:HeartBlessingBlue","Letter Opener","Vajra","Shuriken"],"acts_visited":["Exordium","TheCity","TheBeyond","TheEnding"],"potions_floor_usage":[42,55,55,55],"damage_taken":[{"damage":49.0,"floor":4.0,"turns":10.0},{"damage":12.0,"enemies":"downfall:FleeingMerchant","floor":5.0,"turns":4.0},{"damage":13.0,"enemies":"Small Slimes","floor":9.0,"turns":3.0},{"damage":9.0,"enemies":"Cultist","floor":11.0,"turns":4.0},{"damage":25.0,"enemies":"downfall:FleeingMerchant","floor":12.0,"turns":4.0},{"damage":21.0,"enemies":"Red Slaver","floor":15.0,"turns":5.0},{"damage":163.0,"enemies":"downfall:Defect","floor":16.0,"turns":13.0},{"damage":21.0,"enemies":"Chosen","floor":19.0,"turns":5.0},{"damage":46.0,"enemies":"Snake Plant","floor":23.0,"turns":3.0},{"damage":46.0,"enemies":"downfall:FleeingMerchant","floor":26.0,"turns":4.0},{"damage":61.0,"enemies":"Gremlin Leader","floor":27.0,"turns":4.0},{"damage":75.0,"enemies":"Cultist and Chosen","floor":28.0,"turns":7.0},{"damage":36.0,"enemies":"Shelled Parasite and Fungi","floor":29.0,"turns":5.0},{"damage":58.0,"enemies":"Centurion and Healer","floor":30.0,"turns":6.0},{"damage":37.0,"enemies":"Snake Plant","floor":32.0,"turns":5.0},{"damage":104.0,"enemies":"downfall:Silent","floor":33.0,"turns":6.0},{"damage":45.0,"enemies":"3 Shapes","floor":37.0,"turns":4.0},{"damage":44.0,"enemies":"Orb Walker","floor":39.0,"turns":3.0},{"damage":61,"enemies":"downfall:FleeingMerchant","floor":42,"turns":4},{"damage":62,"enemies":"Spire Growth","floor":47,"turns":4},{"damage":50,"enemies":"4 Shapes","floor":48,"turns":4},{"damage":62,"enemies":"Writhing Mass","floor":49,"turns":4},{"damage":82,"enemies":"downfall:Ironclad","floor":50,"turns":5},{"damage":79,"enemies":"downfall:CharBossMerchant","floor":52,"turns":5},{"damage":200,"enemies":"downfall:NeowBoss","floor":55,"turns":16}],"seed_played":"-1790892221844219599","potions_obtained":[{"floor":9.0,"key":"Regen Potion"},{"floor":11.0,"key":"FairyPotion"},{"floor":14.0,"key":"Regen Potion"},{"floor":23.0,"key":"LiquidBronze"},{"floor":28.0,"key":"SpeedPotion"},{"floor":29.0,"key":"LiquidMemories"},{"floor":49,"key":"Swift Potion"},{"floor":52,"key":"PowerPotion"}],"is_trial":false,"path_per_floor":["R","?","?","?","$","R","T","R","M","R","M","$","?","?","M","B",null,"R","M","T","?","?","M","T","?","$","E","M","M","M","T","M","B",null,"R","?","M","?","M","R","T","$","T","R","?","T","M","M","M","B",null,"E","$","R","B",null],"character_chosen":"THE_CHAMP","items_purchased":["Omamori","champ:BerserkersGuideToSlaughter","champ:Encircle","Shuriken"],"campfire_rested":1,"item_purchase_floors":[12,26,42,53],"current_hp_per_floor":[90,90,90,61,54,54,54,81,83,83,84,78,53,53,50,27,92,92,92,92,92,92,74,74,74,96,96,83,81,102,116,114,120,120,120,120,125,125,125,125,125,127,127,137,131,131,136,124,143,148,148,148,148,148,148],"gold":51,"neow_bonus":"HUNDRED_GOLD","is_daily":false,"chose_seed":false,"campfire_upgraded":7,"win_rate":0.0,"timestamp":1608050627,"path_taken":["R","?","?","?","?","R","T","R","M","R","M","?","?","?","M","BOSS","R","M","?","?","?","?","T","?","$","E","M","M","M","?","M","BOSS","R","?","?","?","M","R","T","$","?","R","?","?","M","M","M","BOSS","E","$","R","BOSS"],"items_purchased_type":["Relic","Relic","Card","Relic"],"build_version":"2020-12-13","purchased_purges":3,"victory":true,"max_hp_per_floor":[90,90,90,90,90,90,90,90,90,90,90,90,90,90,92,92,92,92,92,92,92,92,94,94,94,96,96,98,100,102,116,118,120,120,120,120,125,125,125,125,125,127,127,137,141,141,141,141,148,148,148,148,148,148,148],"card_choices":[{"not_picked":["champ:SwordSigil","champ:SkillfulDodge"],"picked":"champ:BladeFlurry","floor":4.0},{"not_picked":["champ:GladiatorsShout","champ:BerserkersShout"],"picked":"champ:FocusedBerserking","floor":5.0},{"not_picked":["champ:SwordSigil","champ:StanceDance","champ:FlashCut"],"picked":"SKIP","floor":9.0},{"not_picked":["champ:SkillfulDodge","champ:DefensiveShout"],"picked":"champ:AdrenalArmor","floor":11.0},{"not_picked":["champ:Haymaker","champ:CrookedStrike"],"picked":"champ:FanOfKnives","floor":12.0},{"not_picked":["champ:Encircle","champ:TornadoPunch","champ:BladeFlurry"],"picked":"Singing Bowl","floor":15.0},{"not_picked":["champ:CrownThrow","champ:IgnorePain"],"picked":"champ:SteelEdge","floor":16.0},{"not_picked":["champ:TornadoPunch","champ:FlashCut"],"picked":"champ:RageSigil","floor":19.0},{"not_picked":["champ:PerfectedStrike+1","champ:GladiatorsShout","champ:BladeFlurry"],"picked":"Singing Bowl","floor":23.0},{"not_picked":["champ:SwordSigil+1","champ:AdrenalArmor","champ:EndlessRage"],"picked":"Singing Bowl","floor":26.0},{"not_picked":["champ:Shatter","champ:EnragedBash"],"picked":"champ:CrownThrow","floor":27.0},{"not_picked":["champ:IronFortress+1","champ:SwordSigil","champ:Circumvent+1"],"picked":"Singing Bowl","floor":28.0},{"not_picked":["champ:BladeFlurry","champ:FightOn","champ:PerfectForm"],"picked":"Singing Bowl","floor":29.0},{"not_picked":["champ:FightOn","champ:Riposte","champ:TornadoPunch"],"picked":"Singing Bowl","floor":30.0},{"not_picked":["champ:TornadoPunch","champ:Haymaker","champ:EnGarde"],"picked":"Singing Bowl","floor":32.0},{"not_picked":["champ:CrownThrow","champ:EnchantShield","champ:CheapShot"],"picked":"Singing Bowl","floor":33.0},{"not_picked":["champ:SwordSigil+1","champ:Haymaker+1"],"picked":"champ:Aggression+1","floor":37.0},{"not_picked":["champ:Haymaker+1","champ:PerfectedStrike+1"],"picked":"champ:Backstep","floor":39.0},{"not_picked":["champ:CrookedStrike","champ:Riposte+1","champ:ShieldSigil"],"picked":"Singing Bowl","floor":42},{"not_picked":["expansioncontent:Sear","expansioncontent:PolyBeam"],"picked":"expansioncontent:CaCaw+1","floor":45},{"not_picked":["expansioncontent:Flail","expansioncontent:AwakenDeath+1","expansioncontent:FaceSlap"],"picked":"Singing Bowl","floor":45},{"not_picked":["expansioncontent:SuperHexaguard","expansioncontent:Chronoboost+1","expansioncontent:Torchfire"],"picked":"Singing Bowl","floor":45},{"not_picked":["champ:EnragedBash","champ:FanOfKnives+1"],"picked":"champ:GladiatorStyle+1","floor":47},{"not_picked":["champ:EndlessRage+1","champ:Riposte+1"],"picked":"champ:FightOn","floor":48},{"not_picked":["champ:AdrenalArmor","champ:Encircle","champ:BerserkersShout"],"picked":"Singing Bowl","floor":49},{"not_picked":["champ:HeartStrike+1","champ:AdrenalArmor"],"picked":"champ:ShieldWall+1","floor":52}],"player_experience":1160458,"relics_obtained":[{"floor":4.0,"key":"CloakClasp"},{"floor":7.0,"key":"PreservedInsect"},{"floor":20.0,"key":"Guardian:PocketSentry"},{"floor":24.0,"key":"Happy Flower"},{"floor":27.0,"key":"champ:FightingForDummies"},{"floor":31.0,"key":"Mango"},{"floor":43,"key":"Frozen Egg 2"},{"floor":46,"key":"Letter Opener"},{"floor":52,"key":"Vajra"}],"event_choices":[{"damage_healed":0.0,"max_hp_gain":0.0,"max_hp_loss":0.0,"gold_gain":0.0,"event_name":"Scrap Ooze","player_choice":"Success","floor":13.0,"gold_loss":0.0,"damage_taken":25.0,"relics_obtained":["Singing Bowl"]},{"damage_healed":0.0,"max_hp_gain":0.0,"max_hp_loss":0.0,"gold_gain":0.0,"event_name":"Lab","player_choice":"Got Potions","floor":14.0,"gold_loss":0.0,"damage_taken":0.0},{"damage_healed":0.0,"max_hp_gain":0.0,"max_hp_loss":0.0,"gold_gain":0.0,"event_name":"Duplicator","player_choice":"Copied","floor":22.0,"gold_loss":0.0,"damage_taken":0.0,"cards_obtained":["champ:AdrenalArmor"]},{"damage_healed":0.0,"max_hp_gain":0.0,"max_hp_loss":0.0,"gold_gain":0.0,"event_name":"Vampires","player_choice":"Ignored","floor":25.0,"gold_loss":0.0,"damage_taken":0.0},{"damage_healed":0.0,"max_hp_gain":0.0,"max_hp_loss":0.0,"gold_gain":0.0,"event_name":"NoteForYourself","player_choice":"Ignored","floor":36.0,"gold_loss":0.0,"damage_taken":0.0}],"is_beta":false,"boss_relics":[{"not_picked":["sneckomod:SneckoTalon","SacredBark"],"picked":"SlaversCollar"},{"not_picked":["Pandora\u0027s Box","Coffee Dripper"],"picked":"Astrolabe"}],"items_purged_floors":[12,26,42],"is_endless":false,"potions_floor_spawned":[9,11,15,23,28,29,30,37,49,52],"ascension_level":0}}