{"host":"njruw0b0uprlitpx","time":1608036141,"event":{"mods":["2.2 Compatiblity","BaseMod","Better Altar","Better Match","Better Note","Better Sensory Stone","Better Skull","Better Third Choice","Block Reminder","Colored Map","Colored Powertips","Downfall","Energized Spire","Keyboard Shortcuts","Minty Spire (QoL Compilation)","Quick Restart","Relic Stats","Replay The Spire","SacredBarkPlus","Spicy Shops","StSLib","SuperFastMode"],"gold_per_floor":[119,43,43,58,78,106,106,106,106,125,125,142,161,180,210,220,220,317,317,333,333,347,347,363,363,395,395,395,395,408,408,423,458,458,553,553,566,526,543,563,586,598,627,677,677,677,692,692,711,59,59,59],"floor_reached":53,"playtime":1646,"items_purged":["Parasite"],"score":783,"play_id":"87fedee8-5409-4da6-b214-528b3699f825","local_time":"20201215064221","is_ascension_mode":false,"campfire_choices":[{"data":"Armaments","floor":9,"key":"SMITH"},{"data":"Perfected Strike","floor":17,"key":"SMITH"},{"data":"Limit Break","floor":25,"key":"SMITH"},{"floor":27,"key":"REST"},{"floor":31,"key":"REST"},{"data":"Infernal Blade","floor":34,"key":"SMITH"},{"data":"Body Slam","floor":46,"key":"SMITH"},{"data":"Offering","floor":51,"key":"SMITH"}],"circlet_count":0,"master_deck":["Strike_R","Strike_R","Strike_R","Strike_R","Defend_R","Defend_R","Defend_R","Defend_R","Bash","Hemokinesis","Armaments+1","Shockwave","Spot Weakness","Fire Breathing","Infernal Blade+1","Sword Boomerang","Cleave","Thunderclap","Perfected Strike+1","Reaper","Sever Soul","Evolve","Twin Strike","champ:LastStand","Limit Break+1","Hemogenesis","Run Through+1","Clothesline","Disarm","Offering+1","Body Slam+1","Clothesline+1","Madness","Madness","Rampage"],"relics":["Burning Blood","NeowsBlessing","OrangePellets","Bird Faced Urn","Pondfish Scales","Mango","energizedSpire:DeadBattery","Replay:Bottled Snecko","HornCleat","Enchiridion","Pen Nib","Busted Crown","Lantern","ReplayTheSpireMod:Shallot","Magic Flower","Darkstone Periapt","Brimstone","Divine Protection"],"acts_visited":["Exordium","TheCity","TheBeyond"],"potions_floor_usage":[6,6,10,14,14,18,18,32,35,42,52,52,52],"damage_taken":[{"damage":0,"enemies":"Small Slimes","floor":1,"turns":1},{"damage":0,"enemies":"Cultist","floor":4,"turns":1},{"damage":0,"enemies":"2 Louse","floor":5,"turns":1},{"damage":17,"enemies":"Lagavulin","floor":6,"turns":5},{"damage":15,"enemies":"Exordium Wildlife","floor":10,"turns":5},{"damage":5,"enemies":"2 Fungi Beasts","floor":12,"turns":3},{"damage":7,"enemies":"3 Louse","floor":13,"turns":2},{"damage":0,"enemies":"Gremlin Gang","floor":14,"turns":4},{"damage":2,"enemies":"2 Fungi Beasts","floor":16,"turns":3},{"damage":38,"enemies":"Hexaghost","floor":18,"turns":7},{"damage":0,"enemies":"Chosen","floor":20,"turns":3},{"damage":12,"enemies":"Shell Parasite","floor":22,"turns":4},{"damage":31,"enemies":"3 Cultists","floor":24,"turns":6},{"damage":60,"enemies":"Slavers","floor":26,"turns":5},{"damage":13,"enemies":"Cultist and Chosen","floor":30,"turns":5},{"damage":3,"enemies":"Snake Plant","floor":32,"turns":3},{"damage":36,"enemies":"Gremlin Leader","floor":33,"turns":6},{"damage":47,"enemies":"Collector","floor":35,"turns":11},{"damage":23,"enemies":"3 Darklings","floor":37,"turns":5},{"damage":19,"enemies":"3 Shapes","floor":39,"turns":3},{"damage":8,"enemies":"Jaw Worm Horde","floor":40,"turns":4},{"damage":2,"enemies":"Writhing Mass","floor":42,"turns":5},{"damage":21,"enemies":"Reptomancer","floor":43,"turns":4},{"damage":4,"enemies":"Mind Bloom Boss Battle","floor":44,"turns":5},{"damage":6,"enemies":"Transient","floor":47,"turns":5},{"damage":23,"enemies":"4 Shapes","floor":49,"turns":4},{"damage":79,"enemies":"Awakened One","floor":52,"turns":7}],"seed_played":"687770305918632722","potions_obtained":[{"floor":1,"key":"Explosive Potion"},{"floor":3,"key":"Regen Potion"},{"floor":3,"key":"DistilledChaos"},{"floor":6,"key":"SpeedPotion"},{"floor":10,"key":"ColorlessPotion"},{"floor":13,"key":"AttackPotion"},{"floor":14,"key":"AttackPotion"},{"floor":26,"key":"SkillPotion"},{"floor":33,"key":"HeartOfIron"},{"floor":38,"key":"SteroidPotion"},{"floor":38,"key":"BloodPotion"},{"floor":38,"key":"ColorlessPotion"},{"floor":39,"key":"BloodPotion"},{"floor":40,"key":"LifebloodPotion"},{"floor":47,"key":"Swift Potion"}],"is_trial":false,"path_per_floor":["M","$","?","M","M","E","PTL","PTL","R","M","T","M","M","M","?","M","R","B",null,"M","?","M","?","M","R","E","R","T","?","M","R","M","E","R","B",null,"M","?","M","M","T","M","E","?","T","R","M","?","M","$","R","B",null],"character_chosen":"IRONCLAD","items_purchased":["OrangePellets","Armaments","Brimstone","Rampage","Divine Protection","Dexterity Potion","DistilledChaos"],"campfire_rested":2,"item_purchase_floors":[2,2,50,50,50,50,50],"current_hp_per_floor":[80,80,80,80,80,69,69,69,69,74,74,75,74,80,94,94,94,62,94,94,94,88,88,77,77,39,67,67,51,50,78,90,82,82,68,94,89,89,91,94,94,94,88,94,94,94,94,82,93,91,91,57],"gold":59,"neow_bonus":"THREE_ENEMY_KILL","is_daily":false,"chose_seed":false,"campfire_upgraded":6,"win_rate":0.0,"timestamp":1608036141,"path_taken":["M","$","?","?","M","E","PTL","PTL","R","M","T","M","M","M","?","M","R","BOSS","M","?","M","?","M","R","E","R","T","?","?","R","M","E","R","BOSS","M","?","?","M","?","M","E","?","T","R","M","?","M","$","R","BOSS"],"items_purchased_type":["Relic","Card","Relic","Card","Relic","Potion","Potion"],"build_version":"2020-12-13","purchased_purges":1,"victory":true,"max_hp_per_floor":[80,80,80,80,80,80,80,80,80,80,80,80,80,80,94,94,94,94,94,94,94,94,94,94,94,94,94,94,94,94,94,94,94,94,94,94,94,94,94,94,94,94,94,94,94,94,94,94,94,91,91,91],"relic_stats":{"Darkstone Periapt":0,"OrangePellets":[4],"Busted Crown":16,"counters":[27,117],"Bird Faced Urn":[47],"Magic Flower":[19],"Pen Nib":[12],"obtain_stats":[{"Darkstone Periapt":45,"Divine Protection":50,"Lantern":41,"NeowsBlessing":0,"Enchiridion":29,"Magic Flower":44,"Mango":15,"Pen Nib":33,"energizedSpire:DeadBattery":19,"Burning Blood":0,"OrangePellets":2,"Pondfish Scales":11,"HornCleat":28,"Busted Crown":36,"ReplayTheSpireMod:Shallot":43,"Brimstone":50,"Bird Faced Urn":6,"Replay:Bottled Snecko":26},{"Darkstone Periapt":24,"Divine Protection":26,"Lantern":21,"NeowsBlessing":0,"Enchiridion":14,"Magic Flower":24,"Mango":8,"Pen Nib":17,"energizedSpire:DeadBattery":10,"Burning Blood":0,"OrangePellets":1,"Pondfish Scales":5,"HornCleat":14,"Busted Crown":18,"ReplayTheSpireMod:Shallot":23,"Brimstone":26,"Bird Faced Urn":4,"Replay:Bottled Snecko":14},{"Darkstone Periapt":101,"Divine Protection":110,"Lantern":87,"NeowsBlessing":0,"Enchiridion":50,"Magic Flower":101,"Mango":22,"Pen Nib":64,"energizedSpire:DeadBattery":32,"Burning Blood":0,"OrangePellets":1,"Pondfish Scales":13,"HornCleat":50,"Busted Crown":75,"ReplayTheSpireMod:Shallot":96,"Brimstone":110,"Bird Faced Urn":8,"Replay:Bottled Snecko":50}],"Burning Blood":114},"card_choices":[{"not_picked":["Second Wind","Shockwave"],"picked":"Hemokinesis","floor":1},{"not_picked":["Hemokinesis","Twin Strike"],"picked":"Shockwave","floor":4},{"not_picked":["Combust","ReplayReversal"],"picked":"Spot Weakness","floor":5},{"not_picked":["Sever Soul","Wild Strike"],"picked":"Fire Breathing","floor":6},{"not_picked":["Bloodletting","Armaments"],"picked":"Infernal Blade","floor":10},{"not_picked":["Perfected Strike","Warcry"],"picked":"Sword Boomerang","floor":12},{"not_picked":["Headbutt","Anger"],"picked":"Cleave","floor":13},{"not_picked":["Sword Boomerang","Armaments"],"picked":"Thunderclap","floor":14},{"not_picked":["Second Wind","Anger"],"picked":"Perfected Strike","floor":16},{"not_picked":["Offering","Demon Form"],"picked":"Reaper","floor":18},{"not_picked":["Disarm","Havoc+1"],"picked":"Sever Soul","floor":20},{"not_picked":["Sever Soul","Wild Strike+1"],"picked":"Twin Strike","floor":22},{"not_picked":["Massacre","Pummel+1"],"picked":"Limit Break","floor":24},{"not_picked":["Clash+1","Defy Death"],"picked":"Hemogenesis","floor":26},{"not_picked":["Warcry","Burning Pact"],"picked":"Run Through+1","floor":30},{"not_picked":["Hemokinesis","Shrug It Off"],"picked":"Clothesline","floor":32},{"not_picked":["Combust","Shockwave+1"],"picked":"Disarm","floor":33},{"not_picked":["Replay:Many Hands","Fiend Fire"],"picked":"Offering","floor":35},{"not_picked":["Perfected Strike+1"],"picked":"SKIP","floor":37},{"not_picked":["Cleave"],"picked":"SKIP","floor":39},{"not_picked":[],"picked":"Body Slam","floor":40},{"not_picked":[],"picked":"Clothesline+1","floor":42},{"not_picked":["ReplayReversal"],"picked":"SKIP","floor":43},{"not_picked":["Searing Blow+1"],"picked":"SKIP","floor":47},{"not_picked":["Anger+1"],"picked":"SKIP","floor":49}],"player_experience":1333650,"relics_obtained":[{"floor":6,"key":"Bird Faced Urn"},{"floor":11,"key":"Pondfish Scales"},{"floor":26,"key":"Replay:Bottled Snecko"},{"floor":28,"key":"HornCleat"},{"floor":29,"key":"Enchiridion"},{"floor":33,"key":"Pen Nib"},{"floor":41,"key":"Lantern"},{"floor":43,"key":"ReplayTheSpireMod:Shallot"},{"floor":44,"key":"Magic Flower"},{"floor":45,"key":"Darkstone Periapt"}],"event_choices":[{"damage_healed":0,"gold_gain":0,"player_choice":"Got Potions","damage_taken":0,"max_hp_gain":0,"max_hp_loss":0,"event_name":"Lab","floor":3,"gold_loss":0},{"damage_healed":0,"gold_gain":30,"player_choice":"Searched \u00272\u0027 times","damage_taken":0,"relics_obtained":["Mango"],"max_hp_gain":0,"max_hp_loss":0,"event_name":"Dead Adventurer","floor":15,"gold_loss":0},{"damage_healed":0,"gold_gain":0,"cards_transformed":["Strike_R"],"player_choice":"Transformed","damage_taken":0,"max_hp_gain":0,"max_hp_loss":0,"event_name":"Transmorgrifier","floor":21,"gold_loss":0,"cards_obtained":["Evolve"]},{"cards_removed":["Armaments"],"damage_healed":0,"gold_gain":0,"player_choice":"Take \u0026 Give","damage_taken":0,"max_hp_gain":0,"max_hp_loss":0,"event_name":"betterNote:BetterNote","floor":23,"gold_loss":0,"cards_obtained":["champ:LastStand"]},{"damage_healed":0,"gold_gain":0,"player_choice":"Obtained Book","damage_taken":16,"max_hp_gain":0,"max_hp_loss":0,"event_name":"Cursed Tome","floor":29,"gold_loss":0},{"damage_healed":0,"gold_gain":0,"player_choice":"Bought 3 Potions","damage_taken":0,"max_hp_gain":0,"max_hp_loss":0,"event_name":"The Woman in Blue","floor":38,"gold_loss":0},{"damage_healed":0,"gold_gain":0,"player_choice":"Fight","damage_taken":0,"max_hp_gain":0,"max_hp_loss":0,"event_name":"MindBloom","floor":44,"gold_loss":0},{"damage_healed":0,"gold_gain":0,"player_choice":"Embrace Madness","damage_taken":12,"max_hp_gain":0,"max_hp_loss":0,"event_name":"Winding Halls","floor":48,"gold_loss":0,"cards_obtained":["Madness","Madness"]}],"is_beta":false,"boss_relics":[{"not_picked":["Replay:Bronze Core","SacredBark"],"picked":"energizedSpire:DeadBattery"},{"not_picked":["Empty Cage","Runic Dome"],"picked":"Busted Crown"}],"items_purged_floors":[50],"is_endless":false,"potions_floor_spawned":[1,6,10,13,14,26,33,39,40,47],"ascension_level":0}}