{"host":"p7j7o00jacnw7qzt","time":1608050316,"event":{"mods":["BaseMod","Colored Map","Colored Powertips","DeckTracker","Highlight Path","Minty Spire (QoL Compilation)","Relic Stats"],"gold_per_floor":[119,44,44,62,81,81,94,94,118,139,139,179,179,197,197,197,197],"floor_reached":16,"playtime":368,"items_purged":[],"score":204,"play_id":"9dc0a194-56f8-42e6-82cb-a66e898bbd7c","local_time":"20201215113836","is_ascension_mode":true,"campfire_choices":[{"data":"Armaments","floor":6.0,"key":"SMITH"},{"floor":13,"key":"REST"},{"floor":15,"key":"RECALL"}],"circlet_count":0,"master_deck":["AscendersBane","Strike_R","Strike_R","Strike_R","Defend_R","Defend_R","Defend_R","Defend_R","Bash","Armaments+1","Cleave"],"relics":["Burning Blood","Golden Idol","MealTicket"],"acts_visited":["Exordium"],"potions_floor_usage":[12],"damage_taken":[{"damage":4.0,"enemies":"Jaw Worm","floor":1.0,"turns":5.0},{"damage":0.0,"enemies":"2 Louse","floor":4.0,"turns":4.0},{"damage":9.0,"enemies":"Small Slimes","floor":5.0,"turns":5.0},{"damage":8.0,"enemies":"Looter","floor":7.0,"turns":4.0},{"damage":16.0,"enemies":"3 Louse","floor":10.0,"turns":3.0},{"damage":58,"enemies":"Gremlin Nob","floor":12,"turns":5},{"damage":30,"enemies":"Exordium Thugs","floor":14,"turns":5},{"damage":0,"enemies":"Slime Boss","floor":16,"turns":1}],"seed_played":"8322818826678907835","potions_obtained":[{"floor":7.0,"key":"Explosive Potion"},{"floor":14,"key":"ColorlessPotion"}],"is_trial":false,"path_per_floor":["M","?","?","M","M","R","M","?","T","M","?","E","R","M","R","B"],"character_chosen":"IRONCLAD","items_purchased":[],"campfire_rested":1,"item_purchase_floors":[],"current_hp_per_floor":[77,77,49,55,52,52,50,43,43,33,60,8,32,8,8,8,8],"gold":197,"neow_bonus":"TEN_PERCENT_HP_BONUS","is_daily":false,"chose_seed":false,"campfire_upgraded":1,"win_rate":0.0,"timestamp":1608050316,"path_taken":["M","?","?","M","M","R","M","?","T","M","?","E","R","M","R","BOSS"],"items_purchased_type":[],"build_version":"2020-12-13","purchased_purges":0,"victory":false,"max_hp_per_floor":[82,82,82,82,82,82,82,82,82,82,82,82,82,82,82,82,82],"relic_stats":{"counters":[8,32],"Golden Idol":27,"MealTicket":0,"obtain_stats":[{"Golden Idol":3,"MealTicket":12,"Burning Blood":0},{"Golden Idol":1,"MealTicket":6,"Burning Blood":0},{"Golden Idol":5,"MealTicket":26,"Burning Blood":0}],"Burning Blood":42},"card_choices":[{"not_picked":["True Grit","Metallicize"],"picked":"Armaments","floor":1.0},{"not_picked":["Dropkick","Sentinel","Heavy Blade"],"picked":"SKIP","floor":4.0},{"not_picked":["Twin Strike","Thunderclap","Clash"],"picked":"SKIP","floor":5.0},{"not_picked":["Twin Strike","Thunderclap","Clash"],"picked":"SKIP","floor":5.0},{"not_picked":["Entrench","Rage"],"picked":"Cleave","floor":7.0},{"not_picked":["Cleave","Thunderclap","Flex"],"picked":"SKIP","floor":10.0},{"not_picked":["Cleave","Thunderclap","Flex"],"picked":"SKIP","floor":10.0},{"not_picked":["Rage","Flex","Warcry"],"picked":"SKIP","floor":12},{"not_picked":["Pummel","Twin Strike","Clothesline"],"picked":"SKIP","floor":14},{"not_picked":["Pummel","Twin Strike","Clothesline"],"picked":"SKIP","floor":14}],"player_experience":869139,"relics_obtained":[{"floor":12,"key":"MealTicket"}],"event_choices":[{"cards_removed":["Strike_R"],"damage_healed":0.0,"max_hp_gain":0.0,"max_hp_loss":0.0,"gold_gain":0.0,"event_name":"The Cleric","player_choice":"Card Removal","floor":2.0,"gold_loss":75.0,"damage_taken":0.0},{"damage_healed":0.0,"max_hp_gain":0.0,"max_hp_loss":0.0,"gold_gain":0.0,"event_name":"Golden Idol","player_choice":"Take Damage","floor":3.0,"gold_loss":0.0,"damage_taken":28.0,"relics_obtained":["Golden Idol"]},{"cards_removed":["Strike_R"],"damage_healed":0.0,"max_hp_gain":0.0,"max_hp_loss":0.0,"gold_gain":0.0,"event_name":"Golden Wing","player_choice":"Card Removal","floor":8.0,"gold_loss":0.0,"damage_taken":7.0},{"damage_healed":27.0,"max_hp_gain":0.0,"max_hp_loss":0.0,"gold_gain":0.0,"event_name":"Big Fish","player_choice":"Banana","floor":11.0,"gold_loss":0.0,"damage_taken":0.0}],"is_beta":false,"boss_relics":[],"items_purged_floors":[],"is_endless":false,"potions_floor_spawned":[7,14],"killed_by":"Slime Boss","ascension_level":20}}