{"host":"i41n6wh529970c2c","time":1608057843,"event":{"mods":["Act Like it!","BaseMod","BetterRewards","Friendly Minions","Gold Saver","Hermit","Minty Spire (QoL Compilation)","Replay The Spire","Shop Mod","StSLib"],"gold_per_floor":[747,747,747,747,757,789,789,821,821,821,821],"floor_reached":10,"playtime":457,"items_purged":[],"score":81,"play_id":"e6b2eb78-6456-4dbe-bf72-b76fe2b349db","local_time":"20201215134403","is_ascension_mode":true,"campfire_choices":[{"data":"ReplayGash","floor":7.0,"key":"SMITH"}],"circlet_count":0,"master_deck":["Strike_B","Strike_B","Strike_B","Strike_B","Defend_B","Defend_B","Defend_B","Zap","Dualcast","Gash+1","ReplayGash+1","Rebound","Streamline+1"],"relics":["Cracked Core","Snack Pack","Anchor","Molten Egg 2","MealTicket"],"acts_visited":["Exordium"],"potions_floor_usage":[10],"damage_taken":[{"damage":10.0,"enemies":"2 Louse","floor":1.0,"turns":3.0},{"damage":7.0,"enemies":"Jaw Worm","floor":5.0,"turns":3.0},{"damage":16.0,"enemies":"Lagavulin","floor":6.0,"turns":7.0},{"damage":22.0,"enemies":"3 Sentries","floor":8.0,"turns":5.0},{"damage":26,"enemies":"Lagavulin","floor":10,"turns":5}],"seed_played":"-9019661995966914441","potions_obtained":[{"floor":8.0,"key":"AttackPotion"}],"is_trial":false,"path_per_floor":["M","?","?","?","M","E","R","E","T","E"],"character_chosen":"DEFECT","items_purchased":[],"campfire_rested":0,"item_purchase_floors":[],"current_hp_per_floor":[65,62,62,62,57,43,43,23,23,0,0],"gold":821,"neow_bonus":"REMOVE_CARD","is_daily":false,"chose_seed":false,"campfire_upgraded":1,"win_rate":0.0,"timestamp":1608057843,"path_taken":["M","?","?","?","M","E","R","E","T","E"],"items_purchased_type":[],"build_version":"2020-12-13","purchased_purges":0,"victory":false,"max_hp_per_floor":[75,75,75,75,75,75,75,75,75,75,75],"card_choices":[{"not_picked":["Turbo","Darkness"],"picked":"Gash","floor":1.0},{"not_picked":["Auto Shields","Scrape"],"picked":"ReplayGash","floor":5.0},{"not_picked":["Consume","Compile Driver"],"picked":"Rebound","floor":6.0},{"not_picked":["Barrage+1","Rip and Tear+1"],"picked":"Streamline+1","floor":8.0}],"player_experience":756908,"relics_obtained":[{"floor":6.0,"key":"Anchor"},{"floor":8.0,"key":"Molten Egg 2"},{"floor":9.0,"key":"MealTicket"}],"event_choices":[{"damage_healed":0.0,"max_hp_gain":0.0,"max_hp_loss":0.0,"gold_gain":0.0,"event_name":"Scrap Ooze","player_choice":"Success","floor":2.0,"gold_loss":0.0,"damage_taken":3.0,"relics_obtained":["Snack Pack"]},{"damage_healed":0.0,"max_hp_gain":0.0,"max_hp_loss":0.0,"gold_gain":0.0,"event_name":"Living Wall","player_choice":"Grow","floor":4.0,"gold_loss":0.0,"damage_taken":0.0,"cards_upgraded":["Gash"]}],"is_beta":false,"boss_relics":[],"items_purged_floors":[],"is_endless":false,"potions_floor_spawned":[8],"killed_by":"Lagavulin","ascension_level":2}}