{"host":"ctlqibkg0sskiu65","time":1608035682,"event":{"mods":["2.2 Compatiblity","AchievementEnabler","Aspiration","BaseMod","BetterRewards","Colored Map","Colored Powertips","Conspire","Downfall","Fiend Mod","Hermit","Infinite Spire","Minty Spire (QoL Compilation)","Quick Restart","Replay The Spire","Shop Mod","StSLib","The Bladedancer","The Cursed","The Hierophant","The Jungle","The Kombatant","The Servant 0.9.4","TheBandit"],"gold_per_floor":[112,112,131,74,74,74,106,116,116,135,148,148,162,162,162,258,258,278,278,46,46,46,46,71,86,86,106,122,134,134,134,134,151,151,246,246,257,270,270,217,37,37,65,83,83,83,101,115,115,79,79,79],"floor_reached":53,"playtime":2337,"items_purged":["Strike_R","Strike_R"],"score":734,"play_id":"7dda1c6a-74be-49e1-865e-c168e66b1428","local_time":"20201215063442","is_ascension_mode":false,"campfire_choices":[{"data":"Seeing Red","floor":6.0,"key":"SMITH"},{"data":"Demonic Infusion","floor":12.0,"key":"SMITH"},{"data":"Shrug It Off","floor":15.0,"key":"SMITH"},{"data":"Demon Form","floor":23.0,"key":"SMITH"},{"floor":34.0,"key":"REST"},{"data":"Heavy Blade","floor":42.0,"key":"SMITH"},{"floor":46.0,"key":"REST"},{"data":"Feed","floor":46.0,"key":"SMITH"},{"data":"ReplayTheSpireMod:LeadingStrike","floor":49.0,"key":"SMITH"},{"floor":51.0,"key":"REST"},{"data":"Flex","floor":51.0,"key":"SMITH"}],"circlet_count":0,"master_deck":["Strike_R+1","Defend_R","Defend_R","Defend_R","Bash+1","Twin Strike","Dagger Throw","Die Die Die","Concentrate","Shrug It Off","Seeing Red","Seeing Red+1","Anger","Shrug It Off+1","Demonic Infusion+1","ReplayTheSpireMod:Stacked","Flex+1","Demon Form+1","Heavy Blade","Demon Form","Heavy Blade+1","Heavy Blade+1","Cleave+1","Inflame+1","Impervious","Life Link+1","Anger","Reaper","Feed+1","Parasite","Armaments+1","ReplayTheSpireMod:LeadingStrike+1","Shrug It Off+1"],"relics":["Burning Blood","Whetstone","Centennial Puzzle","infinitespire:FocusingShard","Ring of Chaos","HandDrill","Nloth\u0027s Gift","Anchor","conspire:Dentures","SacredBark","Pantograph","infinitespire:CheckeredPen","infinitespire:Magic Flask"],"acts_visited":["Exordium","TheCity","TheBeyond"],"potions_floor_usage":[52,52],"damage_taken":[{"damage":2.0,"enemies":"2 Louse","floor":1.0,"turns":3.0},{"damage":1.0,"enemies":"Jaw Worm","floor":3.0,"turns":3.0},{"damage":13.0,"enemies":"Lagavulin","floor":7.0,"turns":5.0},{"damage":0.0,"enemies":"Cultist","floor":8.0,"turns":3.0},{"damage":0.0,"enemies":"2 Fungi Beasts","floor":10.0,"turns":1.0},{"damage":0.0,"enemies":"3 Louse","floor":11.0,"turns":2.0},{"damage":3.0,"enemies":"Exordium Thugs","floor":13.0,"turns":4.0},{"damage":41.0,"enemies":"The Guardian","floor":16.0,"turns":15.0},{"damage":2.0,"enemies":"3 Byrds","floor":18.0,"turns":7.0},{"damage":22.0,"enemies":"Gremlin Leader","floor":24.0,"turns":6.0},{"damage":0.0,"enemies":"Spheric Guardian","floor":25.0,"turns":3.0},{"damage":22.0,"enemies":"Centurion and Healer","floor":27.0,"turns":7.0},{"damage":5.0,"enemies":"Chosen and Byrds","floor":28.0,"turns":4.0},{"damage":27.0,"enemies":"3 Cultists","floor":29.0,"turns":6.0},{"damage":13.0,"enemies":"Snake Plant","floor":33.0,"turns":4.0},{"damage":6.0,"enemies":"Champ","floor":35.0,"turns":7.0},{"damage":7.0,"enemies":"3 Darklings","floor":37.0,"turns":4.0},{"damage":7.0,"enemies":"Orb Walker","floor":38.0,"turns":4.0},{"damage":72.0,"enemies":"Reptomancer","floor":43.0,"turns":7.0},{"damage":18.0,"enemies":"4 Shapes","floor":44.0,"turns":6.0},{"damage":12.0,"enemies":"Writhing Mass","floor":47.0,"turns":4.0},{"damage":16.0,"enemies":"Transient","floor":48.0,"turns":5.0},{"damage":125,"enemies":"infinitespire:MassOfShapes","floor":52,"turns":15}],"seed_played":"-1419821309301123885","potions_obtained":[{"floor":5.0,"key":"Doom Potion"},{"floor":5.0,"key":"Fire Potion"},{"floor":5.0,"key":"ElixirPotion"},{"floor":10.0,"key":"SkillPotion"},{"floor":13.0,"key":"BlessingOfTheForge"},{"floor":16.0,"key":"BlessingOfTheForge"},{"floor":24.0,"key":"sneckomod:MuddlingPotion"},{"floor":25.0,"key":"Strength Potion"},{"floor":27.0,"key":"ColorlessPotion"},{"floor":43.0,"key":"Regen Potion"},{"floor":47.0,"key":"SteroidPotion"},{"floor":48.0,"key":"Energy Potion"}],"is_trial":false,"path_per_floor":["M","?","M","$","?","R","E","M","T","M","M","R","M","?","R","B",null,"M","?","$","?","?","R","E","M","T","M","M","M","PTL","PTL","?","M","R","B",null,"M","M","?","?","$","R","E","M","T","R","M","M","R","$","R","B",null],"character_chosen":"IRONCLAD","items_purchased":["Seeing Red","HandDrill","Reaper","Shrug It Off+1"],"campfire_rested":3,"item_purchase_floors":[4,20,41,50],"current_hp_per_floor":[80,80,80,80,80,80,73,79,79,80,80,80,80,80,80,45,80,80,80,80,80,80,80,64,70,70,54,55,34,34,34,34,27,51,51,80,79,78,78,78,78,78,14,42,42,66,75,65,65,65,80,13],"gold":79,"neow_bonus":"RANDOM_COMMON_RELIC","is_daily":false,"chose_seed":false,"campfire_upgraded":8,"win_rate":0.0,"timestamp":1608035682,"path_taken":["M","?","M","$","?","R","E","M","T","M","?","R","M","?","R","BOSS","M","?","$","?","?","R","E","M","T","?","M","M","PTL","PTL","?","M","R","BOSS","M","M","?","?","$","R","E","M","T","R","M","?","R","?","R","BOSS"],"items_purchased_type":["Card","Relic","Card","Card"],"build_version":"2020-12-13","purchased_purges":2,"victory":true,"max_hp_per_floor":[80,80,80,80,80,80,80,80,80,80,80,80,80,80,80,80,80,80,80,80,80,80,80,80,80,80,80,80,80,80,80,80,80,80,80,80,80,80,80,80,80,80,80,80,80,80,80,80,80,80,80,80],"card_choices":[{"not_picked":["Armaments","Body Slam"],"picked":"Twin Strike","floor":1.0},{"not_picked":["Warcry","Clothesline"],"picked":"Shrug It Off","floor":3.0},{"not_picked":["Headbutt","Battle Trance"],"picked":"Anger","floor":7.0},{"not_picked":["Clothesline","ReplayTheSpireMod:Strike From Hell"],"picked":"Shrug It Off","floor":8.0},{"not_picked":["Headbutt","Perfected Strike"],"picked":"Demonic Infusion","floor":10.0},{"not_picked":["Pommel Strike","Armaments"],"picked":"ReplayTheSpireMod:Stacked","floor":11.0},{"not_picked":["Body Slam","Life Link"],"picked":"Flex","floor":13.0},{"not_picked":["Limit Break","Hemogenesis"],"picked":"Demon Form","floor":16.0},{"not_picked":["Reckless Charge","ReplayTheSpireMod:Muscle Training"],"picked":"Heavy Blade","floor":18.0},{"not_picked":["Clash","Limit Break"],"picked":"Demon Form","floor":24.0},{"not_picked":["ReplayTheSpireMod:Strike From Hell","Intimidate+1"],"picked":"Heavy Blade+1","floor":25.0},{"not_picked":["Juggernaut","True Grit+1"],"picked":"Heavy Blade","floor":27.0},{"not_picked":["Headbutt+1","Armaments","Entrench+1"],"picked":"SKIP","floor":28.0},{"not_picked":["ReplayTheSpireMod:Muscle Training","ReplayTheSpireMod:Limb From Limb"],"picked":"Cleave+1","floor":29.0},{"not_picked":["Flex","Replay:Undeath\u0027s Touch+1"],"picked":"Inflame+1","floor":33.0},{"not_picked":["Eclipse","conspire:Purge"],"picked":"Impervious","floor":35.0},{"not_picked":["Twin Strike+1","Hemogenesis"],"picked":"Life Link+1","floor":37.0},{"not_picked":["Disarm","Pommel Strike+1"],"picked":"Anger","floor":38.0},{"not_picked":["Life Link","Ghostly Armor","Hemokinesis"],"picked":"SKIP","floor":43.0},{"not_picked":["Twin Strike+1","Run Through"],"picked":"Feed","floor":44.0},{"not_picked":["Inflame","Perfected Strike"],"picked":"Armaments+1","floor":47.0},{"not_picked":["Bloodletting+1","Iron Wave"],"picked":"ReplayTheSpireMod:LeadingStrike","floor":48.0}],"player_experience":144394,"relics_obtained":[{"floor":7.0,"key":"Centennial Puzzle"},{"floor":9.0,"key":"infinitespire:FocusingShard"},{"floor":14.0,"key":"infinitespire:Eraser"},{"floor":24.0,"key":"Anchor"},{"floor":26.0,"key":"conspire:Dentures"},{"floor":43.0,"key":"infinitespire:CheckeredPen"},{"floor":45.0,"key":"infinitespire:Magic Flask"}],"event_choices":[{"damage_healed":0.0,"max_hp_gain":0.0,"max_hp_loss":0.0,"gold_gain":0.0,"event_name":"Lab","player_choice":"Got Potions","floor":5.0,"gold_loss":0.0,"damage_taken":0.0},{"damage_healed":0.0,"max_hp_gain":0.0,"max_hp_loss":0.0,"gold_gain":0.0,"event_name":"N\u0027loth","player_choice":"Traded Relic","floor":22.0,"relics_lost":["infinitespire:Eraser"],"gold_loss":0.0,"damage_taken":0.0,"relics_obtained":["Nloth\u0027s Gift"]},{"damage_healed":0.0,"max_hp_gain":0.0,"max_hp_loss":0.0,"gold_gain":0.0,"event_name":"The Mausoleum","player_choice":"Ignored","floor":32.0,"gold_loss":0.0,"damage_taken":0.0},{"damage_healed":0.0,"max_hp_gain":0.0,"max_hp_loss":0.0,"gold_gain":0.0,"event_name":"conspire:Investor","player_choice":"Leave","floor":39.0,"gold_loss":0.0,"damage_taken":0.0},{"damage_healed":0.0,"max_hp_gain":0.0,"max_hp_loss":0.0,"gold_gain":0.0,"event_name":"WeMeetAgain","player_choice":"Paid Gold","floor":40.0,"gold_loss":53.0,"damage_taken":0.0,"relics_obtained":["Pantograph"]}],"is_beta":false,"boss_relics":[{"not_picked":["aspiration:SecretTechniqueScroll","ReplayTheSpireMod:SealedPack"],"picked":"Ring of Chaos"},{"not_picked":["Abe\u0027s Treasure","Electric Blood"],"picked":"SacredBark"}],"items_purged_floors":[20,41],"is_endless":false,"potions_floor_spawned":[10,13,16,24,25,27,43,47,48],"ascension_level":0}}