{"host":"v5q6ggeyvx3goqgy","time":1608054626,"event":{"mods":["AchievementEnabler","BaseMod","BetterRewards","Minty Spire (QoL Compilation)","StSLib","Uncapped"],"gold_per_floor":[114,64,83,8,27,53,70,70,70,70,85,37,60,386,386,464,464,477,487,133,133,133,161,161,196,196,227,227,241,341,375,375,451,451,465,481,18,35,52,52,0,28,53,80,80,80,108,121,121,121,121,121,74,105,105],"floor_reached":56,"playtime":5001,"items_purged":["Strike_G","Defend_G","Defend_G"],"score":2711,"play_id":"64549d7c-4bbc-4178-9a14-34698934aa24","local_time":"20201215175026","is_ascension_mode":true,"campfire_choices":[{"data":"Neutralize","floor":8.0,"key":"SMITH"},{"data":"Panache","floor":15,"key":"SMITH"},{"data":"Calculated Gamble","floor":28,"key":"SMITH"},{"floor":32,"key":"RECALL"},{"floor":40,"key":"REST"},{"floor":46,"key":"REST"},{"floor":49,"key":"REST"},{"floor":52,"key":"REST"}],"circlet_count":0,"master_deck":["AscendersBane","Strike_G","Strike_G","Strike_G","Defend_G","Defend_G","Survivor","Neutralize+1","Panache+1","Quick Slash","Heel Hook","Heel Hook","Calculated Gamble+1","Acrobatics","Concentrate","After Image","Concentrate","Underhanded Strike","Slice","Escape Plan","Deflect","Deep Breath+1","Slice"],"relics":["Ring of the Snake","Incense Burner","TheAbacus","Sundial","Mummified Hand","Incense Burner","Incense Burner","Incense Burner","Incense Burner","Incense Burner","Unceasing Top","Thread and Needle","Ice Cream","The Specimen","Old Coin","Philosopher\u0027s Stone","Bottled Lightning","Pantograph","Nunchaku","Snake Skull","Bronze Scales","Thread and Needle","Matryoshka","MealTicket","Fusion Hammer","Sundial","Red Mask","Happy Flower","Anchor","Toy Ornithopter","FossilizedHelix","Tingsha","Calipers"],"acts_visited":["Exordium","TheCity","TheBeyond","TheEnding"],"potions_floor_usage":[55,55],"damage_taken":[{"damage":0.0,"enemies":"2 Louse","floor":1.0,"turns":4.0},{"damage":0.0,"enemies":"Small Slimes","floor":3.0,"turns":3.0},{"damage":0.0,"enemies":"Jaw Worm","floor":5.0,"turns":7.0},{"damage":1.0,"enemies":"3 Sentries","floor":6.0,"turns":10.0},{"damage":0.0,"enemies":"Blue Slaver","floor":7.0,"turns":3.0},{"damage":0.0,"enemies":"2 Fungi Beasts","floor":11.0,"turns":4.0},{"damage":0,"enemies":"Lagavulin","floor":14,"turns":4},{"damage":0,"enemies":"Slime Boss","floor":16,"turns":7},{"damage":0,"enemies":"Shell Parasite","floor":18,"turns":4},{"damage":0,"enemies":"Chosen","floor":19,"turns":2},{"damage":0,"enemies":"Slavers","floor":23,"turns":3},{"damage":0,"enemies":"Book of Stabbing","floor":25,"turns":2},{"damage":0,"enemies":"Gremlin Leader","floor":27,"turns":3},{"damage":0,"enemies":"Snake Plant","floor":29,"turns":2},{"damage":0,"enemies":"Colosseum Slavers","floor":30,"turns":2},{"damage":0,"enemies":"Colosseum Nobs","floor":30,"turns":2},{"damage":0,"enemies":"Book of Stabbing","floor":31,"turns":2},{"damage":0,"enemies":"Champ","floor":33,"turns":4},{"damage":0,"enemies":"Orb Walker","floor":35,"turns":1},{"damage":0,"enemies":"3 Darklings","floor":36,"turns":2},{"damage":0,"enemies":"Sphere and 2 Shapes","floor":38,"turns":4},{"damage":0,"enemies":"Writhing Mass","floor":39,"turns":2},{"damage":0,"enemies":"Nemesis","floor":42,"turns":2},{"damage":0,"enemies":"Reptomancer","floor":44,"turns":2},{"damage":0,"enemies":"Nemesis","floor":47,"turns":5},{"damage":0,"enemies":"Jaw Worm Horde","floor":48,"turns":2},{"damage":0,"enemies":"Donu and Deca","floor":50,"turns":4},{"damage":0,"enemies":"Shield and Spear","floor":54,"turns":1},{"damage":0,"enemies":"The Heart","floor":55,"turns":8}],"seed_played":"845419232377476141","potions_obtained":[{"floor":1.0,"key":"AttackPotion"},{"floor":5.0,"key":"Explosive Potion"},{"floor":6.0,"key":"SpeedPotion"},{"floor":14,"key":"EssenceOfSteel"},{"floor":27,"key":"DistilledChaos"}],"is_trial":false,"path_per_floor":["M","?","M","$","M","E","M","R","T","?","M","$","T","E","R","B",null,"M","M","$","?","?","E","?","E","T","E","R","M","?","E","R","B",null,"M","M","$","M","M","R","?","E","T","E","?","R","E","M","R","B",null,"R","$","E","B",null],"character_chosen":"THE_SILENT","items_purchased":["Acrobatics","Bottled Lightning","Sundial","Deep Breath","Slice"],"campfire_rested":4,"item_purchase_floors":[12,20,37,37,53],"current_hp_per_floor":[63,63,63,63,63,62,62,62,62,62,62,62,62,62,62,62,63,63,63,63,63,47,47,47,47,47,47,47,47,47,47,47,63,63,63,63,63,63,63,63,63,63,63,63,63,63,63,63,63,63,63,63,63,63,63],"gold":105,"neow_bonus":"RANDOM_COLORLESS_2","is_daily":false,"chose_seed":false,"campfire_upgraded":3,"win_rate":0.0,"timestamp":1608054626,"path_taken":["M","?","M","$","M","E","M","R","T","?","M","$","?","E","R","BOSS","M","M","$","?","?","E","?","E","T","E","R","?","?","E","R","BOSS","M","M","$","M","M","R","?","E","T","E","?","R","E","M","R","BOSS","R","$","E","BOSS"],"items_purchased_type":["Card","Relic","Relic","Card","Card"],"build_version":"2020-12-13","purchased_purges":3,"victory":true,"max_hp_per_floor":[63,63,63,63,63,63,63,63,63,63,63,63,63,63,63,63,63,63,63,63,63,63,63,63,63,63,63,63,63,63,63,63,63,63,63,63,63,63,63,63,63,63,63,63,63,63,63,63,63,63,63,63,63,63,63],"card_choices":[{"not_picked":["Master of Strategy","Metamorphosis"],"picked":"Panache","floor":0.0},{"not_picked":["Dodge and Roll","Leg Sweep"],"picked":"Quick Slash","floor":1.0},{"not_picked":["Quick Slash","Backflip","Endless Agony"],"picked":"SKIP","floor":3.0},{"not_picked":["Bane","Prepared"],"picked":"Heel Hook","floor":5.0},{"not_picked":["Bouncing Flask","Die Die Die","Finisher"],"picked":"SKIP","floor":6.0},{"not_picked":["Blade Dance","Bane"],"picked":"Heel Hook","floor":7.0},{"not_picked":["Flying Knee","Crippling Poison"],"picked":"Calculated Gamble","floor":11.0},{"not_picked":["Bouncing Flask","Riddle With Holes"],"picked":"Concentrate","floor":14},{"not_picked":["Burst","Tools of the Trade"],"picked":"After Image","floor":16},{"not_picked":["Outmaneuver","Slice"],"picked":"Concentrate","floor":18},{"not_picked":["All Out Attack","Flying Knee","Dash"],"picked":"SKIP","floor":19},{"not_picked":["Dagger Throw","Unload","Deadly Poison+1"],"picked":"SKIP","floor":23},{"not_picked":["Masterful Stab","Terror"],"picked":"Underhanded Strike","floor":25},{"not_picked":["Quick Slash+1","Setup","Dodge and Roll+1"],"picked":"SKIP","floor":27},{"not_picked":["Dodge and Roll","PiercingWail","Prepared"],"picked":"SKIP","floor":29},{"not_picked":["Catalyst","Acrobatics+1"],"picked":"Slice","floor":30},{"not_picked":["Dagger Throw","Reflex"],"picked":"Escape Plan","floor":31},{"not_picked":["Reflex","Prepared"],"picked":"Deflect","floor":35},{"not_picked":["PiercingWail","Dagger Throw","Poisoned Stab"],"picked":"SKIP","floor":36},{"not_picked":["Skewer","Backflip","Footwork"],"picked":"SKIP","floor":38},{"not_picked":["Malaise","Terror","Flying Knee"],"picked":"SKIP","floor":39},{"not_picked":["Finisher","PiercingWail+1","Quick Slash"],"picked":"SKIP","floor":42},{"not_picked":["Prepared+1","Backflip+1","Cloak And Dagger"],"picked":"SKIP","floor":44},{"not_picked":["Well Laid Plans+1","Bullet Time","Outmaneuver+1"],"picked":"SKIP","floor":47},{"not_picked":["PiercingWail","Endless Agony","Expertise+1"],"picked":"SKIP","floor":48},{"not_picked":["Dodge and Roll+1","Dagger Spray","Expertise+1"],"picked":"SKIP","floor":54}],"player_experience":471880,"relics_obtained":[{"floor":6.0,"key":"Ice Cream"},{"floor":9.0,"key":"The Specimen"},{"floor":14,"key":"Old Coin"},{"floor":23,"key":"Pantograph"},{"floor":25,"key":"Nunchaku"},{"floor":26,"key":"Snake Skull"},{"floor":27,"key":"Bronze Scales"},{"floor":30,"key":"Thread and Needle"},{"floor":30,"key":"Matryoshka"},{"floor":31,"key":"MealTicket"},{"floor":42,"key":"Happy Flower"},{"floor":43,"key":"Anchor"},{"floor":43,"key":"Toy Ornithopter"},{"floor":44,"key":"FossilizedHelix"},{"floor":47,"key":"Tingsha"},{"floor":54,"key":"Calipers"}],"event_choices":[{"cards_removed":["Strike_G"],"damage_healed":0.0,"max_hp_gain":0.0,"max_hp_loss":0.0,"gold_gain":0.0,"event_name":"The Cleric","player_choice":"Card Removal","floor":2.0,"gold_loss":50.0,"damage_taken":0.0},{"cards_removed":["Defend_G"],"damage_healed":0.0,"max_hp_gain":0.0,"max_hp_loss":0.0,"gold_gain":0.0,"event_name":"Living Wall","player_choice":"Forget","floor":10.0,"gold_loss":0.0,"damage_taken":0.0},{"damage_healed":0,"gold_gain":0,"player_choice":"Ignored","damage_taken":0,"max_hp_gain":0,"max_hp_loss":0,"event_name":"Vampires","floor":21,"gold_loss":0},{"damage_healed":0,"gold_gain":0,"player_choice":"Obtained Book","damage_taken":16,"max_hp_gain":0,"max_hp_loss":0,"event_name":"Cursed Tome","floor":22,"gold_loss":0},{"damage_healed":0,"gold_gain":0,"player_choice":"Ignored","damage_taken":0,"max_hp_gain":0,"max_hp_loss":0,"event_name":"The Mausoleum","floor":24,"gold_loss":0},{"damage_healed":0,"gold_gain":0,"player_choice":"Fight","damage_taken":0,"max_hp_gain":0,"max_hp_loss":0,"event_name":"Colosseum","floor":30,"gold_loss":0},{"damage_healed":0,"gold_gain":0,"player_choice":"Fought Nobs","damage_taken":0,"max_hp_gain":0,"max_hp_loss":0,"event_name":"Colosseum","floor":30,"gold_loss":0},{"damage_healed":0,"gold_gain":0,"player_choice":"Paid","damage_taken":0,"relics_obtained":["Red Mask"],"max_hp_gain":0,"max_hp_loss":0,"event_name":"Tomb of Lord Red Mask","floor":41,"gold_loss":52},{"damage_healed":0,"gold_gain":0,"player_choice":"Upgraded","damage_taken":0,"max_hp_gain":0,"max_hp_loss":0,"event_name":"Upgrade Shrine","floor":45,"gold_loss":0,"cards_upgraded":["Deep Breath"]}],"is_beta":false,"boss_relics":[{"not_picked":["Cursed Key","Runic Dome"],"picked":"Philosopher\u0027s Stone"},{"not_picked":["Black Star","Astrolabe"],"picked":"Fusion Hammer"}],"items_purged_floors":[4,20,37],"is_endless":false,"potions_floor_spawned":[1,5,6,14,18,27,29,30,31,39,42,48,54],"ascension_level":13}}