{"host":"qm4rv4rkpk76sbxu","time":1608027444,"event":{"mods":["BaseMod","Bestiary","Block Reminder","DeckTracker","Filter the Spire","Keyboard Shortcuts","Minty Spire (QoL Compilation)","MonsterHotkey","Potion Indicator Mod","Quick Restart","Random Character Button","Relic Stats","Slay-I","StSLib","ojb\u0027s Better Paths Mod"],"gold_per_floor":[111,111,127,141,10,37,48,48,98,98,98,98,98],"floor_reached":12,"playtime":452,"items_purged":["Strike_B"],"score":156,"play_id":"7cba72e8-9fdc-4987-bb2b-04f1ff1cd0de","local_time":"20201215111724","is_ascension_mode":true,"campfire_choices":[{"data":"Zap","floor":11.0,"key":"SMITH"}],"circlet_count":0,"master_deck":["AscendersBane","Strike_B","Strike_B","Strike_B","Defend_B","Defend_B","Defend_B","Defend_B","Zap+1","Dualcast","Cold Snap","Undo","Seek","Self Repair","Cold Snap"],"relics":["Cracked Core","NeowsBlessing","Sundial","Ancient Tea Set","Vajra"],"acts_visited":["Exordium"],"potions_floor_usage":[12],"damage_taken":[{"damage":0.0,"enemies":"Jaw Worm","floor":1.0,"turns":1.0},{"damage":0.0,"enemies":"Cultist","floor":3.0,"turns":1.0},{"damage":0.0,"enemies":"2 Louse","floor":4.0,"turns":1.0},{"damage":17.0,"enemies":"3 Sentries","floor":6.0,"turns":10.0},{"damage":9.0,"enemies":"Looter","floor":7.0,"turns":3.0},{"damage":42,"enemies":"Gremlin Nob","floor":12,"turns":3}],"seed_played":"-1072964373700232842","potions_obtained":[{"floor":4.0,"key":"SmokeBomb"},{"floor":7.0,"key":"Regen Potion"}],"is_trial":false,"path_per_floor":["M","?","M","M","$","E","M","?","T","?","R","E"],"character_chosen":"DEFECT","items_purchased":["Swift Potion"],"campfire_rested":0,"item_purchase_floors":[5],"current_hp_per_floor":[64,64,64,64,64,47,45,27,27,27,27,0,0],"gold":98,"neow_bonus":"THREE_ENEMY_KILL","is_daily":false,"chose_seed":false,"campfire_upgraded":1,"win_rate":0.0,"timestamp":1608027444,"path_taken":["M","?","?","?","?","E","M","?","T","?","R","E"],"items_purchased_type":["Potion"],"build_version":"2020-12-13","purchased_purges":1,"victory":false,"max_hp_per_floor":[71,71,71,71,71,71,71,71,71,71,71,71,71],"relic_stats":{"counters":[6,19],"Sundial":[0],"obtain_stats":[{"NeowsBlessing":0,"Sundial":6,"Vajra":9,"Cracked Core":0,"Ancient Tea Set":8},{"NeowsBlessing":0,"Sundial":4,"Vajra":5,"Cracked Core":0,"Ancient Tea Set":5},{"NeowsBlessing":0,"Sundial":13,"Vajra":16,"Cracked Core":0,"Ancient Tea Set":16}]},"card_choices":[{"not_picked":["Compile Driver","Sweeping Beam"],"picked":"Cold Snap","floor":1.0},{"not_picked":["Gash","Beam Cell"],"picked":"Undo","floor":3.0},{"not_picked":["Go for the Eyes","BootSequence"],"picked":"Seek","floor":4.0},{"not_picked":["Turbo","Ball Lightning"],"picked":"Self Repair","floor":6.0},{"not_picked":["Chill","Skim"],"picked":"Cold Snap","floor":7.0}],"player_experience":1053279,"relics_obtained":[{"floor":6.0,"key":"Sundial"},{"floor":9.0,"key":"Vajra"}],"event_choices":[{"damage_healed":0.0,"max_hp_gain":0.0,"max_hp_loss":0.0,"gold_gain":0.0,"event_name":"Match and Keep!","player_choice":"0 cards matched","floor":2.0,"gold_loss":0.0,"damage_taken":0.0,"cards_obtained":[]},{"damage_healed":0.0,"max_hp_gain":0.0,"max_hp_loss":0.0,"gold_gain":0.0,"event_name":"Scrap Ooze","player_choice":"Success","floor":8.0,"gold_loss":0.0,"damage_taken":18.0,"relics_obtained":["Ancient Tea Set"]},{"damage_healed":0.0,"max_hp_gain":0.0,"max_hp_loss":0.0,"gold_gain":0.0,"event_name":"Liars Game","player_choice":"Ignored","floor":10.0,"gold_loss":0.0,"damage_taken":0.0}],"is_beta":false,"boss_relics":[],"items_purged_floors":[5],"is_endless":false,"potions_floor_spawned":[4,7],"killed_by":"Gremlin Nob","ascension_level":20}}