{"host":"2461dio7vetlq1z3","time":1608064804,"event":{"mods":["2.2 Compatiblity","AchievementEnabler","BaseMod","Downfall","Hermit","Lobotomy","Marisa????????","Minty Spire (QoL Compilation)","Relic Stats","Spicy Shops","StSLib","Waifu the Spire"],"gold_per_floor":[118,137,148,164,164,193,193,193,193,193,223,61,81,142,142,240,240,252,270,5,140,168,218,218,285,311,326,476,492,492,507,282,383,383,399,412,424,441,459,509,509,559,488,557,661,661,677,727,727,727,727,762,136,136,136],"floor_reached":56,"playtime":4602,"items_purged":["champ:Strike","champ:Strike","champ:Strike","champ:GladiatorsShout","champ:Balance+1"],"score":1404,"play_id":"6b44b674-830a-40de-acde-aa751560164a","local_time":"20201215214004","is_ascension_mode":true,"campfire_choices":[{"data":"champ:PreciseThrust","floor":9,"key":"SMITH"},{"data":"champ:ViciousMockery","floor":15,"key":"SMITH"},{"floor":30,"key":"RECALL"},{"data":"champ:Strike","floor":32,"key":"PURGE"},{"data":"champ:Taunt","floor":46,"key":"PURGE"},{"data":"champ:Haymaker","floor":49,"key":"PURGE"},{"data":"champ:GladiatorsShout","floor":54,"key":"PURGE"}],"circlet_count":0,"master_deck":["champ:Defend+1","champ:Defend+1","champ:Defend","champ:Defend","champ:Execute","champ:ViciousMockery+1","champ:PreciseThrust+1","champ:CrookedStrike","champ:CrownThrow","champ:GladiatorStyle","champ:HoldFirm","champ:Haymaker+1","champ:GladiatorStyle","champ:FocusedGladiator","champ:VampiricStrike","champ:GladiatorStyle","champ:CrookedStrike","champ:LastStand","champ:BladeFlurry+1","champ:GladiatorStyle","expansioncontent:LastStand","champ:SteelEdge","champ:GladiatorStyle+1","champ:MurderStrike"],"relics":["champ:ChampionCrownUpgraded","Lantern","InkBottle","SsserpentHead","Pocketwatch","Fusion Hammer","ClockworkSouvenir","Vajra","Peace Pipe","champ:BlackKnightHelmet","Matryoshka","downfall:HeartBlessingRed","downfall:HeartBlessingGreen","downfall:HeartBlessingBlue","Sozu","Strawberry","OrangePellets","Pantograph","CatCart","Eternal Feather","War Paint","Happy Flower"],"acts_visited":["Exordium","TheCity","TheBeyond","TheEnding"],"potions_floor_usage":[6,33],"damage_taken":[{"damage":11,"enemies":"Cultist","floor":1,"turns":3},{"damage":8,"enemies":"2 Louse","floor":2,"turns":2},{"damage":8,"enemies":"Small Slimes","floor":3,"turns":3},{"damage":15,"enemies":"Gremlin Gang","floor":4,"turns":7},{"damage":48,"enemies":"3 Sentries","floor":6,"turns":14},{"damage":22,"enemies":"Lagavulin","floor":11,"turns":10},{"damage":14,"enemies":"downfall:FleeingMerchant","floor":12,"turns":4},{"damage":6,"enemies":"Exordium Wildlife","floor":13,"turns":4},{"damage":6,"enemies":"Blue Slaver","floor":14,"turns":3},{"damage":71,"enemies":"downfall:Defect","floor":16,"turns":11},{"damage":19,"enemies":"3 Byrds","floor":18,"turns":5},{"damage":17,"enemies":"Shell Parasite","floor":19,"turns":5},{"damage":17,"enemies":"downfall:FleeingMerchant","floor":20,"turns":4},{"damage":8,"enemies":"Book of Stabbing","floor":22,"turns":5},{"damage":17,"enemies":"Sentry and Sphere","floor":25,"turns":5},{"damage":16,"enemies":"Gremlin Leader","floor":26,"turns":4},{"damage":15,"enemies":"Cultist and Chosen","floor":27,"turns":4},{"damage":11,"enemies":"Cultist and Chosen","floor":28,"turns":7},{"damage":6,"enemies":"Shelled Parasite and Fungi","floor":29,"turns":5},{"damage":6,"enemies":"Snecko","floor":31,"turns":4},{"damage":12,"enemies":"downfall:Ironclad","floor":33,"turns":7},{"damage":9,"enemies":"Orb Walker","floor":35,"turns":4},{"damage":8,"enemies":"3 Shapes","floor":36,"turns":5},{"damage":17,"enemies":"Maw","floor":37,"turns":5},{"damage":9,"enemies":"Spire Growth","floor":38,"turns":3},{"damage":9,"enemies":"Sphere and 2 Shapes","floor":39,"turns":3},{"damage":3,"enemies":"downfall:FleeingMerchant","floor":43,"turns":2},{"damage":6,"enemies":"Transient","floor":44,"turns":5},{"damage":22,"enemies":"Orin","floor":45,"turns":7},{"damage":8,"enemies":"Writhing Mass","floor":47,"turns":4},{"damage":6,"enemies":"downfall:Watcher","floor":50,"turns":5},{"damage":36,"enemies":"downfall:CharBossMerchant","floor":52,"turns":6},{"damage":11,"enemies":"downfall:NeowBoss","floor":55,"turns":22}],"seed_played":"-2328046901596481077","potions_obtained":[{"floor":1,"key":"SkillPotion"},{"floor":4,"key":"SmokeBomb"},{"floor":11,"key":"GamblersBrew"},{"floor":16,"key":"SneckoOil"},{"floor":18,"key":"LiquidBronze"},{"floor":22,"key":"Regen Potion"},{"floor":27,"key":"Block Potion"},{"floor":33,"key":"Weak Potion"}],"is_trial":false,"path_per_floor":["M","M","M","M","?","E","T","?","R","?","E","$","M","M","R","B",null,"M","M","$","?","E","?","T","M","E","M","?","M","R","M","R","B",null,"M","M","M","M","M","?","T","?","$","M","?","R","M","?","R","B",null,"E","$","R","B",null],"character_chosen":"THE_CHAMP","items_purchased":["champ:GladiatorStyle","ClockworkSouvenir","expansioncontent:LastStand","OrangePellets","Pantograph","War Paint","Happy Flower"],"campfire_rested":0,"item_purchase_floors":[12,20,43,43,43,53,53],"current_hp_per_floor":[90,90,90,86,86,57,57,87,87,87,78,78,78,78,78,21,90,90,90,90,72,72,72,72,72,70,90,90,90,90,90,100,96,100,100,100,100,100,100,100,107,107,107,107,99,99,107,107,107,107,107,93,93,107,107],"gold":136,"neow_bonus":"BOSS_RELIC","is_daily":false,"chose_seed":false,"campfire_upgraded":2,"win_rate":0.0,"timestamp":1608064804,"path_taken":["M","M","M","M","?","E","T","?","R","?","E","$","M","?","R","BOSS","M","M","$","?","E","?","T","?","E","M","?","M","R","M","R","BOSS","M","M","M","M","M","?","T","?","$","?","?","R","M","?","R","BOSS","E","$","R","BOSS"],"items_purchased_type":["Card","Relic","Card","Relic","Relic","Relic","Relic"],"build_version":"2020-12-13","purchased_purges":5,"victory":true,"max_hp_per_floor":[90,90,90,90,90,90,90,90,90,90,90,90,90,90,90,90,90,90,90,90,90,90,90,90,90,90,90,90,90,90,90,100,100,100,100,100,100,100,100,100,107,107,107,107,107,107,107,107,107,107,107,107,107,107,107],"relic_stats":{"Peace Pipe":4,"Sozu":5,"SsserpentHead":500,"OrangePellets":[16],"Happy Flower":[7],"counters":[33,187],"Pantograph":0,"Eternal Feather":14,"War Paint":["champ:Defend","champ:Defend"],"obtain_stats":[{"Lantern":6,"champ:BlackKnightHelmet":28,"downfall:HeartBlessingRed":32,"Happy Flower":53,"Vajra":22,"champ:ChampionCrown":0,"downfall:HeartBlessingGreen":32,"Eternal Feather":52,"champ:ChampionCrownUpgraded":0,"Omamori":41,"War Paint":53,"ClockworkSouvenir":20,"Peace Pipe":26,"Sozu":34,"SsserpentHead":10,"OrangePellets":43,"Matryoshka":28,"downfall:HeartBlessingBlue":32,"Strawberry":41,"Pantograph":43,"Fusion Hammer":17,"CatCart":45,"InkBottle":7,"Pocketwatch":11},{"Lantern":5,"champ:BlackKnightHelmet":18,"downfall:HeartBlessingRed":20,"Happy Flower":32,"Vajra":14,"champ:ChampionCrown":0,"downfall:HeartBlessingGreen":20,"Eternal Feather":32,"champ:ChampionCrownUpgraded":0,"Omamori":26,"War Paint":32,"ClockworkSouvenir":13,"Peace Pipe":16,"Sozu":21,"SsserpentHead":5,"OrangePellets":27,"Matryoshka":18,"downfall:HeartBlessingBlue":20,"Strawberry":26,"Pantograph":27,"Fusion Hammer":10,"CatCart":29,"InkBottle":5,"Pocketwatch":6},{"Lantern":29,"champ:BlackKnightHelmet":100,"downfall:HeartBlessingRed":109,"Happy Flower":165,"Vajra":80,"champ:ChampionCrown":0,"downfall:HeartBlessingGreen":109,"Eternal Feather":165,"champ:ChampionCrownUpgraded":0,"Omamori":136,"War Paint":165,"ClockworkSouvenir":75,"Peace Pipe":89,"Sozu":116,"SsserpentHead":29,"OrangePellets":138,"Matryoshka":100,"downfall:HeartBlessingBlue":109,"Strawberry":136,"Pantograph":138,"Fusion Hammer":61,"CatCart":150,"InkBottle":29,"Pocketwatch":39}],"InkBottle":[46],"Pocketwatch":[174]},"card_choices":[{"not_picked":["champ:PerfectedStrike","champ:Circumvent"],"picked":"champ:ViciousMockery","floor":1},{"not_picked":["champ:EnragedBash","champ:TornadoPunch"],"picked":"champ:PreciseThrust","floor":2},{"not_picked":["champ:TornadoPunch","champ:PerfectedStrike"],"picked":"champ:GladiatorsShout","floor":3},{"not_picked":["champ:Control","champ:StanceDance","champ:PerfectedStrike"],"picked":"SKIP","floor":4},{"not_picked":["champ:DefensiveStyle","champ:AdrenalArmor"],"picked":"champ:CrookedStrike","floor":6},{"not_picked":["champ:Backstep","champ:Encircle"],"picked":"champ:RapidStrikes","floor":11},{"not_picked":["champ:IgnorePain","champ:GutPunch"],"picked":"champ:CrownThrow","floor":12},{"not_picked":["champ:Encircle","champ:StanceDance"],"picked":"champ:GladiatorsShout","floor":13},{"not_picked":["champ:CrookedStrike","champ:SkillfulDodge","champ:DefensiveShout"],"picked":"SKIP","floor":14},{"not_picked":["champ:CrownThrow","champ:Devastate"],"picked":"champ:HoldFirm","floor":16},{"not_picked":["champ:Shatter","champ:PerfectedStrike"],"picked":"champ:Haymaker","floor":18},{"not_picked":["champ:Backstep","champ:FlashCut+1","champ:StanceDance"],"picked":"SKIP","floor":19},{"not_picked":["champ:GladiatorsShout","champ:SwordThrow"],"picked":"champ:Haymaker+1","floor":20},{"not_picked":["champ:Backstep","champ:CalledShot"],"picked":"champ:GladiatorStyle","floor":22},{"not_picked":["champ:GladiatorsShout+1","champ:Shatter"],"picked":"champ:FocusedGladiator","floor":25},{"not_picked":["champ:FanOfKnives","champ:BerserkersShout"],"picked":"champ:VampiricStrike","floor":26},{"not_picked":["champ:EnGarde","champ:Riposte","champ:Duel"],"picked":"SKIP","floor":27},{"not_picked":["champ:HeartStrike","champ:FaceSlap+1"],"picked":"champ:GladiatorStyle","floor":28},{"not_picked":["champ:Encircle","champ:ArenaPreparation"],"picked":"champ:CrookedStrike","floor":29},{"not_picked":["champ:RisingSlash+1","champ:SkillfulDodge","champ:FocusedBerserking"],"picked":"SKIP","floor":31},{"not_picked":["champ:SwordThrow","champ:CheapShot"],"picked":"champ:LastStand","floor":33},{"not_picked":["champ:EnragedBash","champ:EndlessRage+1"],"picked":"champ:Balance+1","floor":35},{"not_picked":["champ:Riposte","champ:DefensiveShout"],"picked":"champ:BladeFlurry+1","floor":36},{"not_picked":["champ:Encircle+1","champ:TornadoPunch","champ:FlashCut"],"picked":"SKIP","floor":37},{"not_picked":["champ:CrookedStrike","champ:BerserkersShout"],"picked":"champ:GladiatorStyle","floor":38},{"not_picked":["champ:FlashCut+1","champ:AdrenalArmor","champ:ArenaPreparation"],"picked":"SKIP","floor":39},{"not_picked":["champ:BerserkersShout","champ:FocusedDefense+1","champ:Backstep"],"picked":"SKIP","floor":43},{"not_picked":["champ:CrookedStrike","champ:Lariat","champ:FocusedDefense+1"],"picked":"SKIP","floor":44},{"not_picked":["champ:BringItOn+1","champ:Lariat"],"picked":"champ:SteelEdge","floor":45},{"not_picked":["champ:Backstep","champ:Encircle+1"],"picked":"champ:GladiatorStyle+1","floor":47},{"not_picked":["champ:PreciseThrust","champ:StanceDance","champ:Backstep+1"],"picked":"SKIP","floor":52}],"player_experience":853349,"relics_obtained":[{"floor":6,"key":"Lantern"},{"floor":7,"key":"InkBottle"},{"floor":11,"key":"Pocketwatch"},{"floor":22,"key":"Vajra"},{"floor":26,"key":"Peace Pipe"},{"floor":28,"key":"champ:BlackKnightHelmet"},{"floor":28,"key":"Matryoshka"},{"floor":41,"key":"Omamori"},{"floor":41,"key":"Strawberry"},{"floor":45,"key":"CatCart"},{"floor":52,"key":"Eternal Feather"}],"event_choices":[{"damage_healed":30,"gold_gain":0,"player_choice":"Banana","damage_taken":0,"max_hp_gain":0,"max_hp_loss":0,"event_name":"Big Fish","floor":8,"gold_loss":0},{"damage_healed":0,"gold_gain":0,"player_choice":"Trade","damage_taken":0,"relics_obtained":["SsserpentHead"],"max_hp_gain":0,"max_hp_loss":0,"event_name":"FaceTrader","floor":10,"gold_loss":0},{"cards_removed":["champ:RapidStrikes"],"damage_healed":0,"gold_gain":0,"player_choice":"Removed Attack","damage_taken":0,"max_hp_gain":0,"max_hp_loss":0,"event_name":"Falling","floor":40,"gold_loss":0},{"damage_healed":0,"gold_gain":0,"player_choice":"Got Potions","damage_taken":0,"max_hp_gain":0,"max_hp_loss":0,"event_name":"Lab","floor":42,"gold_loss":0},{"damage_healed":0,"gold_gain":0,"player_choice":"Fight","damage_taken":0,"max_hp_gain":0,"max_hp_loss":0,"event_name":"OrinTheCat","floor":45,"gold_loss":0}],"is_beta":false,"boss_relics":[{"not_picked":["Snecko Eye","Ectoplasm"],"picked":"Fusion Hammer"},{"not_picked":["Pandora\u0027s Box","Black Star"],"picked":"Sozu"}],"items_purged_floors":[12,20,43,53,53],"is_endless":false,"potions_floor_spawned":[1,4,11,16,18,22,27,31,33,35,37,45],"ascension_level":1}}