{"host":"by8i6f8xc0ywpsd5","time":1608071797,"event":{"mods":["BaseMod","Colored Map","Minty Spire (QoL Compilation)","Relic Stats"],"gold_per_floor":[110,80,98,117,131,161,161,192,192,205,216,251,266,279,279,356,356,375,3,21,54,54,54,80,80,80,90,90,115,130,160,160,237,237,250,263,275,323,323,545,572,572,572,572,600,620,288,304,304,304,304,304],"floor_reached":51,"playtime":2360,"items_purged":["Strike_R","Decay"],"score":1553,"play_id":"2aa211d3-e0c7-4b63-989d-9f9fc719fba2","local_time":"20201216003637","is_ascension_mode":true,"campfire_choices":[{"data":"Bash","floor":7.0,"key":"SMITH"},{"data":"Armaments","floor":15.0,"key":"SMITH"},{"floor":23.0,"key":"REST"},{"floor":25.0,"key":"DIG"},{"floor":32.0,"key":"DIG"},{"floor":42.0,"key":"DIG"},{"floor":44.0,"key":"REST"},{"floor":49,"key":"RECALL"}],"circlet_count":0,"master_deck":["AscendersBane","Strike_R","Strike_R","Strike_R","Defend_R","Defend_R","Defend_R","Bash+1","Shockwave","Iron Wave","Cleave","Power Through","Armaments+1","Shrug It Off","Sword Boomerang","Carnage","Spot Weakness","Immolate","Evolve","Armaments+1","Bloodletting","Seeing Red","Spot Weakness","Shockwave","Shrug It Off+1","Feel No Pain","Disarm+1","Dark Embrace","Fiend Fire","True Grit+1","Inflame","Sword Boomerang+1","Seeing Red+1","Flame Barrier","True Grit+1","Inflame+1"],"relics":["Burning Blood","Art of War","Paper Frog","Ice Cream","Charon\u0027s Ashes","Fusion Hammer","DollysMirror","Red Mask","Shovel","Toy Ornithopter","Centennial Puzzle","Akabeko","InkBottle","Strawberry","Velvet Choker","Gambling Chip","The Courier","Frozen Egg 2","Nunchaku","CaptainsWheel"],"acts_visited":["Exordium","TheCity","TheBeyond"],"potions_floor_usage":[51,51],"damage_taken":[{"damage":4.0,"enemies":"Small Slimes","floor":1.0,"turns":3.0},{"damage":2.0,"enemies":"Cultist","floor":3.0,"turns":5.0},{"damage":4.0,"enemies":"2 Louse","floor":4.0,"turns":3.0},{"damage":6.0,"enemies":"Looter","floor":5.0,"turns":3.0},{"damage":8.0,"enemies":"Gremlin Nob","floor":6.0,"turns":3.0},{"damage":41.0,"enemies":"Lagavulin","floor":8.0,"turns":10.0},{"damage":3.0,"enemies":"3 Louse","floor":10.0,"turns":2.0},{"damage":1.0,"enemies":"Red Slaver","floor":11.0,"turns":5.0},{"damage":38.0,"enemies":"3 Sentries","floor":12.0,"turns":8.0},{"damage":5.0,"enemies":"2 Fungi Beasts","floor":13.0,"turns":4.0},{"damage":0.0,"enemies":"Lots of Slimes","floor":14.0,"turns":3.0},{"damage":8.0,"enemies":"The Guardian","floor":16.0,"turns":8.0},{"damage":8.0,"enemies":"Spheric Guardian","floor":18.0,"turns":4.0},{"damage":4.0,"enemies":"Chosen","floor":20.0,"turns":4.0},{"damage":17.0,"enemies":"Masked Bandits","floor":21.0,"turns":3.0},{"damage":0.0,"enemies":"Gremlin Leader","floor":24.0,"turns":5.0},{"damage":22.0,"enemies":"Shelled Parasite and Fungi","floor":27.0,"turns":4.0},{"damage":18.0,"enemies":"Book of Stabbing","floor":29.0,"turns":3.0},{"damage":3.0,"enemies":"Chosen and Byrds","floor":30.0,"turns":3.0},{"damage":21.0,"enemies":"Slavers","floor":31.0,"turns":4.0},{"damage":20.0,"enemies":"Collector","floor":33.0,"turns":8.0},{"damage":4.0,"enemies":"Orb Walker","floor":35.0,"turns":3.0},{"damage":0.0,"enemies":"3 Darklings","floor":36.0,"turns":3.0},{"damage":12.0,"enemies":"Jaw Worm Horde","floor":37.0,"turns":3.0},{"damage":16.0,"enemies":"2 Orb Walkers","floor":38.0,"turns":3.0},{"damage":13.0,"enemies":"Nemesis","floor":41.0,"turns":7.0},{"damage":14.0,"enemies":"Giant Head","floor":45.0,"turns":6.0},{"damage":3.0,"enemies":"Maw","floor":46.0,"turns":5.0},{"damage":1.0,"enemies":"3 Darklings","floor":48.0,"turns":3.0},{"damage":21,"enemies":"Donu and Deca","floor":50,"turns":6},{"damage":65,"enemies":"Time Eater","floor":51,"turns":7}],"seed_played":"-5629340519726865697","potions_obtained":[{"floor":2.0,"key":"Strength Potion"},{"floor":2.0,"key":"Ancient Potion"},{"floor":4.0,"key":"SkillPotion"},{"floor":8.0,"key":"SteroidPotion"},{"floor":10.0,"key":"ElixirPotion"},{"floor":11.0,"key":"BloodPotion"},{"floor":13.0,"key":"Block Potion"},{"floor":24.0,"key":"Strength Potion"},{"floor":27.0,"key":"DuplicationPotion"},{"floor":29.0,"key":"BlessingOfTheForge"},{"floor":30.0,"key":"DuplicationPotion"},{"floor":35.0,"key":"Explosive Potion"},{"floor":45.0,"key":"EssenceOfSteel"}],"is_trial":false,"path_per_floor":["M","?","M","M","M","E","R","E","T","M","M","E","M","M","R","B",null,"M","$","M","?","?","R","E","R","T","M","?","E","M","E","R","B",null,"M","M","M","?","?","?","E","R","T","R","E","M","$","M","R","B","B"],"character_chosen":"IRONCLAD","items_purchased":["Evolve","DollysMirror","Bloodletting","CaptainsWheel"],"campfire_rested":2,"item_purchase_floors":[19,19,19,47],"current_hp_per_floor":[52,52,56,58,58,56,56,21,21,24,29,12,13,19,19,17,61,59,59,61,50,50,72,75,75,75,59,59,52,55,40,47,38,71,73,79,73,63,53,53,46,46,46,70,62,65,65,70,70,55,0,0],"gold":304,"neow_bonus":"REMOVE_TWO","is_daily":false,"chose_seed":false,"campfire_upgraded":2,"win_rate":0.0,"timestamp":1608071797,"path_taken":["M","?","M","M","M","E","R","E","T","?","M","E","M","M","R","BOSS","M","$","?","?","?","R","E","R","T","?","?","E","M","E","R","BOSS","M","M","M","?","?","?","E","R","T","R","E","M","$","M","R","BOSS","BOSS"],"items_purchased_type":["Card","Relic","Card","Relic"],"build_version":"2020-12-13","purchased_purges":2,"victory":false,"max_hp_per_floor":[75,75,75,75,75,75,75,75,75,75,75,75,75,75,75,75,75,75,75,75,75,75,75,75,75,75,75,75,75,75,75,82,82,82,82,82,82,82,82,82,82,82,82,82,82,82,82,82,82,82,82,82],"relic_stats":{"Centennial Puzzle":[42],"Nunchaku":[2],"Shovel":3,"counters":[31,141],"Gambling Chip":[21],"Charon\u0027s Ashes":[375],"Art of War":[18],"obtain_stats":[{"Ice Cream":9,"Velvet Choker":34,"Charon\u0027s Ashes":12,"The Courier":41,"Frozen Egg 2":42,"Burning Blood":0,"Akabeko":29,"Centennial Puzzle":26,"Nunchaku":45,"CaptainsWheel":47,"Shovel":24,"DollysMirror":19,"Strawberry":32,"Gambling Chip":38,"Fusion Hammer":17,"Art of War":6,"Red Mask":21,"Toy Ornithopter":25,"InkBottle":31,"Paper Frog":8},{"Ice Cream":6,"Velvet Choker":21,"Charon\u0027s Ashes":9,"The Courier":26,"Frozen Egg 2":26,"Burning Blood":0,"Akabeko":18,"Centennial Puzzle":16,"Nunchaku":27,"CaptainsWheel":28,"Shovel":16,"DollysMirror":13,"Strawberry":20,"Gambling Chip":25,"Fusion Hammer":12,"Art of War":5,"Red Mask":15,"Toy Ornithopter":16,"InkBottle":20,"Paper Frog":6},{"Ice Cream":27,"Velvet Choker":95,"Charon\u0027s Ashes":42,"The Courier":114,"Frozen Egg 2":114,"Burning Blood":0,"Akabeko":80,"Centennial Puzzle":73,"Nunchaku":120,"CaptainsWheel":125,"Shovel":73,"DollysMirror":61,"Strawberry":87,"Gambling Chip":107,"Fusion Hammer":57,"Art of War":17,"Red Mask":68,"Toy Ornithopter":73,"InkBottle":87,"Paper Frog":27}],"Burning Blood":177,"Toy Ornithopter":20,"InkBottle":[23]},"card_choices":[{"not_picked":["Heavy Blade","Sword Boomerang"],"picked":"Shockwave","floor":1.0},{"not_picked":["Entrench","Wild Strike"],"picked":"Iron Wave","floor":3.0},{"not_picked":["Intimidate","Sword Boomerang"],"picked":"Cleave","floor":4.0},{"not_picked":["Clash","Warcry","Thunderclap"],"picked":"SKIP","floor":5.0},{"not_picked":["Headbutt","Exhume"],"picked":"Power Through","floor":6.0},{"not_picked":["Cleave","Rupture","True Grit"],"picked":"SKIP","floor":8.0},{"not_picked":["Cleave","Sever Soul"],"picked":"Armaments","floor":10.0},{"not_picked":["Body Slam","Uppercut"],"picked":"Shrug It Off","floor":11.0},{"not_picked":["Pummel","Heavy Blade"],"picked":"Sword Boomerang","floor":12.0},{"not_picked":["Headbutt","Burning Pact"],"picked":"Carnage","floor":13.0},{"not_picked":["Cleave","Fire Breathing"],"picked":"Spot Weakness","floor":14.0},{"not_picked":["Exhume","Limit Break"],"picked":"Immolate","floor":16.0},{"not_picked":["Cleave","Metallicize","Flex"],"picked":"SKIP","floor":18.0},{"not_picked":["Carnage","Wild Strike+1"],"picked":"Seeing Red","floor":20.0},{"not_picked":["Pommel Strike","Wild Strike"],"picked":"Spot Weakness","floor":21.0},{"not_picked":["Feel No Pain","Perfected Strike"],"picked":"Shockwave","floor":24.0},{"not_picked":["Carnage","Rupture+1"],"picked":"Shrug It Off+1","floor":27.0},{"not_picked":["Entrench","Infernal Blade","Sever Soul"],"picked":"SKIP","floor":29.0},{"not_picked":["Sword Boomerang","Evolve"],"picked":"Disarm+1","floor":30.0},{"not_picked":["Ghostly Armor","Inflame"],"picked":"Dark Embrace","floor":31.0},{"not_picked":["Demon Form","Barricade"],"picked":"Fiend Fire","floor":33.0},{"not_picked":["Body Slam","Flex+1"],"picked":"True Grit+1","floor":35.0},{"not_picked":["Warcry","Rage"],"picked":"Inflame","floor":36.0},{"not_picked":["Iron Wave","Flame Barrier"],"picked":"Sword Boomerang+1","floor":37.0},{"not_picked":["Anger+1","Hemokinesis+1"],"picked":"Seeing Red+1","floor":38.0},{"not_picked":["Perfected Strike","Warcry","Bludgeon"],"picked":"SKIP","floor":41.0},{"not_picked":["Metallicize+1","Pommel Strike"],"picked":"Flame Barrier","floor":45.0},{"not_picked":["Body Slam","Sword Boomerang"],"picked":"True Grit+1","floor":46.0},{"not_picked":["Bloodletting+1","True Grit+1"],"picked":"Inflame+1","floor":48.0}],"player_experience":1673613,"relics_obtained":[{"floor":6.0,"key":"Art of War"},{"floor":8.0,"key":"Paper Frog"},{"floor":9.0,"key":"Ice Cream"},{"floor":12.0,"key":"Charon\u0027s Ashes"},{"floor":21.0,"key":"Red Mask"},{"floor":24.0,"key":"Shovel"},{"floor":25.0,"key":"Toy Ornithopter"},{"floor":26.0,"key":"Centennial Puzzle"},{"floor":29.0,"key":"Akabeko"},{"floor":31.0,"key":"InkBottle"},{"floor":32.0,"key":"Strawberry"},{"floor":38.0,"key":"Gambling Chip"},{"floor":41.0,"key":"The Courier"},{"floor":42.0,"key":"Frozen Egg 2"},{"floor":45.0,"key":"Nunchaku"}],"event_choices":[{"damage_healed":0.0,"max_hp_gain":0.0,"max_hp_loss":0.0,"gold_gain":0.0,"event_name":"The Woman in Blue","player_choice":"Bought 2 Potions","floor":2.0,"gold_loss":0.0,"damage_taken":0.0},{"damage_healed":0.0,"max_hp_gain":0.0,"max_hp_loss":0.0,"gold_gain":0.0,"event_name":"Masked Bandits","player_choice":"Fought Bandits","floor":21.0,"gold_loss":0.0,"damage_taken":0.0},{"damage_healed":0.0,"max_hp_gain":0.0,"max_hp_loss":0.0,"gold_gain":0.0,"event_name":"Wheel of Change","player_choice":"Cursed","floor":22.0,"gold_loss":0.0,"damage_taken":0.0,"cards_obtained":["Decay"]},{"damage_healed":0.0,"max_hp_gain":0.0,"max_hp_loss":0.0,"gold_gain":0.0,"event_name":"The Library","player_choice":"Read","floor":28.0,"gold_loss":0.0,"damage_taken":0.0,"cards_obtained":["Feel No Pain"]},{"damage_healed":0.0,"max_hp_gain":0.0,"max_hp_loss":0.0,"gold_gain":0.0,"event_name":"Mysterious Sphere","player_choice":"Fight","floor":38.0,"gold_loss":0.0,"damage_taken":0.0},{"damage_healed":0.0,"max_hp_gain":0.0,"max_hp_loss":0.0,"gold_gain":0.0,"event_name":"SensoryStone","player_choice":"Memory 3","floor":39.0,"gold_loss":0.0,"damage_taken":10.0},{"damage_healed":0.0,"max_hp_gain":0.0,"max_hp_loss":0.0,"gold_gain":222.0,"event_name":"Tomb of Lord Red Mask","player_choice":"Wore Mask","floor":40.0,"gold_loss":0.0,"damage_taken":0.0}],"is_beta":false,"boss_relics":[{"not_picked":["Astrolabe","Tiny House"],"picked":"Fusion Hammer"},{"not_picked":["Cursed Key","Empty Cage"],"picked":"Velvet Choker"}],"items_purged_floors":[19,47],"is_endless":false,"potions_floor_spawned":[4,8,10,11,13,24,27,29,30,31,35,38,45,46],"killed_by":"Time Eater","ascension_level":20}}