{"host":"bux1pdxjwq4dkad9","time":1608017106,"event":{"mods":["BaseMod","Colored Map","Luminous","Minty Spire (QoL Compilation)","Quick Restart","Reimu（博丽灵梦）","Robot Space Explorer","Shop Mod","Spicy Shops","StSLib","SuperFastMode","The Alterego","Thieving Mod","Uncapped","【人物mod】游戏王New YuGiOh mod","【遗物Mod】简单游戏"],"gold_per_floor":[110,121,132,82,82,113,133,133,133,157,201,226,269,344,344,467,467,486,486,504,519,26,26,65,86,86,110,141,141,176,200,200,325,325,350,1349,1364,925,991,991,1022,1022,1045,1045,1089,1128,1152,954,954,959,959,959,113,159,164],"floor_reached":56,"playtime":1579,"items_purged":["Normality","Normality"],"score":2272,"play_id":"4a138412-91b1-485b-b75b-972dfbd1e90b","local_time":"20201215152506","is_ascension_mode":true,"campfire_choices":[{"data":"RobotSpaceExplorer:Strike","floor":8.0,"key":"PURGE"},{"data":"RobotSpaceExplorer:MiniBoosters","floor":15,"key":"SMITH"},{"data":"RobotSpaceExplorer:StarDust","floor":23,"key":"SMITH"},{"data":"RobotSpaceExplorer:PowerCollector","floor":32,"key":"SMITH"},{"floor":40,"key":"RECALL"},{"data":"RobotSpaceExplorer:Strike","floor":42,"key":"PURGE"},{"data":"RobotSpaceExplorer:Autoloader","floor":49,"key":"SMITH"},{"data":"RobotSpaceExplorer:StarLightning","floor":52,"key":"SMITH"}],"circlet_count":0,"master_deck":["RobotSpaceExplorer:Defend","RobotSpaceExplorer:Defend","RobotSpaceExplorer:Defend+1","RobotSpaceExplorer:Scan","RobotSpaceExplorer:MiniLasers","Master of Strategy+1","RobotSpaceExplorer:GearShield","RobotSpaceExplorer:MiniDrones","RobotSpaceExplorer:SelfCleaning","RobotSpaceExplorer:MiniBoosters+1","RobotSpaceExplorer:PowerCollector","RobotSpaceExplorer:Autoloader+1","CurseOfTheBell","RobotSpaceExplorer:PowerCollector+1","RobotSpaceExplorer:StarDust+1","RobotSpaceExplorer:Electropulse+1","RobotSpaceExplorer:DualCore","RobotSpaceExplorer:DroneSwarm","RobotSpaceExplorer:ExhaustFan+1","RobotSpaceExplorer:GlueShot+1","RobotSpaceExplorer:StunGrenade+1","RobotSpaceExplorer:PowerCollector+1","RobotSpaceExplorer:FreezeRay+1","RobotSpaceExplorer:DroneSwarm","RobotSpaceExplorer:DroneSwarm","RobotSpaceExplorer:StarLightning+1","RobotSpaceExplorer:FranticSearch"],"relics":["RobotSpaceExplorer:TurboCore","EasyRelic","Golden Idol","White Beast Statue","Prayer Wheel","Mango","Blue Candle","Calling Bell","Mastiff:ReiMu","Kunai","RobotSpaceExplorer:RingOfTheNewt","RobotSpaceExplorer:PlasmaHourglass","Ornamental Fan","Matryoshka","The Courier","MutagenicStrength","Orichalcum","RobotSpaceExplorer:SlideRule","CaptainsWheel","Akabeko","RobotSpaceExplorer:FoglandsKnife","CeramicFish","Bottled Lightning","Toy Ornithopter","Bag of Marbles","Membership Card","Medical Kit","RobotSpaceExplorer:ClockworkSextant","Incense Burner","War Paint","Mercury Hourglass","Bag of Preparation","Letter Opener","Shuriken","HornCleat","Whetstone"],"acts_visited":["Exordium","TheCity","TheBeyond","TheEnding"],"potions_floor_usage":[50,55,55,55],"damage_taken":[{"damage":0.0,"enemies":"Jaw Worm","floor":1.0,"turns":2.0},{"damage":0.0,"enemies":"Small Slimes","floor":2.0,"turns":2.0},{"damage":0.0,"enemies":"Cultist","floor":3.0,"turns":2.0},{"damage":0.0,"enemies":"Lagavulin","floor":6.0,"turns":5.0},{"damage":0.0,"enemies":"3 Louse","floor":7.0,"turns":2.0},{"damage":0.0,"enemies":"Exordium Wildlife","floor":10.0,"turns":2.0},{"damage":0.0,"enemies":"3 Sentries","floor":11.0,"turns":3.0},{"damage":0.0,"enemies":"Blue Slaver","floor":12.0,"turns":2.0},{"damage":0.0,"enemies":"Lagavulin","floor":13.0,"turns":4.0},{"damage":0,"enemies":"Hexaghost","floor":16,"turns":6},{"damage":0,"enemies":"Chosen","floor":18,"turns":3},{"damage":0,"enemies":"Spheric Guardian","floor":20,"turns":4},{"damage":0,"enemies":"Snake Plant","floor":21,"turns":3},{"damage":0,"enemies":"Gremlin Leader","floor":24,"turns":5},{"damage":0,"enemies":"Centurion and Healer","floor":25,"turns":3},{"damage":0,"enemies":"Sentry and Sphere","floor":27,"turns":3},{"damage":0,"enemies":"Book of Stabbing","floor":28,"turns":4},{"damage":0,"enemies":"Slavers","floor":30,"turns":3},{"damage":0,"enemies":"Snake Plant","floor":31,"turns":4},{"damage":0,"enemies":"Automaton","floor":33,"turns":5},{"damage":0,"enemies":"3 Shapes","floor":35,"turns":2},{"damage":0,"enemies":"Orb Walker","floor":37,"turns":3},{"damage":0,"enemies":"2 Orb Walkers","floor":39,"turns":3},{"damage":0,"enemies":"Giant Head","floor":41,"turns":3},{"damage":0,"enemies":"Nemesis","floor":45,"turns":3},{"damage":0,"enemies":"Transient","floor":46,"turns":5},{"damage":0,"enemies":"3 Darklings","floor":47,"turns":3},{"damage":0,"enemies":"Donu and Deca","floor":50,"turns":3},{"damage":0,"enemies":"Shield and Spear","floor":54,"turns":3},{"damage":0,"enemies":"The Heart","floor":55,"turns":5}],"seed_played":"967465486417902498","potions_obtained":[{"floor":2.0,"key":"Fire Potion"},{"floor":7.0,"key":"DistilledChaos"},{"floor":10.0,"key":"ZuzhouPotion:ReiMu"},{"floor":11.0,"key":"DuplicationPotion"},{"floor":16,"key":"SpeedPotion"},{"floor":30,"key":"PowerPotion"}],"is_trial":false,"path_per_floor":["M","M","M","?","?","E","M","R","T","M","E","M","E","?","R","B",null,"M","?","M","M","$","R","E","M","T","M","E","?","E","M","R","B",null,"M","?","M","$","?","R","E","R","T","T","E","M","M","$","R","B",null,"R","$","E","B",null],"character_chosen":"RobotSpaceExplorer","items_purchased":["RobotSpaceExplorer:PlasmaHourglass","RobotSpaceExplorer:StarDust","RobotSpaceExplorer:SlideRule","RobotSpaceExplorer:DroneSwarm","RobotSpaceExplorer:DroneSwarm","Bag of Marbles","Membership Card","Medical Kit","Incense Burner","War Paint","Mercury Hourglass","Bag of Preparation","ColorlessPotion","Letter Opener","Shuriken","HornCleat"],"campfire_rested":0,"item_purchase_floors":[22,22,38,38,38,48,53,53,53,53,53,53,53,53,53,53],"current_hp_per_floor":[52,54,56,56,38,40,42,42,42,44,60,62,64,56,56,58,81,83,83,85,87,87,87,89,89,89,89,89,89,89,89,89,89,89,89,89,89,89,89,89,89,89,89,89,89,89,89,89,89,89,89,89,89,89,89],"gold":164,"neow_bonus":"RANDOM_COLORLESS_2","is_daily":false,"chose_seed":false,"campfire_upgraded":5,"win_rate":0.0,"timestamp":1608017106,"path_taken":["M","M","M","?","?","E","M","R","T","M","E","M","E","?","R","BOSS","M","?","M","M","$","R","E","M","T","M","E","?","E","M","R","BOSS","M","?","M","$","?","R","E","R","T","?","E","M","M","$","R","BOSS","R","$","E","BOSS"],"items_purchased_type":["Relic","Card","Relic","Card","Card","Relic","Relic","Relic","Relic","Relic","Relic","Relic","Potion","Relic","Relic","Relic"],"build_version":"2020-12-13","purchased_purges":2,"victory":true,"max_hp_per_floor":[75,75,75,75,75,75,75,75,75,75,89,89,89,89,89,89,89,89,89,89,89,89,89,89,89,89,89,89,89,89,89,89,89,89,89,89,89,89,89,89,89,89,89,89,89,89,89,89,89,89,89,89,89,89,89],"card_choices":[{"not_picked":["Sadistic Nature","Secret Technique"],"picked":"Master of Strategy","floor":0.0},{"not_picked":["RobotSpaceExplorer:ScrapToss","RobotSpaceExplorer:Probe","RobotSpaceExplorer:Pulsar"],"picked":"SKIP","floor":1.0},{"not_picked":["RobotSpaceExplorer:Electroshield","RobotSpaceExplorer:FreezingShield"],"picked":"RobotSpaceExplorer:GearShield","floor":2.0},{"not_picked":["RobotSpaceExplorer:SlimeMissile","RobotSpaceExplorer:Ammunition","RobotSpaceExplorer:DualCore"],"picked":"SKIP","floor":3.0},{"not_picked":["RobotSpaceExplorer:SlimeMissile","RobotSpaceExplorer:Ammunition","RobotSpaceExplorer:DualCore"],"picked":"SKIP","floor":3.0},{"not_picked":["RobotSpaceExplorer:Pulsar","RobotSpaceExplorer:Calculate","RobotSpaceExplorer:SurgingShield"],"picked":"SKIP","floor":6.0},{"not_picked":["RobotSpaceExplorer:MiniBoosters","RobotSpaceExplorer:FrostMissile"],"picked":"RobotSpaceExplorer:Wormhole","floor":7.0},{"not_picked":["RobotSpaceExplorer:ScrapToss","RobotSpaceExplorer:Pulsar"],"picked":"RobotSpaceExplorer:MiniDrones","floor":10.0},{"not_picked":["RobotSpaceExplorer:Probe","RobotSpaceExplorer:SurgingShield","RobotSpaceExplorer:SlimeMissile"],"picked":"SKIP","floor":10.0},{"not_picked":["RobotSpaceExplorer:SlimeMissile","RobotSpaceExplorer:Discharger"],"picked":"RobotSpaceExplorer:SelfCleaning","floor":11.0},{"not_picked":["RobotSpaceExplorer:FrostMissile","RobotSpaceExplorer:Electroshield"],"picked":"RobotSpaceExplorer:MiniBoosters","floor":12.0},{"not_picked":["RobotSpaceExplorer:MetalStrike","RobotSpaceExplorer:SurgingShield","RobotSpaceExplorer:DoubleFind"],"picked":"SKIP","floor":12.0},{"not_picked":["RobotSpaceExplorer:Calculate","RobotSpaceExplorer:GearShield"],"picked":"RobotSpaceExplorer:PowerCollector","floor":13.0},{"not_picked":["RobotSpaceExplorer:Arsenal","RobotSpaceExplorer:BlastShield"],"picked":"RobotSpaceExplorer:Autoloader","floor":16},{"not_picked":["RobotSpaceExplorer:Counterblock+1","RobotSpaceExplorer:TurboDodge","RobotSpaceExplorer:StunGrenade"],"picked":"SKIP","floor":18},{"not_picked":["RobotSpaceExplorer:BigMissile","RobotSpaceExplorer:MiniDrones","RobotSpaceExplorer:SurgingStrike"],"picked":"SKIP","floor":18},{"not_picked":["RobotSpaceExplorer:MetalStrike+1","RobotSpaceExplorer:SurgingStrike","RobotSpaceExplorer:ScrapMissile+1"],"picked":"SKIP","floor":20},{"not_picked":["RobotSpaceExplorer:ImprovisedAttack+1","RobotSpaceExplorer:IronShell","RobotSpaceExplorer:FrostMissile+1"],"picked":"SKIP","floor":20},{"not_picked":["RobotSpaceExplorer:FranticSearch+1","RobotSpaceExplorer:SwiftStep"],"picked":"RobotSpaceExplorer:PowerCollector","floor":21},{"not_picked":["RobotSpaceExplorer:ToxicBomb+1","RobotSpaceExplorer:BigMissile","RobotSpaceExplorer:FreezingShield"],"picked":"SKIP","floor":21},{"not_picked":["RobotSpaceExplorer:Electroshield","RobotSpaceExplorer:GearShield"],"picked":"RobotSpaceExplorer:Electropulse","floor":24},{"not_picked":["RobotSpaceExplorer:PowerCollector","RobotSpaceExplorer:Counterblock"],"picked":"RobotSpaceExplorer:DualCore","floor":25},{"not_picked":["RobotSpaceExplorer:LuckyStrike","RobotSpaceExplorer:ToxicBomb+1"],"picked":"RobotSpaceExplorer:DroneSwarm","floor":25},{"not_picked":["RobotSpaceExplorer:Calculate","RobotSpaceExplorer:FrostMissile"],"picked":"RobotSpaceExplorer:ExhaustFan+1","floor":27},{"not_picked":["RobotSpaceExplorer:JunkDive","RobotSpaceExplorer:DoubleFind","RobotSpaceExplorer:ImprovisedAttack"],"picked":"SKIP","floor":27},{"not_picked":["RobotSpaceExplorer:SurgingShield","RobotSpaceExplorer:LaserBurst","RobotSpaceExplorer:Calculate"],"picked":"SKIP","floor":28},{"not_picked":["RobotSpaceExplorer:ScrapMissile","RobotSpaceExplorer:Pulsar"],"picked":"RobotSpaceExplorer:GlueShot+1","floor":30},{"not_picked":["RobotSpaceExplorer:SlimeMissile","RobotSpaceExplorer:Counterblock+1"],"picked":"RobotSpaceExplorer:StunGrenade","floor":31},{"not_picked":["RobotSpaceExplorer:Smokescreen+1","RobotSpaceExplorer:ScrapMissile","RobotSpaceExplorer:SurgingShield"],"picked":"SKIP","floor":31},{"not_picked":["RobotSpaceExplorer:Accelerator","RobotSpaceExplorer:Comet"],"picked":"RobotSpaceExplorer:Wormhole","floor":33},{"not_picked":["RobotSpaceExplorer:FrostMissile","RobotSpaceExplorer:Pulsar"],"picked":"RobotSpaceExplorer:PowerCollector+1","floor":35},{"not_picked":["RobotSpaceExplorer:SurgingStrike+1","RobotSpaceExplorer:Probe","RobotSpaceExplorer:StunGrenade"],"picked":"SKIP","floor":35},{"not_picked":["RobotSpaceExplorer:FranticSearch+1","RobotSpaceExplorer:ShockKick+1"],"picked":"RobotSpaceExplorer:FreezeRay+1","floor":37},{"not_picked":["RobotSpaceExplorer:Counterblock+1","RobotSpaceExplorer:ImprovisedAttack","RobotSpaceExplorer:SurgingShield+1"],"picked":"SKIP","floor":37},{"not_picked":["RobotSpaceExplorer:Smokescreen+1","RobotSpaceExplorer:SlimeMissile"],"picked":"RobotSpaceExplorer:StarLightning","floor":39},{"not_picked":["RobotSpaceExplorer:SurgingShield","RobotSpaceExplorer:BlastShield","RobotSpaceExplorer:GearShield"],"picked":"SKIP","floor":41},{"not_picked":["RobotSpaceExplorer:Pulsar","RobotSpaceExplorer:StunGrenade+1","RobotSpaceExplorer:SwiftStep"],"picked":"SKIP","floor":45},{"not_picked":["RobotSpaceExplorer:Ammunition+1","RobotSpaceExplorer:SlimeMissile"],"picked":"RobotSpaceExplorer:FranticSearch","floor":46},{"not_picked":["RobotSpaceExplorer:FrostMissile+1","RobotSpaceExplorer:Reload","RobotSpaceExplorer:SurgingStrike+1"],"picked":"SKIP","floor":46},{"not_picked":["RobotSpaceExplorer:ImprovisedAttack","RobotSpaceExplorer:SlimeMissile","RobotSpaceExplorer:SurgingStrike"],"picked":"SKIP","floor":47},{"not_picked":["RobotSpaceExplorer:Calculate+1","RobotSpaceExplorer:ShockMissile","RobotSpaceExplorer:Counterblock+1"],"picked":"SKIP","floor":47},{"not_picked":["RobotSpaceExplorer:Probe+1","RobotSpaceExplorer:GlueSpray+1","RobotSpaceExplorer:MakeshiftVolley+1"],"picked":"SKIP","floor":54}],"player_experience":2543960,"relics_obtained":[{"floor":6.0,"key":"White Beast Statue"},{"floor":9.0,"key":"Prayer Wheel"},{"floor":11.0,"key":"Mango"},{"floor":13.0,"key":"Blue Candle"},{"floor":17,"key":"Mastiff:ReiMu"},{"floor":17,"key":"Kunai"},{"floor":17,"key":"RobotSpaceExplorer:RingOfTheNewt"},{"floor":24,"key":"Ornamental Fan"},{"floor":26,"key":"Matryoshka"},{"floor":28,"key":"The Courier"},{"floor":30,"key":"Orichalcum"},{"floor":39,"key":"CaptainsWheel"},{"floor":41,"key":"Akabeko"},{"floor":43,"key":"RobotSpaceExplorer:FoglandsKnife"},{"floor":44,"key":"CeramicFish"},{"floor":44,"key":"Bottled Lightning"},{"floor":45,"key":"Toy Ornithopter"},{"floor":54,"key":"Whetstone"}],"event_choices":[{"cards_removed":["RobotSpaceExplorer:Strike"],"damage_healed":0.0,"max_hp_gain":0.0,"max_hp_loss":0.0,"gold_gain":0.0,"event_name":"The Cleric","player_choice":"Card Removal","floor":4.0,"gold_loss":50.0,"damage_taken":0.0},{"damage_healed":0.0,"max_hp_gain":0.0,"max_hp_loss":0.0,"gold_gain":0.0,"event_name":"Golden Idol","player_choice":"Take Damage","floor":5.0,"gold_loss":0.0,"damage_taken":18.0,"relics_obtained":["Golden Idol"]},{"damage_healed":0,"gold_gain":75,"player_choice":"Touch","damage_taken":8,"max_hp_gain":0,"max_hp_loss":0,"event_name":"FaceTrader","floor":14,"gold_loss":0},{"damage_healed":0,"gold_gain":0,"player_choice":"Ignored","damage_taken":0,"max_hp_gain":0,"max_hp_loss":0,"event_name":"Ghosts","floor":19,"gold_loss":0},{"damage_healed":0,"gold_gain":0,"player_choice":"Inject Mutagens","damage_taken":0,"relics_obtained":["MutagenicStrength"],"max_hp_gain":0,"max_hp_loss":0,"event_name":"Drug Dealer","floor":29,"gold_loss":0},{"damage_healed":0,"gold_gain":999,"player_choice":"Gold","damage_taken":0,"max_hp_gain":0,"max_hp_loss":0,"event_name":"MindBloom","floor":36,"gold_loss":0,"cards_obtained":["Normality","Normality"]},{"damage_healed":0,"gold_gain":0,"player_choice":"Fight","damage_taken":0,"max_hp_gain":0,"max_hp_loss":0,"event_name":"Mysterious Sphere","floor":39,"gold_loss":0}],"is_beta":false,"boss_relics":[{"not_picked":["Ectoplasm","Snecko Eye"],"picked":"Calling Bell"},{"not_picked":["Empty Cage","Fusion Hammer"],"picked":"RobotSpaceExplorer:TurboCore"}],"items_purged_floors":[38,48],"is_endless":false,"potions_floor_spawned":[2,7,10,11,12,13,16,18,20,21,24,25,27,28,30,31,33,35,37,39,41,45,46,47,54],"ascension_level":7}}