{"host":"z7pybilw9je2up8j","time":1608062698,"event":{"mods":["Aspiration","BaseMod","Bestiary","Better Altar","Better Match","Better Note","Better Sensory Stone","Better Skull","Better Third Choice","Better Vampires","Colored Map","Colored Powertips","Conspire","Curses Come First","Downfall","Hubris","Infinite Spire","Marked Mod","Minty Spire (QoL Compilation)","Relic Stats","Replay The Spire","StSLib","The Blue Laboratory","The Jungle","Waifu the Spire"],"gold_per_floor":[99,99,110,144,164,164,232,11,11,11,23,123,137,152,164,264,264,189,19,32,60,60,75,156,186,186,186,198,218,233,247,258,360,360,360,360,371,382,382,413,413,413,443,368,383,402,36,36,53,53],"floor_reached":51,"playtime":4397,"items_purged":["Regret","champ:DeathBlow"],"score":826,"play_id":"af82d281-7a2d-47b5-b9d3-766805e6b3e1","local_time":"20201215210458","is_ascension_mode":false,"campfire_choices":[{"floor":1,"key":"RECALL"},{"data":"champ:AdrenalArmor","floor":10,"key":"SMITH"},{"data":"champ:VampiricStrike","floor":18,"key":"SMITH"},{"data":"champ:EndlessRage","floor":22,"key":"SMITH"},{"data":"champ:BerserkerStyle","floor":26,"key":"SMITH"},{"data":"champ:AdrenalArmor","floor":35,"key":"SMITH"},{"data":"champ:CalledShot","floor":39,"key":"SMITH"},{"data":"champ:SteelEdge","floor":42,"key":"SMITH"},{"data":"champ:RapidStrikes","floor":44,"key":"SMITH"}],"circlet_count":0,"master_deck":["champ:Execute","champ:Taunt+1","champ:BerserkersShout","champ:CrookedStrike","champ:Shatter","champ:AdrenalArmor+1","champ:RisingSlash","champ:ArenaPreparation","champ:Circumvent","champ:BerserkerStyle+1","champ:BringItOn","champ:Backstep","champ:StanceDance","champ:VampiricStrike+1","champ:Control","champ:StanceDance+1","champ:AdrenalArmor+1","champ:CalledShot+1","champ:RapidStrikes+1","champ:EndlessRage+1","champ:Encircle","champ:EndlessRage","champ:FanOfKnives","champ:Lariat","champ:Haymaker","champ:MurderStrike","champ:SteelEdge+1","champ:RapidStrikes+1","champ:PerfectForm","champ:Lariat+1"],"relics":["champ:ChampionCrown","aspiration:BabyByrd","aspiration:HiddenCompartment","PreservedInsect","Shuriken","BargainBundle","CloakClasp","Philosopher\u0027s Stone","downfall:HeartBlessingRed","conspire:Dentures","hubris:PeanutButter","conspire:GlowingRock","Pandora\u0027s Box","infinitespire:FocusingShard","conspire:GiftBox","champ:DefensiveTrainingManual","downfall:HeartBlessingGreen","hubris:Zylophone","Juzu Bracelet","Lee\u0027s Waffle"],"acts_visited":["Exordium","TheCity","TheBeyond"],"potions_floor_usage":[14,19,28,33,50],"damage_taken":[{"damage":0,"enemies":"2 Louse","floor":3,"turns":2},{"damage":72,"enemies":"3 Sentries","floor":4,"turns":10},{"damage":3,"enemies":"conspire:RoseBush","floor":5,"turns":3},{"damage":21,"enemies":"downfall:FleeingMerchant","floor":8,"turns":4},{"damage":20,"enemies":"Small Slimes","floor":11,"turns":3},{"damage":38,"enemies":"Small Slimes","floor":12,"turns":7},{"damage":33,"enemies":"3 Louse","floor":13,"turns":2},{"damage":19,"enemies":"conspire:2 RoseBushes","floor":14,"turns":4},{"damage":39,"enemies":"Lots of Slimes","floor":15,"turns":5},{"damage":79,"enemies":"downfall:Watcher","floor":16,"turns":11},{"damage":43,"enemies":"downfall:FleeingMerchant","floor":19,"turns":4},{"damage":50,"enemies":"3 Byrds","floor":20,"turns":4},{"damage":52,"enemies":"Replay:Snechameleon","floor":21,"turns":3},{"damage":62,"enemies":"Chosen","floor":23,"turns":3},{"damage":32,"enemies":"conspire:SneckoGhost","floor":25,"turns":3},{"damage":34,"enemies":"Shelled Parasite and Fungi","floor":28,"turns":3},{"damage":22,"enemies":"3 Cultists","floor":29,"turns":4},{"damage":70,"enemies":"Cultist and Chosen","floor":30,"turns":4},{"damage":32,"enemies":"Snake Plant","floor":31,"turns":3},{"damage":29,"enemies":"Centurion and Healer","floor":32,"turns":3},{"damage":98,"enemies":"downfall:Silent","floor":33,"turns":4},{"damage":59,"enemies":"3 Shapes","floor":37,"turns":3},{"damage":557,"enemies":"3 Darklings","floor":38,"turns":50},{"damage":89,"enemies":"Nightmare","floor":40,"turns":5},{"damage":62,"enemies":"R_Hoarder","floor":43,"turns":3},{"damage":59,"enemies":"Maw","floor":45,"turns":3},{"damage":46,"enemies":"Spire Growth","floor":46,"turns":3},{"damage":31,"enemies":"downfall:FleeingMerchant","floor":47,"turns":3},{"damage":58,"enemies":"Sphere and 2 Shapes","floor":49,"turns":4},{"damage":89,"enemies":"downfall:Ironclad","floor":50,"turns":5}],"seed_played":"4484914410079277480","potions_obtained":[{"floor":5,"key":"blueLaboratory:HeartbeatPotion"},{"floor":14,"key":"blueLaboratory:LouseDecoction"},{"floor":20,"key":"blueLaboratory:BubblePotion"},{"floor":29,"key":"Adrenaline Potion"},{"floor":33,"key":"sneckomod:MuddlingPotion"},{"floor":36,"key":"PowerPotion"}],"is_trial":false,"path_per_floor":["R","?","M","E","M","?","T","$","?","R","M","?","M","M","M","B",null,"R","$","M","E","R","M","T","E","R","?","M","M","M","M","M","B",null,"R","?","M","M","R","NM","T","R","E","R","M","M","$","?","M","B",null],"character_chosen":"THE_CHAMP","items_purchased":["BargainBundle","champ:DeathBlow","champ:RisingSlash","champ:ArenaPreparation","champ:Circumvent","Toxic Potion","Toxic Potion","champ:StanceDance+1","champ:AdrenalArmor","champ:CalledShot","hubris:Zylophone","Juzu Bracelet","Lee\u0027s Waffle"],"campfire_rested":0,"item_purchase_floors":[8,8,8,8,8,8,8,19,19,19,47,47,47],"current_hp_per_floor":[90,90,90,43,43,43,43,40,40,40,40,40,40,40,35,16,90,90,90,90,90,90,90,90,90,90,55,68,90,90,90,87,90,90,90,90,90,90,90,80,80,80,82,82,90,90,97,100,100,100],"gold":53,"neow_bonus":"UPGRADE_CARD","is_daily":false,"chose_seed":false,"campfire_upgraded":8,"win_rate":0.0,"timestamp":1608062698,"path_taken":["R","?","M","E","M","?","T","$","?","R","M","?","?","M","M","BOSS","R","$","?","E","R","M","T","E","R","?","M","M","M","?","M","BOSS","R","?","?","M","R","NM","T","R","E","R","M","M","$","?","M","BOSS"],"items_purchased_type":["Relic","Card","Card","Card","Card","Potion","Potion","Card","Card","Card","Relic","Relic","Relic"],"build_version":"2020-12-13","purchased_purges":2,"victory":true,"max_hp_per_floor":[90,90,90,90,90,90,90,90,90,90,90,90,90,90,90,90,90,90,90,90,90,90,90,90,90,90,90,90,90,90,90,90,90,90,90,90,90,90,90,90,90,90,90,90,90,90,97,100,100,100],"relic_stats":{"Lee\u0027s Waffle":17,"counters":[30,168],"Shuriken":[28],"Pandora\u0027s Box":["champ:TornadoPunch","champ:HoldFirm","champ:GutPunch","champ:VampiricStrike","champ:DefensiveShout","champ:PerfectedStrike","champ:FlashCut"],"PreservedInsect":355,"CloakClasp":[280],"Juzu Bracelet":0,"obtain_stats":[{"conspire:Dentures":21,"BargainBundle":8,"Lee\u0027s Waffle":47,"downfall:HeartBlessingRed":18,"champ:ChampionCrown":0,"downfall:HeartBlessingGreen":44,"PreservedInsect":6,"infinitespire:FocusingShard":40,"CloakClasp":12,"Juzu Bracelet":47,"aspiration:HiddenCompartment":4,"hubris:Zylophone":47,"conspire:GlowingRock":25,"conspire:GiftBox":41,"aspiration:BabyByrd":2,"Shuriken":7,"champ:DefensiveTrainingManual":43,"Philosopher\u0027s Stone":17,"hubris:PeanutButter":24,"Pandora\u0027s Box":34},{"conspire:Dentures":13,"BargainBundle":4,"Lee\u0027s Waffle":28,"downfall:HeartBlessingRed":10,"champ:ChampionCrown":0,"downfall:HeartBlessingGreen":25,"PreservedInsect":3,"infinitespire:FocusingShard":24,"CloakClasp":6,"Juzu Bracelet":28,"aspiration:HiddenCompartment":2,"hubris:Zylophone":28,"conspire:GlowingRock":15,"conspire:GiftBox":24,"aspiration:BabyByrd":0,"Shuriken":3,"champ:DefensiveTrainingManual":25,"Philosopher\u0027s Stone":10,"hubris:PeanutButter":14,"Pandora\u0027s Box":21},{"conspire:Dentures":62,"BargainBundle":19,"Lee\u0027s Waffle":159,"downfall:HeartBlessingRed":51,"champ:ChampionCrown":0,"downfall:HeartBlessingGreen":150,"PreservedInsect":15,"infinitespire:FocusingShard":147,"CloakClasp":29,"Juzu Bracelet":159,"aspiration:HiddenCompartment":12,"hubris:Zylophone":159,"conspire:GlowingRock":68,"conspire:GiftBox":147,"aspiration:BabyByrd":0,"Shuriken":15,"champ:DefensiveTrainingManual":150,"Philosopher\u0027s Stone":51,"hubris:PeanutButter":65,"Pandora\u0027s Box":89}]},"card_choices":[{"not_picked":["champ:FaceSlap","champ:Duel"],"picked":"champ:BerserkersShout","floor":3},{"not_picked":["champ:DefensiveShout","champ:RisingSlash"],"picked":"champ:CrookedStrike","floor":4},{"not_picked":["champ:StanceDance","champ:DeathBlow"],"picked":"champ:Shatter","floor":5},{"not_picked":["champ:Lariat","champ:FightOn"],"picked":"champ:AdrenalArmor","floor":8},{"not_picked":["champ:DefensiveShout","champ:FlashCut"],"picked":"champ:BerserkerStyle","floor":11},{"not_picked":["champ:FalseCounter","champ:SwordThrow"],"picked":"champ:BringItOn","floor":12},{"not_picked":["champ:FlashCut","champ:CrookedStrike","champ:Backstep"],"picked":"SKIP","floor":13},{"not_picked":["champ:PerfectedStrike","champ:DefensiveShout"],"picked":"champ:Backstep","floor":14},{"not_picked":["champ:BringItOn","champ:Circumvent"],"picked":"champ:StanceDance","floor":15},{"not_picked":["champ:StrikeOfGenius","champ:LastStand"],"picked":"champ:VampiricStrike","floor":16},{"not_picked":["champ:BringItOn","champ:ShieldWall"],"picked":"champ:Control","floor":19},{"not_picked":["champ:BerserkersShout+1","champ:Encircle"],"picked":"champ:RapidStrikes+1","floor":20},{"not_picked":["champ:FanOfKnives","champ:DefensiveShout"],"picked":"champ:EndlessRage","floor":21},{"not_picked":["champ:Circumvent","champ:StanceDance"],"picked":"champ:Encircle","floor":23},{"not_picked":["champ:Backstep","champ:StrikeOfGenius"],"picked":"champ:EndlessRage","floor":25},{"not_picked":["champ:RapidStrikes","champ:DeathBlow+1"],"picked":"champ:FanOfKnives","floor":28},{"not_picked":["champ:RecklessLeap","champ:CrookedStrike+1"],"picked":"champ:Lariat","floor":29},{"not_picked":["champ:PerfectedStrike","champ:Encircle+1"],"picked":"champ:Haymaker","floor":30},{"not_picked":["champ:SkillfulDodge+1","champ:CrookedStrike","champ:StanceDance"],"picked":"SKIP","floor":31},{"not_picked":["champ:Balance+1","champ:PerfectedStrike+1","champ:Aggression"],"picked":"SKIP","floor":32},{"not_picked":["champ:VampiricStrike","champ:Devastate"],"picked":"champ:MurderStrike","floor":33},{"not_picked":["champ:FlashCut","champ:FocusedGladiator","champ:TornadoPunch"],"picked":"SKIP","floor":37},{"not_picked":["champ:GutPunch","champ:ArenaPreparation+1","champ:FlashCut"],"picked":"SKIP","floor":38},{"not_picked":["champ:TornadoPunch","champ:EnGarde+1","champ:BerserkerStyle+1"],"picked":"SKIP","floor":40},{"not_picked":["champ:ShieldSlam","champ:CheapShot"],"picked":"champ:SteelEdge","floor":41},{"not_picked":["champ:SteelEdge","champ:Balance"],"picked":"champ:RapidStrikes","floor":43},{"not_picked":["champ:ViciousMockery","champ:Aggression","champ:CalledShot"],"picked":"SKIP","floor":45},{"not_picked":["champ:FocusedDefense","champ:CrookedStrike+1","champ:BringItOn"],"picked":"SKIP","floor":46},{"not_picked":["champ:DefensiveShout+1","champ:Devastate"],"picked":"champ:PerfectForm","floor":47},{"not_picked":["champ:BladeFlurry+1","champ:FocusedGladiator"],"picked":"champ:Lariat+1","floor":49}],"player_experience":878930,"relics_obtained":[{"floor":4,"key":"aspiration:HiddenCompartment"},{"floor":7,"key":"Shuriken"},{"floor":12,"key":"CloakClasp"},{"floor":21,"key":"conspire:Dentures"},{"floor":24,"key":"hubris:PeanutButter"},{"floor":25,"key":"conspire:GlowingRock"},{"floor":40,"key":"infinitespire:FocusingShard"},{"floor":41,"key":"conspire:GiftBox"},{"floor":43,"key":"champ:DefensiveTrainingManual"}],"event_choices":[{"damage_healed":0,"gold_gain":0,"player_choice":"Box","damage_taken":0,"relics_obtained":["PreservedInsect"],"max_hp_gain":0,"max_hp_loss":0,"event_name":"Big Fish","floor":6,"gold_loss":0,"cards_obtained":["Regret"]},{"damage_healed":0,"gold_gain":0,"player_choice":"Got Potions","damage_taken":0,"max_hp_gain":0,"max_hp_loss":0,"event_name":"Lab","floor":36,"gold_loss":0}],"is_beta":false,"boss_relics":[{"not_picked":["hubris:TerracottaHorce","aspiration:SecretTechniqueScroll"],"picked":"Philosopher\u0027s Stone"},{"not_picked":["conspire:RoyalGoblet","Snecko Heart"],"picked":"Pandora\u0027s Box"}],"items_purged_floors":[8,47],"is_endless":false,"potions_floor_spawned":[5,14,15,16,20,23,29,30,33,37,46,49],"ascension_level":0}}