{"host":"x6tlfgqpy55vgxdn","time":1608001777,"event":{"mods":["AchievementEnabler","BaseMod","DeckTracker","Minty Spire (QoL Compilation)","Permanent Neow","StSLib","SuperFastMode"],"gold_per_floor":[117,136,136,153,78,110,127,177,177,187,187,187,248,259,259,334,334,347,172,172,182,182,214,46,46,46,76,95,113,127,157,157,231,231,250,250,250,268,293,326,338,369,369,369,6,19,49,63,63,63],"floor_reached":51,"playtime":2807,"items_purged":["Strike_P","Strike_P","Strike_P"],"score":1760,"play_id":"d736a256-3dae-4198-add2-c921e8869ace","local_time":"20201215120937","is_ascension_mode":true,"campfire_choices":[{"data":"Perseverance","floor":15.0,"key":"SMITH"},{"data":"Eruption","floor":25.0,"key":"SMITH"},{"data":"Vigilance","floor":32.0,"key":"SMITH"}],"circlet_count":0,"master_deck":["AscendersBane","Defend_P+1","Defend_P+1","Defend_P+1","Eruption+1","Vigilance+1","BowlingBash+1","CarveReality+1","Tantrum+1","MentalFortress+1","Perseverance+1","LessonLearned+1","FearNoEvil+1","FlurryOfBlows+1","DeusExMachina+1","ForeignInfluence+1","Halt+1","Madness+1","Madness+1","Master of Strategy+1","Scrawl+1"],"relics":["PureWater","Blood Vial","Gambling Chip","Calipers","Pear","Ginger","VioletLotus","Yang","Pantograph","Medical Kit","Eternal Feather","Molten Egg 2","Red Mask","Coffee Dripper","Lizard Tail","Toy Ornithopter","Lantern","Dream Catcher","Singing Bowl","Kunai"],"acts_visited":["Exordium","TheCity","TheBeyond"],"potions_floor_usage":[50,50],"damage_taken":[{"damage":1.0,"enemies":"Small Slimes","floor":1.0,"turns":6.0},{"damage":0.0,"enemies":"Cultist","floor":2.0,"turns":2.0},{"damage":0.0,"enemies":"2 Louse","floor":4.0,"turns":2.0},{"damage":22.0,"enemies":"Gremlin Nob","floor":6.0,"turns":3.0},{"damage":1.0,"enemies":"Red Slaver","floor":7.0,"turns":2.0},{"damage":0.0,"enemies":"Exordium Thugs","floor":10.0,"turns":2.0},{"damage":0.0,"enemies":"Gremlin Nob","floor":13.0,"turns":2.0},{"damage":0.0,"enemies":"Large Slime","floor":14.0,"turns":2.0},{"damage":24.0,"enemies":"Hexaghost","floor":16.0,"turns":11.0},{"damage":23.0,"enemies":"2 Thieves","floor":18.0,"turns":3.0},{"damage":0.0,"enemies":"Spheric Guardian","floor":21.0,"turns":4.0},{"damage":16.0,"enemies":"Book of Stabbing","floor":23.0,"turns":4.0},{"damage":0.0,"enemies":"Gremlin Leader","floor":27.0,"turns":3.0},{"damage":14.0,"enemies":"3 Cultists","floor":28.0,"turns":7.0},{"damage":0.0,"enemies":"Centurion and Healer","floor":29.0,"turns":5.0},{"damage":0.0,"enemies":"Sentry and Sphere","floor":30.0,"turns":3.0},{"damage":8.0,"enemies":"Masked Bandits","floor":31.0,"turns":3.0},{"damage":31.0,"enemies":"Automaton","floor":33.0,"turns":10.0},{"damage":0.0,"enemies":"3 Shapes","floor":35.0,"turns":3.0},{"damage":12.0,"enemies":"3 Darklings","floor":38.0,"turns":8.0},{"damage":6.0,"enemies":"Mind Bloom Boss Battle","floor":39.0,"turns":8.0},{"damage":63.0,"enemies":"Giant Head","floor":40.0,"turns":7.0},{"damage":8.0,"enemies":"Maw","floor":41.0,"turns":7.0},{"damage":0.0,"enemies":"Nemesis","floor":42.0,"turns":1.0},{"damage":0.0,"enemies":"Writhing Mass","floor":46.0,"turns":4.0},{"damage":0.0,"enemies":"Giant Head","floor":47.0,"turns":1.0},{"damage":0,"enemies":"Sphere and 2 Shapes","floor":48,"turns":1},{"damage":0,"enemies":"Donu and Deca","floor":50,"turns":5}],"seed_played":"8700307542969035897","potions_obtained":[{"floor":4.0,"key":"Fire Potion"},{"floor":6.0,"key":"SpeedPotion"},{"floor":7.0,"key":"LiquidMemories"},{"floor":13.0,"key":"Ancient Potion"},{"floor":18.0,"key":"FearPotion"},{"floor":21.0,"key":"Energy Potion"},{"floor":23.0,"key":"SpeedPotion"},{"floor":28.0,"key":"StancePotion"},{"floor":39.0,"key":"Block Potion"},{"floor":41.0,"key":"SteroidPotion"},{"floor":44.0,"key":"LiquidMemories"}],"is_trial":false,"path_per_floor":["M","M","?","M","$","E","M","?","T","M","T","?","?","M","R","B",null,"M","$","?","M","?","E","$","R","T","E","M","M","M","?","R","B",null,"M","?","?","M","?","E","M","E","T","?","$","M","E","M","R","B",null],"character_chosen":"WATCHER","items_purchased":["FearNoEvil","Medical Kit","Singing Bowl"],"campfire_rested":0,"item_purchase_floors":[19,24,45],"current_hp_per_floor":[62,64,68,68,68,46,47,41,41,43,53,53,55,57,57,35,67,46,46,46,48,48,34,34,34,34,36,24,26,28,22,31,27,65,67,53,53,43,64,3,2,4,4,4,4,8,10,14,26,63],"gold":63,"neow_bonus":"RANDOM_COMMON_RELIC","is_daily":false,"chose_seed":false,"campfire_upgraded":3,"win_rate":0.0,"timestamp":1608001777,"path_taken":["M","M","?","?","?","E","M","?","T","?","?","?","?","M","R","BOSS","M","$","?","M","?","E","$","R","T","E","M","?","M","?","R","BOSS","M","?","?","?","?","E","M","E","T","?","$","?","E","M","R","BOSS"],"items_purchased_type":["Card","Relic","Relic"],"build_version":"2020-12-13","purchased_purges":3,"victory":true,"max_hp_per_floor":[68,68,68,68,68,68,68,68,68,68,78,78,78,78,78,78,78,78,78,78,78,78,78,78,78,78,78,78,78,78,78,78,78,78,78,78,78,78,78,78,78,78,78,78,78,80,80,82,82,82],"card_choices":[{"not_picked":["CutThroughFate","LikeWater","ForeignInfluence"],"picked":"SKIP","floor":1.0},{"not_picked":["SashWhip","Evaluate"],"picked":"BowlingBash","floor":2.0},{"not_picked":["DeceiveReality","ThirdEye"],"picked":"CarveReality","floor":4.0},{"not_picked":["Perseverance","EmptyFist","EmptyBody"],"picked":"SKIP","floor":6.0},{"not_picked":["Wallop","BattleHymn"],"picked":"Tantrum","floor":7.0},{"not_picked":["BowlingBash","Perseverance","FlyingSleeves"],"picked":"SKIP","floor":10.0},{"not_picked":["Crescendo","Protect"],"picked":"MentalFortress","floor":13.0},{"not_picked":["WreathOfFlame","ClearTheMind"],"picked":"Perseverance","floor":14.0},{"not_picked":["Devotion","ConjureBlade"],"picked":"LessonLearned","floor":16.0},{"not_picked":["Halt","WreathOfFlame","Prostrate"],"picked":"SKIP","floor":18.0},{"not_picked":["WaveOfTheHand+1","Halt"],"picked":"FlurryOfBlows+1","floor":21.0},{"not_picked":["BowlingBash","CrushJoints","JustLucky"],"picked":"SKIP","floor":23.0},{"not_picked":["CrushJoints+1","Prostrate"],"picked":"DeusExMachina","floor":27.0},{"not_picked":["Worship","FollowUp+1","EmptyFist+1"],"picked":"SKIP","floor":28.0},{"not_picked":["Protect","Pray"],"picked":"ForeignInfluence+1","floor":29.0},{"not_picked":["Consecrate+1","PathToVictory","FollowUp+1"],"picked":"SKIP","floor":30.0},{"not_picked":["Consecrate+1","PathToVictory","FollowUp+1"],"picked":"SKIP","floor":30.0},{"not_picked":["LikeWater+1","Protect"],"picked":"Halt+1","floor":31.0},{"not_picked":["TalkToTheHand+1","LikeWater","Pray"],"picked":"SKIP","floor":35.0},{"not_picked":["Magnetism","Secret Technique"],"picked":"Master of Strategy","floor":37.0},{"not_picked":["Indignation","BowlingBash+1","Protect"],"picked":"SKIP","floor":38.0},{"not_picked":["EmptyBody","JustLucky+1","Halt"],"picked":"SKIP","floor":40.0},{"not_picked":["EmptyBody","Wireheading+1","EmptyFist+1"],"picked":"SKIP","floor":41.0},{"not_picked":["PathToVictory+1","ReachHeaven+1","EmptyBody"],"picked":"SKIP","floor":42.0},{"not_picked":["DeceiveReality","BattleHymn+1","EmptyMind"],"picked":"Singing Bowl","floor":46.0},{"not_picked":["Weave+1","InnerPeace"],"picked":"Scrawl","floor":47.0},{"not_picked":["Protect","BowlingBash+1","FearNoEvil+1"],"picked":"Singing Bowl","floor":48}],"player_experience":169070,"relics_obtained":[{"floor":6.0,"key":"Gambling Chip"},{"floor":9.0,"key":"Calipers"},{"floor":11.0,"key":"Pear"},{"floor":22.0,"key":"Yang"},{"floor":23.0,"key":"Pantograph"},{"floor":26.0,"key":"Eternal Feather"},{"floor":27.0,"key":"Molten Egg 2"},{"floor":31.0,"key":"Red Mask"},{"floor":39.0,"key":"Lizard Tail"},{"floor":40.0,"key":"Toy Ornithopter"},{"floor":42.0,"key":"Lantern"},{"floor":43.0,"key":"Dream Catcher"},{"floor":47.0,"key":"Kunai"}],"event_choices":[{"damage_healed":4.0,"max_hp_gain":0.0,"max_hp_loss":0.0,"gold_gain":0.0,"event_name":"Wheel of Change","player_choice":"Full Heal","floor":3.0,"gold_loss":0.0,"damage_taken":0.0},{"damage_healed":0.0,"max_hp_gain":0.0,"max_hp_loss":0.0,"gold_gain":50.0,"event_name":"FaceTrader","player_choice":"Touch","floor":8.0,"gold_loss":0.0,"damage_taken":6.0},{"cards_removed":["Strike_P"],"damage_healed":0.0,"max_hp_gain":0.0,"max_hp_loss":0.0,"gold_gain":0.0,"event_name":"Living Wall","player_choice":"Forget","floor":12.0,"gold_loss":0.0,"damage_taken":0.0},{"damage_healed":0.0,"max_hp_gain":0.0,"max_hp_loss":0.0,"gold_gain":0.0,"event_name":"Dead Adventurer","player_choice":"Searched \u00272\u0027 times","floor":13.0,"gold_loss":0.0,"damage_taken":0.0,"relics_obtained":["Ginger"]},{"cards_removed":["Defend_P"],"damage_healed":0.0,"max_hp_gain":0.0,"max_hp_loss":0.0,"gold_gain":0.0,"event_name":"Back to Basics","player_choice":"Elegance","floor":20.0,"gold_loss":0.0,"damage_taken":0.0},{"damage_healed":0.0,"max_hp_gain":0.0,"max_hp_loss":0.0,"gold_gain":0.0,"event_name":"Wheel of Change","player_choice":"Relic","floor":22.0,"gold_loss":0.0,"damage_taken":0.0},{"damage_healed":0.0,"max_hp_gain":0.0,"max_hp_loss":0.0,"gold_gain":0.0,"event_name":"Masked Bandits","player_choice":"Fought Bandits","floor":31.0,"gold_loss":0.0,"damage_taken":0.0},{"damage_healed":0.0,"max_hp_gain":0.0,"max_hp_loss":0.0,"gold_gain":0.0,"event_name":"Winding Halls","player_choice":"Embrace Madness","floor":36.0,"gold_loss":0.0,"damage_taken":14.0,"cards_obtained":["Madness","Madness"]},{"damage_healed":0.0,"max_hp_gain":0.0,"max_hp_loss":0.0,"gold_gain":0.0,"event_name":"SensoryStone","player_choice":"Memory 1","floor":37.0,"gold_loss":0.0,"damage_taken":0.0},{"damage_healed":0.0,"max_hp_gain":0.0,"max_hp_loss":0.0,"gold_gain":0.0,"event_name":"MindBloom","player_choice":"Fight","floor":39.0,"gold_loss":0.0,"damage_taken":0.0},{"damage_healed":0.0,"max_hp_gain":0.0,"max_hp_loss":0.0,"gold_gain":0.0,"event_name":"Lab","player_choice":"Got Potions","floor":44.0,"gold_loss":0.0,"damage_taken":0.0}],"is_beta":false,"boss_relics":[{"not_picked":["Velvet Choker","Runic Pyramid"],"picked":"VioletLotus"},{"not_picked":["Philosopher\u0027s Stone","Calling Bell"],"picked":"Coffee Dripper"}],"items_purged_floors":[5,19,45],"is_endless":false,"potions_floor_spawned":[4,6,7,13,14,18,21,23,28,38,39,41,47],"ascension_level":19}}