{"host":"rwzz6mk6bpmb57ql","time":1608005160,"event":{"mods":["BaseMod","BetterRewards","Colored Map","Highlight Path","Hubris","Minty Spire (QoL Compilation)","Replay The Spire","StSLib"],"gold_per_floor":[4115,4115,3445,3460,2248,2274,2284,2284,2356,2384,1528,1528,1583,901,901,1002,2002,2015,1319,1259,1284,669,669,694,694,719,719,730,748,152,185,185,283,283,1699,1322,1336,1352,819,819,838,838,887,693,713,723,723,741,741,741],"floor_reached":51,"playtime":3450,"items_purged":["Defend_B","Strike_B","Defend_B","Strike_B","Defend_B","Strike_B","Defend_B"],"score":766,"play_id":"5b9af610-7f83-4e57-a236-e7c768e2b165","local_time":"20201214220600","is_ascension_mode":false,"campfire_choices":[{"data":"Apotheosis","floor":8,"key":"SMITH"},{"data":"ReplayTheSpireMod:Fabricate Wheel","floor":12,"key":"SMITH"},{"data":"Genetic Algorithm","floor":15,"key":"SMITH"},{"data":"Stack","floor":23,"key":"SMITH"},{"floor":25,"key":"REST"},{"data":"White Noise","floor":32,"key":"SMITH"},{"data":"Buffer","floor":40,"key":"SMITH"},{"data":"Conserve Battery","floor":42,"key":"SMITH"},{"floor":49,"key":"DIG"}],"circlet_count":0,"master_deck":["Zap","Dualcast","Glacier","Coolheaded+1","Auto Shields","Blizzard","Panic Button","Chill","Panic Button","Apotheosis+1","Cold Snap","Doom and Gloom","Replay:Bootleg Shield Generator","Chaos","Fusion","Chaos","BasicCrystalCard","Genetic Algorithm","White Noise","Loop","Genetic Algorithm+1","hubris:SpecializedCircuitry","Machine Learning","Coolheaded","Capacitor","Chaos","Chaos","Crystallizer","Stack+1","Sweeping Beam+1","Fusion","White Noise","Coolheaded","Conserve Battery+1","BasicCrystalCard","Crystallizer","Mirror Shield","White Noise+1","Buffer+1","Consume+1","Loop","BasicCrystalCard+1","hubris:PowerSurge+1","Glacier+1","Barrage+1","Chaos+1"],"relics":["Cracked Core","NeowsBlessing","hubris:TenFootPole","hubris:BottledRain","hubris:EmptyBottle","Juzu Bracelet","hubris:MedicalManual","Boot","Solar Panel","Pen Nib","Replay:Baseball","Molten Egg 2","Chemical X","Eternal Feather","Toy Ornithopter","Geode","ReplayTheSpireMod:ShopPack","Prayer Wheel","Inserter","Potion Belt","Replay:Frozen Program","hubris:ToyBattleship","hubris:64BitClover","Dream Catcher","Blue Doll","Strange Spoon","Happy Flower","Ring of Chaos","Toolbox","hubris:SlimyHat","InkBottle","Snack Pack","Omamori","Lantern","hubris:Icosahedron","Blood Vial"],"acts_visited":["Exordium","TheCity","TheBeyond"],"potions_floor_usage":[6,7,10,10,10,10,24,29,29,29,37,37,37,37,41,41,45,45,46,46,50,50,50,50],"damage_taken":[{"damage":0,"enemies":"2 Louse","floor":1,"turns":1},{"damage":0,"enemies":"Jaw Worm","floor":4,"turns":1},{"damage":0,"enemies":"Gremlin Nob","floor":6,"turns":1},{"damage":0,"enemies":"Cultist","floor":7,"turns":2},{"damage":2,"enemies":"Lagavulin","floor":10,"turns":7},{"damage":6,"enemies":"Slime Boss","floor":16,"turns":10},{"damage":8,"enemies":"3 Byrds","floor":18,"turns":4},{"damage":3,"enemies":"Gremlin Leader","floor":24,"turns":7},{"damage":17,"enemies":"Spheric Guardian","floor":28,"turns":4},{"damage":0,"enemies":"Centurion and Healer","floor":29,"turns":10},{"damage":37,"enemies":"Book of Stabbing","floor":31,"turns":8},{"damage":28,"enemies":"Collector","floor":33,"turns":11},{"damage":9,"enemies":"Orb Walker","floor":35,"turns":5},{"damage":24,"enemies":"3 Shapes","floor":37,"turns":2},{"damage":20,"enemies":"Jaw Worm Horde","floor":38,"turns":4},{"damage":0,"enemies":"4 Shapes","floor":41,"turns":9},{"damage":39,"enemies":"Writhing Mass","floor":45,"turns":3},{"damage":0,"enemies":"Jaw Worm Horde","floor":46,"turns":2},{"damage":2,"enemies":"Spire Growth","floor":48,"turns":6},{"damage":53,"enemies":"Replay:Hell Engine","floor":50,"turns":11}],"seed_played":"2516008310761157376","potions_obtained":[{"floor":1,"key":"Elixir"},{"floor":4,"key":"DistilledChaos"},{"floor":6,"key":"EssenceOfSteel"},{"floor":18,"key":"Death Potion"},{"floor":24,"key":"ColorlessPotion"},{"floor":37,"key":"LifebloodPotion"},{"floor":38,"key":"AttackPotion"},{"floor":41,"key":"Energy Potion"},{"floor":45,"key":"Toxic Potion"}],"is_trial":false,"path_per_floor":["M","?","$","M","$","E","M","R","T","E","$","R","?","$","R_BF","B",null,"M","$","?","T","$","R","E","R","T","?","M","M","$","E","R","B",null,"M","$","M","M","$","R","M","R","T","$","M","M","?","M","R_BF","B",null],"character_chosen":"DEFECT","items_purchased":["Coolheaded+1","Auto Shields","hubris:TenFootPole","hubris:BottledRain","Blizzard","Chill","Panic Button","Apotheosis","hubris:EmptyBottle","Juzu Bracelet","hubris:MedicalManual","Cold Snap","Doom and Gloom","Replay:Bootleg Shield Generator","BasicCrystalCard","ReplayTheSpireMod:Fabricate Wheel","Replay:Baseball","Molten Egg 2","Chemical X","Loop","Genetic Algorithm","Toy Ornithopter","Geode","ReplayTheSpireMod:ShopPack","Capacitor","Chaos","Potion Belt","Replay:Frozen Program","LifebloodPotion","Crystallizer","Stack","hubris:64BitClover","Crystallizer","Mirror Shield","Strange Spoon","Loop","BasicCrystalCard+1","Toolbox","Regen Potion","Dexterity Potion","hubris:SlimyHat","InkBottle","Glacier+1","Flashbang","Lantern","Barrage+1"],"campfire_rested":1,"item_purchase_floors":[3,3,3,3,3,5,5,5,5,5,5,5,5,5,11,11,11,11,11,14,14,14,14,14,19,19,19,19,19,22,22,22,30,30,30,36,36,36,36,36,39,39,39,39,44,44],"current_hp_per_floor":[115,108,108,108,108,108,108,108,108,106,106,106,92,92,107,101,115,107,107,107,107,107,115,115,115,115,115,98,113,113,76,97,69,115,106,106,112,92,92,115,115,115,115,115,84,94,94,92,115,62],"gold":741,"neow_bonus":"THREE_ENEMY_KILL","is_daily":false,"chose_seed":false,"campfire_upgraded":7,"win_rate":0.0,"timestamp":1608005160,"path_taken":["M","?","$","M","$","E","M","R","T","E","$","R","?","?","R_BF","BOSS","M","$","?","?","?","R","E","R","T","?","M","M","$","E","R","BOSS","M","$","M","M","$","R","M","R","T","$","M","M","?","M","R_BF","BOSS"],"items_purchased_type":["Card","Card","Relic","Relic","Card","Card","Card","Card","Relic","Relic","Relic","Card","Card","Card","Card","Card","Relic","Relic","Relic","Card","Card","Relic","Relic","Relic","Card","Card","Relic","Relic","Potion","Card","Card","Relic","Card","Card","Relic","Card","Card","Relic","Potion","Potion","Relic","Relic","Card","Potion","Relic","Card"],"build_version":"2020-12-13","purchased_purges":7,"victory":true,"max_hp_per_floor":[115,115,115,115,115,115,115,115,115,115,115,115,115,115,115,115,115,115,115,115,115,115,115,115,115,115,115,115,115,115,115,115,115,115,115,115,115,115,115,115,115,115,115,115,115,115,115,115,115,115],"card_choices":[{"not_picked":["Darkness","Conserve Battery"],"picked":"Glacier","floor":1},{"not_picked":["Compile Driver","Barrage"],"picked":"Panic Button","floor":4},{"not_picked":["Coolheaded","Chill"],"picked":"Chaos","floor":6},{"not_picked":["BootSequence","Leap"],"picked":"Fusion","floor":7},{"not_picked":["Heatsinks","ReplayTheSpireMod:Omega Cannon"],"picked":"Chaos","floor":10},{"not_picked":["Go for the Eyes+1","Redo"],"picked":"Genetic Algorithm","floor":13},{"not_picked":["Beam Cell+1","BootSequence"],"picked":"White Noise","floor":13},{"not_picked":["Electrodynamics","ReplayTheSpireMod:Omega Cannon+1"],"picked":"Machine Learning","floor":16},{"not_picked":["Lockon+1","Panic Button+1"],"picked":"Coolheaded","floor":18},{"not_picked":["hubris:PowerSurge","Cold Snap+1","Ball Lightning+1"],"picked":"SKIP","floor":18},{"not_picked":["Go for the Eyes+1","Barrage+1"],"picked":"Sweeping Beam+1","floor":24},{"not_picked":["Leap","ReplayTheSpireMod:System Scan"],"picked":"Fusion","floor":25},{"not_picked":["Melter+1","Gash+1"],"picked":"Coolheaded","floor":28},{"not_picked":["Auto Shields","Hologram","Conserve Battery"],"picked":"SKIP","floor":28},{"not_picked":["BootSequence","Static Discharge"],"picked":"Conserve Battery","floor":29},{"not_picked":["Leap","Conserve Battery+1"],"picked":"BasicCrystalCard","floor":29},{"not_picked":["Ball Lightning+1","Multi-Cast"],"picked":"White Noise","floor":31},{"not_picked":["Reboot","All For One+1"],"picked":"Buffer","floor":33},{"not_picked":["Melter+1","Go for the Eyes+1"],"picked":"Consume+1","floor":35},{"not_picked":["Cold Snap+1","ReplayTheSpireMod:Calculation Training","Ball Lightning+1"],"picked":"SKIP","floor":35},{"not_picked":["Scrape+1","Coolheaded+1"],"picked":"hubris:PowerSurge+1","floor":37},{"not_picked":["Streamline+1","Sweeping Beam+1","Glacier"],"picked":"SKIP","floor":37},{"not_picked":["Coolheaded","Reboot","Streamline+1"],"picked":"SKIP","floor":38},{"not_picked":["Redo","BasicCrystalCard+1","Genetic Algorithm+1"],"picked":"SKIP","floor":38},{"not_picked":["Stack","Beam Cell+1","Streamline+1"],"picked":"SKIP","floor":41},{"not_picked":["Leap","Steam Power+1","Fission"],"picked":"SKIP","floor":41},{"not_picked":["ReplayTheSpireMod:Repulse+1","Compile Driver+1","Capacitor"],"picked":"SKIP","floor":45},{"not_picked":["Cold Snap+1","Coolheaded+1","Compile Driver+1"],"picked":"SKIP","floor":45},{"not_picked":["Fusion+1","Cold Snap+1"],"picked":"Chaos+1","floor":46},{"not_picked":["Reprogram","Compile Driver+1","Steam Power"],"picked":"SKIP","floor":46},{"not_picked":["Cold Snap+1","Heatsinks+1","Steam+1"],"picked":"SKIP","floor":48},{"not_picked":["Barrage+1","Redo+1","BasicCrystalCard"],"picked":"SKIP","floor":48}],"player_experience":9483,"relics_obtained":[{"floor":6,"key":"Boot"},{"floor":9,"key":"Solar Panel"},{"floor":10,"key":"Pen Nib"},{"floor":13,"key":"Eternal Feather"},{"floor":21,"key":"hubris:ToyBattleship"},{"floor":24,"key":"Dream Catcher"},{"floor":26,"key":"Blue Doll"},{"floor":31,"key":"Happy Flower"},{"floor":41,"key":"Snack Pack"},{"floor":43,"key":"Omamori"},{"floor":49,"key":"Blood Vial"}],"event_choices":[{"cards_removed":["Strike_B"],"damage_healed":0,"gold_gain":0,"player_choice":"Card Removal","damage_taken":7,"max_hp_gain":0,"max_hp_loss":0,"event_name":"Golden Wing","floor":2,"gold_loss":0}],"is_beta":false,"boss_relics":[{"not_picked":["Velvet Choker","ReplayTheSpireMod:DimensionalGlitch"],"picked":"Inserter"},{"not_picked":["SacredBark","Fusion Hammer"],"picked":"Ring of Chaos"}],"items_purged_floors":[3,5,11,14,19,22,30],"is_endless":false,"potions_floor_spawned":[1,4,6,18,24,37,38,41,45],"ascension_level":0}}