{"host":"vh33hu3wddwn6yt6","time":1608055780,"event":{"mods":["AchievementEnabler","Act Like it!","Aspiration","BaseMod","Better Altar","Better Match","Better Note","Better Sensory Stone","Better Skull","Better Third Choice","BetterRewards","Downfall","Hubris","Minty Spire (QoL Compilation)","Permanent Neow","Replay The Spire","Shade Mod","Shop Mod","Spicy Shops","StSLib","SuperFastMode","The Blackbeard","The Necromancer","The Poker Player","The Servant 0.9.4","Wandering Minibosses"],"gold_per_floor":[99,99,128,128,138,164,164,14,15,40,40,55,69,69,79,176,176,101,127,127,158,178,178,178],"floor_reached":23,"playtime":819,"items_purged":[],"score":391,"play_id":"bdb2fd93-03c4-4347-a269-4ae0597b20f0","local_time":"20201215190940","is_ascension_mode":true,"campfire_choices":[{"floor":1,"key":"RECALL"},{"floor":8,"key":"REST"},{"data":"MoonPhase","floor":18,"key":"SMITH"}],"circlet_count":0,"master_deck":["Strike_S","Strike_S","Strike_S","Strike_S","Defend_S","Defend_S","Defend_S","Defend_S","KidneyShot","Exchange","MoonPhase+1","Sabotage","DoubleEdge","Hightail","Luminosity","BottledTime","FlawlessForm","Sunlight","Barrier"],"relics":["downfall:HeartsMalice","Question Card","ReplayTheSpireMod:Lightbulb","downfall:HeartBlessingBlue","downfall:HeartBlessingRed","White Beast Statue","hubris:HollowSoul","downfall:HeartBlessingGreen","aspiration:HatOfInfinitePower","InkBottle"],"acts_visited":["Exordium","TheCity"],"potions_floor_usage":[6,13,16,19,19,21,22,23],"damage_taken":[{"damage":0,"enemies":"Cultist","floor":2,"turns":1},{"damage":0,"enemies":"3 Sentries","floor":3,"turns":1},{"damage":0,"enemies":"Jaw Worm","floor":4,"turns":1},{"damage":7,"enemies":"Small Slimes","floor":5,"turns":3},{"damage":30,"enemies":"Lagavulin","floor":6,"turns":10},{"damage":3,"enemies":"Exordium Wildlife","floor":9,"turns":6},{"damage":0,"enemies":"Gremlin Nob","floor":10,"turns":5},{"damage":0,"enemies":"3 Louse","floor":12,"turns":4},{"damage":3,"enemies":"Large Slime","floor":13,"turns":4},{"damage":0,"enemies":"Blue Slaver","floor":15,"turns":4},{"damage":0,"enemies":"downfall:Ironclad","floor":16,"turns":13},{"damage":40,"enemies":"Slavers","floor":19,"turns":8},{"damage":0,"enemies":"Book of Stabbing","floor":21,"turns":11},{"damage":12,"enemies":"Shell Parasite","floor":22,"turns":6},{"damage":17,"enemies":"Gremlin Leader","floor":23,"turns":2}],"seed_played":"3648166388430868507","potions_obtained":[{"floor":5,"key":"AttackPotion"},{"floor":9,"key":"Elixir"},{"floor":10,"key":"Block Potion"},{"floor":12,"key":"SteroidPotion"},{"floor":13,"key":"LifebloodPotion"},{"floor":16,"key":"Block Potion"},{"floor":19,"key":"ColorlessPotion"},{"floor":21,"key":"LiquidBronze"},{"floor":22,"key":"EssenceOfSteel"}],"is_trial":false,"path_per_floor":["R","M","E","M","M","E","T","R","M","E","?","M","M","?","M","B",null,"R","E","?","E","M","E"],"character_chosen":"THE_SERVANT","items_purchased":[],"campfire_rested":1,"item_purchase_floors":[],"current_hp_per_floor":[65,65,65,65,58,28,28,60,57,57,61,61,58,58,58,58,75,75,35,35,35,23,0,0],"gold":178,"neow_bonus":"THREE_ENEMY_KILL","is_daily":false,"chose_seed":false,"campfire_upgraded":1,"win_rate":0.0,"timestamp":1608055780,"path_taken":["R","M","E","M","M","E","T","R","?","E","?","?","M","?","M","BOSS","R","E","?","E","M","E"],"items_purchased_type":[],"build_version":"2020-12-13","purchased_purges":0,"victory":false,"max_hp_per_floor":[65,65,65,65,65,65,65,75,75,75,75,75,75,75,75,75,75,75,75,75,75,75,75,75],"card_choices":[{"not_picked":["SurpressingFire","TimeWarp"],"picked":"MoonPhase","floor":2},{"not_picked":["Foresight","Replace"],"picked":"Sabotage","floor":3},{"not_picked":["Defy","SurpressingFire","Snipe","Orbit"],"picked":"SKIP","floor":4},{"not_picked":["TimeWarp","Alleviate","Ricochet"],"picked":"DoubleEdge","floor":5},{"not_picked":["Reset","TrueSight","Defy"],"picked":"Hightail","floor":6},{"not_picked":["Potential","Moonlight","FastForward","Shuttle"],"picked":"SKIP","floor":9},{"not_picked":["Starlight","Orbit","TimeWarp"],"picked":"Luminosity","floor":10},{"not_picked":["Orbit","Advance","TimeWarp"],"picked":"BottledTime","floor":12},{"not_picked":["Starlight","Unruled","TimeWarp"],"picked":"FlawlessForm","floor":13},{"not_picked":["TimeWarp","Unruled","Snipe","Ricochet"],"picked":"SKIP","floor":15},{"not_picked":["SilverMatrix","TheWorld","TrueSight"],"picked":"Sunlight","floor":16},{"not_picked":["Read","FanOfKnives","Gouge"],"picked":"Barrier","floor":19},{"not_picked":["ShatteredReality","WasteNot","SilverBlades","FastForward"],"picked":"SKIP","floor":21},{"not_picked":["Revamp+1","Unruled","Potential","RealityMarble"],"picked":"SKIP","floor":22}],"player_experience":521259,"relics_obtained":[{"floor":3,"key":"Question Card"},{"floor":6,"key":"ReplayTheSpireMod:Lightbulb"},{"floor":10,"key":"White Beast Statue"},{"floor":19,"key":"aspiration:HatOfInfinitePower"},{"floor":21,"key":"InkBottle"}],"event_choices":[{"damage_healed":4,"gold_gain":0,"player_choice":"LEAVE ","damage_taken":0,"relics_obtained":[],"max_hp_gain":0,"max_hp_loss":0,"event_name":"betterSkull:BetterSkull","floor":11,"gold_loss":0,"cards_upgraded":[]},{"damage_healed":0,"gold_gain":0,"player_choice":"Ignored","damage_taken":0,"max_hp_gain":0,"max_hp_loss":0,"event_name":"betterNote:BetterNote","floor":20,"gold_loss":0,"cards_obtained":["Defend_S"]}],"is_beta":false,"boss_relics":[{"not_picked":["Honey Jar","Runic Pyramid"],"picked":"hubris:HollowSoul"}],"items_purged_floors":[],"is_endless":false,"potions_floor_spawned":[5,9,10,12,13,15,16,19,21,22],"killed_by":"Gremlin Leader","ascension_level":1}}