{"host":"ks12kfi5c4d9hdxy","time":1608026803,"event":{"mods":["Act Like it!","BaseMod","Conspire","Gensokyo","GifTheSpireLib","Koishi","LagranYue(拉格朗・月)","Marisa（F雨　魔理沙）","Minty Spire (QoL Compilation)","Reimu（博丽灵梦）","Remilia（蕾米莉亚）","Replay The Spire","RumiaBox-露米娅的神秘盒子","Shop Mod","StSLib","SuperFastMode","The Administrix","The Servant 0.9.4","Youmu（魂魄妖梦）","Yuyuko","【东方二次创作】八云紫mod","【功能Mod】混沌之环修复补丁","【功能Mod】聪明的最终Boss","篝火指南"],"gold_per_floor":[99,99,99,24,24,24,24,24,24,24,24,24,24,24,24,24,24,24,0,0,0,0,0,0],"floor_reached":23,"playtime":719,"items_purged":["Strike_MRS"],"score":370,"play_id":"0f6d2b37-e8fc-40ef-ad47-47bfc1be7790","local_time":"20201215180643","is_ascension_mode":true,"campfire_choices":[{"data":"FairyDestructionRay","floor":6.0,"key":"SMITH"},{"data":"UpSweep","floor":8.0,"key":"SMITH"},{"floor":15.0,"key":"REST"}],"circlet_count":0,"master_deck":["AscendersBane","Strike_MRS","Strike_MRS","Strike_MRS","Defend_MRS","Defend_MRS","Defend_MRS","Defend_MRS","MasterSpark","UpSweep+1","Gensokyo:ImpossibleRequest","FairyDestructionRay+1","Looming Evil","MilkyWay+1","DeepEcoloBomb","UltimateShortwave","ManaConvection","FinalSpark","ShootingEcho"],"relics":["MiniHakkero","LagranYue:RandomDrawCardRelic","Ectoplasm","ScarletDevilRocket","ReplayTheSpireMod:Ring of Collecting","ReplayTheSpireMod:Ring of Challenge","Gensokyo:Justice","ReplayTheSpireMod:Ring of Addiction","SacredBark","Potion Belt","LastBattle","Replay:Bottled Snecko","Replay:Ringing Soul","Black Star","Frozen Eye"],"acts_visited":["Exordium","Gensokyo:Gensokyo"],"potions_floor_usage":[],"damage_taken":[{"damage":8.0,"enemies":"Gensokyo:3_Fairies","floor":1.0,"turns":4.0},{"damage":20.0,"enemies":"Gensokyo:Mamizou","floor":3.0,"turns":8.0},{"damage":7.0,"enemies":"Gensokyo:Mamizou","floor":10.0,"turns":6.0},{"damage":0.0,"enemies":"Gensokyo:2_Kodama","floor":11.0,"turns":1.0},{"damage":0.0,"enemies":"Gensokyo:Gryphon","floor":12.0,"turns":3.0},{"damage":22.0,"enemies":"Gensokyo:Cirno","floor":13.0,"turns":5.0},{"damage":2.0,"enemies":"Gensokyo:3_Kodama","floor":14.0,"turns":4.0},{"damage":34.0,"enemies":"Gensokyo:Kokoro","floor":16.0,"turns":6.0},{"damage":14.0,"enemies":"Gensokyo:CosmicMonolith","floor":18.0,"turns":4.0},{"damage":8.0,"enemies":"Gensokyo:Chomper","floor":20.0,"turns":4.0},{"damage":34,"enemies":"Gensokyo:Swordslinger","floor":22,"turns":3},{"damage":0,"enemies":"Gensokyo:Koishi","floor":23,"turns":2}],"seed_played":"8785776334818789689","potions_obtained":[{"floor":3.0,"key":"SkillPotion"},{"floor":9.0,"key":"BlessingOfTheForge"},{"floor":9.0,"key":"LiquidBronze"},{"floor":9.0,"key":"PowerPotion"},{"floor":11.0,"key":"ColorlessPotion"},{"floor":12.0,"key":"AttackPotion"},{"floor":18.0,"key":"Dexterity Potion"},{"floor":20.0,"key":"Venom Potion"}],"is_trial":false,"path_per_floor":["M","?","?","$","?","R","?","R","T","E","M","M","E","M","R","B",null,"M","?","M","$","M","E"],"character_chosen":"MARISA","items_purchased":[],"campfire_rested":1,"item_purchase_floors":[],"current_hp_per_floor":[55,70,50,50,50,50,50,50,50,43,43,43,24,25,47,16,63,49,49,41,41,10,10,10],"gold":0,"neow_bonus":"CURSED_BOSS_RELIC","is_daily":false,"chose_seed":false,"campfire_upgraded":2,"win_rate":0.0,"timestamp":1608026803,"path_taken":["M","?","?","?","?","R","?","R","T","E","M","?","E","M","R","BOSS","M","?","M","$","M","E"],"items_purchased_type":[],"build_version":"2020-12-13","purchased_purges":1,"victory":false,"max_hp_per_floor":[70,70,70,70,70,70,70,70,70,70,70,70,73,76,76,79,79,79,79,79,79,82,82,82],"card_choices":[{"not_picked":["GalacticHalo","AlicesGift"],"picked":"MilkyWay","floor":1.0},{"not_picked":["6A","LuminesStrike"],"picked":"FairyDestructionRay","floor":3.0},{"not_picked":["MagicChant","PowerUp"],"picked":"MilkyWay","floor":10.0},{"not_picked":["MagicChant","EnergyFlow","PulseMagic"],"picked":"SKIP","floor":11.0},{"not_picked":["GrandCross","DoubleSpark"],"picked":"DeepEcoloBomb","floor":12.0},{"not_picked":["Occultation","LuminesStrike"],"picked":"UltimateShortwave","floor":13.0},{"not_picked":["Robbery","DoubleSpark"],"picked":"ManaConvection","floor":14.0},{"not_picked":["StarDustReverie","SuperNova"],"picked":"FinalSpark","floor":16.0},{"not_picked":["OortCloud","OrrerysSun","LuminesStrike"],"picked":"SKIP","floor":18.0},{"not_picked":["PowerUp","NonDirectionalLaser","DeepEcoloBomb"],"picked":"SKIP","floor":20.0},{"not_picked":["NonDirectionalLaser+1","AsteroidBelt"],"picked":"ShootingEcho","floor":22}],"player_experience":502829,"relics_obtained":[{"floor":3.0,"key":"ScarletDevilRocket"},{"floor":5.0,"key":"ReplayTheSpireMod:Ring of Collecting"},{"floor":5.0,"key":"ReplayTheSpireMod:Ring of Challenge"},{"floor":9.0,"key":"ReplayTheSpireMod:Ring of Addiction"},{"floor":9.0,"key":"SacredBark"},{"floor":9.0,"key":"Potion Belt"},{"floor":9.0,"key":"LastBattle"},{"floor":10.0,"key":"Replay:Bottled Snecko"},{"floor":13.0,"key":"Replay:Ringing Soul"}],"event_choices":[],"is_beta":false,"boss_relics":[{"not_picked":["conspire:SeveredTorchhead","Ring of Chaos"],"picked":"Black Star"}],"items_purged_floors":[4],"is_endless":false,"potions_floor_spawned":[3,11,12,13,18,20],"killed_by":"Gensokyo:Koishi","ascension_level":18}}