{"host":"3t6uby4o5waaq95r","time":1608006371,"event":{"mods":["AchievementEnabler","BaseMod","Bestiary","Colored Map","Highlight Path","Minty Spire (QoL Compilation)","Permanent Neow","Quick Restart","Random Character Button","SuperFastMode"],"gold_per_floor":[115,134,152,166,166,166,180,180,180,255,267,267,70,81,81,179,179,198,216,216,233,233,233,233,233],"floor_reached":24,"playtime":1219,"items_purged":[],"score":190,"play_id":"6794166a-b48d-4cc6-a4c2-be1273620b3f","local_time":"20201214222611","is_ascension_mode":false,"campfire_choices":[{"data":"Scrape","floor":6,"key":"SMITH"},{"data":"Thinking Ahead","floor":15,"key":"SMITH"},{"floor":23,"key":"REST"}],"circlet_count":0,"master_deck":["Strike_B","Strike_B","Defend_B","Defend_B","Defend_B","Defend_B","Zap","Dualcast","Impatience","Scrape+1","Gash","Skim","Beam Cell","Beam Cell","Steam Power","Thinking Ahead+1","Self Repair","Echo Form","Hello World","Scrape+1","FTL"],"relics":["Cracked Core"],"acts_visited":["Exordium","TheCity"],"potions_floor_usage":[16,16,24],"damage_taken":[{"damage":0,"enemies":"2 Louse","floor":1,"turns":2},{"damage":1,"enemies":"Cultist","floor":2,"turns":3},{"damage":2,"enemies":"Small Slimes","floor":3,"turns":3},{"damage":6,"enemies":"2 Fungi Beasts","floor":4,"turns":4},{"damage":2,"enemies":"Blue Slaver","floor":7,"turns":3},{"damage":0,"enemies":"Exordium Thugs","floor":11,"turns":2},{"damage":0,"enemies":"2 Fungi Beasts","floor":14,"turns":3},{"damage":45,"enemies":"The Guardian","floor":16,"turns":10},{"damage":21,"enemies":"Spheric Guardian","floor":18,"turns":4},{"damage":13,"enemies":"3 Byrds","floor":19,"turns":4},{"damage":27,"enemies":"3 Cultists","floor":21,"turns":4},{"damage":49,"enemies":"Slavers","floor":24,"turns":2}],"seed_played":"-1898510219969331163","potions_obtained":[{"floor":3,"key":"ColorlessPotion"},{"floor":11,"key":"Weak Potion"},{"floor":14,"key":"CultistPotion"},{"floor":18,"key":"Fire Potion"}],"is_trial":false,"path_per_floor":["M","M","M","M","?","R","M","?","T","?","M","T","$","M","R","B",null,"M","M","?","M","?","R","E"],"character_chosen":"DEFECT","items_purchased":["Thinking Ahead"],"campfire_rested":1,"item_purchase_floors":[13],"current_hp_per_floor":[75,74,72,66,66,66,64,57,57,46,46,46,46,46,46,8,75,61,55,41,21,21,45,0,0],"gold":233,"neow_bonus":"RANDOM_COLORLESS","is_daily":false,"chose_seed":false,"campfire_upgraded":2,"win_rate":0.0,"timestamp":1608006371,"path_taken":["M","M","M","M","?","R","?","?","T","?","M","?","$","?","R","BOSS","M","M","?","M","?","R","E"],"items_purchased_type":["Card"],"build_version":"2020-12-13","purchased_purges":0,"victory":false,"max_hp_per_floor":[75,75,75,75,75,75,75,75,75,75,75,75,75,75,75,75,75,75,75,80,80,80,80,80,80],"card_choices":[{"not_picked":["Deep Breath","Swift Strike"],"picked":"Impatience","floor":0},{"not_picked":["Stack","Coolheaded"],"picked":"Scrape","floor":1},{"not_picked":["Beam Cell","Hologram"],"picked":"Gash","floor":2},{"not_picked":["Force Field","Coolheaded"],"picked":"Skim","floor":3},{"not_picked":["Multi-Cast","Double Energy"],"picked":"Beam Cell","floor":4},{"not_picked":["Turbo","Streamline"],"picked":"Beam Cell","floor":7},{"not_picked":["Beam Cell","Reinforced Body"],"picked":"Steam Power","floor":11},{"not_picked":["Conserve Battery","Lockon"],"picked":"Self Repair","floor":14},{"not_picked":["Hyperbeam","Multi-Cast"],"picked":"Echo Form","floor":16},{"not_picked":["Steam Power+1","Streamline"],"picked":"Hello World","floor":18},{"not_picked":["Conserve Battery","Steam"],"picked":"Scrape+1","floor":19},{"not_picked":["Recycle","Ball Lightning"],"picked":"FTL","floor":21}],"player_experience":749310,"relics_obtained":[],"event_choices":[{"cards_removed":["Strike_B"],"damage_healed":0,"gold_gain":0,"player_choice":"Purged","damage_taken":0,"max_hp_gain":0,"max_hp_loss":0,"event_name":"Purifier","floor":5,"gold_loss":0},{"cards_removed":["Strike_B"],"damage_healed":0,"gold_gain":0,"player_choice":"Card Removal","damage_taken":7,"max_hp_gain":0,"max_hp_loss":0,"event_name":"Golden Wing","floor":8,"gold_loss":0},{"damage_healed":0,"gold_gain":75,"player_choice":"Gather Gold","damage_taken":11,"max_hp_gain":0,"max_hp_loss":0,"event_name":"World of Goop","floor":10,"gold_loss":0},{"damage_healed":0,"gold_gain":0,"player_choice":"Shed Blood","damage_taken":19,"max_hp_gain":5,"max_hp_loss":0,"event_name":"Forgotten Altar","floor":20,"gold_loss":0},{"damage_healed":0,"gold_gain":0,"player_choice":"Ignored","damage_taken":0,"max_hp_gain":0,"max_hp_loss":0,"event_name":"Vampires","floor":22,"gold_loss":0}],"is_beta":false,"boss_relics":[{"not_picked":["Empty Cage","Fusion Hammer","Cursed Key"]}],"items_purged_floors":[],"is_endless":false,"potions_floor_spawned":[3,11,14,18],"killed_by":"Slavers","ascension_level":0}}