{"host":"by3dnjj711vo194a","time":1608033730,"event":{"mods":["2.2 Compatiblity","AchievementEnabler","BaseMod","Colored Map","DeckTracker","KOR Keyword Fix","Keyboard Shortcuts","Minty Spire (QoL Compilation)","Permanent Neow","Quick Restart","StSLib","SuperFastMode","everything is the same but u backflip on backflip"],"gold_per_floor":[111,61,81,95,20,20,20,20,20,31,31,31,66,86,86,190,190,200,200,50,50,70,101,101,132,132,132,146,246,266,278,278,377,377,391,391,441,441,441,441,469,469,549,599,627,646,646,679,679,679],"floor_reached":51,"playtime":2140,"items_purged":["Strike_G"],"score":899,"play_id":"b7c83e50-7ad5-48f3-8391-a53567f78874","local_time":"20201215210210","is_ascension_mode":true,"campfire_choices":[{"data":"Neutralize","floor":6.0,"key":"SMITH"},{"data":"Dagger Throw","floor":8.0,"key":"SMITH"},{"floor":15.0,"key":"REST"},{"data":"Noxious Fumes","floor":24.0,"key":"SMITH"},{"floor":27,"key":"REST"},{"floor":32,"key":"REST"},{"data":"Prepared","floor":40,"key":"SMITH"},{"data":"Wraith Form v2","floor":42,"key":"SMITH"},{"floor":47,"key":"REST"},{"floor":49,"key":"REST"}],"circlet_count":0,"master_deck":["Strike_G","Strike_G+1","Strike_G+1","Defend_G","Defend_G","Survivor","Neutralize+1","PiercingWail","Poisoned Stab+1","Dagger Throw+1","Prepared+1","Deadly Poison","Footwork","After Image","Bouncing Flask","Noxious Fumes+1","Wraith Form v2+1","Backflip+1","Madness","Madness","Noxious Fumes+1"],"relics":["Ring of the Snake","Whetstone","Incense Burner","Akabeko","Runic Pyramid","TwistedFunnel","Ancient Tea Set","Red Mask","PreservedInsect","Unceasing Top","Mummified Hand","SacredBark","Calipers","Letter Opener","Pantograph","Ice Cream","Happy Flower","Meat on the Bone"],"acts_visited":["Exordium","TheCity","TheBeyond"],"potions_floor_usage":[29,33,41,50,50],"damage_taken":[{"damage":0.0,"enemies":"Small Slimes","floor":1.0,"turns":4.0},{"damage":0.0,"enemies":"2 Louse","floor":3.0,"turns":2.0},{"damage":0.0,"enemies":"Cultist","floor":4.0,"turns":3.0},{"damage":8.0,"enemies":"Lots of Slimes","floor":10.0,"turns":4.0},{"damage":34.0,"enemies":"Gremlin Nob","floor":13.0,"turns":4.0},{"damage":0.0,"enemies":"3 Louse","floor":14.0,"turns":2.0},{"damage":1.0,"enemies":"The Guardian","floor":16.0,"turns":11.0},{"damage":6.0,"enemies":"Shell Parasite","floor":18.0,"turns":5.0},{"damage":12.0,"enemies":"Spheric Guardian","floor":22.0,"turns":4.0},{"damage":27.0,"enemies":"Slavers","floor":23.0,"turns":7.0},{"damage":18,"enemies":"Masked Bandits","floor":25,"turns":4},{"damage":18,"enemies":"3 Cultists","floor":28,"turns":5},{"damage":0,"enemies":"Colosseum Slavers","floor":29,"turns":5},{"damage":11,"enemies":"Colosseum Nobs","floor":29,"turns":3},{"damage":3,"enemies":"Cultist and Chosen","floor":30,"turns":5},{"damage":0,"enemies":"Snake Plant","floor":31,"turns":4},{"damage":28,"enemies":"Champ","floor":33,"turns":11},{"damage":0,"enemies":"3 Shapes","floor":35,"turns":5},{"damage":2,"enemies":"Mind Bloom Boss Battle","floor":37,"turns":7},{"damage":33,"enemies":"Reptomancer","floor":41,"turns":8},{"damage":4,"enemies":"2 Orb Walkers","floor":44,"turns":5},{"damage":0,"enemies":"Nemesis","floor":45,"turns":5},{"damage":6,"enemies":"3 Darklings","floor":46,"turns":4},{"damage":0,"enemies":"Reptomancer","floor":48,"turns":4},{"damage":42,"enemies":"Time Eater","floor":50,"turns":10}],"seed_played":"8255168694802542937","potions_obtained":[{"floor":3.0,"key":"Weak Potion"},{"floor":4.0,"key":"LiquidBronze"},{"floor":21.0,"key":"FairyPotion"},{"floor":21.0,"key":"GamblersBrew"},{"floor":25,"key":"Strength Potion"},{"floor":29,"key":"LiquidMemories"},{"floor":33,"key":"AttackPotion"},{"floor":41,"key":"SpeedPotion"},{"floor":45,"key":"Explosive Potion"}],"is_trial":false,"path_per_floor":["M","?","M","M","$","R","?","R","T","M","$","?","E","M","R","B",null,"M","?","$","?","M","E","R","?","T","R","M","?","M","M","R","B",null,"M","?","?","?","?","R","E","R","T","?","E","M","R","E","R","B",null],"character_chosen":"THE_SILENT","items_purchased":["TwistedFunnel"],"campfire_rested":5,"item_purchase_floors":[20],"current_hp_per_floor":[70,70,70,70,70,70,70,70,70,62,62,62,28,28,49,48,70,64,64,64,64,52,25,25,7,7,28,10,21,18,18,39,11,70,70,61,59,59,59,59,26,26,26,22,22,16,37,37,58,40],"gold":679,"neow_bonus":"RANDOM_COMMON_RELIC","is_daily":false,"chose_seed":false,"campfire_upgraded":5,"win_rate":0.0,"timestamp":1608033730,"path_taken":["M","?","M","M","$","R","?","R","T","?","?","?","E","M","R","BOSS","M","?","$","?","?","E","R","?","T","R","M","?","M","M","R","BOSS","M","?","?","?","?","R","E","R","T","?","E","M","R","E","R","BOSS"],"items_purchased_type":["Relic"],"build_version":"2020-12-13","purchased_purges":1,"victory":true,"max_hp_per_floor":[70,70,70,70,70,70,70,70,70,70,70,70,70,70,70,70,70,70,70,70,70,70,70,70,70,70,70,70,70,70,70,70,70,70,70,70,70,70,70,70,70,70,70,70,70,70,70,70,70,70],"card_choices":[{"not_picked":["Flechettes","Underhanded Strike"],"picked":"PiercingWail","floor":1.0},{"not_picked":["Setup","Blade Dance"],"picked":"Poisoned Stab","floor":3.0},{"not_picked":["Outmaneuver","Cloak And Dagger"],"picked":"Dagger Throw","floor":4.0},{"not_picked":["Underhanded Strike","Slice"],"picked":"Prepared","floor":10.0},{"not_picked":["Deflect","Infinite Blades"],"picked":"Deadly Poison","floor":13.0},{"not_picked":["PiercingWail","Prepared"],"picked":"Footwork","floor":14.0},{"not_picked":["Storm of Steel","Venomology"],"picked":"After Image","floor":16.0},{"not_picked":["Deflect","Finisher"],"picked":"Bouncing Flask","floor":18.0},{"not_picked":["Flying Knee","Underhanded Strike","Dodge and Roll+1"],"picked":"SKIP","floor":22.0},{"not_picked":["Sucker Punch","Underhanded Strike"],"picked":"Noxious Fumes","floor":23.0},{"not_picked":["Outmaneuver+1","Flying Knee+1","Quick Slash"],"picked":"SKIP","floor":28},{"not_picked":["Leg Sweep","Backstab","Underhanded Strike"],"picked":"SKIP","floor":30},{"not_picked":["Prepared","Bane","Choke"],"picked":"SKIP","floor":31},{"not_picked":["Doppelganger","Die Die Die"],"picked":"Wraith Form v2","floor":33},{"not_picked":["Underhanded Strike+1","Masterful Stab+1"],"picked":"Backflip+1","floor":35},{"not_picked":["Well Laid Plans+1","Storm of Steel"],"picked":"Noxious Fumes+1","floor":41},{"not_picked":["Dash+1","Blade Dance","Cloak And Dagger"],"picked":"SKIP","floor":45},{"not_picked":["Flying Knee+1","Distraction+1","Infinite Blades"],"picked":"SKIP","floor":46},{"not_picked":["Outmaneuver","Poisoned Stab+1","PiercingWail+1"],"picked":"SKIP","floor":48}],"player_experience":121345,"relics_obtained":[{"floor":9.0,"key":"Incense Burner"},{"floor":13.0,"key":"Akabeko"},{"floor":23.0,"key":"Ancient Tea Set"},{"floor":25,"key":"Red Mask"},{"floor":26,"key":"PreservedInsect"},{"floor":29,"key":"Unceasing Top"},{"floor":29,"key":"Mummified Hand"},{"floor":37,"key":"Calipers"},{"floor":41,"key":"Letter Opener"},{"floor":43,"key":"Pantograph"},{"floor":44,"key":"Ice Cream"},{"floor":45,"key":"Happy Flower"},{"floor":48,"key":"Meat on the Bone"}],"event_choices":[{"cards_removed":["Defend_G"],"damage_healed":0.0,"max_hp_gain":0.0,"max_hp_loss":0.0,"gold_gain":0.0,"event_name":"The Cleric","player_choice":"Card Removal","floor":2.0,"gold_loss":50.0,"damage_taken":0.0},{"damage_healed":0.0,"max_hp_gain":0.0,"max_hp_loss":0.0,"gold_gain":0.0,"event_name":"Upgrade Shrine","player_choice":"Upgraded","floor":7.0,"gold_loss":0.0,"damage_taken":0.0,"cards_upgraded":["Poisoned Stab"]},{"cards_removed":["Strike_G"],"damage_healed":0.0,"max_hp_gain":0.0,"max_hp_loss":0.0,"gold_gain":0.0,"event_name":"Living Wall","player_choice":"Forget","floor":12.0,"gold_loss":0.0,"damage_taken":0.0},{"cards_removed":["Defend_G"],"damage_healed":0.0,"max_hp_gain":0.0,"max_hp_loss":0.0,"gold_gain":0.0,"event_name":"Back to Basics","player_choice":"Elegance","floor":19.0,"gold_loss":0.0,"damage_taken":0.0},{"damage_healed":0.0,"max_hp_gain":0.0,"max_hp_loss":0.0,"gold_gain":0.0,"event_name":"Lab","player_choice":"Got Potions","floor":21.0,"gold_loss":0.0,"damage_taken":0.0},{"damage_healed":0,"gold_gain":0,"player_choice":"Fought Bandits","damage_taken":0,"max_hp_gain":0,"max_hp_loss":0,"event_name":"Masked Bandits","floor":25,"gold_loss":0},{"damage_healed":0,"gold_gain":0,"player_choice":"Fight","damage_taken":0,"max_hp_gain":0,"max_hp_loss":0,"event_name":"Colosseum","floor":29,"gold_loss":0},{"damage_healed":0,"gold_gain":0,"player_choice":"Fought Nobs","damage_taken":0,"max_hp_gain":0,"max_hp_loss":0,"event_name":"Colosseum","floor":29,"gold_loss":0},{"damage_healed":0,"gold_gain":0,"player_choice":"Embrace Madness","damage_taken":9,"max_hp_gain":0,"max_hp_loss":0,"event_name":"Winding Halls","floor":36,"gold_loss":0,"cards_obtained":["Madness","Madness"]},{"damage_healed":0,"gold_gain":0,"player_choice":"Fight","damage_taken":0,"max_hp_gain":0,"max_hp_loss":0,"event_name":"MindBloom","floor":37,"gold_loss":0},{"damage_healed":0,"gold_gain":0,"player_choice":"Memory 1","damage_taken":0,"max_hp_gain":0,"max_hp_loss":0,"event_name":"SensoryStone","floor":38,"gold_loss":0},{"cards_removed":["Defend_G"],"damage_healed":0,"gold_gain":0,"player_choice":"Removed Skill","damage_taken":0,"max_hp_gain":0,"max_hp_loss":0,"event_name":"Falling","floor":39,"gold_loss":0},{"damage_healed":0,"gold_gain":0,"player_choice":"Fight","damage_taken":0,"max_hp_gain":0,"max_hp_loss":0,"event_name":"Mysterious Sphere","floor":44,"gold_loss":0}],"is_beta":false,"boss_relics":[{"not_picked":["Ectoplasm","Astrolabe"],"picked":"Runic Pyramid"},{"not_picked":["Philosopher\u0027s Stone","Busted Crown"],"picked":"SacredBark"}],"items_purged_floors":[5],"is_endless":false,"potions_floor_spawned":[3,4,25,29,29,33,41,45,48],"ascension_level":2}}