{"host":"exexdi9os29xec1d","time":1608040011,"event":{"mods":["Act Like it!","BaseMod","Colored Map","Conspire","Decade(王小明)","Downfall","Gensokyo","Hero for Fun","HololiveMod","Hubris","Infinite Spire","KinomotoSakuraMod(木之本樱)","Koishi","LagranYue(拉格朗・月)","Marisa（F雨　魔理沙）","Minty Spire (QoL Compilation)","READ ME - Guardian Mod","Remilia（蕾米莉亚）","Replay The Spire","Shop Mod","StSLib","The Animator","The Bladedancer","The Bug Knight","The Cursed","The Disciple","The Hierophant","The Necromancer","The Servant 0.9.4","Youmu（魂魄妖梦）","[地精首领爬塔]The Maniac"],"gold_per_floor":[109,119,71,85,99,99,99,15,39,53,72,72,84,96,96,192,192,176,191,191,191],"floor_reached":20,"playtime":1200,"items_purged":[],"score":170,"play_id":"bd9394d4-d0dc-4306-b0e3-ac8d0c61f487","local_time":"20201215214651","is_ascension_mode":false,"campfire_choices":[{"data":"HollowMod:MantisMark","floor":6,"key":"SMITH"},{"data":"HollowMod:Weaversong","floor":12,"key":"SMITH"},{"floor":15,"key":"REST"}],"circlet_count":0,"master_deck":["HollowMod:NailStrikeStart","HollowMod:NailStrikeStart","HollowMod:NailStrikeStart","HollowMod:QuickDashStart","HollowMod:QuickDashStart","HollowMod:QuickDashStart","HollowMod:QuickDashStart","HollowMod:FocusHealStart","HollowMod:PogoStrike","HollowMod:Weaversong+1","HollowMod:LifebloodCocoon","HollowMod:CycloneSlash","HollowMod:SiblingsSouls","HollowMod:MantisMark+1","HollowMod:SoulEater","HollowMod:SoulSplash","HollowMod:GoodIntentions","HollowMod:SiblingsSouls","HollowMod:SiblingsSouls","HollowMod:CornifersMapStart","HollowMod:SlysStrikes","HollowMod:PerfectDash","HollowMod:DescendingDark"],"relics":["HollowMod:VoidIdolRelic","LagranYue:RandomDrawCardRelic","Dream Catcher"],"acts_visited":["Exordium","TheCity"],"potions_floor_usage":[20],"damage_taken":[{"damage":5,"enemies":"Cultist","floor":1,"turns":4},{"damage":5,"enemies":"Small Slimes","floor":2,"turns":3},{"damage":0,"enemies":"conspire:RoseBush","floor":4,"turns":4},{"damage":4,"enemies":"Red Slaver","floor":5,"turns":6},{"damage":12,"enemies":"3 Louse","floor":10,"turns":2},{"damage":6,"enemies":"Large Slime","floor":11,"turns":4},{"damage":14,"enemies":"Exordium Thugs","floor":13,"turns":5},{"damage":8,"enemies":"Red Slaver","floor":14,"turns":4},{"damage":39,"enemies":"Slime Boss","floor":16,"turns":13},{"damage":27,"enemies":"2 Thieves","floor":18,"turns":5},{"damage":29,"enemies":"Shell Parasite","floor":19,"turns":12},{"damage":32,"enemies":"Shelled Parasite and Fungi","floor":20,"turns":4}],"seed_played":"-3804218110989310956","potions_obtained":[{"floor":1,"key":"AttackPotion"},{"floor":2,"key":"Fire Potion"},{"floor":5,"key":"Languid Potion"}],"is_trial":false,"path_per_floor":["M","M","$","M","M","R","?","$","T","M","M","R","M","M","R_BF","B",null,"M","M","M"],"character_chosen":"THE_BUGKNIGHT","items_purchased":["HollowMod:CycloneSlash","HollowMod:SoulEater","HollowMod:SoulSplash"],"campfire_rested":1,"item_purchase_floors":[3,8,8],"current_hp_per_floor":[75,75,75,75,75,75,75,75,75,63,63,63,49,41,63,34,75,48,19,0,0],"gold":191,"neow_bonus":"TRANSFORM_CARD","is_daily":false,"chose_seed":false,"campfire_upgraded":2,"win_rate":0.0,"timestamp":1608040011,"path_taken":["M","M","?","M","M","R","?","$","T","M","M","R","?","M","R_BF","BOSS","M","M","M"],"items_purchased_type":["Card","Card","Card"],"build_version":"2020-12-13","purchased_purges":0,"victory":false,"max_hp_per_floor":[75,75,75,75,75,75,75,75,75,75,75,75,75,75,75,75,75,75,75,75,75],"card_choices":[{"not_picked":["HollowMod:LuriensSpire","HollowMod:DungDefenderAura","HollowMod:DreamGate"],"picked":"SKIP","floor":1},{"not_picked":["HollowMod:HowlingWraiths","HollowMod:CoiledNail"],"picked":"HollowMod:LifebloodCocoon","floor":2},{"not_picked":["HollowMod:ShapeofUnn","HollowMod:GoodIntentions"],"picked":"HollowMod:SiblingsSouls","floor":4},{"not_picked":["HollowMod:LifebloodCore","HollowMod:SiblingsShadow"],"picked":"HollowMod:MantisMark","floor":5},{"not_picked":["HollowMod:DoubleDash","HollowMod:SoulStrike"],"picked":"HollowMod:GoodIntentions","floor":10},{"not_picked":["HollowMod:ElderbugsWisdom","HollowMod:InfectedCysts","HollowMod:FastStrike"],"picked":"SKIP","floor":11},{"not_picked":["HollowMod:InfectedCysts","HollowMod:SoulSplash"],"picked":"HollowMod:SiblingsSouls","floor":13},{"not_picked":["HollowMod:SiblingsShadow","HollowMod:VengefulVoid"],"picked":"HollowMod:SiblingsSouls","floor":14},{"not_picked":["HollowMod:InfectedAttack","HollowMod:FastStrike"],"picked":"HollowMod:CornifersMapStart","floor":15},{"not_picked":["HollowMod:Weaversong","HollowMod:MidwifesHunger"],"picked":"HollowMod:SlysStrikes","floor":16},{"not_picked":["HollowMod:MantisMark","HollowMod:SharpenedNail"],"picked":"HollowMod:PerfectDash","floor":18},{"not_picked":["HollowMod:LifebloodCocoon+1","HollowMod:SiblingsSouls"],"picked":"HollowMod:DescendingDark","floor":19}],"player_experience":55165,"relics_obtained":[{"floor":9,"key":"Dream Catcher"}],"event_choices":[{"damage_healed":0,"gold_gain":0,"player_choice":"Bought 0 Potions","damage_taken":0,"max_hp_gain":0,"max_hp_loss":0,"event_name":"The Woman in Blue","floor":7,"gold_loss":0}],"is_beta":false,"boss_relics":[{"not_picked":["hubris:TerracottaHorce","Replay:Wanted Poster"],"picked":"HollowMod:VoidIdolRelic"}],"items_purged_floors":[],"is_endless":false,"potions_floor_spawned":[1,2,5,14,18,19],"killed_by":"Shelled Parasite and Fungi","ascension_level":0}}