{"host":"wghdsg8ym2wc7ov9","time":1608052248,"event":{"mods":["AchievementEnabler","BaseMod","Better Altar","Better Note","Colored Map","Hermit","Highlight Path","Jorbs\u0027s Wanderer Trilogy","Minty Spire (QoL Compilation)","Random Character Button","Relic Stats","Shop Mod","StSLib","The Bug Knight","The Cursed","The Hierophant","The Servant 0.9.4"],"gold_per_floor":[116,133,146,166,243,272,272,272,272,272,272,289,13,0,0,95,95,108,118,118,137,137,137],"floor_reached":22,"playtime":3672,"items_purged":[],"score":186,"play_id":"5ac27ab6-a863-44f0-a8a6-d1463020d003","local_time":"20201215091048","is_ascension_mode":false,"campfire_choices":[{"data":"hermit:Vantage","floor":8.0,"key":"SMITH"},{"data":"hermit:Determination","floor":10.0,"key":"SMITH"},{"floor":15.0,"key":"REST"}],"circlet_count":0,"master_deck":["hermit:Strike_Hermit","hermit:Strike_Hermit","hermit:Strike_Hermit","hermit:Strike_Hermit","hermit:Defend_Hermit","hermit:Defend_Hermit","hermit:Defend_Hermit","hermit:Defend_Hermit","hermit:Snapshot","hermit:Covet","hermit:GhostlyPresence","hermit:Grudge","hermit:Determination+1","hermit:Roulette","hermit:Vantage+1","hermit:GoldenBullet","hermit:Reprieve","hermit:Manifest","hermit:Midnight+1","hermit:BodyArmor"],"relics":["hermit:Momento","Kunai","Pantograph","Membership Card","MerchantsRug","Lizard Tail","Coffee Dripper"],"acts_visited":["Exordium","TheCity"],"potions_floor_usage":[21],"damage_taken":[{"damage":0.0,"enemies":"Cultist","floor":1.0,"turns":3.0},{"damage":1.0,"enemies":"Jaw Worm","floor":2.0,"turns":4.0},{"damage":5.0,"enemies":"Small Slimes","floor":3.0,"turns":3.0},{"damage":9.0,"enemies":"Blue Slaver","floor":4.0,"turns":4.0},{"damage":22.0,"enemies":"3 Sentries","floor":6.0,"turns":6.0},{"damage":3.0,"enemies":"Large Slime","floor":12.0,"turns":5.0},{"damage":47.0,"enemies":"The Guardian","floor":16.0,"turns":20.0},{"damage":33,"enemies":"2 Thieves","floor":18,"turns":5},{"damage":12,"enemies":"3 Byrds","floor":19,"turns":8},{"damage":49,"enemies":"Centurion and Healer","floor":21,"turns":15},{"damage":47,"enemies":"Snake Plant","floor":22,"turns":4}],"seed_played":"-5476200567046036494","potions_obtained":[{"floor":2.0,"key":"SteroidPotion"},{"floor":12.0,"key":"SmokeBomb"},{"floor":16.0,"key":"BlessingOfTheForge"},{"floor":18,"key":"EssenceOfSteel"},{"floor":20,"key":"hermit:Eclipse"},{"floor":21,"key":"BlessingOfTheForge"}],"is_trial":false,"path_per_floor":["M","M","M","M","?","E","T","R","T","R","?","M","$","?","R","B",null,"M","M","?","M","M"],"character_chosen":"HERMIT","items_purchased":["Membership Card","MerchantsRug","Lizard Tail"],"campfire_rested":1,"item_purchase_floors":[13,13,13],"current_hp_per_floor":[82,81,76,67,67,45,45,45,45,45,45,42,42,42,66,35,82,53,45,45,41,0,0],"gold":137,"neow_bonus":"TEN_PERCENT_HP_BONUS","is_daily":false,"chose_seed":false,"campfire_upgraded":2,"win_rate":0.0,"timestamp":1608052248,"path_taken":["M","M","M","M","?","E","?","R","T","R","?","M","$","?","R","BOSS","M","M","?","M","M"],"items_purchased_type":["Relic","Relic","Relic"],"build_version":"2020-12-13","purchased_purges":0,"victory":false,"max_hp_per_floor":[82,82,82,82,82,82,82,82,82,82,82,82,82,82,82,82,82,82,82,82,82,82,82],"relic_stats":{"Lizard Tail":41,"counters":[11,77],"Pantograph":16,"Kunai":[6],"obtain_stats":[{"MerchantsRug":13,"Lizard Tail":13,"Mummified Hand":6,"Pantograph":9,"Coffee Dripper":17,"Kunai":7,"Membership Card":13,"hermit:Momento":0},{"MerchantsRug":6,"Lizard Tail":6,"Mummified Hand":5,"Pantograph":5,"Coffee Dripper":7,"Kunai":5,"Membership Card":6,"hermit:Momento":0},{"MerchantsRug":25,"Lizard Tail":25,"Mummified Hand":20,"Pantograph":20,"Coffee Dripper":45,"Kunai":20,"Membership Card":25,"hermit:Momento":0}]},"card_choices":[{"not_picked":["hermit:Dive","hermit:TrackingShot"],"picked":"hermit:GhostlyPresence","floor":1.0},{"not_picked":["hermit:Snipe","hermit:ItchyTrigger"],"picked":"hermit:Grudge","floor":2.0},{"not_picked":["hermit:HoleUp","hermit:Virtue"],"picked":"hermit:Determination","floor":3.0},{"not_picked":["hermit:TrackingShot","hermit:HoleUp"],"picked":"hermit:Roulette","floor":4.0},{"not_picked":["hermit:Roughhouse","hermit:Ricochet"],"picked":"hermit:Vantage","floor":6.0},{"not_picked":["hermit:Gestalt","hermit:BigShot"],"picked":"hermit:GoldenBullet","floor":12.0},{"not_picked":["hermit:HeroicBravado","hermit:OverwhelmingPower"],"picked":"hermit:Reprieve","floor":16.0},{"not_picked":["hermit:LoneWolf","hermit:Feint"],"picked":"hermit:Manifest","floor":18},{"not_picked":["hermit:Brawl+1","hermit:EyeOfTheStorm+1"],"picked":"hermit:Midnight+1","floor":19},{"not_picked":["hermit:LowProfile","hermit:Glare"],"picked":"hermit:BodyArmor","floor":21}],"player_experience":408725,"relics_obtained":[{"floor":6.0,"key":"Mummified Hand"},{"floor":7.0,"key":"Kunai"},{"floor":9.0,"key":"Pantograph"}],"event_choices":[{"damage_healed":0.0,"max_hp_gain":0.0,"max_hp_loss":0.0,"gold_gain":77.0,"event_name":"Golden Wing","player_choice":"Gained Gold","floor":5.0,"gold_loss":0.0,"damage_taken":0.0},{"damage_healed":0.0,"max_hp_gain":0.0,"max_hp_loss":0.0,"gold_gain":0.0,"event_name":"The Cleric","player_choice":"Leave","floor":11.0,"gold_loss":0.0,"damage_taken":0.0},{"damage_healed":0.0,"max_hp_gain":0.0,"max_hp_loss":0.0,"gold_gain":0.0,"event_name":"World of Goop","player_choice":"Left Gold","floor":14.0,"gold_loss":13.0,"damage_taken":0.0},{"damage_healed":0,"gold_gain":0,"player_choice":"Got Potions","damage_taken":0,"max_hp_gain":0,"max_hp_loss":0,"event_name":"Lab","floor":20,"gold_loss":0}],"is_beta":false,"boss_relics":[{"not_picked":["Runic Dome","Busted Crown"],"picked":"Coffee Dripper"}],"items_purged_floors":[],"is_endless":false,"potions_floor_spawned":[2,12,16,18,21],"killed_by":"Snake Plant","ascension_level":0}}