{"host":"1tl36azeqm6yhdgj","time":1608064305,"event":{"mods":["AchievementEnabler","BaseMod","Minty Spire (QoL Compilation)","StSLib","The IronCluck","everything is the same but u backflip on backflip"],"gold_per_floor":[111,286,6,6,6,35,52,52,103,128,148,148,167,177,177,272,272,283,283,283,45,61,61,80,80,107,123,136,136,148,160,160,255,255,268,287,287,287,43,43,87,39,64,64,125,159,159,200,200,200,200,200,24,64,64,64],"floor_reached":55,"playtime":1937,"items_purged":["Doubt","Strike_R"],"score":1219,"play_id":"3a29e92a-5e27-46c7-9e0c-f9bdde3320e0","local_time":"20201215153145","is_ascension_mode":true,"campfire_choices":[{"floor":12.0,"key":"RECALL"},{"data":"Disarm","floor":15.0,"key":"SMITH"},{"data":"Cleave","floor":23.0,"key":"SMITH"},{"data":"Anger","floor":25.0,"key":"SMITH"},{"data":"Infernal Blade","floor":32.0,"key":"SMITH"},{"data":"Pummel","floor":40.0,"key":"SMITH"},{"data":"Thunderclap","floor":44.0,"key":"SMITH"},{"floor":47.0,"key":"REST"},{"floor":49.0,"key":"REST"},{"data":"Juggernaut","floor":52.0,"key":"SMITH"}],"circlet_count":0,"master_deck":["AscendersBane","Strike_R","Strike_R","Defend_R","Defend_R","Defend_R","Bash+1","Pommel Strike+1","Cleave+1","Infernal Blade+1","Thunderclap+1","Pummel+1","Spot Weakness+1","Anger+1","Disarm+1","Reaper","Feed","CurseOfTheBell","Headbutt+1","Dramatic Entrance+1","Anger+1","Battle Trance+1","Whirlwind+1","Flex","Juggernaut+1","Heavy Blade+1","Demon Form","Metallicize","Body Slam+1","Intimidate+1","Dropkick+1","Limit Break","Offering","Intimidate","Clothesline+1"],"relics":["Burning Blood","NeowsBlessing","Art of War","Mango","Bag of Preparation","PreservedInsect","Bronze Scales","Calling Bell","Toy Ornithopter","Molten Egg 2","Magic Flower","Enchiridion","Boot","Omamori","SacredBark","Orichalcum","CeramicFish","Incense Burner","Bottled Tornado","Whetstone","Oddly Smooth Stone","Strawberry"],"acts_visited":["Exordium","TheCity","TheBeyond","TheEnding"],"potions_floor_usage":[55],"damage_taken":[{"damage":0.0,"enemies":"Cultist","floor":1.0,"turns":1.0},{"damage":0.0,"enemies":"Gremlin Nob","floor":6.0,"turns":1.0},{"damage":0.0,"enemies":"2 Louse","floor":7.0,"turns":1.0},{"damage":20.0,"enemies":"Lagavulin","floor":10.0,"turns":5.0},{"damage":5.0,"enemies":"Jaw Worm","floor":11.0,"turns":3.0},{"damage":0.0,"enemies":"Exordium Wildlife","floor":13.0,"turns":1.0},{"damage":0.0,"enemies":"Large Slime","floor":14.0,"turns":3.0},{"damage":58.0,"enemies":"Hexaghost","floor":16.0,"turns":9.0},{"damage":1.0,"enemies":"3 Byrds","floor":18.0,"turns":4.0},{"damage":22.0,"enemies":"Spheric Guardian","floor":22.0,"turns":3.0},{"damage":10.0,"enemies":"Snake Plant","floor":24.0,"turns":3.0},{"damage":7.0,"enemies":"Snecko","floor":27.0,"turns":3.0},{"damage":51.0,"enemies":"Shelled Parasite and Fungi","floor":28.0,"turns":3.0},{"damage":21.0,"enemies":"Centurion and Healer","floor":30.0,"turns":6.0},{"damage":12.0,"enemies":"Cultist and Chosen","floor":31.0,"turns":4.0},{"damage":100.0,"enemies":"Collector","floor":33.0,"turns":9.0},{"damage":10.0,"enemies":"3 Darklings","floor":35.0,"turns":3.0},{"damage":0.0,"enemies":"3 Shapes","floor":36.0,"turns":1.0},{"damage":40.0,"enemies":"Reptomancer","floor":41.0,"turns":5.0},{"damage":58.0,"enemies":"2 Orb Walkers","floor":45.0,"turns":6.0},{"damage":21.0,"enemies":"Nemesis","floor":46.0,"turns":3.0},{"damage":66.0,"enemies":"Giant Head","floor":48.0,"turns":8.0},{"damage":115.0,"enemies":"Donu and Deca","floor":50.0,"turns":8.0},{"damage":108.0,"enemies":"Shield and Spear","floor":54.0,"turns":4.0},{"damage":65,"enemies":"The Heart","floor":55,"turns":3}],"seed_played":"6807590224743456566","potions_obtained":[{"floor":1.0,"key":"Explosive Potion"},{"floor":7.0,"key":"BlessingOfTheForge"},{"floor":11.0,"key":"BloodPotion"},{"floor":16.0,"key":"ElixirPotion"},{"floor":18.0,"key":"Ancient Potion"},{"floor":30.0,"key":"Strength Potion"},{"floor":31.0,"key":"LiquidMemories"},{"floor":45.0,"key":"DistilledChaos"},{"floor":46.0,"key":"Weak Potion"},{"floor":48.0,"key":"Explosive Potion"},{"floor":54.0,"key":"PowerPotion"}],"is_trial":false,"path_per_floor":["M","?","$","?","$","E","M","?","T","E","M","R","M","M","R","B",null,"M","?","?","$","M","R","M","R","T","M","M","?","M","M","R","B",null,"M","M","?","?","$","R","E","$","T","R","?","E","R","E","R","B",null,"R","$","E","B"],"character_chosen":"IRONCLAD","items_purchased":["Art of War","Cleave","Dramatic Entrance+1","Boot","Orichalcum","Block Potion","Oddly Smooth Stone","Intimidate"],"campfire_rested":2,"item_purchase_floors":[3,3,21,21,39,42,53,53],"current_hp_per_floor":[78,78,78,92,92,94,94,94,94,80,81,81,87,93,93,51,83,97,81,81,81,68,68,72,72,72,82,62,62,63,95,95,29,87,91,100,100,100,100,100,82,82,82,82,64,60,94,74,108,23,94,94,94,32,0,0],"gold":64,"neow_bonus":"THREE_ENEMY_KILL","is_daily":false,"chose_seed":false,"campfire_upgraded":7,"win_rate":0.0,"timestamp":1608064305,"path_taken":["M","?","$","?","$","E","?","?","T","E","M","R","M","M","R","BOSS","M","?","?","$","M","R","M","R","T","M","?","?","M","M","R","BOSS","M","M","?","?","$","R","E","?","T","R","?","E","R","E","R","BOSS","R","$","E","BOSS"],"items_purchased_type":["Relic","Card","Card","Relic","Relic","Potion","Relic","Card"],"build_version":"2020-12-13","purchased_purges":2,"victory":false,"max_hp_per_floor":[80,80,80,94,94,94,94,94,94,94,94,94,94,94,94,94,94,97,97,97,97,97,97,100,100,100,100,103,103,106,106,106,106,106,109,109,109,109,109,109,112,112,112,112,115,115,115,115,115,118,118,118,118,125,125,125],"card_choices":[{"not_picked":["Entrench","Dark Embrace"],"picked":"Pommel Strike","floor":1.0},{"not_picked":["Seeing Red","Armaments"],"picked":"Infernal Blade","floor":6.0},{"not_picked":["Cleave","Heavy Blade"],"picked":"Thunderclap","floor":7.0},{"not_picked":["Power Through","Body Slam"],"picked":"Spot Weakness","floor":10.0},{"not_picked":["Iron Wave","Armaments"],"picked":"Anger","floor":11.0},{"not_picked":["Anger","Clash"],"picked":"Disarm","floor":13.0},{"not_picked":["Shrug It Off","Fire Breathing"],"picked":"Reaper","floor":14.0},{"not_picked":["Offering","Reaper"],"picked":"Feed","floor":16.0},{"not_picked":["Sword Boomerang+1","Reaper+1"],"picked":"Headbutt+1","floor":18.0},{"not_picked":["Twin Strike+1","Armaments"],"picked":"Anger+1","floor":22.0},{"not_picked":["Disarm","Armaments"],"picked":"Battle Trance+1","floor":24.0},{"not_picked":["Sever Soul+1","Inflame"],"picked":"Whirlwind+1","floor":27.0},{"not_picked":["Shrug It Off","Pummel+1"],"picked":"Flex","floor":28.0},{"not_picked":["Shrug It Off","Warcry"],"picked":"Juggernaut","floor":30.0},{"not_picked":["Anger+1","Wild Strike+1"],"picked":"Heavy Blade+1","floor":31.0},{"not_picked":["Exhume","Brutality"],"picked":"Demon Form","floor":33.0},{"not_picked":["Iron Wave+1","Warcry"],"picked":"Metallicize","floor":35.0},{"not_picked":["Sever Soul+1","Thunderclap+1"],"picked":"Body Slam+1","floor":36.0},{"not_picked":["Shrug It Off+1","Headbutt+1"],"picked":"Intimidate+1","floor":41.0},{"not_picked":["Uppercut+1","Perfected Strike+1"],"picked":"Dropkick+1","floor":45.0},{"not_picked":["True Grit","Disarm+1"],"picked":"Limit Break","floor":46.0},{"not_picked":["Dark Embrace","Wild Strike+1"],"picked":"Offering","floor":48.0},{"not_picked":["Cleave+1","Evolve"],"picked":"Clothesline+1","floor":54.0}],"player_experience":1944035,"relics_obtained":[{"floor":6.0,"key":"Bag of Preparation"},{"floor":9.0,"key":"PreservedInsect"},{"floor":10.0,"key":"Bronze Scales"},{"floor":17.0,"key":"Toy Ornithopter"},{"floor":17.0,"key":"Molten Egg 2"},{"floor":17.0,"key":"Magic Flower"},{"floor":19.0,"key":"Enchiridion"},{"floor":26.0,"key":"Omamori"},{"floor":41.0,"key":"CeramicFish"},{"floor":45.0,"key":"Incense Burner"},{"floor":46.0,"key":"Bottled Tornado"},{"floor":48.0,"key":"Whetstone"},{"floor":54.0,"key":"Strawberry"}],"event_choices":[{"damage_healed":0.0,"max_hp_gain":0.0,"max_hp_loss":0.0,"gold_gain":175.0,"event_name":"Liars Game","player_choice":"AGREE","floor":2.0,"gold_loss":0.0,"damage_taken":0.0,"cards_obtained":["Doubt"]},{"damage_healed":0.0,"max_hp_gain":0.0,"max_hp_loss":0.0,"gold_gain":0.0,"event_name":"WeMeetAgain","player_choice":"Gave Potion","floor":4.0,"gold_loss":0.0,"damage_taken":0.0,"relics_obtained":["Mango"]},{"damage_healed":0.0,"max_hp_gain":0.0,"max_hp_loss":0.0,"gold_gain":0.0,"cards_transformed":["Strike_R"],"event_name":"Living Wall","player_choice":"Change","floor":8.0,"gold_loss":0.0,"damage_taken":0.0,"cards_obtained":["Pummel"]},{"damage_healed":0.0,"max_hp_gain":0.0,"max_hp_loss":0.0,"gold_gain":0.0,"event_name":"Cursed Tome","player_choice":"Obtained Book","floor":19.0,"gold_loss":0.0,"damage_taken":16.0},{"damage_healed":0.0,"max_hp_gain":0.0,"max_hp_loss":0.0,"gold_gain":0.0,"event_name":"Upgrade Shrine","player_choice":"Upgraded","floor":20.0,"gold_loss":0.0,"damage_taken":0.0,"cards_upgraded":["Spot Weakness"]},{"cards_removed":["Strike_R"],"damage_healed":0.0,"max_hp_gain":0.0,"max_hp_loss":0.0,"gold_gain":0.0,"event_name":"Back to Basics","player_choice":"Elegance","floor":29.0,"gold_loss":0.0,"damage_taken":0.0},{"cards_removed":["Defend_R"],"damage_healed":0.0,"max_hp_gain":0.0,"max_hp_loss":0.0,"gold_gain":0.0,"event_name":"Falling","player_choice":"Removed Skill","floor":37.0,"gold_loss":0.0,"damage_taken":0.0},{"damage_healed":0.0,"max_hp_gain":0.0,"max_hp_loss":0.0,"gold_gain":0.0,"event_name":"Tomb of Lord Red Mask","player_choice":"Ignored","floor":38.0,"gold_loss":0.0,"damage_taken":0.0},{"damage_healed":0.0,"max_hp_gain":0.0,"max_hp_loss":0.0,"gold_gain":0.0,"event_name":"Mysterious Sphere","player_choice":"Fight","floor":45.0,"gold_loss":0.0,"damage_taken":0.0}],"is_beta":false,"boss_relics":[{"not_picked":["Cursed Key","Sozu"],"picked":"Calling Bell"},{"not_picked":["Runic Cube","Runic Pyramid"],"picked":"SacredBark"}],"items_purged_floors":[3,39],"is_endless":false,"potions_floor_spawned":[1,7,11,16,18,24,30,31,45,46,48,54],"killed_by":"The Heart","ascension_level":11}}