{"host":"8pl220r0zqtv6uof","time":1608050257,"event":{"mods":["BaseMod","Colored Map","DeckTracker","Highlight Path","Keyboard Shortcuts","Minty Spire (QoL Compilation)","Quick Restart","SuperFastMode"],"gold_per_floor":[111,131,56,68,68,68,96,107,176,176,176,187,215,235,235,333,383,399,412,429,448,448,448],"floor_reached":22,"playtime":787,"items_purged":["Strike_R"],"score":235,"play_id":"1f18c466-9f57-4250-b381-8c3f6517f3ff","local_time":"20201216013737","is_ascension_mode":true,"campfire_choices":[{"data":"Bash","floor":6,"key":"SMITH"},{"data":"Limit Break","floor":10,"key":"SMITH"},{"data":"Pommel Strike","floor":15,"key":"SMITH"}],"circlet_count":0,"master_deck":["Strike_R","Strike_R","Defend_R","Defend_R","Defend_R","Defend_R","Bash+1","Cleave","Twin Strike","Wild Strike","Limit Break+1","Spot Weakness","Flex","Twin Strike+1","Pommel Strike+1","Berserk","Pommel Strike","Headbutt","Battle Trance"],"relics":["Burning Blood","StoneCalendar","Pear","Bag of Marbles","Tiny House"],"acts_visited":["Exordium","TheCity"],"potions_floor_usage":[7,12,16,21,21],"damage_taken":[{"damage":8,"enemies":"Small Slimes","floor":1,"turns":3},{"damage":5,"enemies":"Cultist","floor":2,"turns":4},{"damage":7,"enemies":"2 Louse","floor":4,"turns":3},{"damage":6,"enemies":"Gremlin Nob","floor":7,"turns":3},{"damage":8,"enemies":"Red Slaver","floor":8,"turns":4},{"damage":15,"enemies":"3 Louse","floor":12,"turns":4},{"damage":26,"enemies":"Lagavulin","floor":13,"turns":5},{"damage":9,"enemies":"Blue Slaver","floor":14,"turns":3},{"damage":39,"enemies":"The Guardian","floor":16,"turns":7},{"damage":39,"enemies":"Shell Parasite","floor":18,"turns":5},{"damage":0,"enemies":"Chosen","floor":19,"turns":4},{"damage":30,"enemies":"Snecko","floor":20,"turns":5},{"damage":40,"enemies":"Centurion and Healer","floor":21,"turns":4},{"damage":40,"enemies":"Shelled Parasite and Fungi","floor":22,"turns":2}],"seed_played":"-4534827749371475447","potions_obtained":[{"floor":1,"key":"SkillPotion"},{"floor":7,"key":"BlessingOfTheForge"},{"floor":13,"key":"BloodPotion"},{"floor":14,"key":"PowerPotion"},{"floor":16,"key":"SneckoOil"},{"floor":17,"key":"Weak Potion"},{"floor":20,"key":"CultistPotion"},{"floor":21,"key":"SpeedPotion"}],"is_trial":false,"path_per_floor":["M","M","$","M","$","R","E","M","T","R","?","M","E","M","R","B",null,"M","M","M","M","M"],"character_chosen":"IRONCLAD","items_purchased":[],"campfire_rested":0,"item_purchase_floors":[],"current_hp_per_floor":[78,79,79,78,78,78,78,76,86,86,86,77,57,54,54,21,95,62,68,44,29,0,0],"gold":448,"neow_bonus":"REMOVE_CARD","is_daily":false,"chose_seed":false,"campfire_upgraded":3,"win_rate":0.0,"timestamp":1608050257,"path_taken":["M","M","$","M","$","R","E","M","T","R","?","M","E","M","R","BOSS","M","M","M","M","M"],"items_purchased_type":[],"build_version":"2020-12-13","purchased_purges":1,"victory":false,"max_hp_per_floor":[80,80,80,80,80,80,80,80,90,90,90,90,90,90,90,90,95,95,95,95,95,95,95],"card_choices":[{"not_picked":["Pummel","Flex"],"picked":"Cleave","floor":1},{"not_picked":["Heavy Blade","Blood for Blood"],"picked":"Twin Strike","floor":2},{"not_picked":["Heavy Blade","Iron Wave"],"picked":"Wild Strike","floor":4},{"not_picked":["Cleave","Metallicize"],"picked":"Limit Break","floor":7},{"not_picked":["True Grit","Infernal Blade"],"picked":"Spot Weakness","floor":8},{"not_picked":["Armaments","True Grit"],"picked":"Flex","floor":12},{"not_picked":["Rampage","Entrench"],"picked":"Twin Strike","floor":13},{"not_picked":["Flame Barrier","Second Wind"],"picked":"Pommel Strike","floor":14},{"not_picked":["Immolate","Double Tap"],"picked":"Berserk","floor":16},{"not_picked":["Blood for Blood","Twin Strike"],"picked":"Pommel Strike","floor":17},{"not_picked":["Searing Blow","Whirlwind","Reckless Charge"],"picked":"SKIP","floor":18},{"not_picked":["Rage","Sword Boomerang","Impervious"],"picked":"SKIP","floor":19},{"not_picked":["Iron Wave+1","Reckless Charge"],"picked":"Headbutt","floor":20},{"not_picked":["Sword Boomerang","Thunderclap"],"picked":"Battle Trance","floor":21}],"player_experience":122203,"relics_obtained":[{"floor":7,"key":"StoneCalendar"},{"floor":9,"key":"Pear"},{"floor":13,"key":"Bag of Marbles"}],"event_choices":[{"cards_removed":["Strike_R"],"damage_healed":0,"gold_gain":0,"player_choice":"Offered Basic","damage_taken":0,"max_hp_gain":0,"max_hp_loss":0,"event_name":"Bonfire Elementals","floor":11,"gold_loss":0}],"is_beta":false,"boss_relics":[{"not_picked":["Busted Crown","Astrolabe"],"picked":"Tiny House"}],"items_purged_floors":[3],"is_endless":false,"potions_floor_spawned":[1,7,13,14,16,19,20,21],"killed_by":"Shelled Parasite and Fungi","ascension_level":1}}