{"host":"buuozll9zukolitn","time":1608058105,"event":{"mods":["BaseMod","Googly Eyes","Minty Spire (QoL Compilation)","StSLib","everything is the same but u backflip on backflip","slay the spire mod where everything is the same but ironclad has a cowboy hat"],"gold_per_floor":[117,136,411,24,37,67,67,79,156,156,189,207,218,232,232,337,337,319,319,13,24,24,56,16,115,141,190,190,190],"floor_reached":28,"playtime":1019,"items_purged":["Strike_B"],"score":322,"play_id":"ebde077d-9f5f-4508-abbd-f4cb878b2482","local_time":"20201215194825","is_ascension_mode":true,"campfire_choices":[{"floor":7,"key":"REST"},{"floor":10,"key":"REST"},{"floor":15,"key":"REST"}],"circlet_count":0,"master_deck":["Strike_B","Strike_B","Strike_B","Defend_B","Defend_B","Defend_B","Defend_B","Zap","Dualcast","Cold Snap","Static Discharge","Sweeping Beam","Regret","Cold Snap","Thunder Strike","Heatsinks","Seek","Compile Driver","Fusion","Leap","Machine Learning","Defragment","Apotheosis","Stack","Lockon","Capacitor+1","Loop"],"relics":["Cracked Core","Membership Card","Ice Cream","Boot","Lizard Tail","Eternal Feather","Happy Flower","Philosopher\u0027s Stone","MutagenicStrength","TungstenRod","Enchiridion","Blood Vial","Potion Belt","Lantern"],"acts_visited":["Exordium","TheCity"],"potions_floor_usage":[6,12,14,14,14,16,16,21,23,23],"damage_taken":[{"damage":0,"enemies":"Jaw Worm","floor":1,"turns":4},{"damage":4,"enemies":"Cultist","floor":2,"turns":3},{"damage":4,"enemies":"2 Louse","floor":5,"turns":3},{"damage":38,"enemies":"Lagavulin","floor":6,"turns":6},{"damage":12,"enemies":"Looter","floor":8,"turns":3},{"damage":29,"enemies":"3 Sentries","floor":11,"turns":5},{"damage":13,"enemies":"Exordium Wildlife","floor":12,"turns":3},{"damage":8,"enemies":"2 Fungi Beasts","floor":13,"turns":3},{"damage":7,"enemies":"Looter","floor":14,"turns":3},{"damage":24,"enemies":"Slime Boss","floor":16,"turns":9},{"damage":28,"enemies":"2 Thieves","floor":18,"turns":4},{"damage":21,"enemies":"Chosen","floor":21,"turns":5},{"damage":30,"enemies":"Gremlin Leader","floor":23,"turns":3},{"damage":18,"enemies":"Snake Plant","floor":28,"turns":2}],"seed_played":"3785394067270299478","potions_obtained":[{"floor":1,"key":"Energy Potion"},{"floor":2,"key":"Regen Potion"},{"floor":8,"key":"Fire Potion"},{"floor":12,"key":"EntropicBrew"},{"floor":16,"key":"PotionOfCapacity"},{"floor":18,"key":"AttackPotion"},{"floor":21,"key":"EssenceOfSteel"}],"is_trial":false,"path_per_floor":["M","M","?","$","M","E","R","M","T","R","E","M","M","M","R","B",null,"M","?","$","M","?","E","$","?","T","T","M"],"character_chosen":"DEFECT","items_purchased":["Membership Card","Ice Cream","Boot","Apotheosis","TungstenRod","Stack","Loop"],"campfire_rested":3,"item_purchase_floors":[4,4,4,20,20,20,24],"current_hp_per_floor":[68,64,64,64,60,34,56,44,44,75,46,33,25,18,52,28,63,35,35,35,14,2,9,9,9,9,9,0,0],"gold":190,"neow_bonus":"THREE_CARDS","is_daily":false,"chose_seed":false,"campfire_upgraded":0,"win_rate":0.0,"timestamp":1608058105,"path_taken":["M","M","?","?","M","E","R","?","T","R","E","M","M","M","R","BOSS","M","?","$","M","?","E","?","?","T","?","M"],"items_purchased_type":["Relic","Relic","Relic","Card","Relic","Card","Card"],"build_version":"2020-12-13","purchased_purges":1,"victory":false,"max_hp_per_floor":[75,75,75,75,75,75,75,75,75,75,75,75,75,75,75,75,75,75,75,75,75,75,75,75,75,75,75,75,75],"card_choices":[{"not_picked":["Beam Cell","Go for the Eyes"],"picked":"Cold Snap","floor":0},{"not_picked":["Chill","White Noise"],"picked":"Static Discharge","floor":1},{"not_picked":["Go for the Eyes","Steam"],"picked":"Sweeping Beam","floor":2},{"not_picked":["Beam Cell","Barrage"],"picked":"Cold Snap","floor":5},{"not_picked":["Go for the Eyes","Blizzard"],"picked":"Thunder Strike","floor":6},{"not_picked":["Barrage","Hologram"],"picked":"Heatsinks","floor":8},{"not_picked":["Go for the Eyes","Ball Lightning"],"picked":"Seek","floor":11},{"not_picked":["Ball Lightning","Gash"],"picked":"Compile Driver","floor":12},{"not_picked":["All For One","Cold Snap"],"picked":"Fusion","floor":13},{"not_picked":["Coolheaded","Compile Driver"],"picked":"Leap","floor":14},{"not_picked":["Fission","Meteor Strike"],"picked":"Machine Learning","floor":16},{"not_picked":["Double Energy","Undo"],"picked":"Defragment","floor":18},{"not_picked":["Rip and Tear","Gash+1"],"picked":"Lockon","floor":21},{"not_picked":["Sunder+1","Barrage+1"],"picked":"Capacitor+1","floor":23}],"player_experience":280624,"relics_obtained":[{"floor":6,"key":"Lizard Tail"},{"floor":9,"key":"Eternal Feather"},{"floor":11,"key":"Happy Flower"},{"floor":22,"key":"Enchiridion"},{"floor":23,"key":"Blood Vial"},{"floor":26,"key":"Potion Belt"},{"floor":27,"key":"Lantern"}],"event_choices":[{"damage_healed":0,"gold_gain":275,"player_choice":"Desecrate","damage_taken":0,"max_hp_gain":0,"max_hp_loss":0,"event_name":"Golden Shrine","floor":3,"gold_loss":0,"cards_obtained":["Regret"]},{"damage_healed":0,"gold_gain":0,"player_choice":"Inject Mutagens","damage_taken":0,"relics_obtained":["MutagenicStrength"],"max_hp_gain":0,"max_hp_loss":0,"event_name":"Drug Dealer","floor":19,"gold_loss":0},{"damage_healed":0,"gold_gain":0,"player_choice":"Obtained Book","damage_taken":16,"max_hp_gain":0,"max_hp_loss":0,"event_name":"Cursed Tome","floor":22,"gold_loss":0},{"damage_healed":0,"gold_gain":99,"player_choice":"Stole From Cult","damage_taken":0,"max_hp_gain":0,"max_hp_loss":0,"event_name":"Nest","floor":25,"gold_loss":0}],"is_beta":false,"boss_relics":[{"not_picked":["Runic Dome","Coffee Dripper"],"picked":"Philosopher\u0027s Stone"}],"items_purged_floors":[20],"is_endless":false,"potions_floor_spawned":[1,2,8,12,16,18,21],"killed_by":"Snake Plant","ascension_level":6}}