{"host":"0rxdudjy6rylha1k","time":1608045245,"event":{"mods":["Aspiration","BaseMod","Colored Map","Colored Powertips","Downfall","Highlight Path","Hubris","Minty Spire (QoL Compilation)","StSLib"],"gold_per_floor":[99,118,118,131,131,146,169,94,106,106,3,18,3,21,37,37,37],"floor_reached":16,"playtime":1147,"items_purged":[],"score":104,"play_id":"91d4a036-83fc-4363-a057-3244b1af8062","local_time":"20201215081405","is_ascension_mode":false,"campfire_choices":[{"data":"champ:Taunt","floor":1,"key":"SMITH"},{"floor":3,"key":"RECALL"},{"data":"champ:EnGarde","floor":8,"key":"SMITH"},{"data":"champ:Balance","floor":10,"key":"SMITH"}],"circlet_count":0,"master_deck":["champ:Strike","champ:Strike","champ:Strike","champ:Strike","champ:Defend","champ:Defend","champ:Defend","champ:Defend","champ:Execute","champ:Taunt+1","champ:Balance+1","champ:StanceDance","champ:EnGarde+1","champ:CrookedStrike","champ:BerserkersShout","Enlightenment","champ:GladiatorStyle","champ:FocusedDefense","champ:RapidStrikes","champ:CalledShot"],"relics":["aspiration:FutureDiary","Juzu Bracelet","downfall:HeartBlessingRed"],"acts_visited":["Exordium"],"potions_floor_usage":[5,14,16,16],"damage_taken":[{"damage":6,"enemies":"Cultist","floor":2,"turns":4},{"damage":5,"enemies":"2 Louse","floor":4,"turns":3},{"damage":0,"enemies":"3 Sentries","floor":5,"turns":1},{"damage":16,"enemies":"Small Slimes","floor":6,"turns":4},{"damage":16,"enemies":"Exordium Wildlife","floor":9,"turns":3},{"damage":10,"enemies":"downfall:FleeingMerchant","floor":11,"turns":4},{"damage":16,"enemies":"2 Fungi Beasts","floor":12,"turns":4},{"damage":13,"enemies":"downfall:FleeingMerchant","floor":13,"turns":4},{"damage":22,"enemies":"Gremlin Gang","floor":14,"turns":5},{"damage":15,"enemies":"Lots of Slimes","floor":15,"turns":5},{"damage":34,"enemies":"downfall:Silent","floor":16,"turns":2}],"seed_played":"-5236243141228291660","potions_obtained":[{"floor":2,"key":"SmokeBomb"},{"floor":6,"key":"Strength Potion"},{"floor":9,"key":"BlessingOfTheForge"},{"floor":12,"key":"DuplicationPotion"},{"floor":14,"key":"SkillPotion"}],"is_trial":false,"path_per_floor":["R","M","R","M","E","M","T","R","M","R","$","M","$","M","M","B"],"character_chosen":"THE_CHAMP","items_purchased":["Enlightenment"],"campfire_rested":0,"item_purchase_floors":[11],"current_hp_per_floor":[90,89,89,89,89,83,83,83,67,67,67,56,51,37,30,0,0],"gold":37,"neow_bonus":"BOSS_RELIC","is_daily":false,"chose_seed":false,"campfire_upgraded":3,"win_rate":0.0,"timestamp":1608045245,"path_taken":["R","M","R","M","E","M","T","R","M","R","$","M","$","M","M","BOSS"],"items_purchased_type":["Card"],"build_version":"2020-12-13","purchased_purges":0,"victory":false,"max_hp_per_floor":[90,90,90,90,90,90,90,90,90,90,90,90,90,90,90,90,90],"card_choices":[{"not_picked":["champ:Encircle","champ:GladiatorsShout"],"picked":"champ:Balance","floor":2},{"not_picked":["champ:EnGarde","champ:CrookedStrike"],"picked":"champ:StanceDance","floor":4},{"not_picked":["champ:BringItOn","champ:TornadoPunch"],"picked":"champ:EnGarde","floor":6},{"not_picked":["champ:Riposte","champ:BringItOn"],"picked":"champ:CrookedStrike","floor":9},{"not_picked":["champ:Lariat","champ:PerfectedStrike"],"picked":"champ:BerserkersShout","floor":11},{"not_picked":["champ:TornadoPunch","champ:SwordThrow"],"picked":"champ:GladiatorStyle","floor":12},{"not_picked":["champ:AdrenalArmor","champ:StanceDance"],"picked":"champ:FocusedDefense","floor":13},{"not_picked":["champ:BringItOn","champ:BerserkersShout"],"picked":"champ:RapidStrikes","floor":14},{"not_picked":["champ:BladeFlurry","champ:BringItOn"],"picked":"champ:CalledShot","floor":15}],"player_experience":2246302,"relics_obtained":[{"floor":7,"key":"Juzu Bracelet"}],"event_choices":[],"is_beta":false,"boss_relics":[],"items_purged_floors":[],"is_endless":false,"potions_floor_spawned":[2,6,9,12,14],"killed_by":"downfall:Silent","ascension_level":0}}