{"host":"g1nobhbyuiiqkluq","time":1608004895,"event":{"mods":["Act Like it!","Aspiration","BaseMod","Better Match","Better Skull","Block Reminder","Conspire","Halation","Hubris","Minty Spire (QoL Compilation)","Quick Restart","Relic Stats","Replay The Spire","Spicy Shops","Spikes Relics","StSLib","SuperFastMode"],"gold_per_floor":[119,130,130,130,12,12,42,55,55,55,55,89,105,43,43,147,147,112,132,85,97,97,97,114,114,114,314,189,216,230,244,244,244,244],"floor_reached":33,"playtime":1650,"items_purged":["Delirium","Strike_R","Anger+1"],"score":300,"play_id":"ce2145c5-8a92-4bd0-8967-740236828a15","local_time":"20201214200135","is_ascension_mode":false,"campfire_choices":[{"data":"Armaments","floor":6.0,"key":"SMITH"},{"data":"Strike_R","floor":15.0,"key":"PURGE"},{"floor":23.0,"key":"REST"},{"floor":32,"key":"REST"}],"circlet_count":0,"master_deck":["Defend_R","Defend_R","Defend_R","Defend_R","Bash","Cleave","ReplayReversal","Armaments+1","Inflame","Entrench","True Grit","Limit Break","Defy Death+1","hubris:CleavingFinish+1","Evolve","Body Slam","Impervious","Entrench"],"relics":["Burning Blood","NeowsBlessing","ReplayTheSpireMod:CursedCoin","hubris:TenFootPole","BrokenLever","conspire:DecoderRing","Astrolabe","halation:EternalFortune","Oddly Smooth Stone"],"acts_visited":["Exordium","TheCity"],"potions_floor_usage":[29,31,33,33],"damage_taken":[{"damage":0.0,"enemies":"Cultist","floor":1.0,"turns":1.0},{"damage":0.0,"enemies":"2 Louse","floor":2.0,"turns":1.0},{"damage":0.0,"enemies":"3 Sentries","floor":7.0,"turns":1.0},{"damage":0.0,"enemies":"conspire:RoseBush","floor":8.0,"turns":3.0},{"damage":9.0,"enemies":"Gremlin Nob","floor":12.0,"turns":4.0},{"damage":12.0,"enemies":"Large Slime","floor":13.0,"turns":5.0},{"damage":11.0,"enemies":"Slime Boss","floor":16.0,"turns":10.0},{"damage":16.0,"enemies":"2 Thieves","floor":18.0,"turns":5.0},{"damage":30.0,"enemies":"Spheric Guardian","floor":19.0,"turns":6.0},{"damage":40.0,"enemies":"3 Cultists","floor":21.0,"turns":5.0},{"damage":6.0,"enemies":"Shelled Parasite and Fungi","floor":24.0,"turns":9.0},{"damage":19,"enemies":"conspire:SneckoGhost","floor":29,"turns":18},{"damage":0,"enemies":"Snecko","floor":30,"turns":6},{"damage":24,"enemies":"Sentry and Sphere","floor":31,"turns":10},{"damage":66,"enemies":"Collector","floor":33,"turns":7}],"seed_played":"1224393150228547143","potions_obtained":[{"floor":7.0,"key":"SteroidPotion"},{"floor":16.0,"key":"Fire Potion"},{"floor":21.0,"key":"EntropicBrew"},{"floor":29,"key":"LiquidBronze"},{"floor":30,"key":"LiquidMemories"}],"is_trial":false,"path_per_floor":["M","M","?","?","$","R","E","M","T","$","?","E","M","$","R","B",null,"M","M","$","M","?","R","M","?","T","?","$","E","M","M","R","B"],"character_chosen":"IRONCLAD","items_purchased":["Armaments","ReplayTheSpireMod:CursedCoin","Inflame","True Grit","Body Slam"],"campfire_rested":2,"item_purchase_floors":[5,5,5,14,20],"current_hp_per_floor":[80,80,85,85,85,85,85,85,85,85,85,82,76,76,76,71,85,75,51,51,17,17,42,42,45,45,45,45,32,38,20,46,0,0],"gold":244,"neow_bonus":"THREE_ENEMY_KILL","is_daily":false,"chose_seed":false,"campfire_upgraded":1,"win_rate":0.0,"timestamp":1608004895,"path_taken":["M","M","?","?","$","R","E","?","T","$","?","E","M","?","R","BOSS","M","M","$","?","?","R","M","?","T","?","$","E","?","M","R","BOSS"],"items_purchased_type":["Card","Relic","Card","Card","Card"],"build_version":"2020-12-13","purchased_purges":3,"victory":false,"max_hp_per_floor":[80,80,85,85,85,85,85,85,85,85,85,85,85,85,85,85,85,85,85,85,85,85,85,85,88,88,88,88,88,88,88,88,88,88],"relic_stats":{"counters":[15,91],"Astrolabe":["Anger","Defy Death","hubris:CleavingFinish"],"obtain_stats":[{"NeowsBlessing":0,"ReplayTheSpireMod:CursedCoin":5,"conspire:DecoderRing":12,"Astrolabe":17,"halation:EternalFortune":25,"Oddly Smooth Stone":29,"BrokenLever":9,"hubris:TenFootPole":7,"Burning Blood":0},{"NeowsBlessing":0,"ReplayTheSpireMod:CursedCoin":2,"conspire:DecoderRing":5,"Astrolabe":7,"halation:EternalFortune":11,"Oddly Smooth Stone":12,"BrokenLever":4,"hubris:TenFootPole":3,"Burning Blood":0},{"NeowsBlessing":0,"ReplayTheSpireMod:CursedCoin":2,"conspire:DecoderRing":10,"Astrolabe":25,"halation:EternalFortune":50,"Oddly Smooth Stone":68,"BrokenLever":6,"hubris:TenFootPole":3,"Burning Blood":0}],"Burning Blood":60},"card_choices":[{"not_picked":["hubris:ReadiedAction","ReplayTheSpireMod:Strike From Hell"],"picked":"Cleave","floor":1.0},{"not_picked":["Armaments","Clothesline"],"picked":"ReplayReversal","floor":2.0},{"not_picked":["conspire:ExplosiveBarrier","Power Through","Havoc"],"picked":"SKIP","floor":7.0},{"not_picked":["Flex","Abandon","Armaments"],"picked":"SKIP","floor":8.0},{"not_picked":["hubris:SharpeningStone","Immolate","Fire Breathing"],"picked":"SKIP","floor":12.0},{"not_picked":["Body Slam","Armaments"],"picked":"Entrench","floor":13.0},{"not_picked":["Reaper","Fiend Fire"],"picked":"Limit Break","floor":16.0},{"not_picked":["Run Through","Clothesline"],"picked":"Evolve","floor":18.0},{"not_picked":["Twin Strike","Carnage","Absolvement"],"picked":"SKIP","floor":19.0},{"not_picked":["Bloodletting+1","Cleave+1","Seeing Red"],"picked":"SKIP","floor":21.0},{"not_picked":["Headbutt+1","Ghostly Armor","Armaments+1"],"picked":"SKIP","floor":24.0},{"not_picked":["conspire:Charge","Iron Wave"],"picked":"Impervious","floor":29},{"not_picked":["BarbarianYell","Headbutt","Abandon"],"picked":"SKIP","floor":30},{"not_picked":["Run Through+1","Reckless Charge+1"],"picked":"Entrench","floor":31}],"player_experience":3023997,"relics_obtained":[{"floor":7.0,"key":"hubris:TenFootPole"},{"floor":9.0,"key":"BrokenLever"},{"floor":12.0,"key":"conspire:DecoderRing"},{"floor":29,"key":"Oddly Smooth Stone"}],"event_choices":[{"damage_healed":0.0,"max_hp_gain":5.0,"max_hp_loss":0.0,"gold_gain":0.0,"event_name":"Big Fish","player_choice":"Donut","floor":3.0,"gold_loss":0.0,"damage_taken":0.0},{"damage_healed":0.0,"max_hp_gain":0.0,"max_hp_loss":0.0,"gold_gain":0.0,"event_name":"Wheel of Change","player_choice":"Full Heal","floor":4.0,"gold_loss":0.0,"damage_taken":0.0},{"damage_healed":0.0,"max_hp_gain":0.0,"max_hp_loss":0.0,"gold_gain":0.0,"event_name":"conspire:Investor","player_choice":"Leave","floor":11.0,"gold_loss":0.0,"damage_taken":0.0},{"damage_healed":0.0,"max_hp_gain":0.0,"max_hp_loss":0.0,"gold_gain":200.0,"event_name":"Wheel of Change","player_choice":"Gold","floor":27.0,"gold_loss":0.0,"damage_taken":0.0}],"is_beta":false,"boss_relics":[{"not_picked":["aspiration:SecretTechniqueScroll","Tiny House"],"picked":"Astrolabe"}],"items_purged_floors":[5,5,28],"is_endless":false,"potions_floor_spawned":[7,16,21,29,30],"killed_by":"Collector","ascension_level":0}}