{"host":"3ruuxia64lftldua","time":1608001153,"event":{"mods":["BaseMod","BetterRewards","Downfall","Infinite Spire","Marisa????????","Minty Spire (QoL Compilation)","Prisma Mod","Spicy Shops","StSLib","The Alterego","The Animator","The Construct","The Disciple","The Servant 0.9.4"],"gold_per_floor":[100,100,250,283,167,167,194,179,199,230,244,255,355,197,210,210,210],"floor_reached":16,"playtime":1907,"items_purged":["Slimebound:Icky"],"score":133,"play_id":"465acbdd-9b16-470b-aeb8-6558d1266b13","local_time":"20201215035913","is_ascension_mode":false,"campfire_choices":[{"data":"alterego_mod:Impale","floor":1,"key":"SMITH"}],"circlet_count":0,"master_deck":["alterego_mod:Strike","alterego_mod:Strike","alterego_mod:Strike","alterego_mod:Strike","alterego_mod:Defend","alterego_mod:Defend","alterego_mod:Defend","alterego_mod:Defend","alterego_mod:Impale+1","alterego_mod:BigMeatyClaws","alterego_mod:BrynhildrsRune","alterego_mod:BeGentle","alterego_mod:MagicResistance","alterego_mod:Mirror","alterego_mod:Swimsuit","alterego_mod:Rip","alterego_mod:AlterEgo","alterego_mod:Punishment","alterego_mod:1TonWallop","alterego_mod:TrickOrTreatment","alterego_mod:Complex"],"relics":["alterego_mod:MasochisticConstitution","downfall:HeartsMalice","Matryoshka","Vajra","Shuriken","Meat on the Bone","downfall:CloakOfManyFaces","CultistMask","FaceOfCleric","NlothsMask","GremlinMask","SsserpentHead","HandDrill"],"acts_visited":["Exordium"],"potions_floor_usage":[13,16,16],"damage_taken":[{"damage":0,"enemies":"Small Slimes","floor":2,"turns":1},{"damage":0,"enemies":"Lagavulin","floor":4,"turns":1},{"damage":0,"enemies":"downfall:FleeingMerchant","floor":5,"turns":1},{"damage":0,"enemies":"downfall:FleeingMerchant","floor":8,"turns":6},{"damage":6,"enemies":"Jaw Worm","floor":9,"turns":3},{"damage":14,"enemies":"Gremlin Nob","floor":10,"turns":4},{"damage":0,"enemies":"Cultist","floor":11,"turns":3},{"damage":0,"enemies":"3 Louse","floor":12,"turns":1},{"damage":10,"enemies":"downfall:FaceTrader","floor":13,"turns":8},{"damage":26,"enemies":"downfall:FleeingMerchant","floor":14,"turns":5},{"damage":13,"enemies":"2 Fungi Beasts","floor":15,"turns":3},{"damage":39,"enemies":"downfall:Ironclad","floor":16,"turns":3}],"seed_played":"8658502196042661880","potions_obtained":[{"floor":4,"key":"SpeedPotion"},{"floor":9,"key":"BlessingOfTheForge"},{"floor":11,"key":"SmokeBomb"},{"floor":15,"key":"LiquidBronze"}],"is_trial":false,"path_per_floor":["R","M","?","E","$","?","T","$","M","E","M","M","?","$","M","B"],"character_chosen":"The_Alterego","items_purchased":["alterego_mod:Swimsuit","HandDrill"],"campfire_rested":0,"item_purchase_floors":[5,14],"current_hp_per_floor":[70,70,70,70,70,70,70,70,65,52,59,59,50,38,39,0,0],"gold":210,"neow_bonus":"THREE_ENEMY_KILL","is_daily":false,"chose_seed":false,"campfire_upgraded":1,"win_rate":0.0,"timestamp":1608001153,"path_taken":["R","M","?","E","$","?","T","?","M","E","M","M","?","$","M","BOSS"],"items_purchased_type":["Card","Relic"],"build_version":"2020-12-13","purchased_purges":1,"victory":false,"max_hp_per_floor":[70,70,70,70,70,70,70,70,71,72,72,72,73,75,77,77,77],"card_choices":[{"not_picked":["alterego_mod:Birthday","alterego_mod:Jiggle"],"picked":"alterego_mod:BeGentle","floor":2},{"not_picked":["alterego_mod:Complex","alterego_mod:BoobPocket"],"picked":"alterego_mod:MagicResistance","floor":4},{"not_picked":["alterego_mod:BustOut","alterego_mod:Jiggle"],"picked":"alterego_mod:Mirror","floor":5},{"not_picked":["alterego_mod:HighServant","alterego_mod:Maid"],"picked":"alterego_mod:Rip","floor":9},{"not_picked":["alterego_mod:ChallengeComplete","alterego_mod:Table"],"picked":"alterego_mod:AlterEgo","floor":10},{"not_picked":["alterego_mod:Undulate","alterego_mod:PerceptionDisorder"],"picked":"alterego_mod:Punishment","floor":11},{"not_picked":["alterego_mod:Maid","alterego_mod:SakuraPetals"],"picked":"alterego_mod:1TonWallop","floor":12},{"not_picked":["alterego_mod:TrashNCrash","alterego_mod:DeftHands"],"picked":"alterego_mod:TrickOrTreatment","floor":13},{"not_picked":["alterego_mod:DiscoLights","alterego_mod:HighServant","alterego_mod:DeftHands"],"picked":"SKIP","floor":14},{"not_picked":["alterego_mod:DeftHands","alterego_mod:RidiculouslyBig"],"picked":"alterego_mod:Complex","floor":15}],"player_experience":85630,"relics_obtained":[{"floor":4,"key":"Matryoshka"},{"floor":7,"key":"Vajra"},{"floor":7,"key":"Shuriken"},{"floor":10,"key":"Meat on the Bone"},{"floor":13,"key":"downfall:CloakOfManyFaces"}],"event_choices":[],"is_beta":false,"boss_relics":[],"items_purged_floors":[5],"is_endless":false,"potions_floor_spawned":[4,9,11,15],"killed_by":"downfall:Ironclad","ascension_level":0}}