{"host":"t61y2h917t9s2x5y","time":1608043173,"event":{"mods":["AchievementEnabler","BaseMod","Colored Map","Colored Powertips","DeckTracker","Minty Spire (QoL Compilation)","Rare Cards Sparkle"],"gold_per_floor":[117,134,148,148,171,183,221,248,260,292,304,266,278,303,315,428,440,440,440,83,83,35,35,35,35,35,35,35,35,35,35,35,35,35,35,35,35,35,35,35,35,35,35,35,35,35,35,35,35,35],"floor_reached":51,"playtime":3270,"items_purged":["Rupture+1"],"score":810,"play_id":"94e31109-4f73-4553-b4c2-bcfab83d9695","local_time":"20201215093933","is_ascension_mode":false,"campfire_choices":[{"data":"Bash","floor":6,"key":"SMITH"},{"data":"Rupture","floor":11,"key":"SMITH"},{"data":"Clothesline","floor":13,"key":"SMITH"},{"data":"Twin Strike","floor":15,"key":"SMITH"},{"data":"Entrench","floor":24,"key":"SMITH"},{"data":"Body Slam","floor":29,"key":"SMITH"},{"data":"Body Slam","floor":32,"key":"SMITH"},{"data":"Barricade","floor":40,"key":"SMITH"},{"data":"Body Slam","floor":42,"key":"SMITH"},{"data":"Impervious","floor":49,"key":"SMITH"}],"circlet_count":0,"master_deck":["Strike_R","Strike_R","Strike_R","Defend_R","Defend_R","Defend_R","Bash+1","Pommel Strike","Clothesline+1","Twin Strike+1","Impervious","Entrench+1","Body Slam+1","Impervious+1","Pommel Strike","Shrug It Off","Body Slam+1","Ghostly Armor","Body Slam+1","Necronomicurse","Shrug It Off","Battle Trance+1","Barricade+1","Shrug It Off+1","Ghostly Armor+1","Entrench+1","Body Slam+1","Shrug It Off+1","Double Tap"],"relics":["Burning Blood","MawBank","Ginger","Eternal Feather","Ectoplasm","Bottled Lightning","Mercury Hourglass","InkBottle","Necronomicon","Mark of Pain","Vajra","Orichalcum","Pear"],"acts_visited":["Exordium","TheCity","TheBeyond"],"potions_floor_usage":[5,5,14,16,23,23,28,31,31,44,50,50],"damage_taken":[{"damage":12,"enemies":"Small Slimes","floor":1,"turns":3},{"damage":6,"enemies":"Cultist","floor":2,"turns":3},{"damage":0,"enemies":"2 Louse","floor":3,"turns":2},{"damage":2,"enemies":"Large Slime","floor":5,"turns":7},{"damage":31,"enemies":"Lagavulin","floor":7,"turns":7},{"damage":13,"enemies":"Exordium Wildlife","floor":8,"turns":5},{"damage":12,"enemies":"2 Fungi Beasts","floor":10,"turns":4},{"damage":3,"enemies":"Lots of Slimes","floor":14,"turns":4},{"damage":60,"enemies":"The Guardian","floor":16,"turns":12},{"damage":0,"enemies":"Spheric Guardian","floor":18,"turns":4},{"damage":0,"enemies":"Chosen","floor":19,"turns":4},{"damage":26,"enemies":"Centurion and Healer","floor":21,"turns":5},{"damage":38,"enemies":"Slavers","floor":23,"turns":7},{"damage":0,"enemies":"Snake Plant","floor":25,"turns":3},{"damage":5,"enemies":"Cultist and Chosen","floor":28,"turns":4},{"damage":0,"enemies":"Chosen and Byrds","floor":30,"turns":5},{"damage":7,"enemies":"Centurion and Healer","floor":31,"turns":5},{"damage":59,"enemies":"Champ","floor":33,"turns":9},{"damage":0,"enemies":"Orb Walker","floor":35,"turns":4},{"damage":0,"enemies":"3 Shapes","floor":36,"turns":3},{"damage":0,"enemies":"Jaw Worm Horde","floor":38,"turns":4},{"damage":0,"enemies":"Spire Growth","floor":39,"turns":3},{"damage":0,"enemies":"Giant Head","floor":41,"turns":8},{"damage":0,"enemies":"3 Darklings","floor":44,"turns":3},{"damage":0,"enemies":"4 Shapes","floor":45,"turns":2},{"damage":40,"enemies":"Nemesis","floor":46,"turns":7},{"damage":29,"enemies":"Awakened One","floor":50,"turns":7}],"seed_played":"4976733685243181150","potions_obtained":[{"floor":2,"key":"ElixirPotion"},{"floor":3,"key":"EssenceOfSteel"},{"floor":10,"key":"AttackPotion"},{"floor":14,"key":"Explosive Potion"},{"floor":21,"key":"LiquidBronze"},{"floor":25,"key":"Explosive Potion"},{"floor":28,"key":"BlessingOfTheForge"},{"floor":30,"key":"Fire Potion"},{"floor":38,"key":"LiquidBronze"},{"floor":41,"key":"SpeedPotion"},{"floor":46,"key":"Ancient Potion"}],"is_trial":false,"path_per_floor":["M","M","M","?","M","R","E","M","T","M","R","?","R","M","R","B",null,"M","M","$","M","$","E","R","M","T","?","M","R","M","M","R","B",null,"M","M","?","M","M","R","E","R","T","M","M","E","?","?","R","B",null],"character_chosen":"IRONCLAD","items_purchased":["Body Slam","Bottled Lightning","BlessingOfTheForge"],"campfire_rested":0,"item_purchase_floors":[20,20,22],"current_hp_per_floor":[74,74,80,80,80,80,55,48,48,42,51,51,60,63,72,18,80,80,80,80,60,60,28,40,46,46,30,31,43,49,48,60,7,80,80,80,80,80,80,80,80,80,80,80,80,56,56,56,71,48],"gold":35,"neow_bonus":"","is_daily":false,"chose_seed":false,"campfire_upgraded":10,"win_rate":0.0,"timestamp":1608043173,"path_taken":["M","M","M","?","M","R","E","?","T","M","R","?","R","M","R","BOSS","M","M","$","M","$","E","R","M","T","?","M","R","M","M","R","BOSS","M","M","?","M","M","R","E","R","T","M","M","E","?","?","R","BOSS"],"items_purchased_type":["Card","Relic","Potion"],"build_version":"2020-12-13","purchased_purges":1,"victory":true,"max_hp_per_floor":[80,80,80,80,80,80,80,80,80,80,80,80,80,80,80,80,80,80,80,80,80,80,80,80,80,80,80,80,80,80,80,80,80,80,80,80,80,80,80,80,80,80,80,80,80,90,90,90,90,90],"card_choices":[{"not_picked":["Armaments","Perfected Strike"],"picked":"Pommel Strike","floor":1},{"not_picked":["Dual Wield","Anger"],"picked":"Clothesline","floor":2},{"not_picked":["Entrench","Feel No Pain"],"picked":"Twin Strike","floor":3},{"not_picked":["Metallicize","Warcry"],"picked":"Impervious","floor":5},{"not_picked":["Second Wind","Warcry","Iron Wave"],"picked":"SKIP","floor":7},{"not_picked":["Body Slam","Armaments"],"picked":"Entrench","floor":8},{"not_picked":["Pommel Strike","Intimidate"],"picked":"Rupture","floor":10},{"not_picked":["Warcry","Blood for Blood"],"picked":"Body Slam","floor":14},{"not_picked":["Reaper","Feed"],"picked":"Impervious","floor":16},{"not_picked":["Dropkick","Flex"],"picked":"Pommel Strike","floor":18},{"not_picked":["Dark Embrace","Corruption"],"picked":"Shrug It Off","floor":19},{"not_picked":["Warcry+1","Clash"],"picked":"Ghostly Armor","floor":21},{"not_picked":["Ghostly Armor","Disarm"],"picked":"Body Slam","floor":23},{"not_picked":["Carnage","Armaments","Pummel"],"picked":"SKIP","floor":25},{"not_picked":["Pommel Strike","Searing Blow+1"],"picked":"Shrug It Off","floor":28},{"not_picked":["Perfected Strike","Warcry","True Grit"],"picked":"SKIP","floor":30},{"not_picked":["Clothesline","Combust+1"],"picked":"Battle Trance+1","floor":31},{"not_picked":["Juggernaut","Double Tap"],"picked":"Barricade","floor":33},{"not_picked":["Flex","Warcry"],"picked":"Shrug It Off+1","floor":35},{"not_picked":["Sword Boomerang+1","Clothesline+1","Reckless Charge+1"],"picked":"SKIP","floor":36},{"not_picked":["Perfected Strike+1","Iron Wave"],"picked":"Ghostly Armor+1","floor":38},{"not_picked":["Metallicize","Shrug It Off+1"],"picked":"Entrench+1","floor":39},{"not_picked":["Flex+1","Bludgeon"],"picked":"Body Slam+1","floor":41},{"not_picked":["Reckless Charge+1","Sword Boomerang+1","Thunderclap+1"],"picked":"SKIP","floor":44},{"not_picked":["Clothesline","Sword Boomerang+1"],"picked":"Shrug It Off+1","floor":45},{"not_picked":["True Grit+1","Thunderclap"],"picked":"Double Tap","floor":46}],"player_experience":0,"relics_obtained":[{"floor":4,"key":"MawBank"},{"floor":7,"key":"Ginger"},{"floor":9,"key":"Eternal Feather"},{"floor":23,"key":"Mercury Hourglass"},{"floor":26,"key":"InkBottle"},{"floor":27,"key":"Necronomicon"},{"floor":41,"key":"Vajra"},{"floor":43,"key":"Orichalcum"},{"floor":46,"key":"Pear"}],"event_choices":[{"damage_healed":0,"gold_gain":0,"player_choice":"Relic","damage_taken":0,"max_hp_gain":0,"max_hp_loss":0,"event_name":"Wheel of Change","floor":4,"gold_loss":0},{"cards_removed":["Strike_R"],"damage_healed":0,"gold_gain":0,"player_choice":"Card Removal","damage_taken":0,"max_hp_gain":0,"max_hp_loss":0,"event_name":"The Cleric","floor":12,"gold_loss":50},{"damage_healed":0,"gold_gain":0,"player_choice":"Obtained Book","damage_taken":16,"max_hp_gain":0,"max_hp_loss":0,"event_name":"Cursed Tome","floor":27,"gold_loss":0},{"cards_removed":["Defend_R"],"damage_healed":0,"gold_gain":0,"player_choice":"Removed Skill","damage_taken":0,"max_hp_gain":0,"max_hp_loss":0,"event_name":"Falling","floor":37,"gold_loss":0},{"damage_healed":0,"gold_gain":0,"player_choice":"Ignored","damage_taken":0,"max_hp_gain":0,"max_hp_loss":0,"event_name":"Mysterious Sphere","floor":47,"gold_loss":0},{"cards_removed":["Strike_R"],"damage_healed":0,"gold_gain":0,"player_choice":"Purged","damage_taken":0,"max_hp_gain":0,"max_hp_loss":0,"event_name":"Purifier","floor":48,"gold_loss":0}],"is_beta":false,"boss_relics":[{"not_picked":["Velvet Choker","Coffee Dripper"],"picked":"Ectoplasm"},{"not_picked":["Runic Dome","SacredBark"],"picked":"Mark of Pain"}],"items_purged_floors":[20],"is_endless":false,"potions_floor_spawned":[2,3,10,14,21,25,28,30,38,41,46],"ascension_level":0}}