{"host":"bux1pdxjwq4dkad9","time":1608086804,"event":{"mods":["BaseMod","Colored Map","Minty Spire (QoL Compilation)","Quick Restart","Robot Space Explorer","StSLib","SuperFastMode","TestMod","【功能Mod】精心准备"],"gold_per_floor":[118,134,155,173,199,249,249,272,295,314,314,314,349,372,372,490,490,526,451,481,506,906,953,990,1032,1032,1073,1114,1114,716,716,716,846,846,874,945,981,1016,567,567,594,504,531,576,610,674,705,753,753,779,779,779,348,393,441],"floor_reached":56,"playtime":2347,"items_purged":["RobotSpaceExplorer:Strike","RobotSpaceExplorer:Strike","RobotSpaceExplorer:Strike","RobotSpaceExplorer:Defend"],"score":2457,"play_id":"15a1cc47-bcbe-4d48-affe-faf257523992","local_time":"20201216104644","is_ascension_mode":true,"campfire_choices":[{"data":"RobotSpaceExplorer:FranticSearch","floor":11.0,"key":"SMITH"},{"data":"RobotSpaceExplorer:SwiftStep","floor":15.0,"key":"SMITH"},{"floor":29.0,"key":"RECALL"},{"data":"RobotSpaceExplorer:SelfCleaning","floor":32.0,"key":"SMITH"},{"data":"RobotSpaceExplorer:Comet","floor":40,"key":"SMITH"},{"data":"RobotSpaceExplorer:Scan","floor":49,"key":"SMITH"},{"data":"RobotSpaceExplorer:Accelerator","floor":52,"key":"SMITH"}],"circlet_count":0,"master_deck":["RobotSpaceExplorer:Defend","RobotSpaceExplorer:Defend","RobotSpaceExplorer:Defend","RobotSpaceExplorer:Scan+1","RobotSpaceExplorer:MiniLasers","RobotSpaceExplorer:GlueShot","RobotSpaceExplorer:Accelerator+1","RobotSpaceExplorer:FranticSearch+1","RobotSpaceExplorer:FranticSearch+1","RobotSpaceExplorer:MakeshiftVolley","RobotSpaceExplorer:DoubleFind","RobotSpaceExplorer:SwiftStep+1","RobotSpaceExplorer:TrailblazerForm+1","RobotSpaceExplorer:SelfCleaning+1","RobotSpaceExplorer:Comet+1","RobotSpaceExplorer:GlueSpray+1","RobotSpaceExplorer:MiniBoosters+1","RobotSpaceExplorer:MiniBoosters+1","RobotSpaceExplorer:ScrapMissile","RobotSpaceExplorer:PowerCollector+1"],"relics":["testmod-DeterminationOfClimber","testmod-InjuryResistance","Lantern","Happy Flower","Eternal Feather","Tiny Chest","Philosopher\u0027s Stone","Anchor","PreservedInsect","Mercury Hourglass","Red Mask","Ornamental Fan","Medical Kit","Bag of Preparation","Nilry\u0027s Codex","Orichalcum","Runic Pyramid","Frozen Egg 2","Kunai","Akabeko","Bottled Tornado","Centennial Puzzle","testmod-CrystalShield","RobotSpaceExplorer:SlideRule","Nunchaku"],"acts_visited":["Exordium","TheCity","TheBeyond","TheEnding"],"potions_floor_usage":[38,46,55],"damage_taken":[{"damage":2.0,"enemies":"Small Slimes","floor":1.0,"turns":3.0},{"damage":0.0,"enemies":"Cultist","floor":2.0,"turns":3.0},{"damage":0.0,"enemies":"Jaw Worm","floor":3.0,"turns":3.0},{"damage":0.0,"enemies":"2 Fungi Beasts","floor":4.0,"turns":3.0},{"damage":2.0,"enemies":"Large Slime","floor":5.0,"turns":4.0},{"damage":0.0,"enemies":"3 Sentries","floor":6.0,"turns":2.0},{"damage":0.0,"enemies":"Exordium Thugs","floor":8.0,"turns":1.0},{"damage":0.0,"enemies":"Lots of Slimes","floor":10.0,"turns":2.0},{"damage":0.0,"enemies":"Gremlin Nob","floor":13.0,"turns":2.0},{"damage":0.0,"enemies":"Looter","floor":14.0,"turns":2.0},{"damage":0.0,"enemies":"Slime Boss","floor":16.0,"turns":4.0},{"damage":0.0,"enemies":"Chosen","floor":18.0,"turns":4.0},{"damage":0.0,"enemies":"Shell Parasite","floor":20.0,"turns":2.0},{"damage":0.0,"enemies":"Sentry and Sphere","floor":21.0,"turns":1.0},{"damage":0.0,"enemies":"Gremlin Leader","floor":23.0,"turns":2.0},{"damage":0.0,"enemies":"Shelled Parasite and Fungi","floor":24.0,"turns":2.0},{"damage":0.0,"enemies":"Book of Stabbing","floor":25.0,"turns":3.0},{"damage":0.0,"enemies":"Masked Bandits","floor":27.0,"turns":2.0},{"damage":0.0,"enemies":"Slavers","floor":28.0,"turns":2.0},{"damage":0.0,"enemies":"Automaton","floor":33.0,"turns":6.0},{"damage":0.0,"enemies":"3 Darklings","floor":35.0,"turns":2.0},{"damage":0.0,"enemies":"3 Shapes","floor":37.0,"turns":2.0},{"damage":0,"enemies":"Spire Growth","floor":38,"turns":3},{"damage":0,"enemies":"4 Shapes","floor":41,"turns":1},{"damage":0,"enemies":"Reptomancer","floor":44,"turns":2},{"damage":0,"enemies":"3 Darklings","floor":45,"turns":1},{"damage":0,"enemies":"Giant Head","floor":46,"turns":4},{"damage":0,"enemies":"Writhing Mass","floor":47,"turns":4},{"damage":0,"enemies":"Reptomancer","floor":48,"turns":3},{"damage":0,"enemies":"Donu and Deca","floor":50,"turns":3},{"damage":0,"enemies":"Shield and Spear","floor":54,"turns":1},{"damage":0,"enemies":"The Heart","floor":55,"turns":3}],"seed_played":"-7630211526083419971","potions_obtained":[{"floor":5.0,"key":"AttackPotion"},{"floor":6.0,"key":"Weak Potion"},{"floor":8.0,"key":"Dexterity Potion"},{"floor":20.0,"key":"Energy Potion"},{"floor":28.0,"key":"Ancient Potion"},{"floor":38,"key":"AttackPotion"},{"floor":46,"key":"Fruit Juice"}],"is_trial":false,"path_per_floor":["M","M","M","M","M","E","?","M","T","M","R","T","E","M","R","B",null,"M","$","M","M","?","E","M","E","T","?","E","R","$","?","R","B",null,"M","T","M","M","$","R","M","?","T","E","M","E","M","E","R","B",null,"R","$","E","B",null],"character_chosen":"RobotSpaceExplorer","items_purchased":["Medical Kit","Bag of Preparation","Kunai","RobotSpaceExplorer:MiniBoosters+1","RobotSpaceExplorer:SlideRule","SkillPotion","RobotSpaceExplorer:PowerCollector+1"],"campfire_rested":0,"item_purchase_floors":[30,30,39,39,53,53,53],"current_hp_per_floor":[68,73,75,75,75,75,75,75,75,75,75,75,75,75,75,75,75,75,75,75,75,75,75,75,75,75,75,75,75,75,65,74,75,75,75,75,75,75,75,75,75,75,75,75,75,80,80,80,80,80,80,80,80,80,80],"gold":441,"neow_bonus":"RANDOM_COMMON_RELIC","is_daily":false,"chose_seed":false,"campfire_upgraded":6,"win_rate":0.0,"timestamp":1608086804,"path_taken":["M","M","M","M","M","E","?","?","T","M","R","?","E","M","R","BOSS","M","$","M","M","?","E","M","E","T","?","E","R","$","?","R","BOSS","M","?","M","M","$","R","M","?","T","E","M","E","M","E","R","BOSS","R","$","E","BOSS"],"items_purchased_type":["Relic","Relic","Relic","Card","Relic","Potion","Card"],"build_version":"2020-12-13","purchased_purges":4,"victory":true,"max_hp_per_floor":[75,75,75,75,75,75,75,75,75,75,75,75,75,75,75,75,75,75,75,75,75,75,75,75,75,75,75,75,75,75,75,75,75,75,75,75,75,75,75,75,75,75,75,75,75,80,80,80,80,80,80,80,80,80,80],"card_choices":[{"not_picked":["RobotSpaceExplorer:SurgingStrike","RobotSpaceExplorer:TurboDodge"],"picked":"RobotSpaceExplorer:GlueShot","floor":1.0},{"not_picked":["RobotSpaceExplorer:FrostMissile","RobotSpaceExplorer:ShockKick"],"picked":"RobotSpaceExplorer:Accelerator","floor":2.0},{"not_picked":["RobotSpaceExplorer:ShovelStrike","RobotSpaceExplorer:Electropulse","RobotSpaceExplorer:SlimeMissile"],"picked":"SKIP","floor":3.0},{"not_picked":["RobotSpaceExplorer:MetalStrike","RobotSpaceExplorer:ShockKick"],"picked":"RobotSpaceExplorer:FranticSearch","floor":4.0},{"not_picked":["RobotSpaceExplorer:PlasmaMissile","RobotSpaceExplorer:GearShield"],"picked":"RobotSpaceExplorer:FranticSearch","floor":5.0},{"not_picked":["RobotSpaceExplorer:ScrapMissile","RobotSpaceExplorer:FreezingShield"],"picked":"RobotSpaceExplorer:MakeshiftVolley","floor":6.0},{"not_picked":["RobotSpaceExplorer:StunGrenade","RobotSpaceExplorer:Pulsar","RobotSpaceExplorer:Scanner"],"picked":"SKIP","floor":8.0},{"not_picked":["RobotSpaceExplorer:ImprovisedAttack","RobotSpaceExplorer:ShovelStrike"],"picked":"RobotSpaceExplorer:DoubleFind","floor":10.0},{"not_picked":["RobotSpaceExplorer:Ammunition","RobotSpaceExplorer:MetalStrike"],"picked":"RobotSpaceExplorer:SwiftStep","floor":13.0},{"not_picked":["RobotSpaceExplorer:GlueShot","RobotSpaceExplorer:SlimeMissile","RobotSpaceExplorer:Probe"],"picked":"SKIP","floor":14.0},{"not_picked":["RobotSpaceExplorer:Autoloader","RobotSpaceExplorer:Comet"],"picked":"RobotSpaceExplorer:TrailblazerForm","floor":16.0},{"not_picked":["RobotSpaceExplorer:Jetpack+1","RobotSpaceExplorer:Electroshield+1","RobotSpaceExplorer:Counterblock"],"picked":"SKIP","floor":18.0},{"not_picked":["RobotSpaceExplorer:FrostMissile","RobotSpaceExplorer:StunGrenade","RobotSpaceExplorer:GlueShot"],"picked":"SKIP","floor":20.0},{"not_picked":["RobotSpaceExplorer:StunGrenade","RobotSpaceExplorer:Blitz","RobotSpaceExplorer:FrostMissile"],"picked":"SKIP","floor":21.0},{"not_picked":["RobotSpaceExplorer:ShockMissile","RobotSpaceExplorer:SwiftStep","RobotSpaceExplorer:Pulsar"],"picked":"SKIP","floor":23.0},{"not_picked":["RobotSpaceExplorer:Ammunition+1","RobotSpaceExplorer:GlueShot","RobotSpaceExplorer:SwiftStep"],"picked":"SKIP","floor":24.0},{"not_picked":["RobotSpaceExplorer:FranticSearch","RobotSpaceExplorer:MetalStrike","RobotSpaceExplorer:SlimeMissile"],"picked":"SKIP","floor":25.0},{"not_picked":["RobotSpaceExplorer:ScrapToss","RobotSpaceExplorer:Jetpack"],"picked":"RobotSpaceExplorer:SelfCleaning","floor":27.0},{"not_picked":["RobotSpaceExplorer:StunGrenade","RobotSpaceExplorer:LuckyStrike"],"picked":"RobotSpaceExplorer:Exploration","floor":28.0},{"not_picked":["RobotSpaceExplorer:Blaster","RobotSpaceExplorer:ShockMissile"],"picked":"RobotSpaceExplorer:Comet","floor":33.0},{"not_picked":["RobotSpaceExplorer:SurgingStrike+1","RobotSpaceExplorer:LuckyStrike+1","RobotSpaceExplorer:MiniDrones"],"picked":"SKIP","floor":35.0},{"not_picked":["RobotSpaceExplorer:BigMissile+1","RobotSpaceExplorer:Jetpack","RobotSpaceExplorer:PowerGlove+1"],"picked":"SKIP","floor":37.0},{"not_picked":["RobotSpaceExplorer:ToxicBomb+1","RobotSpaceExplorer:PowerGlove+1"],"picked":"RobotSpaceExplorer:GlueSpray+1","floor":38},{"not_picked":["RobotSpaceExplorer:ShockKick+1","RobotSpaceExplorer:FranticSearch","RobotSpaceExplorer:Electropulse+1"],"picked":"SKIP","floor":41},{"not_picked":["RobotSpaceExplorer:StunGrenade","RobotSpaceExplorer:ScrapShield+1"],"picked":"RobotSpaceExplorer:MiniBoosters+1","floor":44},{"not_picked":["RobotSpaceExplorer:LaserBurst","RobotSpaceExplorer:FreezingShield+1","RobotSpaceExplorer:MiniDrones"],"picked":"SKIP","floor":45},{"not_picked":["RobotSpaceExplorer:FranticSearch","RobotSpaceExplorer:Blitz+1"],"picked":"RobotSpaceExplorer:ScrapMissile","floor":46},{"not_picked":["RobotSpaceExplorer:Pulsar+1","RobotSpaceExplorer:FrostMissile","RobotSpaceExplorer:RigExplosive"],"picked":"SKIP","floor":47},{"not_picked":["RobotSpaceExplorer:ImprovisedAttack","RobotSpaceExplorer:ScrapMissile+1","RobotSpaceExplorer:Blaster"],"picked":"SKIP","floor":48},{"not_picked":["RobotSpaceExplorer:StunGrenade+1","RobotSpaceExplorer:ShockKick+1","RobotSpaceExplorer:SlimeMissile+1"],"picked":"SKIP","floor":54}],"player_experience":2315073,"relics_obtained":[{"floor":6.0,"key":"Happy Flower"},{"floor":12.0,"key":"Eternal Feather"},{"floor":13.0,"key":"Tiny Chest"},{"floor":23.0,"key":"Anchor"},{"floor":25.0,"key":"PreservedInsect"},{"floor":26.0,"key":"Mercury Hourglass"},{"floor":27.0,"key":"Red Mask"},{"floor":28.0,"key":"Ornamental Fan"},{"floor":31.0,"key":"Nilry\u0027s Codex"},{"floor":33.0,"key":"Orichalcum"},{"floor":36.0,"key":"Frozen Egg 2"},{"floor":43,"key":"Akabeko"},{"floor":44,"key":"Bottled Tornado"},{"floor":46,"key":"Centennial Puzzle"},{"floor":48,"key":"testmod-CrystalShield"},{"floor":54,"key":"Nunchaku"}],"event_choices":[{"damage_healed":0.0,"max_hp_gain":0.0,"max_hp_loss":0.0,"gold_gain":0.0,"event_name":"Upgrade Shrine","player_choice":"Upgraded","floor":7.0,"gold_loss":0.0,"damage_taken":0.0,"cards_upgraded":["RobotSpaceExplorer:FranticSearch"]},{"damage_healed":0.0,"max_hp_gain":0.0,"max_hp_loss":0.0,"gold_gain":400.0,"event_name":"恩洛斯的盘子","player_choice":"Sell","floor":22.0,"relics_lost":["testmod-TestBox"],"gold_loss":0.0,"damage_taken":0.0},{"damage_healed":0.0,"max_hp_gain":0.0,"max_hp_loss":0.0,"gold_gain":0.0,"event_name":"Masked Bandits","player_choice":"Fought Bandits","floor":27.0,"gold_loss":0.0,"damage_taken":0.0},{"damage_healed":0.0,"max_hp_gain":0.0,"max_hp_loss":0.0,"gold_gain":0.0,"event_name":"Cursed Tome","player_choice":"Obtained Book","floor":31.0,"gold_loss":0.0,"damage_taken":16.0},{"cards_removed":["RobotSpaceExplorer:Strike"],"damage_healed":0,"gold_gain":0,"player_choice":"Upgrade and Remove","damage_taken":0,"max_hp_gain":0,"max_hp_loss":0,"event_name":"Designer","floor":42,"gold_loss":90,"cards_upgraded":["RobotSpaceExplorer:TrailblazerForm"]}],"is_beta":false,"boss_relics":[{"not_picked":["testmod-Recursion","Ectoplasm"],"picked":"Philosopher\u0027s Stone"},{"not_picked":["Busted Crown","testmod-IncinerationGenerator"],"picked":"Runic Pyramid"}],"items_purged_floors":[19,30,39,53],"is_endless":false,"potions_floor_spawned":[5,6,8,20,23,28,38,41,44,46],"ascension_level":9}}