{"host":"wonp23fsqqcu31ie","time":1608109211,"event":{"mods":["2.2 Compatiblity","AchievementEnabler","Aspiration","BaseMod","Bestiary","Better Altar","Better Match","Better Sensory Stone","Better Skull","Better Third Choice","BetterRewards","Block Reminder","Colored Map","Colored Powertips","Conspire","DeckTracker","Displayed Cursed Tome","Downfall","Hermit","Highlight Path","Hubris","Minty Spire (QoL Compilation)","Permanent Neow","Quick Restart","Rare Cards Sparkle","Relic Stats","Replay The Spire","Shade Mod","Shop Mod","StSLib","SuperFastMode","The Animator","The Cursed","The Gatherer","The Necromancer","The Runesmith","The Servant 0.9.4"],"gold_per_floor":[114,114,133,151,151,151,170,170,170,170,186,196,222,234,234,333,333,353,452,377,392,392,421,438,455,480,506,334,334,345,377,377,377,377],"floor_reached":33,"playtime":920,"items_purged":[],"score":324,"play_id":"00c07d4c-3664-4684-a1cd-7a346c980b4d","local_time":"20201216200011","is_ascension_mode":true,"campfire_choices":[{"floor":6,"key":"RECALL"},{"data":"White Noise","floor":10,"key":"SMITH"},{"floor":15,"key":"REST"},{"floor":29,"key":"REST"},{"data":"Runesmith:FissionHammer","floor":32,"key":"SMITH"}],"circlet_count":0,"master_deck":["Runesmith:Strike_RS","Runesmith:Strike_RS","Runesmith:Strike_RS","Runesmith:Strike_RS","Runesmith:Defend_RS","Runesmith:Defend_RS","Runesmith:Defend_RS","Runesmith:Defend_RS","Runesmith:CraftFirestone","Runesmith:Fortify","Runesmith:Reinforce+1","Runesmith:HeatedChisel","Runesmith:LithiumIon","Panache","White Noise+1","Chaos+1","Dagger Throw","Runesmith:PoweredAnvil","Runesmith:ChiselStab","Runesmith:Supernova","Runesmith:Superposition","Perfected Strike","Intimidate","Run Through+1","Necronomicurse","Runesmith:FissionHammer+1","Armaments+1","Inflame","Demon Form","Flex"],"relics":["Runesmith:BrokenRuby","m_SnakeBloodCore","Iron Hammer","Lantern","aspiration:IroncladSkillbook","Necronomicon","Boot","Meat on the Bone","MerchantsRug","Darkstone Periapt"],"acts_visited":["Exordium","TheCity"],"potions_floor_usage":[13,13,13,31,33,33],"damage_taken":[{"damage":0,"enemies":"Small Slimes","floor":1,"turns":4},{"damage":0,"enemies":"Cultist","floor":3,"turns":3},{"damage":0,"enemies":"2 Louse","floor":4,"turns":3},{"damage":4,"enemies":"Looter","floor":7,"turns":3},{"damage":7,"enemies":"Blue Slaver","floor":11,"turns":3},{"damage":7,"enemies":"3 Louse","floor":12,"turns":2},{"damage":9,"enemies":"Gremlin Nob","floor":13,"turns":3},{"damage":7,"enemies":"2 Fungi Beasts","floor":14,"turns":4},{"damage":48,"enemies":"Fading Forest","floor":16,"turns":11},{"damage":6,"enemies":"conspire:FuzzyDice","floor":18,"turns":8},{"damage":8,"enemies":"Chosen","floor":21,"turns":5},{"damage":12,"enemies":"Book of Stabbing","floor":23,"turns":3},{"damage":0,"enemies":"Snake Plant","floor":24,"turns":1},{"damage":6,"enemies":"Snecko","floor":25,"turns":3},{"damage":24,"enemies":"Replay:Snechameleon","floor":27,"turns":2},{"damage":14,"enemies":"3 Cultists","floor":30,"turns":4},{"damage":23,"enemies":"Slavers","floor":31,"turns":5},{"damage":73,"enemies":"hubris:MusketHawk","floor":33,"turns":6}],"seed_played":"3135679690748033655","potions_obtained":[{"floor":1,"key":"Elixir"},{"floor":4,"key":"Explosive Potion"},{"floor":11,"key":"Energy Potion"},{"floor":12,"key":"Explosive Potion"},{"floor":23,"key":"PowerPotion"},{"floor":24,"key":"EssenceOfSteel"},{"floor":30,"key":"SneckoOil"}],"is_trial":false,"path_per_floor":["M","?","M","M","?","R","M","?","T","R","M","M","E","M","R","B",null,"M","?","?","M","?","E","M","M","T","E","$","R","M","E","R","B"],"character_chosen":"RUNESMITH_CLASS","items_purchased":["MerchantsRug","Inflame"],"campfire_rested":2,"item_purchase_floors":[28,28],"current_hp_per_floor":[70,70,70,70,70,70,69,74,74,74,70,66,60,56,81,50,84,84,84,84,83,67,62,69,70,70,53,53,78,71,55,55,0,0],"gold":377,"neow_bonus":"NOSTALGIA","is_daily":false,"chose_seed":false,"campfire_upgraded":2,"win_rate":0.0,"timestamp":1608109211,"path_taken":["M","?","?","?","?","R","M","?","T","R","M","M","E","M","R","BOSS","M","?","?","M","?","E","M","M","T","E","?","R","M","E","R","BOSS"],"items_purchased_type":["Relic","Card"],"build_version":"2020-12-13","purchased_purges":0,"victory":false,"max_hp_per_floor":[70,70,70,70,70,70,70,84,84,84,84,84,84,84,84,84,84,84,84,84,84,84,84,84,84,84,84,84,84,84,84,84,84,84],"relic_stats":{"Darkstone Periapt":0,"counters":[21,83],"Necronomicon":[9],"Boot":[0],"obtain_stats":[{"Darkstone Periapt":31,"MerchantsRug":28,"Runesmith:BrokenRuby":0,"Lantern":13,"aspiration:Nostalgia":0,"hubris:FruitBowl":5,"Mango":8,"Boot":23,"aspiration:IroncladSkillbook":17,"m_SnakeBloodCore":0,"Bronze Scales":5,"Philosopher\u0027s Stone":0,"Iron Hammer":5,"Art of War":2,"Necronomicon":22,"Meat on the Bone":27},{"Darkstone Periapt":20,"MerchantsRug":18,"Runesmith:BrokenRuby":0,"Lantern":10,"aspiration:Nostalgia":3,"hubris:FruitBowl":2,"Mango":7,"Boot":15,"aspiration:IroncladSkillbook":12,"m_SnakeBloodCore":3,"Bronze Scales":2,"Philosopher\u0027s Stone":0,"Iron Hammer":2,"Art of War":1,"Necronomicon":14,"Meat on the Bone":18},{"Darkstone Periapt":77,"MerchantsRug":68,"Runesmith:BrokenRuby":0,"Lantern":31,"aspiration:Nostalgia":10,"hubris:FruitBowl":7,"Mango":23,"Boot":62,"aspiration:IroncladSkillbook":46,"m_SnakeBloodCore":10,"Bronze Scales":7,"Philosopher\u0027s Stone":0,"Iron Hammer":7,"Art of War":3,"Necronomicon":59,"Meat on the Bone":68}],"Meat on the Bone":0},"card_choices":[{"not_picked":["Runesmith:LithiumIon","Havoc"],"picked":"Runesmith:Reinforce","floor":1},{"not_picked":["Runesmith:UnstableHammer","Runesmith:Overpower"],"picked":"Runesmith:HeatedChisel","floor":3},{"not_picked":["aspiration:UnbridledHammer","Runesmith:EnergizedChisel"],"picked":"Runesmith:LithiumIon","floor":4},{"not_picked":["Forethought","HandOfGreed"],"picked":"Panache","floor":5},{"not_picked":["Runesmith:StaticCage","Runesmith:CraftProtectio"],"picked":"White Noise","floor":7},{"not_picked":["Runesmith:ShiftingStrike","ReplayTheSpireMod:GoodbyeWorld","Runesmith:Empowerment"],"picked":"SKIP","floor":11},{"not_picked":["Runesmith:HeatedChisel","Runesmith:Repurpose"],"picked":"Dagger Throw","floor":12},{"not_picked":["Havoc","Runesmith:CraftProtectio"],"picked":"Runesmith:PoweredAnvil","floor":13},{"not_picked":["Runesmith:Grindstone","Distraction"],"picked":"Runesmith:ChiselStab","floor":14},{"not_picked":["Runesmith:DuctTape","Runesmith:Duplicate"],"picked":"Runesmith:Supernova","floor":16},{"not_picked":["Runesmith:ChiselStab","Runesmith:MakeshiftArmor+1","Runesmith:RuneHurl"],"picked":"Runesmith:Superposition","floor":18},{"not_picked":["ReplayTheSpireMod:Strike From Hell","Runesmith:CraftProtectio","Twin Strike"],"picked":"Perfected Strike","floor":20},{"not_picked":["Runesmith:Firewall","hubris:CleavingFinish","Power Through"],"picked":"Intimidate","floor":20},{"not_picked":["Power Through","Runesmith:ShiftingStrike","True Grit"],"picked":"Run Through+1","floor":21},{"not_picked":["Pommel Strike","Runesmith:HeatedChisel","Twin Strike"],"picked":"Runesmith:FissionHammer","floor":23},{"not_picked":["Rupture+1","Life Link","Runesmith:Electrocute","Perfected Strike"],"picked":"SKIP","floor":24},{"not_picked":["Runesmith:HeatedChisel","Runesmith:ChiselStab","Runesmith:HeatExchange+1"],"picked":"Armaments+1","floor":25},{"not_picked":["Runesmith:CraftVitae","Power Through","Runesmith:PoweredAnvil","Runesmith:ChiselStab"],"picked":"SKIP","floor":27},{"not_picked":["Runesmith:Terraform","Runesmith:ElementalConversion","Clothesline"],"picked":"Demon Form","floor":30},{"not_picked":["Warcry","Runesmith:RuneHurl","Heavy Blade"],"picked":"Flex","floor":31}],"player_experience":618913,"relics_obtained":[{"floor":9,"key":"Iron Hammer"},{"floor":13,"key":"Lantern"},{"floor":23,"key":"Boot"},{"floor":27,"key":"Meat on the Bone"},{"floor":31,"key":"Darkstone Periapt"}],"event_choices":[{"damage_healed":0,"gold_gain":0,"player_choice":"Upgraded","damage_taken":0,"max_hp_gain":0,"max_hp_loss":0,"event_name":"Upgrade Shrine","floor":2,"gold_loss":0,"cards_upgraded":["Runesmith:Reinforce"]},{"damage_healed":0,"gold_gain":1,"player_choice":"1","damage_taken":0,"max_hp_gain":0,"max_hp_loss":0,"event_name":"betterStone:BetterStone","floor":5,"gold_loss":0},{"damage_healed":0,"gold_gain":99,"player_choice":"Steal","damage_taken":0,"max_hp_gain":0,"max_hp_loss":0,"event_name":"betterThird:BetterNest","floor":19,"gold_loss":0},{"damage_healed":0,"gold_gain":0,"player_choice":"1","damage_taken":0,"max_hp_gain":0,"max_hp_loss":0,"event_name":"betterMatch:BetterMatch","floor":20,"gold_loss":0,"cards_obtained":["betterMatch:CommonCard","betterMatch:UncommonCard"]},{"damage_healed":0,"gold_gain":0,"player_choice":"Obtained Book","damage_taken":16,"max_hp_gain":0,"max_hp_loss":0,"event_name":"Cursed Tome","floor":22,"gold_loss":0}],"is_beta":false,"boss_relics":[{"not_picked":["hubris:BlackHole","aspiration:DefectSkillbook"],"picked":"aspiration:IroncladSkillbook"}],"items_purged_floors":[],"is_endless":false,"potions_floor_spawned":[1,4,11,12,23,24,30],"killed_by":"hubris:MusketHawk","ascension_level":1}}