{"host":"8rwnpls8n88jrgbg","time":1608128977,"event":{"mods":["AchievementEnabler","BaseMod","Colored Map","Colored Powertips","DeckTracker","Keyboard Shortcuts","Minty Spire (QoL Compilation)","Relic Stats","StSLib","SuperFastMode"],"gold_per_floor":[115,131,151,162,180,180,155,155,182,212,227,227,227,242,242,242,242],"floor_reached":16,"playtime":663,"items_purged":[],"score":208,"play_id":"194ac091-186f-45de-846d-dad7acc41c8a","local_time":"20201216232937","is_ascension_mode":true,"campfire_choices":[{"data":"Perfected Strike","floor":6,"key":"SMITH"},{"data":"Corruption","floor":8,"key":"SMITH"},{"data":"Wild Strike","floor":12,"key":"SMITH"},{"data":"Bash","floor":15,"key":"SMITH"}],"circlet_count":0,"master_deck":["AscendersBane","Strike_R","Strike_R","Strike_R","Strike_R","Strike_R","Defend_R","Defend_R","Defend_R","Defend_R","Bash+1","Corruption+1","Power Through","Wild Strike+1","Perfected Strike+1","Impervious","Shrug It Off","Sentinel"],"relics":["Burning Blood","Omamori","Art of War"],"acts_visited":["Exordium"],"potions_floor_usage":[5,16],"damage_taken":[{"damage":16,"enemies":"Jaw Worm","floor":1,"turns":4},{"damage":6,"enemies":"Cultist","floor":2,"turns":3},{"damage":4,"enemies":"Small Slimes","floor":3,"turns":6},{"damage":5,"enemies":"2 Fungi Beasts","floor":4,"turns":4},{"damage":0,"enemies":"3 Louse","floor":5,"turns":3},{"damage":28,"enemies":"Gremlin Nob","floor":10,"turns":5},{"damage":16,"enemies":"Lots of Slimes","floor":11,"turns":6},{"damage":3,"enemies":"Exordium Thugs","floor":14,"turns":4},{"damage":68,"enemies":"The Guardian","floor":16,"turns":11}],"seed_played":"-3369932898203600162","potions_obtained":[{"floor":1,"key":"Strength Potion"},{"floor":3,"key":"SteroidPotion"},{"floor":5,"key":"DuplicationPotion"},{"floor":10,"key":"FearPotion"}],"is_trial":false,"path_per_floor":["M","M","M","M","M","R","$","R","T","E","M","R","?","M","R","B"],"character_chosen":"IRONCLAD","items_purchased":["Shrug It Off"],"campfire_rested":0,"item_purchase_floors":[7],"current_hp_per_floor":[58,58,60,61,67,67,67,67,67,45,35,35,35,38,38,0,0],"gold":242,"neow_bonus":"ONE_RANDOM_RARE_CARD","is_daily":false,"chose_seed":false,"campfire_upgraded":4,"win_rate":0.0,"timestamp":1608128977,"path_taken":["M","M","M","M","M","R","$","R","T","E","M","R","?","M","R","BOSS"],"items_purchased_type":["Card"],"build_version":"2020-12-13","purchased_purges":0,"victory":false,"max_hp_per_floor":[75,75,75,75,75,75,75,75,75,75,75,75,75,75,75,75,75],"relic_stats":{"counters":[9,46],"Art of War":[2],"obtain_stats":[{"Omamori":9,"Art of War":10,"Burning Blood":0},{"Omamori":5,"Art of War":6,"Burning Blood":0},{"Omamori":20,"Art of War":25,"Burning Blood":0}],"Burning Blood":48},"card_choices":[{"not_picked":["Bloodletting","Havoc"],"picked":"Power Through","floor":1},{"not_picked":["Twin Strike","Cleave"],"picked":"Wild Strike","floor":2},{"not_picked":["Body Slam","Heavy Blade"],"picked":"Perfected Strike","floor":3},{"not_picked":["Burning Pact","Warcry","Heavy Blade"],"picked":"SKIP","floor":4},{"not_picked":["Burning Pact","Warcry","Heavy Blade"],"picked":"SKIP","floor":4},{"not_picked":["True Grit","Dual Wield"],"picked":"Impervious","floor":5},{"not_picked":["Reckless Charge","Clothesline","Metallicize"],"picked":"SKIP","floor":10},{"not_picked":["Shrug It Off","Twin Strike"],"picked":"Sentinel","floor":11},{"not_picked":["Iron Wave","Rampage","Thunderclap"],"picked":"SKIP","floor":14}],"player_experience":1445267,"relics_obtained":[{"floor":9,"key":"Omamori"},{"floor":10,"key":"Art of War"}],"event_choices":[{"damage_healed":0,"gold_gain":0,"player_choice":"Got Potions","damage_taken":0,"max_hp_gain":0,"max_hp_loss":0,"event_name":"Lab","floor":13,"gold_loss":0}],"is_beta":false,"boss_relics":[],"items_purged_floors":[],"is_endless":false,"potions_floor_spawned":[1,3,5,10,14],"killed_by":"The Guardian","ascension_level":20}}