{"host":"mn5ze3eyhx81nlo2","time":1608118818,"event":{"mods":["BaseMod","Block Reminder","Challenge The Spire","Downfall","Hermit","Hubris","Infinite Spire","Minty Spire (QoL Compilation)","Quick Restart","Replay The Spire","Shade Mod","StSLib","The Cursed","The Druid","The Hierophant","The Runesmith","Unceasing Turn Reminder"],"gold_per_floor":[115,115,134,134,134,134,145,164,234,246,279,279,279,289,289,289,289],"floor_reached":16,"playtime":629,"items_purged":[],"score":102,"play_id":"bdb642f3-b857-4c42-91f3-d54a58c2032b","local_time":"20201216114018","is_ascension_mode":false,"campfire_choices":[{"data":"Shade:AnimateDead","floor":6,"key":"SMITH"},{"floor":12,"key":"REST"},{"data":"Shade:Defend_Shade","floor":15,"key":"SMITH"}],"circlet_count":0,"master_deck":["Shade:Strike_Shade+1","Shade:Strike_Shade","Shade:Strike_Shade","Shade:Defend_Shade+1","Shade:Defend_Shade","Shade:Defend_Shade","Shade:Defend_Shade+1","Shade:AnimateDead+1","Shade:CarefulCut","Shade:Bonestorm+1","Shade:SensePrey","Shade:Coordination+1"],"relics":["Shade:YorickSkull","ReplayTheSpireMod:Shallot","Potion Belt"],"acts_visited":["Exordium"],"potions_floor_usage":[16,16],"damage_taken":[{"damage":0,"enemies":"2 Louse","floor":1,"turns":3},{"damage":0,"enemies":"Jaw Worm","floor":3,"turns":3},{"damage":0,"enemies":"Cultist","floor":7,"turns":3},{"damage":0,"enemies":"3 Louse","floor":8,"turns":2},{"damage":0,"enemies":"Large Slime","floor":10,"turns":3},{"damage":26,"enemies":"Gremlin Nob","floor":11,"turns":5},{"damage":0,"enemies":"Exordium Thugs","floor":14,"turns":4},{"damage":48,"enemies":"Hexaghost","floor":16,"turns":16}],"seed_played":"-203932218378902267","potions_obtained":[{"floor":11,"key":"SpeedPotion"},{"floor":14,"key":"Slimebound:ThreeZeroPotion"}],"is_trial":false,"path_per_floor":["M","?","M","?","?","R","M","M","T","M","E","R","?","M","R","B"],"character_chosen":"SHADE","items_purchased":[],"campfire_rested":1,"item_purchase_floors":[],"current_hp_per_floor":[65,52,52,52,52,52,52,52,52,52,26,45,45,45,45,0,0],"gold":289,"neow_bonus":"REMOVE_CARD","is_daily":false,"chose_seed":false,"campfire_upgraded":2,"win_rate":0.0,"timestamp":1608118818,"path_taken":["M","?","M","?","?","R","?","M","T","M","E","R","?","M","R","BOSS"],"items_purchased_type":[],"build_version":"2020-12-13","purchased_purges":0,"victory":false,"max_hp_per_floor":[65,65,65,65,65,65,65,65,65,65,65,65,65,65,65,65,65],"card_choices":[{"not_picked":["Shade:Brains","Shade:GraveStillness"],"picked":"Shade:Bonestorm","floor":1},{"not_picked":["Shade:GreyBargain","Shade:FuneraryArmor"],"picked":"Shade:SensePrey","floor":3},{"not_picked":["Shade:Trample","Shade:AncientSpear","Shade:BoneShards"],"picked":"SKIP","floor":7},{"not_picked":["Shade:FleshLikeOak","Shade:Bonestorm","Shade:ClawBack"],"picked":"SKIP","floor":8},{"not_picked":["Shade:ExtraLimbs","Shade:GraveStillness"],"picked":"Shade:Coordination","floor":10},{"not_picked":["Shade:Premonition","Shade:Bonestorm","Shade:Frenzy"],"picked":"SKIP","floor":11},{"not_picked":["Shade:Bonestorm","Shade:CallOfTheGrave","Shade:BoneShards"],"picked":"SKIP","floor":14}],"player_experience":893843,"relics_obtained":[{"floor":9,"key":"ReplayTheSpireMod:Shallot"},{"floor":11,"key":"Potion Belt"}],"event_choices":[{"damage_healed":0,"gold_gain":0,"player_choice":"Entered Light","damage_taken":13,"max_hp_gain":0,"max_hp_loss":0,"event_name":"Shining Light","floor":2,"gold_loss":0,"cards_upgraded":["Shade:Defend_Shade","Shade:Strike_Shade"]},{"damage_healed":0,"gold_gain":0,"player_choice":"Grow","damage_taken":0,"max_hp_gain":0,"max_hp_loss":0,"event_name":"Living Wall","floor":4,"gold_loss":0,"cards_upgraded":["Shade:Bonestorm"]},{"damage_healed":0,"gold_gain":0,"player_choice":"Ignored","damage_taken":0,"max_hp_gain":0,"max_hp_loss":0,"event_name":"WeMeetAgain","floor":5,"gold_loss":0}],"is_beta":false,"boss_relics":[],"items_purged_floors":[],"is_endless":false,"potions_floor_spawned":[11,14],"killed_by":"Hexaghost","ascension_level":0}}