{"host":"kw4o7b3ro2ktmmbe","time":1608122916,"event":{"mods":["BaseMod","Lobotomy","Minty Spire (QoL Compilation)","StSLib","Treasure Hunter"],"gold_per_floor":[118,118,136,136,136,168,186,196,196,196,209,209,209],"floor_reached":12,"playtime":1245,"items_purged":[],"score":80,"play_id":"06ef1d31-76af-4977-b022-0c993a256559","local_time":"20201217014836","is_ascension_mode":false,"campfire_choices":[{"data":"Inflame","floor":10,"key":"SMITH"}],"circlet_count":0,"master_deck":["Strike_R","Strike_R","Defend_R","Bash","TH:TreasureMap","Rage","BigBadWolf","TH:ElvenBoots","Inflame+1","QueenBee","FairyFestival","Combust","RedShoes","TH:ElvenBoots","Wild Strike","Laetitia"],"relics":["Burning Blood","CogitoBucket","Matryoshka","Centennial Puzzle","Oddly Smooth Stone","Akabeko","BackwardClock"],"acts_visited":["Exordium"],"potions_floor_usage":[11],"damage_taken":[{"damage":10.0,"enemies":"Cultist","floor":1.0,"turns":4.0},{"damage":10.0,"enemies":"Jaw Worm","floor":3.0,"turns":5.0},{"damage":49.0,"enemies":"3 Sentries","floor":6.0,"turns":10.0},{"damage":0.0,"enemies":"Small Slimes","floor":7.0,"turns":3.0},{"damage":27,"enemies":"Exordium Thugs","floor":8,"turns":4},{"damage":33,"enemies":"Lots of Slimes","floor":11,"turns":3},{"damage":32,"enemies":"Lagavulin","floor":12,"turns":2}],"seed_played":"-4202615677715136238","potions_obtained":[{"floor":1.0,"key":"DuplicationPotion"},{"floor":7.0,"key":"FairyPotion"},{"floor":8,"key":"Explosive Potion"}],"is_trial":false,"path_per_floor":["M","T","M","?","?","E","M","M","T","R","M","E"],"character_chosen":"IRONCLAD","items_purchased":[],"campfire_rested":0,"item_purchase_floors":[],"current_hp_per_floor":[76,76,72,72,72,29,35,17,17,17,18,0,0],"gold":209,"neow_bonus":"","is_daily":false,"chose_seed":false,"campfire_upgraded":1,"win_rate":0.0,"timestamp":1608122916,"path_taken":["M","?","M","?","?","E","M","M","T","R","M","E"],"items_purchased_type":[],"build_version":"2020-12-13","purchased_purges":0,"victory":false,"max_hp_per_floor":[80,80,80,80,80,80,80,80,80,80,80,80,80],"card_choices":[{"not_picked":["Scarecrow","DespairKnight"],"picked":"SpiderBud","floor":1.0},{"not_picked":["Entrench","Bloodletting","Sword Boomerang"],"picked":"SKIP","floor":1.0},{"not_picked":["TH:PixieDust"],"picked":"TH:TreasureMap","floor":2.0},{"not_picked":["Entrench","Headbutt"],"picked":"Rage","floor":3.0},{"not_picked":["PunishingBird","Scorched"],"picked":"BigBadWolf","floor":3.0},{"not_picked":["TH:TreasureMap"],"picked":"TH:ElvenBoots","floor":6.0},{"not_picked":["Pommel Strike","Iron Wave"],"picked":"Inflame","floor":6.0},{"not_picked":["CherryBlossoms","WallGazer"],"picked":"QueenBee","floor":6.0},{"not_picked":["MHz","Bloodbath"],"picked":"FairyFestival","floor":7.0},{"not_picked":["Shrug It Off","Warcry","True Grit"],"picked":"SKIP","floor":7.0},{"not_picked":["Shrug It Off","Warcry","True Grit"],"picked":"SKIP","floor":7.0},{"not_picked":["Perfected Strike","Sever Soul"],"picked":"Combust","floor":8},{"not_picked":["QueenOfHatred","Variant"],"picked":"RedShoes","floor":8},{"not_picked":["TH:EnergyPotion"],"picked":"TH:ElvenBoots","floor":9},{"not_picked":["Headbutt","Havoc"],"picked":"Wild Strike","floor":11},{"not_picked":["HappyTeddy","LittlePrince"],"picked":"Laetitia","floor":11}],"player_experience":1724538,"relics_obtained":[{"floor":2.0,"key":"Matryoshka"},{"floor":6.0,"key":"Centennial Puzzle"},{"floor":9,"key":"Oddly Smooth Stone"},{"floor":9,"key":"Akabeko"}],"event_choices":[{"cards_removed":["Defend_R"],"damage_healed":0.0,"max_hp_gain":0.0,"max_hp_loss":0.0,"gold_gain":0.0,"event_name":"Living Wall","player_choice":"Forget","floor":4.0,"gold_loss":0.0,"damage_taken":0.0},{"cards_removed":["Defend_R"],"damage_healed":0.0,"max_hp_gain":0.0,"max_hp_loss":0.0,"gold_gain":0.0,"event_name":"Purifier","player_choice":"Purged","floor":5.0,"gold_loss":0.0,"damage_taken":0.0}],"is_beta":false,"boss_relics":[],"items_purged_floors":[],"is_endless":false,"potions_floor_spawned":[1,7,8],"killed_by":"Lagavulin","ascension_level":0}}