{"host":"0cm5wy4nhuju7tij","time":1608100010,"event":{"mods":["2.2 Compatiblity","AchievementEnabler","BaseMod","Better Third Choice","BetterRewards","CCEM","Colored Powertips","Curses Come First","Custom Start","Displayed Cursed Tome","Downfall","Energized Spire","Filter the Spire","Fireblade Mod","Highlight Path","Minty Spire (QoL Compilation)","Permanent Neow","Railgun Mod","Robot Space Explorer","Shop Mod","Spicy Shops","StSLib","The Elementalist","The Mystic","The Servant 0.9.4"],"gold_per_floor":[111,131,143,143,219,219,240,253,253,287,287,323,323,323,323,442,442,466,482,496,30,53,93,116,116,143,143,143,143],"floor_reached":28,"playtime":1581,"items_purged":["Strike_S"],"score":263,"play_id":"4bc1ec75-127f-48f2-b3a5-db1500a37b74","local_time":"20201216012650","is_ascension_mode":true,"campfire_choices":[{"data":"Sunlight","floor":6,"key":"SMITH"},{"floor":11,"key":"REST"},{"data":"Sunlight","floor":13,"key":"SMITH"},{"data":"Revamp","floor":15,"key":"SMITH"},{"floor":27,"key":"REST"}],"circlet_count":0,"master_deck":["Strike_S","Strike_S","Strike_S","Defend_S","Defend_S","Defend_S","Defend_S","KidneyShot","Exchange","Sunlight+1","GearUp","Unruled","Rearm","Revamp+1","Rewind","Sunlight+1","RealityMarble","SoulSculpture","Luminosity+1","Hightail","GearUp","Luminosity","Defy","Reset"],"relics":["Uniform","Golden Idol","CCEMRelics:CocoNut","CCEMRelics:SpiritsEdge","StoneCalendar","Busted Crown","Mercury Hourglass","Calipers"],"acts_visited":["Exordium","TheCity"],"potions_floor_usage":[],"damage_taken":[{"damage":4,"enemies":"Small Slimes","floor":1,"turns":3},{"damage":0,"enemies":"2 Louse","floor":2,"turns":3},{"damage":11,"enemies":"Jaw Worm","floor":3,"turns":2},{"damage":9,"enemies":"2 Fungi Beasts","floor":7,"turns":2},{"damage":0,"enemies":"Exordium Wildlife","floor":8,"turns":3},{"damage":25,"enemies":"Gremlin Nob","floor":10,"turns":5},{"damage":9,"enemies":"3 Sentries","floor":12,"turns":6},{"damage":21,"enemies":"The Guardian","floor":16,"turns":13},{"damage":11,"enemies":"Shell Parasite","floor":18,"turns":4},{"damage":22,"enemies":"2 Thieves","floor":19,"turns":4},{"damage":0,"enemies":"Centurion and Healer","floor":20,"turns":5},{"damage":3,"enemies":"Snecko","floor":22,"turns":4},{"damage":8,"enemies":"Book of Stabbing","floor":23,"turns":5},{"damage":1,"enemies":"Cultist and Chosen","floor":24,"turns":6},{"damage":47,"enemies":"Slavers","floor":28,"turns":3}],"seed_played":"-1165917394838876625","potions_obtained":[{"floor":1,"key":"Ancient Potion"},{"floor":3,"key":"Slimebound:ThreeZeroPotion"},{"floor":18,"key":"BlessingOfTheForge"}],"is_trial":false,"path_per_floor":["M","M","M","?","?","R","M","M","T","E","R","E","R","?","R","B",null,"M","M","M","$","M","E","M","?","T","R","E"],"character_chosen":"THE_SERVANT","items_purchased":["GearUp","Luminosity","Mercury Hourglass"],"campfire_rested":2,"item_purchase_floors":[21,21,21],"current_hp_per_floor":[61,61,50,50,50,50,41,41,46,21,40,31,31,52,52,31,65,54,32,32,32,29,21,20,20,20,39,0,0],"gold":143,"neow_bonus":"ONE_RANDOM_RARE_CARD","is_daily":false,"chose_seed":false,"campfire_upgraded":3,"win_rate":0.0,"timestamp":1608100010,"path_taken":["M","M","M","?","?","R","M","M","T","E","R","E","R","?","R","BOSS","M","M","M","$","M","E","M","?","T","R","E"],"items_purchased_type":["Card","Card","Relic"],"build_version":"2020-12-13","purchased_purges":1,"victory":false,"max_hp_per_floor":[65,65,65,60,60,60,60,60,65,65,65,65,65,65,65,65,65,65,65,65,65,65,65,65,65,65,65,65,65],"card_choices":[{"not_picked":["Rewind","Starlight"],"picked":"GearUp","floor":1},{"not_picked":["ShatteredReality","Replace"],"picked":"Unruled","floor":2},{"not_picked":["KillingDoll","Potential"],"picked":"Rearm","floor":3},{"not_picked":["Starlight","Alleviate"],"picked":"Revamp","floor":7},{"not_picked":["ReturningBlade","Rearm"],"picked":"Rewind","floor":8},{"not_picked":["Replace","Collapse"],"picked":"Sunlight","floor":10},{"not_picked":["ShiftingGears","Misdirection"],"picked":"RealityMarble","floor":12},{"not_picked":["KillingDoll","Deny"],"picked":"SoulSculpture","floor":16},{"not_picked":["Shuttle+1"],"picked":"SKIP","floor":18},{"not_picked":[],"picked":"Luminosity+1","floor":19},{"not_picked":[],"picked":"Hightail","floor":20},{"not_picked":[],"picked":"Defy","floor":22},{"not_picked":[],"picked":"Reset","floor":23},{"not_picked":["Alleviate"],"picked":"SKIP","floor":24}],"player_experience":230206,"relics_obtained":[{"floor":9,"key":"CCEMRelics:CocoNut"},{"floor":10,"key":"CCEMRelics:SpiritsEdge"},{"floor":12,"key":"StoneCalendar"},{"floor":23,"key":"Calipers"}],"event_choices":[{"damage_healed":0,"gold_gain":0,"player_choice":"Lose Max HP","damage_taken":0,"relics_obtained":["Golden Idol"],"max_hp_gain":0,"max_hp_loss":5,"event_name":"Golden Idol","floor":4,"gold_loss":0},{"damage_healed":0,"gold_gain":76,"player_choice":"Gained Gold","damage_taken":0,"max_hp_gain":0,"max_hp_loss":0,"event_name":"Golden Wing","floor":5,"gold_loss":0},{"damage_healed":21,"gold_gain":0,"player_choice":"Banana","damage_taken":0,"max_hp_gain":0,"max_hp_loss":0,"event_name":"Big Fish","floor":14,"gold_loss":0}],"is_beta":false,"boss_relics":[{"not_picked":["Ectoplasm","energizedSpire:NeverEndingSparkler"],"picked":"Busted Crown"}],"items_purged_floors":[21],"is_endless":false,"potions_floor_spawned":[1,3,18,19],"killed_by":"Slavers","ascension_level":1}}