{"host":"ok3pmhc1fiz31noj","time":1608127849,"event":{"mods":["AchievementEnabler","BaseMod","Colored Map","Infinite Spire","Minty Spire (QoL Compilation)","Quick Restart","Replay The Spire","StSLib"],"gold_per_floor":[118,118,118,134,134,164,164,164,189,189,199,226,238,256,256,357,357,370,370,389,389,408,441,441,441],"floor_reached":24,"playtime":956,"items_purged":[],"score":251,"play_id":"43db99a1-1a4d-4398-a8a0-6d7576ab3755","local_time":"20201216221049","is_ascension_mode":false,"campfire_choices":[{"data":"White Noise","floor":8,"key":"SMITH"},{"data":"Dualcast","floor":10,"key":"SMITH"},{"data":"Static Discharge","floor":15,"key":"SMITH"}],"circlet_count":0,"master_deck":["Strike_B","Strike_B","Strike_B","Strike_B","Defend_B","Defend_B","Defend_B","Zap","Dualcast+1","Melter","White Noise+1","Hallucinations","Ball Lightning","Streamline+1","Static Discharge+1","Go for the Eyes+1","Stack+1","Loop","Conserve Battery"],"relics":["Sizzling Blood","NeowsBlessing","infinitespire:Cubic Diamond","ReplayTheSpireMod:Ring of Collecting","Ring of Hypnosis","Ancient Tea Set","Ring of Fury","The Courier","ReplayTheSpireMod:Ring of Addiction","PreservedInsect","Potion Belt","Toy Ornithopter","Mirror","SlaversCollar","Prayer Wheel","Nunchaku"],"acts_visited":["Exordium","TheCity"],"potions_floor_usage":[13,16,23,23,24,24],"damage_taken":[{"damage":0,"enemies":"Small Slimes","floor":1,"turns":1},{"damage":0,"enemies":"Jaw Worm","floor":4,"turns":1},{"damage":0,"enemies":"Gremlin Nob","floor":6,"turns":1},{"damage":0,"enemies":"2 Louse","floor":11,"turns":2},{"damage":12,"enemies":"Replay:BlueRogue","floor":12,"turns":3},{"damage":3,"enemies":"Lots of Slimes","floor":13,"turns":2},{"damage":8,"enemies":"Exordium Thugs","floor":14,"turns":3},{"damage":27,"enemies":"The Guardian","floor":16,"turns":6},{"damage":34,"enemies":"Shell Parasite","floor":18,"turns":4},{"damage":4,"enemies":"Chosen","floor":20,"turns":3},{"damage":24,"enemies":"Snake Plant","floor":22,"turns":3},{"damage":27,"enemies":"Nightmare","floor":23,"turns":4},{"damage":5,"enemies":"Snecko","floor":24,"turns":3}],"seed_played":"7740291796164907804","potions_obtained":[{"floor":9,"key":"LiquidMemories"},{"floor":9,"key":"Strength Potion"},{"floor":9,"key":"PotionOfCapacity"},{"floor":11,"key":"Elixir"},{"floor":12,"key":"BlessingOfTheForge"},{"floor":16,"key":"AttackPotion"},{"floor":22,"key":"FearPotion"}],"is_trial":false,"path_per_floor":["M","?","?","M","?","E","T","R","T","R","M","E","M","M","R","B",null,"M","AVR","M","?","M","NM","M"],"character_chosen":"DEFECT","items_purchased":[],"campfire_rested":0,"item_purchase_floors":[],"current_hp_per_floor":[75,75,75,75,75,75,75,75,75,75,75,67,73,69,69,50,73,43,43,43,43,23,10,15,15],"gold":441,"neow_bonus":"THREE_ENEMY_KILL","is_daily":false,"chose_seed":false,"campfire_upgraded":3,"win_rate":0.0,"timestamp":1608127849,"path_taken":["M","?","?","M","?","E","?","R","T","R","M","E","M","M","R","BOSS","M","AVR","?","?","?","NM","M"],"items_purchased_type":[],"build_version":"2020-12-13","purchased_purges":0,"victory":false,"max_hp_per_floor":[75,75,75,75,75,75,75,75,75,75,75,75,73,73,73,73,73,73,73,71,71,71,69,69,69],"card_choices":[{"not_picked":["Leap","Glacier"],"picked":"Melter","floor":1},{"not_picked":["BasicCrystalCard","Crystallizer"],"picked":"White Noise","floor":4},{"not_picked":["Coolheaded","All For One"],"picked":"Ball Lightning","floor":6},{"not_picked":["Coolheaded","Conserve Battery"],"picked":"Streamline","floor":11},{"not_picked":["Loop","Scrape","Hello World"],"picked":"SKIP","floor":12},{"not_picked":["Steam","Streamline"],"picked":"Static Discharge","floor":13},{"not_picked":["Redo","Barrage","ReplaySort"],"picked":"SKIP","floor":14},{"not_picked":["Rainbow","All For One"],"picked":"ReplayTheSpireMod:Fabricate Wheel","floor":16},{"not_picked":["Coolheaded+1","Steam Power"],"picked":"Go for the Eyes+1","floor":18},{"not_picked":["Amplify","Panic Button+1"],"picked":"Stack+1","floor":18},{"not_picked":["ReplaySolidLightProjector","Double Energy","Leap"],"picked":"SKIP","floor":20},{"not_picked":["Double Energy","Compile Driver","ReplaySort"],"picked":"SKIP","floor":20},{"not_picked":["Sweeping Beam+1","Stack+1"],"picked":"Loop","floor":22},{"not_picked":["Melter","Glacier","Leap+1"],"picked":"SKIP","floor":22},{"not_picked":["ReplaySolidLightProjector","ReplayTheSpireMod:Omega Cannon"],"picked":"Conserve Battery","floor":23}],"player_experience":120683,"relics_obtained":[{"floor":5,"key":"ReplayTheSpireMod:Ring of Collecting"},{"floor":5,"key":"Ring of Hypnosis"},{"floor":6,"key":"Ancient Tea Set"},{"floor":7,"key":"Ring of Fury"},{"floor":7,"key":"The Courier"},{"floor":9,"key":"ReplayTheSpireMod:Ring of Addiction"},{"floor":9,"key":"PreservedInsect"},{"floor":9,"key":"Potion Belt"},{"floor":9,"key":"Toy Ornithopter"},{"floor":12,"key":"Mirror"},{"floor":23,"key":"Nunchaku"}],"event_choices":[{"cards_removed":["Defend_B"],"damage_healed":0,"gold_gain":0,"player_choice":"Forget","damage_taken":0,"max_hp_gain":0,"max_hp_loss":0,"event_name":"Living Wall","floor":3,"gold_loss":0},{"damage_healed":0,"gold_gain":0,"player_choice":"Upgraded","damage_taken":0,"max_hp_gain":0,"max_hp_loss":0,"event_name":"Upgrade Shrine","floor":21,"gold_loss":0,"cards_upgraded":["Streamline"]}],"is_beta":false,"boss_relics":[{"not_picked":["Snecko Eye","Tiny House"],"picked":"SlaversCollar"}],"items_purged_floors":[],"is_endless":false,"potions_floor_spawned":[11,12,16,22],"killed_by":"Snecko","ascension_level":0}}