{"host":"hdafziggwnbzqpcb","time":1608148800,"event":{"mods":["BaseMod","Better Vampires","Colored Map","Colored Powertips","GifTheSpireLib","Minty Spire (QoL Compilation)","Quick Restart","Rare Cards Sparkle","StSLib","The Bug Knight","The Cursed","TheHero"],"gold_per_floor":[109,128,128,143,14,14,34,34,87,162,162,196,219,244,244,365,365,383,414,394,144,169,200,200,218,245,264,264,264,264,139,139,264,264,278,1277,1377,1393,1393,1393],"floor_reached":39,"playtime":2478,"items_purged":["HollowMod:NailStrikeStart","HollowMod:NailStrikeStart","HollowMod:NailStrikeStart"],"score":424,"play_id":"4c41012b-8199-4168-ad02-98a62f47e7c3","local_time":"20201216120000","is_ascension_mode":false,"campfire_choices":[{"data":"HollowMod:FocusHealStart","floor":6.0,"key":"SMITH"},{"data":"HollowMod:CycloneSlash","floor":8.0,"key":"SMITH"},{"data":"HollowMod:SoulStrike","floor":15.0,"key":"SMITH"},{"data":"HollowMod:SlysStrikes","floor":24,"key":"SMITH"},{"floor":28,"key":"REST"},{"floor":32,"key":"REST"}],"circlet_count":0,"master_deck":["HollowMod:QuickDashStart","HollowMod:QuickDashStart","HollowMod:FocusHealStart+1","HollowMod:PogoStrike","HollowMod:HowlingWraiths","HollowMod:CycloneSlash+1","HollowMod:DashSlash","HollowMod:SoulStrike+1","HollowMod:CycloneSlash","HollowMod:NewLittleFool","HollowMod:SlysStrikes+1","HollowMod:SoulStrike","HollowMod:ChannelNail","HollowMod:DashSlash","Normality","Normality"],"relics":["HollowMod:VesselMask","Golden Idol","Bronze Scales","Ancient Tea Set","Black Star","Red Mask","HandDrill","Vajra","Potion Belt","SlaversCollar"],"acts_visited":["Exordium","TheCity","TheBeyond"],"potions_floor_usage":[19,19,23,27,39],"damage_taken":[{"damage":5.0,"enemies":"2 Louse","floor":1.0,"turns":5.0},{"damage":3.0,"enemies":"Small Slimes","floor":2.0,"turns":4.0},{"damage":3.0,"enemies":"Jaw Worm","floor":4.0,"turns":4.0},{"damage":2.0,"enemies":"Exordium Thugs","floor":7.0,"turns":3.0},{"damage":3.0,"enemies":"HollowMod:MossKnight","floor":12.0,"turns":7.0},{"damage":8.0,"enemies":"3 Louse","floor":13.0,"turns":2.0},{"damage":11.0,"enemies":"Exordium Wildlife","floor":14.0,"turns":3.0},{"damage":43,"enemies":"Hexaghost","floor":16,"turns":10},{"damage":26,"enemies":"Spheric Guardian","floor":18,"turns":3},{"damage":11,"enemies":"Masked Bandits","floor":19,"turns":3},{"damage":0,"enemies":"3 Byrds","floor":22,"turns":3},{"damage":30,"enemies":"HollowMod:Nosk","floor":23,"turns":6},{"damage":8,"enemies":"Snecko","floor":25,"turns":4},{"damage":18,"enemies":"Snake Plant","floor":27,"turns":3},{"damage":53,"enemies":"Champ","floor":33,"turns":9},{"damage":44,"enemies":"3 Shapes","floor":35,"turns":3},{"damage":33,"enemies":"3 Darklings","floor":38,"turns":4},{"damage":6,"enemies":"4 Shapes","floor":39,"turns":1}],"seed_played":"4162376236279499140","potions_obtained":[{"floor":2.0,"key":"Fruit Juice"},{"floor":7.0,"key":"Block Potion"},{"floor":16,"key":"PowerPotion"},{"floor":18,"key":"Fire Potion"},{"floor":20,"key":"LiquidMemories"},{"floor":25,"key":"Strength Potion"},{"floor":33,"key":"SneckoOil"},{"floor":35,"key":"EssenceOfSteel"},{"floor":38,"key":"Ancient Potion"}],"is_trial":false,"path_per_floor":["M","M","?","M","$","R","M","R","T","?","?","E","M","M","R","B",null,"M","?","?","$","M","E","R","M","T","M","R","?","?","$","R","B",null,"M","?","?","M","M"],"character_chosen":"THE_BUGKNIGHT","items_purchased":["HollowMod:DashSlash","HandDrill"],"campfire_rested":2,"item_purchase_floors":[5,21],"current_hp_per_floor":[59,71,51,54,54,54,62,62,62,51,51,48,40,39,39,8,80,54,43,43,43,53,29,29,27,27,15,39,39,39,39,63,20,80,36,36,36,3,0,0],"gold":1393,"neow_bonus":"REMOVE_TWO","is_daily":false,"chose_seed":false,"campfire_upgraded":4,"win_rate":0.0,"timestamp":1608148800,"path_taken":["M","M","?","M","$","R","M","R","T","?","?","E","M","M","R","BOSS","M","?","?","$","?","E","R","M","T","M","R","?","?","?","R","BOSS","M","?","?","?","M"],"items_purchased_type":["Card","Relic"],"build_version":"2020-12-13","purchased_purges":3,"victory":false,"max_hp_per_floor":[75,80,80,80,80,80,80,80,80,80,80,80,80,80,80,80,80,80,80,80,80,80,80,80,80,80,80,80,80,80,80,80,80,80,80,80,80,80,80,80],"card_choices":[{"not_picked":["HollowMod:SiblingsSouls","HollowMod:InfectedCysts"],"picked":"HollowMod:HowlingWraiths","floor":1.0},{"not_picked":["HollowMod:SoulVessel","HollowMod:ChannelNail","HollowMod:FastStrike"],"picked":"SKIP","floor":2.0},{"not_picked":["HollowMod:TaintedHusks","HollowMod:HuntersJournal"],"picked":"HollowMod:CycloneSlash","floor":4.0},{"not_picked":["HollowMod:DescendingDark","HollowMod:DesolateDive"],"picked":"HollowMod:SoulStrike","floor":7.0},{"not_picked":["HollowMod:MidwifesHunger","HollowMod:AbyssShriek"],"picked":"HollowMod:CycloneSlash","floor":12.0},{"not_picked":["HollowMod:RecoilStrike","HollowMod:WraithStrike"],"picked":"HollowMod:NewLittleFool","floor":13.0},{"not_picked":["HollowMod:Grubsong","HollowMod:InfectedCysts","HollowMod:DesolateDive"],"picked":"SKIP","floor":14.0},{"not_picked":["HollowMod:ElderbugsWisdom","HollowMod:ZotesMagnificence"],"picked":"HollowMod:SlysStrikes","floor":16},{"not_picked":["HollowMod:CloakDash","HollowMod:SiblingsSouls"],"picked":"HollowMod:SoulStrike","floor":18},{"not_picked":["HollowMod:DreamGate","HollowMod:WraithStrike"],"picked":"HollowMod:ChannelNail","floor":19},{"not_picked":["HollowMod:Weaversong","HollowMod:WraithStrike","HollowMod:HowlingWraiths+1"],"picked":"SKIP","floor":22},{"not_picked":["HollowMod:VengefulVoid","HollowMod:ShadowDash"],"picked":"HollowMod:DashSlash","floor":23},{"not_picked":["HollowMod:DescendingDark","HollowMod:ShadowDash","HollowMod:CoiledNail"],"picked":"SKIP","floor":25},{"not_picked":["HollowMod:ShadowDash","HollowMod:TaintedHusks","HollowMod:ShapeofUnn"],"picked":"SKIP","floor":27},{"not_picked":["HollowMod:SoulVessel","HollowMod:DoubleDash","HollowMod:TaintedHusks"],"picked":"SKIP","floor":35},{"not_picked":["HollowMod:InfectedAttack","HollowMod:DesolateDive","HollowMod:TaintedHusks+1"],"picked":"SKIP","floor":38}],"player_experience":609937,"relics_obtained":[{"floor":9.0,"key":"Bronze Scales"},{"floor":12.0,"key":"Ancient Tea Set"},{"floor":19,"key":"Red Mask"},{"floor":23,"key":"Vajra"},{"floor":23,"key":"Potion Belt"}],"event_choices":[{"damage_healed":0.0,"max_hp_gain":0.0,"max_hp_loss":0.0,"gold_gain":0.0,"event_name":"Golden Idol","player_choice":"Take Damage","floor":3.0,"gold_loss":0.0,"damage_taken":20.0,"relics_obtained":["Golden Idol"]},{"damage_healed":0.0,"max_hp_gain":0.0,"max_hp_loss":0.0,"gold_gain":75.0,"event_name":"World of Goop","player_choice":"Gather Gold","floor":10.0,"gold_loss":0.0,"damage_taken":11.0},{"damage_healed":0,"gold_gain":0,"player_choice":"Fought Bandits","damage_taken":0,"max_hp_gain":0,"max_hp_loss":0,"event_name":"Masked Bandits","floor":19,"gold_loss":0},{"damage_healed":0,"gold_gain":0,"player_choice":"Bought 1 Potion","damage_taken":0,"max_hp_gain":0,"max_hp_loss":0,"event_name":"The Woman in Blue","floor":20,"gold_loss":0},{"damage_healed":0,"gold_gain":0,"player_choice":"Ignored","damage_taken":0,"max_hp_gain":0,"max_hp_loss":0,"event_name":"The Mausoleum","floor":29,"gold_loss":0},{"damage_healed":0,"gold_gain":0,"player_choice":"Ignored","damage_taken":0,"max_hp_gain":0,"max_hp_loss":0,"event_name":"Ghosts","floor":30,"gold_loss":0},{"damage_healed":0,"gold_gain":999,"player_choice":"Gold","damage_taken":0,"max_hp_gain":0,"max_hp_loss":0,"event_name":"MindBloom","floor":36,"gold_loss":0,"cards_obtained":["Normality","Normality"]},{"damage_healed":0,"gold_gain":100,"player_choice":"Pray","damage_taken":0,"max_hp_gain":0,"max_hp_loss":0,"event_name":"Golden Shrine","floor":37,"gold_loss":0}],"is_beta":false,"boss_relics":[{"not_picked":["Busted Crown","Pandora\u0027s Box"],"picked":"Black Star"},{"not_picked":["Runic Pyramid","Runic Dome"],"picked":"SlaversCollar"}],"items_purged_floors":[5,21,31],"is_endless":false,"potions_floor_spawned":[2,7,16,18,25,33,35,38],"killed_by":"4 Shapes","ascension_level":0}}