{"host":"y6s5x0h258830r9m","time":1608077592,"event":{"mods":["BaseMod","Hermit","Minty Spire (QoL Compilation)","READ ME - Guardian Mod","StSLib","The Bug Knight","The Cursed","The Dragon Tamer","The Hierophant","The Poker Player","The Runesmith"],"gold_per_floor":[114,289,289,307,307,307,323,323,323,352,352,352,362,51,51,153,153,164,104,115,115,128,128,128,138,138,15,26,53,73,87,87,192,192,211,211,6,56,34,34,34,34,107,0,0,0,0,18,18,18],"floor_reached":51,"playtime":3259,"items_purged":[],"score":736,"play_id":"7ac56522-4974-41fd-8a67-7db62de0cc36","local_time":"20201216091312","is_ascension_mode":false,"campfire_choices":[{"data":"Runesmith:CraftMagma","floor":6,"key":"SMITH"},{"data":"Runesmith:CraftVitae","floor":8,"key":"SMITH"},{"data":"Runesmith:Firestorm","floor":15,"key":"SMITH"},{"floor":23,"key":"REST"},{"floor":32,"key":"REST"},{"data":"Runesmith:Firestorm","floor":40,"key":"SMITH"},{"data":"Runesmith:BackupBattery","floor":42,"key":"SMITH"},{"data":"Runesmith:NanitesCloud","floor":46,"key":"SMITH"},{"floor":49,"key":"REST"}],"circlet_count":0,"master_deck":["Runesmith:CraftFirestone","Runesmith:Fortify","Runesmith:CraftMagma+1","Runesmith:CraftVitae+1","Runesmith:Grindstone","Runesmith:FissionHammer","Runesmith:NanitesCloud+1","Runesmith:BackupBattery+1","Runesmith:Firestorm+1","Runesmith:CraftIncendium","Runesmith:MetallurgicalResearch","Runesmith:ChaoticBlast+1","Runesmith:LithiumIon+1","Runesmith:RuneHurl+1","Runesmith:CraftProtectio","Runesmith:Refine","Runesmith:LithiumIon","Runesmith:HammerTime","Runesmith:OneForEveryone","Runesmith:PoweredAnvil+1","Runesmith:CraftIndustria","Runesmith:Augment","Runesmith:ReplicatingBarrier","Runesmith:MetallurgicalResearch","Runesmith:RunicBlueprint","Runesmith:CraftVitae","Runesmith:CraftIncendium","Runesmith:Firestorm+1","Runesmith:HeatExchange+1","Runesmith:RuneHurl","Runesmith:LithiumIon"],"relics":["Runesmith:BrokenRuby","NeowsBlessing","Nunchaku","Mercury Hourglass","Pocketwatch","MealTicket","Empty Cage","Mango","The Courier","Matryoshka","Pandora\u0027s Box","Membership Card","Juzu Bracelet","TungstenRod","Gremlin Horn","HornCleat","Red Mask"],"acts_visited":["Exordium","TheCity","TheBeyond"],"potions_floor_usage":[20,22,29,30,31,50,50],"damage_taken":[{"damage":0,"enemies":"2 Louse","floor":1,"turns":2},{"damage":0,"enemies":"Cultist","floor":4,"turns":1},{"damage":0,"enemies":"Jaw Worm","floor":7,"turns":1},{"damage":1,"enemies":"HollowMod:MossKnight","floor":10,"turns":9},{"damage":0,"enemies":"Looter","floor":13,"turns":4},{"damage":21,"enemies":"Hexaghost","floor":16,"turns":9},{"damage":3,"enemies":"Spheric Guardian","floor":18,"turns":6},{"damage":36,"enemies":"Snake Plant","floor":20,"turns":4},{"damage":13,"enemies":"Shelled Parasite and Fungi","floor":22,"turns":5},{"damage":0,"enemies":"3 Cultists","floor":25,"turns":5},{"damage":25,"enemies":"Centurion and Healer","floor":28,"turns":6},{"damage":10,"enemies":"Book of Stabbing","floor":29,"turns":6},{"damage":15,"enemies":"Chosen and Byrds","floor":30,"turns":5},{"damage":16,"enemies":"Shelled Parasite and Fungi","floor":31,"turns":6},{"damage":0,"enemies":"Automaton","floor":33,"turns":8},{"damage":31,"enemies":"Orb Walker","floor":35,"turns":5},{"damage":11,"enemies":"Mind Bloom Boss Battle","floor":38,"turns":7},{"damage":35,"enemies":"3 Darklings","floor":48,"turns":5},{"damage":30,"enemies":"Awakened One","floor":50,"turns":12}],"seed_played":"-5278178828568557791","potions_obtained":[{"floor":7,"key":"Ancient Potion"},{"floor":20,"key":"Weak Potion"},{"floor":28,"key":"PowerPotion"},{"floor":29,"key":"PowerPotion"},{"floor":30,"key":"Block Potion"},{"floor":35,"key":"LiquidBronze"},{"floor":48,"key":"FearPotion"}],"is_trial":false,"path_per_floor":["M","?","?","M","?","R","M","R","T","E","?","?","M","$","R","B",null,"M","?","M","?","M","R","?","M","T","$","M","E","M","M","R","B",null,"M","?","$","?","$","R","?","R","T","?","$","R","?","M","R","B",null],"character_chosen":"RUNESMITH_CLASS","items_purchased":["Runesmith:BackupBattery","Runesmith:Firestorm","Runesmith:CraftIncendium","MealTicket","Runesmith:Refine","Runesmith:LithiumIon","Runesmith:Firestorm","Membership Card","Juzu Bracelet","Runesmith:RuneHurl"],"campfire_rested":3,"item_purchase_floors":[14,14,14,14,27,27,37,37,37,39],"current_hp_per_floor":[70,70,70,70,63,63,63,63,63,62,67,67,67,67,67,46,75,72,72,36,36,23,45,59,59,59,74,49,39,24,8,34,34,89,58,58,73,62,77,77,77,77,77,77,89,89,89,54,80,50],"gold":18,"neow_bonus":"THREE_ENEMY_KILL","is_daily":false,"chose_seed":false,"campfire_upgraded":6,"win_rate":0.0,"timestamp":1608077592,"path_taken":["M","?","?","?","?","R","M","R","T","E","?","?","M","$","R","BOSS","M","?","?","?","M","R","?","M","T","$","M","E","M","M","R","BOSS","M","?","$","?","?","R","?","R","T","?","$","R","?","M","R","BOSS"],"items_purchased_type":["Card","Card","Card","Relic","Card","Card","Card","Relic","Relic","Card"],"build_version":"2020-12-13","purchased_purges":0,"victory":true,"max_hp_per_floor":[70,70,70,70,70,70,70,70,70,70,75,75,75,75,75,75,75,75,75,75,75,75,75,89,89,89,89,89,89,89,89,89,89,89,89,89,89,89,89,89,89,89,89,89,89,89,89,89,89,89],"card_choices":[{"not_picked":["Runesmith:HeatExchange","Runesmith:Repurpose"],"picked":"Runesmith:CraftMagma","floor":1},{"not_picked":["Runesmith:EarthShield","Runesmith:Repurpose"],"picked":"Runesmith:CraftVitae","floor":4},{"not_picked":["Runesmith:HammerThrow","Runesmith:MakeshiftArmor"],"picked":"Runesmith:Grindstone","floor":7},{"not_picked":["Runesmith:UnstableHammer","Runesmith:PoweredAnvil"],"picked":"Runesmith:FissionHammer","floor":10},{"not_picked":["Runesmith:Augment","Runesmith:Attraction"],"picked":"Runesmith:NanitesCloud","floor":13},{"not_picked":["Runesmith:FissionHammer","Runesmith:LightningRod"],"picked":"Runesmith:MetallurgicalResearch","floor":16},{"not_picked":["Runesmith:Grindstone+1","Runesmith:CraftObretio"],"picked":"Runesmith:ChaoticBlast+1","floor":18},{"not_picked":["Runesmith:Retool+1","Runesmith:ShiftingStrike+1"],"picked":"Runesmith:LithiumIon+1","floor":20},{"not_picked":["Runesmith:HeatExchange","Runesmith:Grindstone"],"picked":"Runesmith:RuneHurl+1","floor":22},{"not_picked":["Runesmith:Overpower","Runesmith:Superposition"],"picked":"Runesmith:CraftProtectio","floor":25},{"not_picked":["Runesmith:HammerAndChisel","Runesmith:HeatExchange"],"picked":"Runesmith:HammerTime","floor":28},{"not_picked":["Runesmith:StaticCage+1","Runesmith:HammerThrow"],"picked":"Runesmith:OneForEveryone","floor":29},{"not_picked":["Runesmith:ShiftingStrike","Runesmith:MakeshiftArmor"],"picked":"Runesmith:PoweredAnvil+1","floor":30},{"not_picked":["Runesmith:Repurpose","Runesmith:ChaoticBlast"],"picked":"Runesmith:Firestorm","floor":31},{"not_picked":["Runesmith:LightningRod","Runesmith:FissionHammer"],"picked":"Runesmith:CraftIndustria","floor":33},{"not_picked":["Runesmith:Repurpose","Runesmith:HeatedChisel"],"picked":"Runesmith:CraftIncendium","floor":35},{"not_picked":["Runesmith:Refine+1","Runesmith:Grindstone+1"],"picked":"Runesmith:HeatExchange+1","floor":38},{"not_picked":["Runesmith:CraftMagma","Runesmith:StaticCage"],"picked":"Runesmith:LithiumIon","floor":48}],"player_experience":95352,"relics_obtained":[{"floor":9,"key":"Mercury Hourglass"},{"floor":10,"key":"Pocketwatch"},{"floor":26,"key":"The Courier"},{"floor":29,"key":"Matryoshka"},{"floor":38,"key":"TungstenRod"},{"floor":43,"key":"Gremlin Horn"},{"floor":43,"key":"HornCleat"}],"event_choices":[{"damage_healed":0,"gold_gain":175,"player_choice":"AGREE","damage_taken":0,"max_hp_gain":0,"max_hp_loss":0,"event_name":"Liars Game","floor":2,"gold_loss":0,"cards_obtained":["Doubt"]},{"cards_removed":["Runesmith:Defend_RS"],"damage_healed":0,"gold_gain":0,"player_choice":"Offered Basic","damage_taken":0,"max_hp_gain":0,"max_hp_loss":0,"event_name":"Bonfire Elementals","floor":3,"gold_loss":0},{"damage_healed":0,"gold_gain":0,"player_choice":"Success","damage_taken":7,"relics_obtained":["Nunchaku"],"max_hp_gain":0,"max_hp_loss":0,"event_name":"Scrap Ooze","floor":5,"gold_loss":0},{"damage_healed":0,"gold_gain":0,"player_choice":"Donut","damage_taken":0,"max_hp_gain":5,"max_hp_loss":0,"event_name":"Big Fish","floor":11,"gold_loss":0},{"damage_healed":0,"gold_gain":0,"player_choice":"Entered Light","damage_taken":15,"max_hp_gain":0,"max_hp_loss":0,"event_name":"Shining Light","floor":12,"gold_loss":0,"cards_upgraded":["Runesmith:Defend_RS","Runesmith:Defend_RS"]},{"cards_removed":["Doubt"],"damage_healed":0,"gold_gain":0,"player_choice":"Single Remove","damage_taken":0,"max_hp_gain":0,"max_hp_loss":0,"event_name":"Designer","floor":19,"gold_loss":60},{"damage_healed":0,"gold_gain":0,"player_choice":"Ignored","damage_taken":0,"max_hp_gain":0,"max_hp_loss":0,"event_name":"Vampires","floor":21,"gold_loss":0},{"damage_healed":0,"gold_gain":0,"player_choice":"Opened","damage_taken":0,"relics_obtained":["Mango"],"max_hp_gain":0,"max_hp_loss":0,"event_name":"The Mausoleum","floor":24,"gold_loss":0},{"cards_removed":["Runesmith:Firestorm"],"damage_healed":0,"gold_gain":0,"player_choice":"Removed Power","damage_taken":0,"max_hp_gain":0,"max_hp_loss":0,"event_name":"Falling","floor":36,"gold_loss":0},{"damage_healed":0,"gold_gain":0,"player_choice":"Fight","damage_taken":0,"max_hp_gain":0,"max_hp_loss":0,"event_name":"MindBloom","floor":38,"gold_loss":0},{"damage_healed":0,"gold_gain":0,"player_choice":"Ignored","damage_taken":0,"max_hp_gain":0,"max_hp_loss":0,"event_name":"Mysterious Sphere","floor":41,"gold_loss":0},{"damage_healed":0,"gold_gain":0,"player_choice":"Paid","damage_taken":0,"relics_obtained":["Red Mask"],"max_hp_gain":0,"max_hp_loss":0,"event_name":"Tomb of Lord Red Mask","floor":44,"gold_loss":107},{"damage_healed":0,"gold_gain":0,"player_choice":"Memory 1","damage_taken":0,"max_hp_gain":0,"max_hp_loss":0,"event_name":"SensoryStone","floor":47,"gold_loss":0}],"is_beta":false,"boss_relics":[{"not_picked":["Runesmith:PocketReactor","Cursed Key"],"picked":"Empty Cage"},{"not_picked":["Runic Pyramid","Calling Bell"],"picked":"Pandora\u0027s Box"}],"items_purged_floors":[],"is_endless":false,"potions_floor_spawned":[7,20,28,29,30,35,48],"ascension_level":0}}