{"host":"svp5k7820qggnejp","time":1608112520,"event":{"mods":["Aspiration","Astrologer","BaseMod","BetterRewards","Clockwork Mod","FutureSeer","Hubris","Infinite Spire","Minty Spire (QoL Compilation)","Replay The Spire","Spicy Shops","StSLib","The Dragon Tamer","The Gatherer","The Necromancer","The Senshi","Transform Curses","Treasure Hunter"],"gold_per_floor":[180,180,196,196,196,196,196,196,196,196,222,252,262,1,1,104,104,121,221,27,41,53,53,53,53,53,53,53,53,53,53,53,158,158,177,177,34,34,34,34,20,20,20,20,20,20,20,20,20,20],"floor_reached":51,"playtime":3290,"items_purged":[],"score":514,"play_id":"520e941c-a270-4d46-80a8-ca48a8234f57","local_time":"20201216045520","daily_mods":["Hoarder","Vintage","Heirloom","Time Dilation","Flight"],"is_ascension_mode":false,"campfire_choices":[{"data":"Clockwork:Tinker","floor":6,"key":"SMITH"},{"data":"Overencumbered","floor":15,"key":"PURGE"},{"floor":23,"key":"REST"},{"floor":24,"key":"REST"},{"data":"astrologer:Starfield","floor":27,"key":"SMITH"},{"data":"Clockwork:PerfectForm","floor":30,"key":"SMITH"},{"data":"DevaForm","floor":32,"key":"SMITH"},{"floor":40,"key":"REST"},{"data":"Madness","floor":47,"key":"SMITH"},{"floor":49,"key":"DIG"}],"circlet_count":0,"master_deck":["Wraith Form v2","DevaForm+1","Gatherer:BomberForm","Clockwork:PerfectForm+1","DTMod:ResonanceForm","astrologer:Starfield+1","Clockwork:Strike","Clockwork:Strike","Clockwork:Strike","Clockwork:Strike","Clockwork:Shield","Clockwork:Shield","Clockwork:Shield","Clockwork:Shield","Clockwork:Tinker+1","Clockwork:WarmUp","Clockwork:Efficiency","Clockwork:Efficiency","Clockwork:Efficiency","TH:ArmorSpikes+1","TH:ArmorSpikes+1","TH:ArmorSpikes+1","TH:DeckOfManyThings+1","TH:DeckOfManyThings+1","TH:DeckOfManyThings+1","DTMod:StarRain","DTMod:StarRain","DTMod:StarRain","TH:CursedSword+1","TH:CursedSword+1","TH:CursedSword+1","Clockwork:SnapKeep","Clockwork:SnapKeep","Clockwork:SnapKeep","Life_Tap","Life_Tap","Life_Tap","DTMod:GearUp+1","DTMod:GearUp+1","TH:DeckOfManyThings+1","TH:DeckOfManyThings+1","TH:DeckOfManyThings+1","Clockwork:RevUp+1","Clockwork:RevUp+1","Clockwork:RevUp+1","ThirdEye","ThirdEye","ThirdEye","hubris:DuctTapeCard+2","hubris:DuctTapeCard+2","hubris:DuctTapeCard+2","TH:ElvenBoots+1","Transmutation+1","Transmutation+1","Transmutation+1","TH:DeckOfManyThings+1","TH:DeckOfManyThings+1","TH:DeckOfManyThings+1","ReplayTheSpireMod:Fabricate Wheel+1","ReplayTheSpireMod:Fabricate Wheel+1","Machine Learning+1","Machine Learning+1","Machine Learning+1","Madness+1","Madness","Madness","TH:BikiniMail+1","TH:BikiniMail+1","TH:BikiniMail+1"],"relics":["Clockwork:MomentumEngine","hubris:GlazedTorus","Replay:PocketPolymizer","Clockwork:BreathingRoom","PrismaticShard","Golden Egg","Boot","Tiny Chest","aspiration:FetidBarrel","Pantograph","aspiration:WatcherSkillbook","Quantum Egg","ClockworkSouvenir","Torii","hubris:AstralHammer","hubris:DuctTape","hubris:Icosahedron","Prayer Wheel","hubris:PeanutButter","Membership Card","infinitespire:EmpoweringShard","aspiration:ArtOfWarUpgrade","NeowsBlessing","aspiration:HiddenCompartment"],"acts_visited":["Exordium","TheCity","TheBeyond"],"potions_floor_usage":[16,22,33,33],"damage_taken":[{"damage":0,"enemies":"Jaw Worm","floor":3,"turns":6},{"damage":44,"enemies":"3 Sentries","floor":11,"turns":8},{"damage":55,"enemies":"Gremlin Nob","floor":12,"turns":6},{"damage":17,"enemies":"Cultist","floor":13,"turns":5},{"damage":47,"enemies":"Fading Forest","floor":16,"turns":11},{"damage":4,"enemies":"Shell Parasite","floor":18,"turns":4},{"damage":27,"enemies":"Chosen","floor":21,"turns":6},{"damage":39,"enemies":"Snecko","floor":22,"turns":5},{"damage":104,"enemies":"Automaton","floor":33,"turns":8},{"damage":65,"enemies":"3 Darklings","floor":35,"turns":9},{"damage":35,"enemies":"Orb Walker","floor":41,"turns":5},{"damage":1,"enemies":"Donu and Deca","floor":50,"turns":2}],"seed_played":"-5198877821961897260","potions_obtained":[{"floor":11,"key":"Ancient Potion"},{"floor":13,"key":"Swift Potion"},{"floor":18,"key":"Fire Potion"},{"floor":21,"key":"Block Potion"}],"is_trial":true,"path_per_floor":["WH","WH","M","?","WH","R","WH","WH","T","WH","E","E","M","$","R","B",null,"M","?","$","M","M","R","R","WH","T","R","?","WH","R","WH","R","B",null,"M","WH","$","WH","WH","R","M","WH","T","R","R","WH","R","WH","R","B",null],"character_chosen":"CLOCKWORK","items_purchased":["Pantograph","Clockwork:RevUp","ClockworkSouvenir","Membership Card"],"campfire_rested":3,"item_purchase_floors":[14,20,20,37],"current_hp_per_floor":[85,93,93,93,102,102,112,123,123,135,91,36,19,19,19,7,135,131,131,131,104,65,105,135,148,148,148,148,162,162,178,178,74,178,113,130,130,149,170,235,200,223,223,223,223,248,248,248,248,272],"gold":20,"neow_bonus":"THREE_ENEMY_KILL","is_daily":false,"chose_seed":false,"campfire_upgraded":5,"win_rate":0.0,"timestamp":1608112520,"path_taken":["WH","WH","M","?","WH","R","WH","WH","T","WH","E","E","M","$","R","BOSS","M","?","$","?","M","R","R","WH","T","R","?","WH","R","WH","R","BOSS","M","WH","$","WH","WH","R","M","WH","T","R","R","WH","R","WH","R","BOSS"],"items_purchased_type":["Relic","Card","Relic","Relic"],"build_version":"2020-12-13","purchased_purges":0,"victory":true,"max_hp_per_floor":[85,93,93,93,102,102,112,123,123,135,135,135,135,135,135,135,135,135,135,135,135,135,135,135,148,148,148,148,162,162,178,178,178,178,178,195,195,214,235,235,235,258,258,258,258,283,283,283,283,283],"card_choices":[{"not_picked":["TH:CopperCoins"],"picked":"TH:ArmorSpikes","floor":9},{"not_picked":["TH:PixieDust"],"picked":"TH:DeckOfManyThings","floor":11},{"not_picked":["Collect","Gatherer:TacticalStrike"],"picked":"DTMod:StarRain","floor":11},{"not_picked":["TH:Mimic"],"picked":"TH:CursedSword","floor":12},{"not_picked":["Blur","Future_Accurate_Predict"],"picked":"Clockwork:SnapKeep","floor":12},{"not_picked":["Magnetism","ReplayTheSpireMod:Necrosis"],"picked":"DTMod:GearUp","floor":16},{"not_picked":["TH:CopperCoins"],"picked":"TH:DeckOfManyThings","floor":16},{"not_picked":["TH:CopperCoins","TH:EnergyPotion"],"picked":"TH:ElvenBoots","floor":26},{"not_picked":["TH:CursedSword","TH:ArmorSpikes"],"picked":"TH:DeckOfManyThings","floor":33},{"not_picked":["hubris:EnhanceAbility","The Bomb","Gatherer:BlackTea"],"picked":"ReplayTheSpireMod:Fabricate Wheel","floor":33},{"not_picked":["TH:CursedSword","TH:ElvenBoots"],"picked":"TH:BikiniMail","floor":43}],"player_experience":188831,"relics_obtained":[{"floor":3,"key":"Clockwork:BreathingRoom"},{"floor":9,"key":"Golden Egg"},{"floor":11,"key":"Boot"},{"floor":12,"key":"Tiny Chest"},{"floor":13,"key":"aspiration:FetidBarrel"},{"floor":18,"key":"Quantum Egg"},{"floor":21,"key":"Torii"},{"floor":22,"key":"hubris:AstralHammer"},{"floor":26,"key":"hubris:DuctTape"},{"floor":35,"key":"hubris:PeanutButter"},{"floor":41,"key":"infinitespire:EmpoweringShard"},{"floor":43,"key":"Art of War"},{"floor":49,"key":"aspiration:HiddenCompartment"}],"event_choices":[{"damage_healed":0,"gold_gain":100,"player_choice":"Pray","damage_taken":0,"max_hp_gain":0,"max_hp_loss":0,"event_name":"Golden Shrine","floor":19,"gold_loss":0}],"is_beta":false,"boss_relics":[{"not_picked":["Sozu","Runic Pyramid"],"picked":"aspiration:WatcherSkillbook"},{"not_picked":["Replay:Wanted Poster","Snecko Eye","Snecko Heart"]}],"items_purged_floors":[],"is_endless":false,"potions_floor_spawned":[11,13,18,21],"ascension_level":0}}