{"host":"a5y02gvi04tqovpl","time":1608089206,"event":{"mods":["Act Like it!","BaseMod","Better Third Choice","Colored Map","Downfall","Minty Spire (QoL Compilation)","StSLib"],"gold_per_floor":[99,133,133,464,464,464,487,487,507,115,265,321,341,356,367,463,463,463,563,576,588,616,616,616],"floor_reached":23,"playtime":1625,"items_purged":["champ:Strike"],"score":267,"play_id":"ed8ebe10-4ec2-496a-a8e4-e384dadae3f6","local_time":"20201216135646","is_ascension_mode":false,"campfire_choices":[{"data":"champ:Taunt","floor":1,"key":"SMITH"},{"data":"champ:Execute","floor":3,"key":"SMITH"},{"data":"champ:GladiatorsShout","floor":5,"key":"SMITH"},{"data":"champ:GladiatorStyle","floor":18,"key":"SMITH"}],"circlet_count":0,"master_deck":["champ:Strike","champ:Strike","champ:Strike","champ:Defend","champ:Defend","champ:Defend","champ:Defend","champ:Execute+1","champ:Taunt+1","champ:GladiatorsShout+1","champ:BladeFlurry","champ:PerfectForm","champ:ViciousMockery","champ:GladiatorStyle+1","champ:CrookedStrike","champ:ArenaPreparation","champ:ViciousMockery","Slimebound:Icky","champ:BladeFlurry","champ:Haymaker","champ:PreciseThrust","champ:CrownThrow","champ:CheapShot","champ:EndlessRage","champ:Backstep","hexamod:Haunted","champ:Taunt","Finesse","champ:CalledShot"],"relics":["champ:ChampionCrown","downfall:HeartsMalice","Mercury Hourglass","Old Coin","Dream Catcher","downfall:BrokenWingStatue","Orrery","Anchor","Sozu","downfall:GremlinSack","Darkstone Periapt"],"acts_visited":["Exordium","TheCity"],"potions_floor_usage":[],"damage_taken":[{"damage":0,"enemies":"3 Sentries","floor":2,"turns":1},{"damage":0,"enemies":"Gremlin Nob","floor":4,"turns":1},{"damage":0,"enemies":"Jaw Worm","floor":6,"turns":1},{"damage":5,"enemies":"Small Slimes","floor":9,"turns":3},{"damage":10,"enemies":"downfall:FleeingMerchant","floor":10,"turns":4},{"damage":13,"enemies":"Gremlin Nob","floor":12,"turns":3},{"damage":8,"enemies":"2 Louse","floor":13,"turns":2},{"damage":9,"enemies":"Gremlin Gang","floor":14,"turns":4},{"damage":11,"enemies":"3 Louse","floor":15,"turns":3},{"damage":48,"enemies":"downfall:Silent","floor":16,"turns":14},{"damage":41,"enemies":"downfall:Silent","floor":19,"turns":4},{"damage":5,"enemies":"Spheric Guardian","floor":20,"turns":4},{"damage":5,"enemies":"Shell Parasite","floor":21,"turns":3},{"damage":74,"enemies":"Slavers","floor":22,"turns":7},{"damage":25,"enemies":"Shelled Parasite and Fungi","floor":23,"turns":4}],"seed_played":"-9099645305394860245","potions_obtained":[{"floor":2,"key":"Dexterity Potion"},{"floor":4,"key":"SkillPotion"},{"floor":12,"key":"Weak Potion"},{"floor":15,"key":"champ:CounterPotion"}],"is_trial":false,"path_per_floor":["R","E","R","E","R","M","T","?","M","$","?","?","M","M","M","B",null,"R","?","M","M","E","M"],"character_chosen":"THE_CHAMP","items_purchased":["champ:ViciousMockery","champ:GladiatorStyle","Orrery"],"campfire_rested":0,"item_purchase_floors":[10,10,10],"current_hp_per_floor":[90,90,90,90,90,90,90,90,90,85,85,77,77,73,67,24,90,90,77,75,75,19,0,0],"gold":616,"neow_bonus":"THREE_ENEMY_KILL","is_daily":false,"chose_seed":false,"campfire_upgraded":4,"win_rate":0.0,"timestamp":1608089206,"path_taken":["R","E","R","E","R","M","T","?","M","$","?","?","M","M","M","BOSS","R","?","?","M","E","M"],"items_purchased_type":["Card","Card","Relic"],"build_version":"2020-12-13","purchased_purges":1,"victory":false,"max_hp_per_floor":[90,90,90,90,90,90,90,90,90,90,90,90,90,90,90,90,90,90,90,90,90,90,90,90],"card_choices":[{"not_picked":["champ:IronFortress","champ:Duel","champ:PerfectedStrike"],"picked":"SKIP","floor":2},{"not_picked":["champ:PerfectedStrike","champ:BringItOn"],"picked":"champ:GladiatorsShout","floor":4},{"not_picked":["champ:EndlessRage","champ:FocusedBerserking","champ:FalseCounter"],"picked":"SKIP","floor":6},{"not_picked":["champ:TornadoPunch","champ:Encircle"],"picked":"champ:BladeFlurry","floor":9},{"not_picked":["champ:GladiatorsShout","champ:Encircle"],"picked":"champ:PerfectForm","floor":10},{"not_picked":["champ:DefensiveShout","champ:FlashCut"],"picked":"champ:CrookedStrike","floor":10},{"not_picked":["champ:Duel","champ:Backstep"],"picked":"champ:ArenaPreparation","floor":10},{"not_picked":["champ:DancingMaster","champ:BladeFlurry"],"picked":"champ:ViciousMockery","floor":10},{"not_picked":["champ:BerserkersShout","champ:StanceDance"],"picked":"champ:BladeFlurry","floor":13},{"not_picked":["champ:GladiatorsShout","champ:HeartStrike"],"picked":"champ:Haymaker","floor":14},{"not_picked":["champ:Circumvent","champ:Duel"],"picked":"champ:PreciseThrust","floor":15},{"not_picked":["champ:PerfectForm","champ:ShieldThrow"],"picked":"champ:CrownThrow","floor":16},{"not_picked":["champ:Circumvent","champ:FocusedDefense"],"picked":"champ:CalledShot","floor":19},{"not_picked":["champ:DefensiveShout","champ:ViciousMockery+1","champ:Haymaker+1"],"picked":"SKIP","floor":20},{"not_picked":["champ:TornadoPunch","champ:FanOfKnives","champ:EnGarde"],"picked":"SKIP","floor":21},{"not_picked":["champ:HeartStrike+1","champ:FanOfKnives","champ:ShieldWall+1"],"picked":"SKIP","floor":22}],"player_experience":3430,"relics_obtained":[{"floor":2,"key":"Mercury Hourglass"},{"floor":4,"key":"Old Coin"},{"floor":7,"key":"Dream Catcher"},{"floor":12,"key":"Anchor"},{"floor":19,"key":"downfall:GremlinSack"},{"floor":22,"key":"Darkstone Periapt"}],"event_choices":[],"is_beta":false,"boss_relics":[{"not_picked":["Velvet Choker","Black Star"],"picked":"Sozu"}],"items_purged_floors":[10],"is_endless":false,"potions_floor_spawned":[2,4,12,13,15,16,19,22],"killed_by":"Shelled Parasite and Fungi","ascension_level":0}}