{"host":"svwqvw2il1zfkkg0","time":1608150859,"event":{"mods":["AchievementEnabler","BaseMod","BetterRewards","Colored Map","Colored Powertips","Custom Start","Downfall","GifTheSpireLib","Highlight Path","Hubris","Infinite Spire","Minty Spire (QoL Compilation)","Quick Restart","Replay The Spire","Shop Mod","StSLib","SuperFastMode"],"gold_per_floor":[211,222,233,6,6,41,41,73,73,73,73,73,84,101,101,202,202,219,189,12,24,43,43,77,90,117,152,162,162,62,73,73,168,168,184,194,205,10,10,10],"floor_reached":39,"playtime":1515,"items_purged":["Regret","Night Terror","Poison Darts"],"score":458,"play_id":"0e11b10d-6640-427d-acc2-59cdbcac7405","local_time":"20201216123418","is_ascension_mode":false,"campfire_choices":[{"data":"Cloak And Dagger","floor":7,"key":"SMITH"},{"data":"Finisher","floor":12,"key":"SMITH"},{"floor":15,"key":"REST"},{"floor":23,"key":"REST"},{"data":"Die Die Die","floor":29,"key":"SMITH"},{"floor":32,"key":"REST"}],"circlet_count":0,"master_deck":["Survivor","Neutralize","Cloak And Dagger+1","Sucker Punch","Flying Knee","Blade Dance+1","Finisher+1","Quick Slash","Prepared","Cloak And Dagger","Die Die Die+1","Choke","Leg Sweep","Venomology","Underhanded Strike","Phantasmal Killer","A Thousand Cuts","Noxious Fumes","Poisoned Stab","Die Die Die+1","Dagger Throw","Unload","Cloak And Dagger","Flying Knee","Bullet Time","Flying Knee+1","Prepared+1","Underhanded Strike+1","Glass Knife"],"relics":["Ring of the Snake","Orichalcum","ReplayTheSpireMod:Ninjato","Replay:Rubber Ducky","Simple Rune","Snake Skull","Pandora\u0027s Box","infinitespire:Beetle Shell","Toy Ornithopter","Dream Catcher","hubris:CrackedHourglass"],"acts_visited":["Exordium","TheCity","TheBeyond"],"potions_floor_usage":[6,6,8,16,22,24,24,24,24,24,25,27,28,33,33,33,33],"damage_taken":[{"damage":6,"enemies":"infinitespire:Voidling","floor":1,"turns":5},{"damage":2,"enemies":"Jaw Worm","floor":2,"turns":5},{"damage":1,"enemies":"2 Louse","floor":3,"turns":2},{"damage":6,"enemies":"Gremlin Nob","floor":6,"turns":3},{"damage":3,"enemies":"Replay:BlueRogue","floor":8,"turns":3},{"damage":12,"enemies":"Exordium Thugs","floor":13,"turns":5},{"damage":11,"enemies":"Gremlin Gang","floor":14,"turns":4},{"damage":42,"enemies":"Hexaghost","floor":16,"turns":9},{"damage":7,"enemies":"Spheric Guardian","floor":18,"turns":4},{"damage":11,"enemies":"2 Thieves","floor":21,"turns":2},{"damage":15,"enemies":"Centurion and Healer","floor":22,"turns":3},{"damage":0,"enemies":"Slavers","floor":24,"turns":3},{"damage":4,"enemies":"Sentry and Sphere","floor":25,"turns":3},{"damage":6,"enemies":"Replay:Snechameleon","floor":27,"turns":5},{"damage":0,"enemies":"3 Cultists","floor":28,"turns":3},{"damage":12,"enemies":"Snake Plant","floor":31,"turns":4},{"damage":46,"enemies":"hubris:MusketHawk","floor":33,"turns":9},{"damage":6,"enemies":"3 Darklings","floor":35,"turns":2},{"damage":5,"enemies":"Orb Walker","floor":36,"turns":2},{"damage":24,"enemies":"Maw","floor":37,"turns":6}],"seed_played":"-842470352633374441","potions_obtained":[{"floor":1,"key":"CunningPotion"},{"floor":3,"key":"Energy Potion"},{"floor":8,"key":"champ:CounterPotion"},{"floor":16,"key":"Milkshake"},{"floor":19,"key":"EntropicBrew"},{"floor":19,"key":"Ancient Potion"},{"floor":21,"key":"DuplicationPotion"},{"floor":22,"key":"Dexterity Potion"},{"floor":25,"key":"Adrenaline Potion"},{"floor":31,"key":"FearPotion"},{"floor":33,"key":"EssenceOfSteel"},{"floor":37,"key":"Milkshake"}],"is_trial":false,"path_per_floor":["M","M","M","$","?","E","R","E","T","?","?","R","M","M","R","B",null,"M","?","$","M","M","R","E","M","T","E","M","R","$","M","R","B",null,"M","M","M","$","M"],"character_chosen":"THE_SILENT","items_purchased":["Orichalcum","Blade Dance","BlessingOfTheForge","Die Die Die+1","Glass Knife"],"campfire_rested":3,"item_purchase_floors":[4,4,4,20,38],"current_hp_per_floor":[68,66,65,65,65,59,59,56,56,56,56,56,44,33,54,12,70,63,63,63,52,37,58,58,54,54,53,58,58,58,46,67,29,70,64,59,35,35,0,0],"gold":10,"neow_bonus":"HUNDRED_GOLD","is_daily":false,"chose_seed":false,"campfire_upgraded":3,"win_rate":0.0,"timestamp":1608150858,"path_taken":["M","M","?","$","?","E","R","E","T","?","?","R","M","?","R","BOSS","M","?","$","M","M","R","E","M","T","E","M","R","$","M","R","BOSS","M","M","M","$","M"],"items_purchased_type":["Relic","Card","Potion","Card","Card"],"build_version":"2020-12-13","purchased_purges":3,"victory":false,"max_hp_per_floor":[70,70,70,70,70,70,70,70,70,70,70,70,70,70,70,70,70,70,70,70,70,70,70,70,70,70,70,70,70,70,70,70,70,70,70,70,70,70,70,70],"card_choices":[{"not_picked":["Reflex","hubris:TrickCloak"],"picked":"Cloak And Dagger","floor":1},{"not_picked":["hubris:SlightOfHand","Deadly Poison"],"picked":"Sucker Punch","floor":2},{"not_picked":["hubris:Sniper","Expertise"],"picked":"Flying Knee","floor":3},{"not_picked":["Footwork","Deflect"],"picked":"Finisher","floor":6},{"not_picked":["Bane","Backflip"],"picked":"Quick Slash","floor":8},{"not_picked":["ReplayTheSpireMod:From All Sides","PiercingWail"],"picked":"Prepared","floor":13},{"not_picked":["PiercingWail","Reflex"],"picked":"Cloak And Dagger","floor":14},{"not_picked":["Envenom","Night Terror"],"picked":"Die Die Die","floor":16},{"not_picked":["Well Laid Plans","ReplayTheSpireMod:Scrap Shanks+1","Reflex"],"picked":"SKIP","floor":18},{"not_picked":["Hidden Blade","Quick Slash"],"picked":"Dagger Throw","floor":21},{"not_picked":["Flying Knee","Riddle With Holes"],"picked":"Unload","floor":22},{"not_picked":["Bane","Storm of Steel","Setup"],"picked":"SKIP","floor":24},{"not_picked":["Acrobatics+1","Bane"],"picked":"Cloak And Dagger","floor":25},{"not_picked":["hubris:SlightOfHand","Backflip+1","hubris:Sniper+1"],"picked":"SKIP","floor":27},{"not_picked":["PiercingWail","Deadly Poison+1"],"picked":"Flying Knee","floor":28},{"not_picked":["Expertise+1","Underhanded Strike","Poisoned Stab"],"picked":"SKIP","floor":31},{"not_picked":["Storm of Steel","Corpse Explosion"],"picked":"Bullet Time","floor":33},{"not_picked":["hubris:SlightOfHand","Dagger Spray"],"picked":"Flying Knee+1","floor":35},{"not_picked":["Well Laid Plans+1","Bane"],"picked":"Prepared+1","floor":36},{"not_picked":["Prepared+1","Sucker Punch+1"],"picked":"Underhanded Strike+1","floor":37}],"player_experience":385213,"relics_obtained":[{"floor":6,"key":"ReplayTheSpireMod:Ninjato"},{"floor":8,"key":"Replay:Rubber Ducky"},{"floor":9,"key":"Simple Rune"},{"floor":24,"key":"infinitespire:Beetle Shell"},{"floor":26,"key":"Toy Ornithopter"},{"floor":27,"key":"Dream Catcher"}],"event_choices":[{"damage_healed":0,"gold_gain":0,"player_choice":"Ignored","damage_taken":0,"max_hp_gain":0,"max_hp_loss":0,"event_name":"Golden Wing","floor":10,"gold_loss":0},{"damage_healed":0,"gold_gain":0,"player_choice":"Box","damage_taken":0,"relics_obtained":["Snake Skull"],"max_hp_gain":0,"max_hp_loss":0,"event_name":"Big Fish","floor":11,"gold_loss":0,"cards_obtained":["Regret"]},{"damage_healed":0,"gold_gain":0,"player_choice":"Bought 2 Potions","damage_taken":0,"max_hp_gain":0,"max_hp_loss":0,"event_name":"The Woman in Blue","floor":19,"gold_loss":0}],"is_beta":false,"boss_relics":[{"not_picked":["ReplayTheSpireMod:SealedPack","Kintsugi"],"picked":"Pandora\u0027s Box"},{"not_picked":["HoveringKite","Runic Pyramid"],"picked":"hubris:CrackedHourglass"}],"items_purged_floors":[20,30,38],"is_endless":false,"potions_floor_spawned":[1,3,8,16,21,22,25,31,33,37],"killed_by":"Sphere and 2 Shapes","ascension_level":0}}