{"host":"nox","time":1608125802,"event":{"mods":["BaseMod","Colored Powertips","Minty Spire (QoL Compilation)","Quick Restart","Replay The Spire","StSLib"],"gold_per_floor":[119,119,135,154,154,154,164,192,192,192,172,206,206,246,246,246,246],"floor_reached":16,"playtime":1300,"items_purged":[],"score":193,"play_id":"60218561-238e-49a2-b8c7-481a21f11c49","local_time":"20201216203642","is_ascension_mode":true,"campfire_choices":[{"data":"Demonic Infusion","floor":6.0,"key":"SMITH"},{"data":"Entrench","floor":10.0,"key":"SMITH"},{"floor":15.0,"key":"REST"}],"circlet_count":0,"master_deck":["Bash","Abandon","Entrench+1","Demonic Infusion+1","ReplayTheSpireMod:Stacked","Sever Soul","Iron Wave","Intimidate","Burning Pact","Reckless Charge","Injury"],"relics":["Pandora\u0027s Box","Orichalcum","Replay:Bottled Steam","Bird Faced Urn","Golden Idol","Quantum Egg"],"acts_visited":["Exordium"],"potions_floor_usage":[16],"damage_taken":[{"damage":0.0,"enemies":"Cultist","floor":1.0,"turns":4.0},{"damage":21.0,"enemies":"Jaw Worm","floor":3.0,"turns":9.0},{"damage":12.0,"enemies":"Small Slimes","floor":4.0,"turns":4.0},{"damage":13.0,"enemies":"Blue Slaver","floor":7.0,"turns":4.0},{"damage":0.0,"enemies":"Lagavulin","floor":8.0,"turns":13.0},{"damage":13.0,"enemies":"Gremlin Nob","floor":12.0,"turns":6.0},{"damage":2.0,"enemies":"Replay:BlueRogue","floor":14.0,"turns":9.0},{"damage":72,"enemies":"Fading Forest","floor":16,"turns":9}],"seed_played":"-3468938494613403142","potions_obtained":[{"floor":7.0,"key":"Elixir"},{"floor":8.0,"key":"Venom Potion"},{"floor":12.0,"key":"DuplicationPotion"}],"is_trial":false,"path_per_floor":["M","$","M","M","?","R","M","E","T","R","?","E","?","E","R","B"],"character_chosen":"IRONCLAD","items_purchased":[],"campfire_rested":1,"item_purchase_floors":[],"current_hp_per_floor":[72,72,51,39,39,39,26,26,26,26,26,13,13,11,35,0,0],"gold":246,"neow_bonus":"BOSS_RELIC","is_daily":false,"chose_seed":false,"campfire_upgraded":2,"win_rate":0.0,"timestamp":1608125802,"path_taken":["M","$","M","M","?","R","?","E","T","R","?","E","?","E","R","BOSS"],"items_purchased_type":[],"build_version":"2020-11-17","purchased_purges":0,"victory":false,"max_hp_per_floor":[80,80,80,80,80,80,80,80,80,80,80,80,80,80,80,80,80],"card_choices":[{"not_picked":["Wild Strike","Anger","Whirlwind"],"picked":"SKIP","floor":1.0},{"not_picked":["ReplayReversal","Twin Strike","Ghostly Armor"],"picked":"SKIP","floor":3.0},{"not_picked":["Uppercut","Shockwave"],"picked":"Reckless Charge","floor":4.0},{"not_picked":["True Grit","Wild Strike","Sword Boomerang"],"picked":"SKIP","floor":7.0},{"not_picked":["Twin Strike","Juggernaut","Wild Strike"],"picked":"SKIP","floor":8.0},{"not_picked":["Bloodletting","Perfected Strike","True Grit"],"picked":"SKIP","floor":12.0},{"not_picked":["Perfected Strike","Shockwave","Flex"],"picked":"SKIP","floor":14.0}],"player_experience":137779,"relics_obtained":[{"floor":8.0,"key":"Orichalcum"},{"floor":9.0,"key":"Replay:Bottled Steam"},{"floor":12.0,"key":"Bird Faced Urn"},{"floor":14.0,"key":"Quantum Egg"}],"event_choices":[{"cards_removed":["Dark Embrace"],"damage_healed":0.0,"max_hp_gain":0.0,"max_hp_loss":0.0,"gold_gain":0.0,"event_name":"Wheel of Change","player_choice":"Card Removal","floor":5.0,"gold_loss":0.0,"damage_taken":0.0},{"damage_healed":0.0,"max_hp_gain":0.0,"max_hp_loss":0.0,"gold_gain":0.0,"event_name":"World of Goop","player_choice":"Left Gold","floor":11.0,"gold_loss":20.0,"damage_taken":0.0},{"damage_healed":0.0,"max_hp_gain":0.0,"max_hp_loss":0.0,"gold_gain":0.0,"event_name":"Golden Idol","player_choice":"Take Wound","floor":13.0,"gold_loss":0.0,"damage_taken":0.0,"relics_obtained":["Golden Idol"],"cards_obtained":["Injury"]}],"is_beta":true,"boss_relics":[],"items_purged_floors":[],"is_endless":false,"potions_floor_spawned":[7,8,12],"killed_by":"Fading Forest","ascension_level":7}}