{"host":"7l2t4psy44vpcd9q","time":1608132334,"event":{"mods":["AchievementEnabler","BaseMod","DeckTracker","Minty Spire (QoL Compilation)","SuperFastMode"],"gold_per_floor":[14,14,29,39,39,74,74,105,117,129,158,170,192,224,236,325,337,368,398,148,159,174,174,224,237,237,237,152,182,202,236,236,236,236],"floor_reached":33,"playtime":2352,"items_purged":["Defend_B"],"score":530,"play_id":"6cc276c3-dadf-4cfa-b5a7-d2266ca7004c","local_time":"20201217002534","is_ascension_mode":true,"campfire_choices":[{"data":"Thunder Strike","floor":7.0,"key":"SMITH"},{"data":"Zap","floor":10.0,"key":"SMITH"},{"data":"Hologram","floor":15.0,"key":"SMITH"},{"data":"Electrodynamics","floor":23.0,"key":"SMITH"},{"floor":27.0,"key":"REST"},{"data":"Heatsinks","floor":32,"key":"SMITH"}],"circlet_count":0,"master_deck":["AscendersBane","Strike_B","Strike_B","Strike_B","Defend_B","Defend_B","Defend_B","Zap+1","Dualcast","Auto Shields","Thunder Strike+1","Ball Lightning","Beam Cell","Self Repair","Hologram+1","Cold Snap","Electrodynamics+1","Skim","Melter","Stack","Coolheaded","Heatsinks+1","Ball Lightning","Steam Power","Turbo+1","Glacier+1","Rebound"],"relics":["Cracked Core","Happy Flower","Calipers","MawBank","White Beast Statue","Runic Pyramid","Pantograph","Prayer Wheel","Red Mask","Thread and Needle"],"acts_visited":["Exordium","TheCity"],"potions_floor_usage":[31,33,33],"damage_taken":[{"damage":4.0,"enemies":"Jaw Worm","floor":1.0,"turns":4.0},{"damage":0.0,"enemies":"2 Louse","floor":3.0,"turns":3.0},{"damage":0.0,"enemies":"Cultist","floor":4.0,"turns":4.0},{"damage":20.0,"enemies":"Lagavulin","floor":6.0,"turns":4.0},{"damage":8.0,"enemies":"Gremlin Nob","floor":8.0,"turns":3.0},{"damage":10.0,"enemies":"Exordium Wildlife","floor":11.0,"turns":3.0},{"damage":1.0,"enemies":"2 Fungi Beasts","floor":13.0,"turns":3.0},{"damage":5.0,"enemies":"Large Slime","floor":14.0,"turns":4.0},{"damage":21.0,"enemies":"The Guardian","floor":16.0,"turns":9.0},{"damage":0.0,"enemies":"Spheric Guardian","floor":18.0,"turns":3.0},{"damage":11.0,"enemies":"3 Byrds","floor":19.0,"turns":4.0},{"damage":22.0,"enemies":"Snake Plant","floor":21.0,"turns":3.0},{"damage":11.0,"enemies":"3 Cultists","floor":22.0,"turns":4.0},{"damage":35.0,"enemies":"Cultist and Chosen","floor":25.0,"turns":6.0},{"damage":1.0,"enemies":"Masked Bandits","floor":29.0,"turns":2.0},{"damage":0,"enemies":"Snake Plant","floor":30,"turns":4},{"damage":26,"enemies":"Book of Stabbing","floor":31,"turns":6},{"damage":71,"enemies":"Automaton","floor":33,"turns":12}],"seed_played":"-7048588337196679580","potions_obtained":[{"floor":1.0,"key":"FearPotion"},{"floor":4.0,"key":"BlessingOfTheForge"},{"floor":11.0,"key":"Energy Potion"},{"floor":13.0,"key":"Fire Potion"},{"floor":14.0,"key":"SpeedPotion"},{"floor":16.0,"key":"SpeedPotion"},{"floor":19.0,"key":"SpeedPotion"},{"floor":21.0,"key":"DistilledChaos"},{"floor":22.0,"key":"PowerPotion"},{"floor":25.0,"key":"SteroidPotion"},{"floor":29.0,"key":"ColorlessPotion"},{"floor":30,"key":"Dexterity Potion"},{"floor":31,"key":"Fire Potion"}],"is_trial":false,"path_per_floor":["M","?","M","M","?","E","R","E","T","R","M","$","M","M","R","B",null,"M","M","$","M","M","R","?","M","T","R","?","?","M","E","R","B"],"character_chosen":"DEFECT","items_purchased":["Stack","Coolheaded","Heatsinks"],"campfire_rested":1,"item_purchase_floors":[20,20,20],"current_hp_per_floor":[74,74,74,74,74,54,54,46,46,46,36,36,42,44,44,30,71,78,74,74,59,55,55,55,27,27,52,52,58,65,46,46,0,0],"gold":236,"neow_bonus":"TWENTY_PERCENT_HP_BONUS","is_daily":false,"chose_seed":false,"campfire_upgraded":5,"win_rate":0.0,"timestamp":1608132334,"path_taken":["M","?","M","M","?","E","R","E","T","R","M","$","?","M","R","BOSS","M","M","$","M","M","R","?","M","T","R","?","?","M","E","R","BOSS"],"items_purchased_type":["Card","Card","Card"],"build_version":"2020-12-13","purchased_purges":1,"victory":false,"max_hp_per_floor":[85,85,85,85,85,85,85,85,85,85,85,85,85,85,85,85,85,85,85,85,85,85,85,85,85,85,85,85,85,85,85,85,85,85],"card_choices":[{"not_picked":["Scrape","Force Field"],"picked":"Auto Shields","floor":1.0},{"not_picked":["Static Discharge","Stack"],"picked":"Go for the Eyes","floor":3.0},{"not_picked":["Redo","Auto Shields"],"picked":"Ball Lightning","floor":4.0},{"not_picked":["Chaos","Barrage"],"picked":"Beam Cell","floor":6.0},{"not_picked":["Blizzard","Streamline","Leap"],"picked":"SKIP","floor":8.0},{"not_picked":["Stack","Doom and Gloom"],"picked":"Self Repair","floor":11.0},{"not_picked":["Reprogram","Capacitor"],"picked":"Hologram","floor":13.0},{"not_picked":["Machine Learning","Compile Driver"],"picked":"Cold Snap","floor":14.0},{"not_picked":["Reboot","Thunder Strike"],"picked":"Electrodynamics","floor":16.0},{"not_picked":["Hello World","Self Repair+1"],"picked":"Skim","floor":18.0},{"not_picked":["Streamline","Genetic Algorithm"],"picked":"Melter","floor":19.0},{"not_picked":["Coolheaded","Leap"],"picked":"Ball Lightning","floor":21.0},{"not_picked":["Fusion","Cold Snap"],"picked":"Steam Power","floor":22.0},{"not_picked":["Ball Lightning","All For One"],"picked":"Turbo+1","floor":25.0},{"not_picked":["Sweeping Beam","Turbo+1"],"picked":"Glacier+1","floor":29.0},{"not_picked":["Redo","Ball Lightning","Gash+1"],"picked":"SKIP","floor":30},{"not_picked":["Scrape","Streamline","Chaos"],"picked":"SKIP","floor":30},{"not_picked":["Go for the Eyes","Cold Snap"],"picked":"Rebound","floor":31}],"player_experience":1095714,"relics_obtained":[{"floor":6.0,"key":"Calipers"},{"floor":8.0,"key":"MawBank"},{"floor":9.0,"key":"White Beast Statue"},{"floor":26.0,"key":"Pantograph"},{"floor":29.0,"key":"Red Mask"},{"floor":31,"key":"Thread and Needle"}],"event_choices":[{"damage_healed":0.0,"max_hp_gain":0.0,"max_hp_loss":0.0,"gold_gain":0.0,"cards_transformed":["Strike_B"],"event_name":"Living Wall","player_choice":"Change","floor":2.0,"gold_loss":0.0,"damage_taken":0.0,"cards_obtained":["Thunder Strike"]},{"cards_removed":["Go for the Eyes"],"damage_healed":0.0,"max_hp_gain":0.0,"max_hp_loss":0.0,"gold_gain":0.0,"event_name":"WeMeetAgain","player_choice":"Gave Card","floor":5.0,"gold_loss":0.0,"damage_taken":0.0,"relics_obtained":["Happy Flower"]},{"damage_healed":0.0,"max_hp_gain":0.0,"max_hp_loss":0.0,"gold_gain":50.0,"event_name":"Nest","player_choice":"Stole From Cult","floor":24.0,"gold_loss":0.0,"damage_taken":0.0},{"damage_healed":0.0,"max_hp_gain":0.0,"max_hp_loss":0.0,"gold_gain":0.0,"event_name":"Addict","player_choice":"Obtained Relic","floor":28.0,"gold_loss":85.0,"damage_taken":0.0,"relics_obtained":["Prayer Wheel"]},{"damage_healed":0.0,"max_hp_gain":0.0,"max_hp_loss":0.0,"gold_gain":0.0,"event_name":"Masked Bandits","player_choice":"Fought Bandits","floor":29.0,"gold_loss":0.0,"damage_taken":0.0}],"is_beta":false,"boss_relics":[{"not_picked":["Pandora\u0027s Box","Inserter"],"picked":"Runic Pyramid"}],"items_purged_floors":[20],"is_endless":false,"potions_floor_spawned":[1,4,11,13,14,16,18,19,21,22,25,29,30,31],"killed_by":"Automaton","ascension_level":18}}