{"host":"cr9rpoy6dx9riis3","time":1608153771,"event":{"mods":["AchievementEnabler","BaseMod","Better Altar","Better Note","Better Sensory Stone","Better Skull","Better Third Choice","Better-Laid Plans","BetterRewards","Block Reminder","Curses Come First","Displayed Cursed Tome","Emptier Cage","Marked Mod","Minty Spire (QoL Compilation)","Permanent Neow","Relic Sorter","StSLib","The Blue Laboratory","Transform Curses"],"gold_per_floor":[115,40,40,60,71,96,46,46,46,80,80,90,265,112,112,214,214,232,156,156,116,128,128,148,148,175,193,193,208,208,218,218,320,320,340,359,373,393,405,439,439,439,488,500,520,538,174,174,174,174],"floor_reached":51,"playtime":2155,"items_purged":["Bash","Strike_R"],"score":1117,"play_id":"a43a4bb9-7945-4f3e-bf9d-4d6f6824ef21","local_time":"20201216222251","is_ascension_mode":true,"campfire_choices":[{"data":"Perfected Strike","floor":8,"key":"SMITH"},{"data":"Feed","floor":11,"key":"SMITH"},{"data":"Flame Barrier","floor":15,"key":"SMITH"},{"data":"Reaper","floor":23,"key":"SMITH"},{"data":"Perfected Strike","floor":28,"key":"SMITH"},{"data":"Perfected Strike","floor":30,"key":"SMITH"},{"data":"Wild Strike","floor":32,"key":"SMITH"},{"data":"Impervious","floor":41,"key":"SMITH"},{"data":"Ghostly Armor","floor":49,"key":"SMITH"}],"circlet_count":0,"master_deck":["Strike_R","Strike_R","Defend_R+1","Defend_R","Perfected Strike+1","Flame Barrier+1","Wild Strike+1","Feed+1","Reaper+1","Wild Strike+1","Perfected Strike+1","Perfected Strike+1","Perfected Strike+1","Wild Strike","Twin Strike+1","Impervious+1","Wild Strike+1","Shrug It Off+1","Pommel Strike+1","Metallicize+1","Ghostly Armor+1","Shrug It Off+1","Perfected Strike+1","Blind","Violence"],"relics":["Burning Blood","Philosopher\u0027s Stone","Membership Card","Bottled Lightning","Magic Flower","Orichalcum","Sundial","StrikeDummy"],"acts_visited":["Exordium","TheCity","TheBeyond"],"potions_floor_usage":[16,16,33,40,40,50],"damage_taken":[{"damage":2,"enemies":"Jaw Worm","floor":1,"turns":3},{"damage":0,"enemies":"2 Louse","floor":4,"turns":2},{"damage":0,"enemies":"Small Slimes","floor":5,"turns":2},{"damage":30,"enemies":"3 Sentries","floor":6,"turns":7},{"damage":16,"enemies":"Gremlin Nob","floor":10,"turns":3},{"damage":8,"enemies":"Blue Slaver","floor":12,"turns":2},{"damage":36,"enemies":"Hexaghost","floor":16,"turns":8},{"damage":42,"enemies":"2 Thieves","floor":18,"turns":5},{"damage":66,"enemies":"3 Byrds","floor":22,"turns":6},{"damage":44,"enemies":"Centurion and Healer","floor":24,"turns":4},{"damage":24,"enemies":"Snake Plant","floor":27,"turns":3},{"damage":0,"enemies":"Cultist and Chosen","floor":29,"turns":4},{"damage":34,"enemies":"3 Cultists","floor":31,"turns":5},{"damage":139,"enemies":"Collector","floor":33,"turns":11},{"damage":1,"enemies":"Orb Walker","floor":35,"turns":2},{"damage":13,"enemies":"3 Darklings","floor":36,"turns":3},{"damage":54,"enemies":"Transient","floor":37,"turns":5},{"damage":51,"enemies":"Maw","floor":38,"turns":7},{"damage":25,"enemies":"4 Shapes","floor":39,"turns":3},{"damage":66,"enemies":"Giant Head","floor":40,"turns":7},{"damage":3,"enemies":"3 Darklings","floor":44,"turns":3},{"damage":21,"enemies":"Jaw Worm Horde","floor":45,"turns":3},{"damage":8,"enemies":"Sphere and 2 Shapes","floor":46,"turns":4},{"damage":62,"enemies":"Time Eater","floor":50,"turns":9}],"seed_played":"-8655009156706259755","potions_obtained":[{"floor":5,"key":"blueLaboratory:RecallPotion"},{"floor":10,"key":"Weak Potion"},{"floor":24,"key":"FairyPotion"},{"floor":29,"key":"SteroidPotion"},{"floor":31,"key":"blueLaboratory:CorrosionFlask"},{"floor":36,"key":"blueLaboratory:StoneskinPotion"},{"floor":38,"key":"FearPotion"},{"floor":39,"key":"blueLaboratory:ExaltedPotion"},{"floor":40,"key":"blueLaboratory:AbyssPotion"}],"is_trial":false,"path_per_floor":["M","$","?","M","M","E","?","R","T","E","R","M","?","$","R","B",null,"M","$","?","?","M","R","M","?","T","M","R","M","R","M","R","B",null,"M","M","M","M","M","E","R","?","T","M","M","M","$","?","R","B",null],"character_chosen":"IRONCLAD","items_purchased":["StrikeDummy","Perfected Strike","Membership Card","Orrery","DollysMirror","blueLaboratory:ImpenetrablePotion","blueLaboratory:Moonshine","blueLaboratory:BottleOfRum","Blind","Violence"],"campfire_rested":0,"item_purchase_floors":[0,0,14,19,47,47,47,47,47,47],"current_hp_per_floor":[73,73,78,84,85,61,61,61,61,51,51,52,52,52,52,25,85,70,70,70,70,22,22,84,84,84,75,75,84,84,74,74,31,100,104,100,55,21,35,89,89,89,89,111,99,100,100,100,100,59],"gold":174,"neow_bonus":"","is_daily":false,"chose_seed":false,"campfire_upgraded":9,"win_rate":0.0,"timestamp":1608153771,"path_taken":["M","$","?","M","M","E","?","R","T","E","R","M","?","$","R","BOSS","M","$","?","?","M","R","M","?","T","M","R","M","R","M","R","BOSS","M","M","M","M","M","E","R","?","T","M","?","M","$","?","R","BOSS"],"items_purchased_type":["Relic","Card","Relic","Relic","Relic","Potion","Potion","Potion","Card","Card"],"build_version":"2020-12-13","purchased_purges":2,"victory":true,"max_hp_per_floor":[80,80,85,85,85,85,85,85,85,85,85,85,85,85,85,85,85,89,89,89,89,89,89,96,96,96,100,100,100,100,100,100,100,100,104,104,104,104,104,111,111,111,111,111,111,111,111,111,111,111],"card_choices":[{"not_picked":["Second Wind","Bloodletting"],"picked":"Flame Barrier","floor":1},{"not_picked":["Warcry","Power Through"],"picked":"Wild Strike","floor":4},{"not_picked":["Dual Wield","Sword Boomerang","Cleave"],"picked":"SKIP","floor":5},{"not_picked":["Flex","Warcry"],"picked":"Evolve","floor":6},{"not_picked":["Dual Wield","Corruption"],"picked":"Feed","floor":10},{"not_picked":["Uppercut","Dual Wield","Armaments"],"picked":"SKIP","floor":12},{"not_picked":["Berserk","Bludgeon"],"picked":"Reaper","floor":16},{"not_picked":["Warcry","Heavy Blade+1"],"picked":"Wild Strike+1","floor":18},{"not_picked":["Iron Wave","Cleave"],"picked":"Perfected Strike","floor":19},{"not_picked":["Flex","Double Tap"],"picked":"Perfected Strike","floor":19},{"not_picked":["Body Slam","Burning Pact"],"picked":"Perfected Strike","floor":19},{"not_picked":["Feel No Pain","Uppercut+1","True Grit+1"],"picked":"SKIP","floor":22},{"not_picked":["Heavy Blade","Thunderclap","Bloodletting"],"picked":"SKIP","floor":24},{"not_picked":["Twin Strike","Evolve+1"],"picked":"Wild Strike","floor":27},{"not_picked":["Clothesline","Warcry"],"picked":"Twin Strike+1","floor":29},{"not_picked":["Havoc","Rupture+1","Iron Wave"],"picked":"SKIP","floor":31},{"not_picked":["Demon Form","Immolate"],"picked":"Impervious","floor":33},{"not_picked":["Headbutt+1","True Grit"],"picked":"Wild Strike+1","floor":35},{"not_picked":["True Grit+1","Cleave+1","Sword Boomerang+1"],"picked":"SKIP","floor":36},{"not_picked":["Hemokinesis","Warcry"],"picked":"Shrug It Off+1","floor":37},{"not_picked":["Reckless Charge+1","Shrug It Off"],"picked":"Pommel Strike+1","floor":38},{"not_picked":["Armaments+1","Blood for Blood","Heavy Blade"],"picked":"SKIP","floor":39},{"not_picked":["Blood for Blood","Infernal Blade","Barricade"],"picked":"SKIP","floor":40},{"not_picked":["Thunderclap+1","Dual Wield"],"picked":"Metallicize+1","floor":44},{"not_picked":["True Grit+1","Burning Pact+1"],"picked":"Ghostly Armor","floor":45},{"not_picked":["Dark Embrace","Perfected Strike+1"],"picked":"Shrug It Off+1","floor":46}],"player_experience":722425,"relics_obtained":[{"floor":6,"key":"Sundial"},{"floor":9,"key":"Bottled Lightning"},{"floor":10,"key":"Magic Flower"},{"floor":40,"key":"Orichalcum"}],"event_choices":[{"damage_healed":0,"gold_gain":0,"player_choice":"Donut","damage_taken":0,"max_hp_gain":5,"max_hp_loss":0,"event_name":"Big Fish","floor":3,"gold_loss":0},{"cards_removed":["Defend_R"],"damage_healed":0,"gold_gain":0,"player_choice":"Card Removal","damage_taken":0,"max_hp_gain":0,"max_hp_loss":0,"event_name":"The Cleric","floor":7,"gold_loss":50},{"damage_healed":0,"gold_gain":175,"player_choice":"AGREE","damage_taken":90,"max_hp_gain":0,"max_hp_loss":0,"event_name":"betterThird:BetterSerpent","floor":13,"gold_loss":0},{"cards_removed":["Strike_R"],"damage_healed":0,"gold_gain":0,"player_choice":"Purged","damage_taken":0,"max_hp_gain":0,"max_hp_loss":0,"event_name":"Purifier","floor":20,"gold_loss":0},{"damage_healed":0,"gold_gain":0,"player_choice":"Upgraded Two","damage_taken":0,"max_hp_gain":0,"max_hp_loss":0,"event_name":"Designer","floor":21,"gold_loss":40,"cards_upgraded":["Perfected Strike","Defend_R"]},{"cards_removed":["Strike_R"],"damage_healed":0,"gold_gain":0,"player_choice":"Card Removal","damage_taken":0,"max_hp_gain":0,"max_hp_loss":0,"event_name":"Wheel of Change","floor":25,"gold_loss":0},{"cards_removed":["Pride"],"damage_healed":0,"gold_gain":0,"player_choice":"Removed Curses","damage_taken":0,"max_hp_gain":0,"max_hp_loss":0,"event_name":"Fountain of Cleansing","floor":42,"gold_loss":0},{"damage_healed":0,"gold_gain":0,"player_choice":"Ignored","damage_taken":0,"max_hp_gain":0,"max_hp_loss":0,"event_name":"Tomb of Lord Red Mask","floor":48,"gold_loss":0}],"is_beta":false,"boss_relics":[{"not_picked":["Busted Crown","SlaversCollar"],"picked":"Empty Cage"},{"not_picked":["Fusion Hammer","Runic Dome"],"picked":"Philosopher\u0027s Stone"}],"items_purged_floors":[2,47],"is_endless":false,"potions_floor_spawned":[5,10,24,29,31,36,38,39,40],"ascension_level":3}}