{"host":"wha9hktbkslqvblg","time":1608080903,"event":{"mods":["BaseMod","Colored Map","Minty Spire (QoL Compilation)","Relic Stats","SuperFastMode","everything is the same but u backflip on backflip"],"gold_per_floor":[115,115,133,133,1,1,26,45,45,45,45,55,55,55],"floor_reached":13,"playtime":250,"items_purged":["Strike_R"],"score":216,"play_id":"068a14b2-f0f9-472b-b60f-7c2b3651c049","local_time":"20201216100823","is_ascension_mode":true,"campfire_choices":[{"data":"Infernal Blade","floor":6,"key":"SMITH"},{"data":"Bludgeon","floor":10,"key":"SMITH"}],"circlet_count":0,"master_deck":["AscendersBane","Strike_R","Strike_R","Strike_R","Strike_R","Defend_R","Defend_R","Defend_R+1","Defend_R","Bash+1","Infernal Blade+1","Shrug It Off","Power Through+1","Bludgeon+1"],"relics":["Burning Blood","NeowsBlessing","Letter Opener","White Beast Statue"],"acts_visited":["Exordium"],"potions_floor_usage":[],"damage_taken":[{"damage":0,"enemies":"2 Louse","floor":1,"turns":1},{"damage":0,"enemies":"Small Slimes","floor":3,"turns":1},{"damage":0,"enemies":"3 Sentries","floor":7,"turns":2},{"damage":9,"enemies":"Jaw Worm","floor":8,"turns":3},{"damage":6,"enemies":"Large Slime","floor":12,"turns":5},{"damage":25,"enemies":"Gremlin Nob","floor":13,"turns":4}],"seed_played":"6979854399174017923","potions_obtained":[{"floor":1,"key":"FearPotion"},{"floor":7,"key":"PowerPotion"}],"is_trial":false,"path_per_floor":["M","?","M","?","$","R","E","M","T","R","?","M","E"],"character_chosen":"IRONCLAD","items_purchased":["Shrug It Off"],"campfire_rested":0,"item_purchase_floors":[5],"current_hp_per_floor":[74,74,75,52,52,52,58,55,55,55,55,55,30,30],"gold":55,"neow_bonus":"THREE_ENEMY_KILL","is_daily":false,"chose_seed":false,"campfire_upgraded":2,"win_rate":0.0,"timestamp":1608080903,"path_taken":["M","?","M","?","?","R","E","M","T","R","?","M","E"],"items_purchased_type":["Card"],"build_version":"2020-12-13","purchased_purges":1,"victory":false,"max_hp_per_floor":[75,75,75,75,75,75,75,75,75,75,75,75,75,75],"relic_stats":{"counters":[6,16],"Letter Opener":[0],"obtain_stats":[{"NeowsBlessing":0,"Letter Opener":7,"Burning Blood":0,"White Beast Statue":9},{"NeowsBlessing":0,"Letter Opener":3,"Burning Blood":0,"White Beast Statue":4},{"NeowsBlessing":0,"Letter Opener":4,"Burning Blood":0,"White Beast Statue":7}],"Burning Blood":25},"card_choices":[{"not_picked":["Sever Soul","Flex"],"picked":"Infernal Blade","floor":1},{"not_picked":["Carnage","Rage","Armaments"],"picked":"SKIP","floor":3},{"not_picked":["Iron Wave","Perfected Strike"],"picked":"Power Through","floor":7},{"not_picked":["Thunderclap","Perfected Strike"],"picked":"Bludgeon","floor":8},{"not_picked":["Flex","Sword Boomerang","Armaments"],"picked":"SKIP","floor":12}],"player_experience":848278,"relics_obtained":[{"floor":7,"key":"Letter Opener"},{"floor":9,"key":"White Beast Statue"}],"event_choices":[{"damage_healed":0,"gold_gain":0,"player_choice":"Ignored","damage_taken":0,"max_hp_gain":0,"max_hp_loss":0,"event_name":"Liars Game","floor":2,"gold_loss":0},{"damage_healed":0,"gold_gain":0,"player_choice":"Entered Light","damage_taken":23,"max_hp_gain":0,"max_hp_loss":0,"event_name":"Shining Light","floor":4,"gold_loss":0,"cards_upgraded":["Defend_R","Bash"]},{"damage_healed":0,"gold_gain":0,"player_choice":"Forge","damage_taken":0,"max_hp_gain":0,"max_hp_loss":0,"event_name":"Accursed Blacksmith","floor":11,"gold_loss":0,"cards_upgraded":["Power Through"]}],"is_beta":false,"boss_relics":[],"items_purged_floors":[5],"is_endless":false,"potions_floor_spawned":[1,7,12],"killed_by":"Gremlin Nob","ascension_level":20}}