{"host":"oc01m10dqg0gjqug","time":1608120273,"event":{"mods":["Act Like it!","Alarm Clock","Aspiration","BaseMod","CapriCore","Chen","Colored Powertips","Conspire","Dota2Spire","Faster Ascension Climbing","Gensokyo","Hubris","Koishi","KomeijiMod","Marisa（F雨　魔理沙）","Minty Spire (QoL Compilation)","MostiFishMod","Prisma Mod","Quarter Circle Forward PUNCH!","Quick Restart","Reimu（博丽灵梦）","Relic Stats","Replay The Spire","RumiaBox-露米娅的神秘盒子","Ryuuou龙王","Shop Mod","Spicy Shops","StSLib","TestMod","The Administrix","The Animator","The Immortal","Uncapped","Voiceroid Mod","Youmu（魂魄妖梦）","Yuyuko","[IsaacMod]以撒尖塔","vexMod","【东方二次创作】八云紫mod","【功能Mod】混沌之环修复补丁","【功能Mod】聪明的最终Boss","【遗物卡牌】REMEMod","篝火指南"],"gold_per_floor":[114,9142,9142,9142,9142,8467,8467,8467,8467,8467,8467,8497,8497,7420,7420,7520,7520,7535,7550,7550,6716,6716,6716,6716,6716,6716,6731,5687,4752,4477,4477,4052,4152,4152,4167,4167,3734,3734,3394,3194,2794,2394,2443,2457,2107,1242,1242,1271,583,583],"floor_reached":51,"playtime":1511,"items_purged":["Injury","PrismaMod:IllyaBride","Clumsy"],"score":1057,"play_id":"4a85d60f-1567-4243-95bc-a58b580f4c0f","local_time":"20201216200433","daily_mods":["SealedDeck","Flight","Terminal"],"is_ascension_mode":false,"campfire_choices":[{"data":"PrismaMod:IllyaUncommonDefend","floor":7,"key":"SMITH"},{"data":"PrismaMod:IllyaUberChannel","floor":8,"key":"SMITH"},{"data":"PrismaMod:IllyaRapidFire","floor":10,"key":"SMITH"},{"data":"PrismaMod:IllyaReinForce","floor":11,"key":"SMITH"},{"data":"PrismaMod:IllyaCarnivalAttack","floor":15,"key":"SMITH"},{"data":"PrismaMod:IllyaCarnivalOrbs","floor":23,"key":"SMITH"},{"data":"PrismaMod:IllyaUberAttackChannel","floor":24,"key":"SMITH"},{"data":"PrismaMod:IllyaSaphire","floor":25,"key":"SMITH"}],"circlet_count":0,"master_deck":["PrismaMod:MiyuCheapDefend2+1","PrismaMod:IllyaRapidFire+1","PrismaMod:IllyaReinForce+1","PrismaMod:IllyaCommandSeal+1","PrismaMod:IllyaSaphire+1","PrismaMod:IllyaUpgradeOrbs+1","PrismaMod:IllyaCommandSeal+1","PrismaMod:IllyaUberChannel+1","PrismaMod:IllyaGrail+1","PrismaMod:IllyaDevil+1","PrismaMod:IllyaUncommonDefend+1","PrismaMod:IllyaUberAttackChannel+1","PrismaMod:IllyaCarnivalAttack+1","PrismaMod:IllyaCarnivalOrbs+1","PrismaMod:IllyaBride+1","PrismaMod:IllyaCarnivalAttack+1","Wraith"],"relics":["PrismaMod:PrismaRuby","DaveBox","testmod-TestBox","HushsDoor","REME_ComplimentaryCards","testmod-TurbochargingSystem","ShadowXiaoBlade","DeadEye","Question Card","conspire:TreasureMap","testmod-IntensifyImprint","testmod-BalancedPeriapt","REME_HourglassOfDeath","SynthV:C4","Technique","Ancient Tea Set","Strawberry","Medical Kit","Dota2Spire:ShivaGuard","Dota2Spire:MagicBottle","Pen Nib","hubris:BottledRain","Potion Belt","Guide Book","Akabeko","hubris:MysteriousPyramids","ImportantClient","hubris:Backtick","DianPoetry","Orichalcum","BrkXgEgg","Golden Egg","MealTicket","ZombieArmy","testmod-ArcanaOfDestiny","Replay:Towering Pillar of Hats","qcfpunch:Wrestler\u0027s_Cloak","vexMod:PaidLearning","ReplayFunnel","Membership Card","Strawberry","testmod-IndustrialRevolution","GodSword7","REME_OnlineShoppingPlatform","D6","vexMod:FocusSash","Replay:Baseball","vexMod:ScavengeHelm","ClockworkSouvenir","ReplayTheSpireMod:Ninjato","Blue Doll","hubris:TenFootPole","ImprovedEquipment","testmod-Register","REME_HandOfSuture","hubris:SphereOfDissonance","Dota2Spire:Vanguard","Toy Ornithopter","vexMod:TanglingVine","REME_CardOfGreed","Habit","MerchantsRug","vexMod:BarristanHead","Dota2Spire:MaskOfMadness","Dota2Spire:LotusOrb","HandDrill","EdensBlessing","vexMod:MemoryStick","hubris:TinFlute","Regal Pillow","testmod-Charity","Eternal Feather","ChiLing","Chi","Ling","Iron Hammer","Dota2Spire:ArmletOfMordiggian","Dota2Spire:OrchidMalevolence","White Beast Statue","testmod-LifeArmor","TimeFreeze","Dota2Spire:MonkeyKingBar","aspiration:HatOfInfinitePower","testmod-OneHitWonder","TentaclePot:ReiMu","HornCleat","Dream Catcher","Omamori","ReplayTheSpireMod:TigerMarble","TheAbacus","qcfpunch:Spiky_Bracers","SentryEyes","BFFS","Dota2Spire:ArcaneBoots","Blood Vial","ThornShield","testmod-Acrobat","Strange Spoon","qcfpunch:Wild_Herbs_Ointment","Shuriken","hubris:PeanutButter","hubris:GlazedTorus","hubris:HerbalPaste","Dota2Spire:HeartOfTarrasque","ReplayTheSpireMod:ShopPack"],"acts_visited":["Gensokyo:Gensokyo","Gensokyo:Gensokyoer","TheBeyond"],"potions_floor_usage":[],"damage_taken":[{"damage":0,"enemies":"Gensokyo:2_Kodama","floor":1,"turns":3},{"damage":0,"enemies":"Gensokyo:Mamizou","floor":12,"turns":2},{"damage":0,"enemies":"Gensokyo:Kokoro","floor":16,"turns":5},{"damage":0,"enemies":"Gensokyo:2_Gloops","floor":18,"turns":2},{"damage":0,"enemies":"Gensokyo:Chomper","floor":19,"turns":2},{"damage":0,"enemies":"Gensokyo:Monolith_and_Dog","floor":27,"turns":1},{"damage":0,"enemies":"Gensokyo:Eiki","floor":33,"turns":1},{"damage":0,"enemies":"3 Darklings","floor":35,"turns":1},{"damage":2,"enemies":"3 Shapes","floor":44,"turns":1},{"damage":0,"enemies":"R_Hoarder","floor":48,"turns":1},{"damage":0,"enemies":"Awakened One","floor":50,"turns":2}],"seed_played":"4580661739168851385","potions_obtained":[{"floor":18,"key":"BlessingOfTheForge"}],"is_trial":false,"path_per_floor":["M","$","?","?","?","R","R","R","T","R","R","E","?","$","R","B",null,"M","M","?","$","?","R","R","R","T","M","$","$","R","?","R","B",null,"M","?","$","?","$","R","R","R","T","M","R","$","?","E","R","B",null],"character_chosen":"ILLYA","items_purchased":["conspire:TreasureMap","testmod-IntensifyImprint","testmod-BalancedPeriapt","REME_HourglassOfDeath","SynthV:C4","Technique","PrismaMod:IllyaUncommonDefend","Medical Kit","Dota2Spire:ShivaGuard","Dota2Spire:MagicBottle","Potion Belt","Guide Book","PrismaMod:IllyaUberAttackChannel","PrismaMod:IllyaCarnivalAttack","Akabeko","hubris:MysteriousPyramids","Orichalcum","BrkXgEgg","Golden Egg","MealTicket","ZombieArmy","PrismaMod:IllyaBride","Replay:Towering Pillar of Hats","qcfpunch:Wrestler\u0027s_Cloak","vexMod:PaidLearning","PrismaMod:IllyaCarnivalAttack+1","ReplayFunnel","MostiFishMod:PerfectForm+1","Membership Card","Strawberry","testmod-IndustrialRevolution","GodSword7","REME_OnlineShoppingPlatform","D6","vexMod:FocusSash","Replay:Baseball","vexMod:ScavengeHelm","ClockworkSouvenir","ReplayTheSpireMod:Ninjato","Blue Doll","hubris:TenFootPole","ImprovedEquipment","testmod-Register","REME_HandOfSuture","hubris:SphereOfDissonance","Dota2Spire:Vanguard","Toy Ornithopter","REME_CardOfGreed","Habit","qcfpunch:Red_Cyclone_Teachings","MerchantsRug","vexMod:BarristanHead","Dota2Spire:MaskOfMadness","Dota2Spire:LotusOrb","HandDrill","EdensBlessing","vexMod:MemoryStick","hubris:TinFlute","Regal Pillow","testmod-Charity","Eternal Feather","ChiLing","qcfpunch:Cattail","Iron Hammer","Dota2Spire:ArmletOfMordiggian","Dota2Spire:OrchidMalevolence","White Beast Statue","testmod-LifeArmor","TimeFreeze","Dota2Spire:MonkeyKingBar","testmod-OneHitWonder","TentaclePot:ReiMu","HornCleat","Dream Catcher","Omamori","ReplayTheSpireMod:TigerMarble","TheAbacus","qcfpunch:Spiky_Bracers","SentryEyes","BFFS","Dota2Spire:ArcaneBoots","Blood Vial","ThornShield","testmod-Acrobat","Strange Spoon","Shuriken","hubris:PeanutButter","hubris:GlazedTorus","hubris:HerbalPaste","Dota2Spire:HeartOfTarrasque","ReplayTheSpireMod:ShopPack"],"campfire_rested":0,"item_purchase_floors":[2,2,2,2,2,2,2,6,6,6,14,14,14,14,14,14,21,21,21,21,21,21,28,28,28,28,28,28,29,29,29,29,29,29,29,29,29,29,29,30,30,30,32,32,32,32,32,37,37,37,37,37,37,37,39,39,39,39,39,39,40,40,41,41,41,41,42,42,42,42,45,45,45,45,46,46,46,46,46,46,46,46,46,46,46,49,49,49,49,49,49],"current_hp_per_floor":[73,72,71,70,69,68,67,66,65,64,63,62,61,60,59,58,57,56,55,54,53,52,51,50,49,48,47,46,45,44,43,42,41,40,39,38,37,36,35,34,33,32,31,30,29,28,27,26,25,24],"gold":583,"neow_bonus":"","is_daily":true,"chose_seed":false,"campfire_upgraded":8,"win_rate":0.0,"timestamp":1608120273,"path_taken":["M","$","?","?","?","R","R","R","T","R","R","E","?","$","R","BOSS","M","M","?","$","?","R","R","R","T","?","$","$","R","?","R","BOSS","M","?","$","?","$","R","R","R","T","M","R","$","?","E","R","BOSS"],"items_purchased_type":["Relic","Relic","Relic","Relic","Relic","Relic","Card","Relic","Relic","Relic","Relic","Relic","Card","Card","Relic","Relic","Relic","Relic","Relic","Relic","Relic","Card","Relic","Relic","Relic","Card","Relic","Card","Relic","Relic","Relic","Relic","Relic","Relic","Relic","Relic","Relic","Relic","Relic","Relic","Relic","Relic","Relic","Relic","Relic","Relic","Relic","Relic","Relic","Relic","Relic","Relic","Relic","Relic","Relic","Relic","Relic","Relic","Relic","Relic","Relic","Relic","Relic","Relic","Relic","Relic","Relic","Relic","Relic","Relic","Relic","Relic","Relic","Relic","Relic","Relic","Relic","Relic","Relic","Relic","Relic","Relic","Relic","Relic","Relic","Relic","Relic","Relic","Relic","Relic","Relic"],"build_version":"2020-12-13","purchased_purges":3,"victory":true,"max_hp_per_floor":[73,72,71,70,69,68,67,66,65,64,63,62,61,60,59,58,57,56,55,54,53,52,51,50,49,48,47,46,45,44,43,42,41,40,39,38,37,36,35,34,33,32,31,30,29,28,27,26,25,24],"relic_stats":{"Regal Pillow":0,"counters":[11,20],"Eternal Feather":0,"Pen Nib":[3],"Orichalcum":[6],"Question Card":12,"Medical Kit":[1],"Blood Vial":0,"Strange Spoon":[9],"Dream Catcher":0,"TheAbacus":[12],"Shuriken":[2],"MealTicket":0,"HandDrill":[0],"obtain_stats":[{"Golden Egg":21,"vexMod:MemoryStick":39,"testmod-LifeArmor":42,"DeadEye":0,"vexMod:TanglingVine":34,"hubris:MysteriousPyramids":14,"BFFS":46,"Blood Vial":46,"PrismaMod:PrismaRuby":0,"hubris:HerbalPaste":49,"MealTicket":21,"HandDrill":39,"qcfpunch:Red_Cyclone_Teachings":37,"hubris:TinFlute":39,"KeepersGift":0,"testmod-IntensifyImprint":2,"MerchantsRug":37,"conspire:TreasureMap":2,"testmod-TestBox":0,"testmod-Register":32,"TentaclePot:ReiMu":45,"hubris:SphereOfDissonance":32,"Eternal Feather":40,"Pen Nib":9,"TimeFreeze":42,"Akabeko":14,"Ling":40,"SentryEyes":46,"hubris:TenFootPole":30,"Technique":2,"HushsDoor":0,"ChiLing":40,"qcfpunch:Spiky_Bracers":46,"Regal Pillow":39,"DaveBox":0,"DianPoetry":17,"Dota2Spire:OrchidMalevolence":41,"Blue Doll":30,"Dota2Spire:Vanguard":32,"Ancient Tea Set":4,"SynthV:C4":2,"qcfpunch:Wild_Herbs_Ointment":48,"hubris:Backtick":17,"qcfpunch:Cattail":41,"Dota2Spire:ArcaneBoots":46,"ZombieArmy":21,"hubris:GlazedTorus":49,"Potion Belt":14,"ImprovedEquipment":30,"BrkXgEgg":21,"Omamori":46,"testmod-TurbochargingSystem":0,"ThornShield":46,"Habit":37,"D6":29,"REME_HandOfSuture":32,"testmod-BalancedPeriapt":2,"Toy Ornithopter":32,"REME_ComplimentaryCards":0,"hubris:BottledRain":12,"Dota2Spire:MaskOfMadness":37,"Chi":40,"Dota2Spire:ArmletOfMordiggian":41,"Dota2Spire:MagicBottle":6,"HornCleat":45,"Strawberry":5,"Iron Hammer":41,"REME_OnlineShoppingPlatform":29,"ImportantClient":16,"vexMod:ScavengeHelm":29,"Dota2Spire:ShivaGuard":6,"vexMod:PaidLearning":28,"Dota2Spire:HeartOfTarrasque":49,"Question Card":1,"Replay:Baseball":29,"REME_HourglassOfDeath":2,"Shuriken":49,"testmod-Acrobat":46,"hubris:PeanutButter":49,"GodSword7":29,"ReplayTheSpireMod:TigerMarble":46,"EdensBlessing":39,"Dota2Spire:MonkeyKingBar":42,"aspiration:HatOfInfinitePower":43,"testmod-OneHitWonder":45,"ReplayFunnel":28,"Dota2Spire:LotusOrb":37,"testmod-Charity":39,"ClockworkSouvenir":29,"Dream Catcher":45,"TheAbacus":46,"qcfpunch:Wrestler\u0027s_Cloak":28,"testmod-ArcanaOfDestiny":26,"ReplayTheSpireMod:Ninjato":29,"Replay:Towering Pillar of Hats":28,"Guide Book":14,"ShadowXiaoBlade":0,"vexMod:FocusSash":29,"Orichalcum":21,"Medical Kit":6,"testmod-IndustrialRevolution":29,"White Beast Statue":42,"Strange Spoon":46,"vexMod:BarristanHead":37,"Membership Card":29,"REME_CardOfGreed":37,"ReplayTheSpireMod:ShopPack":49},{"Golden Egg":5,"vexMod:MemoryStick":8,"testmod-LifeArmor":8,"DeadEye":0,"vexMod:TanglingVine":7,"hubris:MysteriousPyramids":2,"BFFS":9,"Blood Vial":9,"PrismaMod:PrismaRuby":0,"hubris:HerbalPaste":10,"MealTicket":5,"HandDrill":8,"qcfpunch:Red_Cyclone_Teachings":8,"hubris:TinFlute":8,"KeepersGift":0,"testmod-IntensifyImprint":1,"MerchantsRug":8,"conspire:TreasureMap":1,"testmod-TestBox":0,"testmod-Register":6,"TentaclePot:ReiMu":9,"hubris:SphereOfDissonance":6,"Eternal Feather":8,"Pen Nib":1,"TimeFreeze":8,"Akabeko":2,"Ling":8,"SentryEyes":9,"hubris:TenFootPole":6,"Technique":1,"HushsDoor":0,"ChiLing":8,"qcfpunch:Spiky_Bracers":9,"Regal Pillow":8,"DaveBox":0,"DianPoetry":3,"Dota2Spire:OrchidMalevolence":8,"Blue Doll":6,"Dota2Spire:Vanguard":6,"Ancient Tea Set":1,"SynthV:C4":1,"qcfpunch:Wild_Herbs_Ointment":10,"hubris:Backtick":3,"qcfpunch:Cattail":8,"Dota2Spire:ArcaneBoots":9,"ZombieArmy":5,"hubris:GlazedTorus":10,"Potion Belt":2,"ImprovedEquipment":6,"BrkXgEgg":5,"Omamori":9,"testmod-TurbochargingSystem":0,"ThornShield":9,"Habit":8,"D6":6,"REME_HandOfSuture":6,"testmod-BalancedPeriapt":1,"Toy Ornithopter":6,"REME_ComplimentaryCards":0,"hubris:BottledRain":2,"Dota2Spire:MaskOfMadness":8,"Chi":8,"Dota2Spire:ArmletOfMordiggian":8,"Dota2Spire:MagicBottle":1,"HornCleat":9,"Strawberry":1,"Iron Hammer":8,"REME_OnlineShoppingPlatform":6,"ImportantClient":3,"vexMod:ScavengeHelm":6,"Dota2Spire:ShivaGuard":1,"vexMod:PaidLearning":6,"Dota2Spire:HeartOfTarrasque":10,"Question Card":1,"Replay:Baseball":6,"REME_HourglassOfDeath":1,"Shuriken":10,"testmod-Acrobat":9,"hubris:PeanutButter":10,"GodSword7":6,"ReplayTheSpireMod:TigerMarble":9,"EdensBlessing":8,"Dota2Spire:MonkeyKingBar":8,"aspiration:HatOfInfinitePower":8,"testmod-OneHitWonder":9,"ReplayFunnel":6,"Dota2Spire:LotusOrb":8,"testmod-Charity":8,"ClockworkSouvenir":6,"Dream Catcher":9,"TheAbacus":9,"qcfpunch:Wrestler\u0027s_Cloak":6,"testmod-ArcanaOfDestiny":5,"ReplayTheSpireMod:Ninjato":6,"Replay:Towering Pillar of Hats":6,"Guide Book":2,"ShadowXiaoBlade":0,"vexMod:FocusSash":6,"Orichalcum":5,"Medical Kit":1,"testmod-IndustrialRevolution":6,"White Beast Statue":8,"Strange Spoon":9,"vexMod:BarristanHead":8,"Membership Card":6,"REME_CardOfGreed":8,"ReplayTheSpireMod:ShopPack":10},{"Golden Egg":13,"vexMod:MemoryStick":16,"testmod-LifeArmor":16,"DeadEye":0,"vexMod:TanglingVine":15,"hubris:MysteriousPyramids":4,"BFFS":17,"Blood Vial":17,"PrismaMod:PrismaRuby":0,"hubris:HerbalPaste":18,"MealTicket":13,"HandDrill":16,"qcfpunch:Red_Cyclone_Teachings":16,"hubris:TinFlute":16,"KeepersGift":0,"testmod-IntensifyImprint":3,"MerchantsRug":16,"conspire:TreasureMap":3,"testmod-TestBox":0,"testmod-Register":14,"TentaclePot:ReiMu":17,"hubris:SphereOfDissonance":14,"Eternal Feather":16,"Pen Nib":3,"TimeFreeze":16,"Akabeko":4,"Ling":16,"SentryEyes":17,"hubris:TenFootPole":14,"Technique":3,"HushsDoor":0,"ChiLing":16,"qcfpunch:Spiky_Bracers":17,"Regal Pillow":16,"DaveBox":0,"DianPoetry":9,"Dota2Spire:OrchidMalevolence":16,"Blue Doll":14,"Dota2Spire:Vanguard":14,"Ancient Tea Set":3,"SynthV:C4":3,"qcfpunch:Wild_Herbs_Ointment":18,"hubris:Backtick":9,"qcfpunch:Cattail":16,"Dota2Spire:ArcaneBoots":17,"ZombieArmy":13,"hubris:GlazedTorus":18,"Potion Belt":4,"ImprovedEquipment":14,"BrkXgEgg":13,"Omamori":17,"testmod-TurbochargingSystem":0,"ThornShield":17,"Habit":16,"D6":14,"REME_HandOfSuture":14,"testmod-BalancedPeriapt":3,"Toy Ornithopter":14,"REME_ComplimentaryCards":0,"hubris:BottledRain":4,"Dota2Spire:MaskOfMadness":16,"Chi":16,"Dota2Spire:ArmletOfMordiggian":16,"Dota2Spire:MagicBottle":3,"HornCleat":17,"Strawberry":3,"Iron Hammer":16,"REME_OnlineShoppingPlatform":14,"ImportantClient":9,"vexMod:ScavengeHelm":14,"Dota2Spire:ShivaGuard":3,"vexMod:PaidLearning":14,"Dota2Spire:HeartOfTarrasque":18,"Question Card":3,"Replay:Baseball":14,"REME_HourglassOfDeath":3,"Shuriken":18,"testmod-Acrobat":17,"hubris:PeanutButter":18,"GodSword7":14,"ReplayTheSpireMod:TigerMarble":17,"EdensBlessing":16,"Dota2Spire:MonkeyKingBar":16,"aspiration:HatOfInfinitePower":16,"testmod-OneHitWonder":17,"ReplayFunnel":14,"Dota2Spire:LotusOrb":16,"testmod-Charity":16,"ClockworkSouvenir":14,"Dream Catcher":17,"TheAbacus":17,"qcfpunch:Wrestler\u0027s_Cloak":14,"testmod-ArcanaOfDestiny":13,"ReplayTheSpireMod:Ninjato":14,"Replay:Towering Pillar of Hats":14,"Guide Book":4,"ShadowXiaoBlade":0,"vexMod:FocusSash":14,"Orichalcum":13,"Medical Kit":3,"testmod-IndustrialRevolution":14,"White Beast Statue":16,"Strange Spoon":17,"vexMod:BarristanHead":16,"Membership Card":14,"REME_CardOfGreed":16,"ReplayTheSpireMod:ShopPack":18}],"Toy Ornithopter":0},"card_choices":[{"not_picked":["PrismaMod:IllyaFeed","PrismaMod:IllyaUberPoisonBlock","PrismaMod:IllyaRussianRoulette"],"picked":"SKIP","floor":1},{"not_picked":["PrismaMod:IllyaFriendMaker","PrismaMod:IllyaAssassinRevenge","PrismaMod:IllyaCommonEvoke","PrismaMod:IllyaReinForce"],"picked":"SKIP","floor":12},{"not_picked":["PrismaMod:IllyaInstallAssassin","PrismaMod:IllyaInstallArcher","PrismaMod:IllyaUberAttackChannel"],"picked":"PrismaMod:IllyaCarnivalOrbs","floor":16},{"not_picked":["PrismaMod:IllyaGun+1","PrismaMod:IllyaCheapChannelPoison","PrismaMod:IllyaGrailKun","PrismaMod:IllyaCommandSeal"],"picked":"SKIP","floor":18},{"not_picked":["PrismaMod:IllyaDevil","PrismaMod:IllyaGun","PrismaMod:IllyaEvokeAll+1","PrismaMod:IllyaHassanGift"],"picked":"SKIP","floor":19},{"not_picked":["PrismaMod:IllyaFeed+1","PrismaMod:IllyaDetonatingBlow+1","PrismaMod:IllyaMinorReinForce","PrismaMod:IllyaCheapChannelAttack"],"picked":"SKIP","floor":27},{"not_picked":["PrismaMod:IllyaRussianRoulette+1","PrismaMod:IllyaUpgradeOrbs+1","PrismaMod:IllyaUberPoisonBlock+1","PrismaMod:IllyaBlindPoisonToss"],"picked":"SKIP","floor":35},{"not_picked":["PrismaMod:IllyaCheapChannelPoison+1","PrismaMod:IllyaRubysPotion+1","PrismaMod:IllyaPoisonTippedWeapons+1","PrismaMod:IllyaSaphire"],"picked":"SKIP","floor":44},{"not_picked":["PrismaMod:IllyaAssassinRevenge","PrismaMod:IllyaCommonEvoke","PrismaMod:IllyaAlice+1","PrismaMod:IllyaUncommonAttack"],"picked":"SKIP","floor":48}],"player_experience":562181,"relics_obtained":[{"floor":1,"key":"Question Card"},{"floor":9,"key":"Pen Nib"},{"floor":12,"key":"hubris:BottledRain"},{"floor":16,"key":"ImportantClient"},{"floor":26,"key":"testmod-ArcanaOfDestiny"},{"floor":43,"key":"aspiration:HatOfInfinitePower"},{"floor":48,"key":"qcfpunch:Wild_Herbs_Ointment"}],"event_choices":[{"damage_healed":0,"gold_gain":0,"player_choice":"Ignored","damage_taken":0,"max_hp_gain":0,"max_hp_loss":0,"event_name":"给自己的盒子","floor":22,"gold_loss":0},{"damage_healed":0,"gold_gain":0,"player_choice":"Ignored","damage_taken":0,"max_hp_gain":0,"max_hp_loss":0,"event_name":"Mysterious Sphere","floor":36,"gold_loss":0},{"damage_healed":0,"gold_gain":0,"player_choice":"Ignored","damage_taken":0,"max_hp_gain":0,"max_hp_loss":0,"event_name":"OrinTheCat","floor":38,"gold_loss":0},{"cards_removed":["MostiFishMod:PerfectForm"],"damage_healed":0,"gold_gain":0,"player_choice":"Removed Power","damage_taken":0,"max_hp_gain":0,"max_hp_loss":0,"event_name":"Falling","floor":47,"gold_loss":0}],"is_beta":false,"boss_relics":[{"not_picked":["Coffee Dripper","xbg"],"picked":"hubris:Backtick"},{"not_picked":[]},{"not_picked":["REME_DuelDisc","Astrolabe"],"picked":"vexMod:TanglingVine"},{"not_picked":[]}],"items_purged_floors":[6,21,37],"is_endless":false,"potions_floor_spawned":[16,18,44,48],"ascension_level":0}}