{"host":"fdq5pmhluajjrf8d","time":1608083290,"event":{"mods":["BaseMod","Minty Spire (QoL Compilation)"],"gold_per_floor":[19,19,43,43,64,64,99,99,99,115,115,150,169,189,189,189,189],"floor_reached":16,"playtime":660,"items_purged":[],"score":218,"play_id":"ed0ddd41-4e05-41ce-a804-a1e6ca7cc39f","local_time":"20201215204810","is_ascension_mode":true,"campfire_choices":[{"data":"Chill","floor":6,"key":"SMITH"},{"floor":8,"key":"REST"},{"floor":15,"key":"REST"}],"circlet_count":0,"master_deck":["AscendersBane","Strike_B","Strike_B","Strike_B","Strike_B","Defend_B","Defend_B","Defend_B","Defend_B","Zap","Dualcast","Chill+1","Injury","Cold Snap","Sunder","Loop","Redo","Force Field","Storm+1"],"relics":["Cracked Core","Gambling Chip","Golden Idol","StrikeDummy","Anchor","Frozen Egg 2"],"acts_visited":["Exordium"],"potions_floor_usage":[7,16],"damage_taken":[{"damage":7.0,"enemies":"Small Slimes","floor":1.0,"turns":3.0},{"damage":5.0,"enemies":"Jaw Worm","floor":3.0,"turns":4.0},{"damage":1,"enemies":"2 Louse","floor":5,"turns":3},{"damage":33,"enemies":"Lagavulin","floor":7,"turns":8},{"damage":23,"enemies":"Exordium Thugs","floor":10,"turns":6},{"damage":15,"enemies":"3 Sentries","floor":12,"turns":7},{"damage":0,"enemies":"2 Fungi Beasts","floor":13,"turns":3},{"damage":0,"enemies":"Exordium Wildlife","floor":14,"turns":2},{"damage":32,"enemies":"Slime Boss","floor":16,"turns":5}],"seed_played":"1891716850585500721","potions_obtained":[{"floor":5,"key":"EssenceOfDarkness"},{"floor":12,"key":"SpeedPotion"},{"floor":13,"key":"Explosive Potion"}],"is_trial":false,"path_per_floor":["M","?","M","?","M","R","E","R","T","M","?","E","M","M","R","B"],"character_chosen":"DEFECT","items_purchased":[],"campfire_rested":2,"item_purchase_floors":[],"current_hp_per_floor":[57,57,52,57,56,56,23,45,45,22,22,7,7,7,29,0,0],"gold":189,"neow_bonus":"ONE_RARE_RELIC","is_daily":false,"chose_seed":false,"campfire_upgraded":1,"win_rate":0.0,"timestamp":1608083290,"path_taken":["M","?","M","?","M","R","E","R","T","M","?","E","?","M","R","BOSS"],"items_purchased_type":[],"build_version":"2020-12-13","purchased_purges":0,"victory":false,"max_hp_per_floor":[71,71,71,76,76,76,76,76,76,76,76,76,76,76,76,76,76],"card_choices":[{"not_picked":["Go for the Eyes","White Noise"],"picked":"Chill","floor":1.0},{"not_picked":["Recycle","Fusion"],"picked":"Cold Snap","floor":3.0},{"not_picked":["Beam Cell","Barrage"],"picked":"Sunder","floor":5},{"not_picked":["Rip and Tear","Barrage","BootSequence"],"picked":"SKIP","floor":7},{"not_picked":["Barrage","Rebound"],"picked":"Loop","floor":10},{"not_picked":["Melter","Rebound"],"picked":"Redo","floor":12},{"not_picked":["Thunder Strike","Darkness"],"picked":"Force Field","floor":13},{"not_picked":["Undo","Doom and Gloom"],"picked":"Storm+1","floor":14}],"player_experience":1868070,"relics_obtained":[{"floor":7,"key":"StrikeDummy"},{"floor":9,"key":"Anchor"},{"floor":12,"key":"Frozen Egg 2"}],"event_choices":[{"damage_healed":0.0,"max_hp_gain":0.0,"max_hp_loss":0.0,"gold_gain":0.0,"event_name":"Golden Idol","player_choice":"Take Wound","floor":2.0,"gold_loss":0.0,"damage_taken":0.0,"relics_obtained":["Golden Idol"],"cards_obtained":["Injury"]},{"damage_healed":0.0,"max_hp_gain":5.0,"max_hp_loss":0.0,"gold_gain":0.0,"event_name":"Big Fish","player_choice":"Donut","floor":4.0,"gold_loss":0.0,"damage_taken":0.0},{"damage_healed":0,"gold_gain":0,"player_choice":"Ignored","damage_taken":0,"max_hp_gain":0,"max_hp_loss":0,"event_name":"Shining Light","floor":11,"gold_loss":0}],"is_beta":false,"boss_relics":[],"items_purged_floors":[],"is_endless":false,"potions_floor_spawned":[5,12,13,14],"killed_by":"Slime Boss","ascension_level":19}}