{"host":"v5q6ggeyvx3goqgy","time":1608111304,"event":{"mods":["AchievementEnabler","BaseMod","BetterRewards","Minty Spire (QoL Compilation)","StSLib","Uncapped"],"gold_per_floor":[115,115,135,135,100,133,147,147,174,188,205,205,205,233,233,306,306,317,341,361,380,920,937,956,984,984,984,906,906,906,919,919,997,997,1011,1011,1031,1031,1031,1056,1068,1068,1119,1119,1153,1153,1178,1178,1178,1178,1178,1178,1178,1213,1213],"floor_reached":56,"playtime":1722,"items_purged":[],"score":2973,"play_id":"e8d0165f-69a3-4d1c-be2d-86296b389b5e","local_time":"20201216093504","is_ascension_mode":true,"campfire_choices":[{"floor":8.0,"key":"RECALL"},{"data":"Noxious Fumes","floor":12.0,"key":"SMITH"},{"floor":15.0,"key":"REST"},{"floor":29.0,"key":"REST"},{"floor":32.0,"key":"REST"},{"floor":44.0,"key":"REST"},{"data":"After Image","floor":49.0,"key":"SMITH"},{"data":"After Image","floor":52.0,"key":"SMITH"}],"circlet_count":0,"master_deck":["Flash of Steel+1","After Image+1","Flash of Steel+1","Whirlwind+1","After Image+1"],"relics":["Sundial"],"acts_visited":["Exordium","TheCity","TheBeyond","TheEnding"],"potions_floor_usage":[55,55],"damage_taken":[{"damage":0.0,"enemies":"Jaw Worm","floor":1.0,"turns":1.0},{"damage":0.0,"enemies":"Cultist","floor":3.0,"turns":1.0},{"damage":0.0,"enemies":"Gremlin Nob","floor":6.0,"turns":1.0},{"damage":0.0,"enemies":"Small Slimes","floor":7.0,"turns":1.0},{"damage":0.0,"enemies":"Red Slaver","floor":10.0,"turns":1.0},{"damage":0.0,"enemies":"Gremlin Gang","floor":11.0,"turns":1.0},{"damage":0.0,"enemies":"3 Sentries","floor":14.0,"turns":1.0},{"damage":0.0,"enemies":"Slime Boss","floor":16.0,"turns":1.0},{"damage":0.0,"enemies":"Spheric Guardian","floor":18.0,"turns":1.0},{"damage":0.0,"enemies":"Chosen","floor":20.0,"turns":1.0},{"damage":0.0,"enemies":"Snecko","floor":21.0,"turns":1.0},{"damage":0.0,"enemies":"Snake Plant","floor":23.0,"turns":1.0},{"damage":0.0,"enemies":"Cultist and Chosen","floor":24.0,"turns":1.0},{"damage":0.0,"enemies":"Masked Bandits","floor":25.0,"turns":1.0},{"damage":0.0,"enemies":"Snecko","floor":31.0,"turns":2.0},{"damage":0.0,"enemies":"Champ","floor":33.0,"turns":1.0},{"damage":0.0,"enemies":"Orb Walker","floor":35.0,"turns":1.0},{"damage":0.0,"enemies":"3 Darklings","floor":37.0,"turns":1.0},{"damage":0.0,"enemies":"Reptomancer","floor":40.0,"turns":1.0},{"damage":0.0,"enemies":"Maw","floor":41.0,"turns":1.0},{"damage":0.0,"enemies":"Giant Head","floor":45.0,"turns":1.0},{"damage":0.0,"enemies":"Reptomancer","floor":47.0,"turns":1.0},{"damage":0.0,"enemies":"Awakened One","floor":50.0,"turns":2.0},{"damage":0.0,"enemies":"Shield and Spear","floor":54.0,"turns":1.0},{"damage":47,"enemies":"The Heart","floor":55,"turns":4}],"seed_played":"6301371602701988696","potions_obtained":[{"floor":6.0,"key":"Swift Potion"},{"floor":10.0,"key":"SteroidPotion"},{"floor":13.0,"key":"FearPotion"},{"floor":37.0,"key":"Regen Potion"}],"is_trial":false,"path_per_floor":["M","?","M","$","?","E","M","R","T","M","M","R","?","E","R","B",null,"M","T","M","M","?","M","M","?","T","?","$","R","?","M","R","B",null,"M","?","M","?","$","E","M","$","T","R","E","?","E","$","R","B",null,"R","$","E","B",null],"character_chosen":"THE_SILENT","items_purchased":["Finesse","After Image","Noxious Fumes","Noxious Fumes","Regen Potion"],"campfire_rested":4,"item_purchase_floors":[0,0,0,0,28],"current_hp_per_floor":[17,17,17,17,33,33,33,33,33,33,33,33,33,33,52,52,63,63,63,63,63,6,6,6,6,6,6,6,25,13,13,34,34,62,62,62,62,62,62,62,62,62,62,67,67,67,67,67,67,67,67,67,67,67,30],"gold":1213,"neow_bonus":"","is_daily":false,"chose_seed":false,"campfire_upgraded":3,"win_rate":0.0,"timestamp":1608111304,"path_taken":["M","?","?","$","?","E","M","R","T","M","M","R","?","E","R","BOSS","M","?","M","?","?","M","?","?","T","?","$","R","?","M","R","BOSS","M","?","M","?","?","E","?","?","T","R","E","?","E","$","R","BOSS","R","$","E","BOSS"],"items_purchased_type":["Card","Card","Card","Card","Potion"],"build_version":"2020-12-13","purchased_purges":0,"victory":true,"max_hp_per_floor":[66,66,66,66,66,66,66,66,66,66,66,66,66,66,66,66,66,66,66,66,66,66,66,66,66,66,66,66,66,71,71,71,71,71,71,71,71,67,67,67,67,67,67,67,67,67,67,67,67,67,67,67,67,67,67],"card_choices":[{"not_picked":["Poisoned Stab","Slice","Infinite Blades"],"picked":"SKIP","floor":1.0},{"not_picked":["Poisoned Stab","Reflex","Escape Plan"],"picked":"SKIP","floor":3.0},{"not_picked":["Dagger Throw","Poisoned Stab","Accuracy"],"picked":"SKIP","floor":6.0},{"not_picked":["Prepared","Flying Knee","Backflip"],"picked":"SKIP","floor":7.0},{"not_picked":["PiercingWail","Poisoned Stab","Backflip"],"picked":"SKIP","floor":10.0},{"not_picked":["Riddle With Holes","Slice","Poisoned Stab"],"picked":"SKIP","floor":11.0},{"not_picked":["All Out Attack","Caltrops","Sucker Punch"],"picked":"SKIP","floor":14.0},{"not_picked":["Dash","Flying Knee","Setup"],"picked":"SKIP","floor":18.0},{"not_picked":["Underhanded Strike","Escape Plan","Sucker Punch"],"picked":"SKIP","floor":20.0},{"not_picked":["Underhanded Strike","Escape Plan","Sucker Punch"],"picked":"SKIP","floor":20.0},{"not_picked":["Prepared","Terror+1","Accuracy"],"picked":"SKIP","floor":21.0},{"not_picked":["Riddle With Holes","Underhanded Strike+1","Flechettes"],"picked":"SKIP","floor":23.0},{"not_picked":["Accuracy","Heel Hook","Tactician"],"picked":"SKIP","floor":24.0},{"not_picked":["Endless Agony","Deadly Poison","Backflip"],"picked":"SKIP","floor":31.0},{"not_picked":["Blur","Backflip","Eviscerate+1"],"picked":"SKIP","floor":35.0},{"not_picked":["Backflip","Bane","Sucker Punch"],"picked":"SKIP","floor":37.0},{"not_picked":["Tactician","Dodge and Roll+1","Accuracy"],"picked":"SKIP","floor":40.0},{"not_picked":["Sucker Punch","Expertise+1","Cloak And Dagger"],"picked":"SKIP","floor":41.0},{"not_picked":["Well Laid Plans+1","Slice","Predator"],"picked":"SKIP","floor":45.0},{"not_picked":["Sucker Punch","Dagger Spray","Deflect"],"picked":"SKIP","floor":47.0},{"not_picked":["Crippling Poison","Phantasmal Killer","Footwork"],"picked":"SKIP","floor":54.0}],"player_experience":476881,"relics_obtained":[],"event_choices":[{"damage_healed":0.0,"max_hp_gain":0.0,"max_hp_loss":0.0,"gold_gain":0.0,"event_name":"Upgrade Shrine","player_choice":"Upgraded","floor":2.0,"gold_loss":0.0,"damage_taken":0.0,"cards_upgraded":["Noxious Fumes"]},{"damage_healed":16.0,"max_hp_gain":0.0,"max_hp_loss":0.0,"gold_gain":0.0,"event_name":"The Cleric","player_choice":"Healed","floor":5.0,"gold_loss":35.0,"damage_taken":0.0},{"damage_healed":0.0,"max_hp_gain":0.0,"max_hp_loss":0.0,"gold_gain":0.0,"event_name":"Lab","player_choice":"Got Potions","floor":13.0,"gold_loss":0.0,"damage_taken":0.0},{"damage_healed":0.0,"max_hp_gain":0.0,"max_hp_loss":0.0,"gold_gain":540.0,"event_name":"Knowing Skull","player_choice":"GOLD GOLD GOLD GOLD GOLD GOLD ","floor":22.0,"potions_obtained":[],"gold_loss":0.0,"damage_taken":57.0,"cards_obtained":[]},{"damage_healed":0.0,"max_hp_gain":0.0,"max_hp_loss":0.0,"gold_gain":0.0,"event_name":"Masked Bandits","player_choice":"Fought Bandits","floor":25.0,"gold_loss":0.0,"damage_taken":0.0},{"damage_healed":0.0,"max_hp_gain":0.0,"max_hp_loss":0.0,"gold_gain":0.0,"event_name":"Cursed Tome","player_choice":"Ignored","floor":27.0,"gold_loss":0.0,"damage_taken":0.0},{"damage_healed":0.0,"max_hp_gain":5.0,"max_hp_loss":0.0,"gold_gain":0.0,"event_name":"Forgotten Altar","player_choice":"Shed Blood","floor":30.0,"gold_loss":0.0,"damage_taken":17.0},{"damage_healed":0.0,"max_hp_gain":0.0,"max_hp_loss":0.0,"gold_gain":0.0,"event_name":"Mysterious Sphere","player_choice":"Ignored","floor":36.0,"gold_loss":0.0,"damage_taken":0.0},{"damage_healed":0.0,"max_hp_gain":0.0,"max_hp_loss":4.0,"gold_gain":0.0,"event_name":"Winding Halls","player_choice":"Max HP","floor":38.0,"gold_loss":0.0,"damage_taken":0.0},{"damage_healed":0.0,"max_hp_gain":0.0,"max_hp_loss":0.0,"gold_gain":0.0,"event_name":"Tomb of Lord Red Mask","player_choice":"Ignored","floor":46.0,"gold_loss":0.0,"damage_taken":0.0}],"is_beta":false,"boss_relics":[{"not_picked":["Runic Pyramid","SacredBark","Tiny House"]},{"not_picked":["Empty Cage","Philosopher\u0027s Stone","WristBlade"]}],"items_purged_floors":[],"is_endless":false,"potions_floor_spawned":[6,10,20,23,25,37,41,45,54],"ascension_level":14}}