{"host":"z7h0k8blg7jrnodm","time":1608159118,"event":{"mods":["BaseMod","Challenge The Spire","Colored Map","Colored Powertips","Custom Start","Key Reminder","Minty Spire (QoL Compilation)","Quick Restart","Random Character Button","Relic Stats","StSLib","SuperFastMode","Unceasing Turn Reminder"],"gold_per_floor":[113,123,140,151,151,151,165,192,241,241,241,301,301,301,301,301,301],"floor_reached":16,"playtime":284,"items_purged":[],"score":200,"play_id":"0106942c-d05d-44b9-b7bd-961099f096fa","local_time":"20201217005158","is_ascension_mode":true,"campfire_choices":[{"data":"Carnage","floor":6.0,"key":"SMITH"},{"data":"Shockwave","floor":10.0,"key":"SMITH"},{"floor":15.0,"key":"REST"}],"circlet_count":0,"master_deck":["AscendersBane","Strike_R","Strike_R","Strike_R","Defend_R","Defend_R","Defend_R","Defend_R","Bash","Shockwave+1","Carnage+1","Thunderclap","Ghostly Armor","Clothesline"],"relics":["Burning Blood","Mummified Hand","Ancient Tea Set","The Courier"],"acts_visited":["Exordium"],"potions_floor_usage":[],"damage_taken":[{"damage":13.0,"enemies":"Cultist","floor":1.0,"turns":5.0},{"damage":3.0,"enemies":"2 Louse","floor":2.0,"turns":4.0},{"damage":4.0,"enemies":"Small Slimes","floor":3.0,"turns":4.0},{"damage":3.0,"enemies":"2 Fungi Beasts","floor":4.0,"turns":4.0},{"damage":17.0,"enemies":"Exordium Thugs","floor":7.0,"turns":4.0},{"damage":25.0,"enemies":"3 Sentries","floor":8.0,"turns":6.0},{"damage":37.0,"enemies":"Lagavulin Event","floor":12.0,"turns":6.0},{"damage":41,"enemies":"Hexaghost","floor":16,"turns":9}],"seed_played":"-1530466030831216971","potions_obtained":[{"floor":1.0,"key":"BlessingOfTheForge"},{"floor":3.0,"key":"AttackPotion"},{"floor":4.0,"key":"PowerPotion"}],"is_trial":false,"path_per_floor":["M","M","M","M","?","R","M","E","T","R","?","?","?","?","R","B"],"character_chosen":"IRONCLAD","items_purchased":[],"campfire_rested":1,"item_purchase_floors":[],"current_hp_per_floor":[68,71,73,76,69,69,58,39,39,39,39,8,8,13,39,0,0],"gold":301,"neow_bonus":"TEN_PERCENT_HP_BONUS","is_daily":false,"chose_seed":false,"campfire_upgraded":2,"win_rate":0.0,"timestamp":1608159118,"path_taken":["M","M","M","M","?","R","M","E","T","R","?","?","?","?","R","BOSS"],"items_purchased_type":[],"build_version":"2020-12-13","purchased_purges":0,"victory":false,"max_hp_per_floor":[82,82,82,82,82,82,82,82,82,82,82,82,82,87,87,87,87],"relic_stats":{"counters":[8,42],"Mummified Hand":[1],"obtain_stats":[{"Mummified Hand":8,"The Courier":12,"Ancient Tea Set":9,"Burning Blood":0},{"Mummified Hand":6,"The Courier":7,"Ancient Tea Set":6,"Burning Blood":0},{"Mummified Hand":27,"The Courier":33,"Ancient Tea Set":27,"Burning Blood":0}],"Burning Blood":42},"card_choices":[{"not_picked":["Pummel","Iron Wave"],"picked":"Shockwave","floor":1.0},{"not_picked":["Flex","Evolve","Armaments"],"picked":"SKIP","floor":2.0},{"not_picked":["Clash","Infernal Blade"],"picked":"Carnage","floor":3.0},{"not_picked":["Havoc","Sword Boomerang"],"picked":"Thunderclap","floor":4.0},{"not_picked":["Armaments","Rampage","Havoc"],"picked":"SKIP","floor":7.0},{"not_picked":["Iron Wave","Headbutt"],"picked":"Ghostly Armor","floor":8.0},{"not_picked":["Sword Boomerang","Second Wind"],"picked":"Clothesline","floor":12.0}],"player_experience":278158,"relics_obtained":[{"floor":8.0,"key":"Mummified Hand"},{"floor":9.0,"key":"Ancient Tea Set"},{"floor":12.0,"key":"The Courier"}],"event_choices":[{"cards_removed":["Strike_R"],"damage_healed":0.0,"max_hp_gain":0.0,"max_hp_loss":0.0,"gold_gain":0.0,"event_name":"Golden Wing","player_choice":"Card Removal","floor":5.0,"gold_loss":0.0,"damage_taken":7.0},{"cards_removed":["Strike_R"],"damage_healed":0.0,"max_hp_gain":0.0,"max_hp_loss":0.0,"gold_gain":0.0,"event_name":"Living Wall","player_choice":"Forget","floor":11.0,"gold_loss":0.0,"damage_taken":0.0},{"damage_healed":0.0,"max_hp_gain":0.0,"max_hp_loss":0.0,"gold_gain":0.0,"event_name":"Dead Adventurer","player_choice":"Searched \u00271\u0027 times","floor":12.0,"gold_loss":0.0,"damage_taken":0.0},{"damage_healed":0.0,"max_hp_gain":0.0,"max_hp_loss":0.0,"gold_gain":0.0,"event_name":"Liars Game","player_choice":"Ignored","floor":13.0,"gold_loss":0.0,"damage_taken":0.0},{"damage_healed":0.0,"max_hp_gain":5.0,"max_hp_loss":0.0,"gold_gain":0.0,"event_name":"Big Fish","player_choice":"Donut","floor":14.0,"gold_loss":0.0,"damage_taken":0.0}],"is_beta":false,"boss_relics":[],"items_purged_floors":[],"is_endless":false,"potions_floor_spawned":[1,3,4],"killed_by":"Hexaghost","ascension_level":20}}