{"host":"soyfmymeou4emntr","time":1608142324,"event":{"mods":["BaseMod","Minty Spire (QoL Compilation)","Relic Sorter","Relic Stats","StSLib"],"gold_per_floor":[109,109,109,129,129,129,158,158,158,0,12,29,47,81,81,153,153,164,59,59,77,93,93,127,127,127,77,87,87,87],"floor_reached":29,"playtime":1692,"items_purged":[],"score":506,"play_id":"2acc546e-3632-404c-98ae-a9bc4fb747cf","local_time":"20201216111204","is_ascension_mode":true,"campfire_choices":[{"data":"Searing Blow","floor":6.0,"key":"SMITH"},{"data":"Searing Blow+1","floor":8.0,"key":"SMITH"},{"data":"Bash","floor":15.0,"key":"SMITH"},{"floor":23.0,"key":"REST"},{"data":"Searing Blow+2","floor":25.0,"key":"SMITH"}],"circlet_count":0,"master_deck":["AscendersBane","Strike_R","Strike_R","Strike_R","Strike_R","Strike_R","Defend_R","Defend_R","Defend_R","Defend_R","Bash+1","Searing Blow+4","Battle Trance","Pommel Strike","Inflame","Armaments","Dropkick","Dropkick","Double Tap","Impervious","Havoc+1","Trip","Decay","True Grit","Demon Form","Headbutt+1","Reaper","Flame Barrier"],"relics":["Burning Blood","InkBottle","Prayer Wheel","Strawberry","Paper Frog","Lee\u0027s Waffle","Bottled Tornado","Cursed Key","Juzu Bracelet"],"acts_visited":["Exordium","TheCity"],"potions_floor_usage":[28,29],"damage_taken":[{"damage":7.0,"enemies":"2 Louse","floor":1.0,"turns":4.0},{"damage":2.0,"enemies":"Small Slimes","floor":4.0,"turns":5.0},{"damage":40.0,"enemies":"Lagavulin","floor":7.0,"turns":6.0},{"damage":7.0,"enemies":"Jaw Worm","floor":11.0,"turns":2.0},{"damage":21.0,"enemies":"3 Louse","floor":12.0,"turns":4.0},{"damage":11.0,"enemies":"Blue Slaver","floor":13.0,"turns":4.0},{"damage":6.0,"enemies":"Gremlin Nob","floor":14.0,"turns":3.0},{"damage":35.0,"enemies":"Hexaghost","floor":16.0,"turns":7.0},{"damage":19.0,"enemies":"3 Byrds","floor":18.0,"turns":5.0},{"damage":29.0,"enemies":"Spheric Guardian","floor":21.0,"turns":4.0},{"damage":22.0,"enemies":"Shelled Parasite and Fungi","floor":22.0,"turns":4.0},{"damage":34.0,"enemies":"Book of Stabbing","floor":24.0,"turns":4.0},{"damage":14,"enemies":"Chosen and Byrds","floor":28,"turns":4},{"damage":41,"enemies":"Slavers","floor":29,"turns":3}],"seed_played":"7991450130027561161","potions_obtained":[{"floor":1.0,"key":"SkillPotion"},{"floor":11.0,"key":"FearPotion"},{"floor":13.0,"key":"ElixirPotion"},{"floor":21.0,"key":"Fire Potion"},{"floor":22.0,"key":"SneckoOil"}],"is_trial":false,"path_per_floor":["M","?","?","M","T","R","E","R","T","$","M","M","M","E","R","B",null,"M","$","?","M","M","R","E","R","T","?","M","E"],"character_chosen":"IRONCLAD","items_purchased":["Lee\u0027s Waffle","Trip"],"campfire_rested":1,"item_purchase_floors":[10,19],"current_hp_per_floor":[67,41,41,45,45,45,18,18,18,89,88,73,68,68,68,39,77,64,64,64,41,25,51,23,23,23,23,15,0,0],"gold":87,"neow_bonus":"THREE_CARDS","is_daily":false,"chose_seed":false,"campfire_upgraded":4,"win_rate":0.0,"timestamp":1608142324,"path_taken":["M","?","?","M","?","R","E","R","T","$","M","M","M","E","R","BOSS","M","$","?","M","M","R","E","R","T","?","M","E"],"items_purchased_type":["Relic","Card"],"build_version":"2020-12-13","purchased_purges":0,"victory":false,"max_hp_per_floor":[75,75,75,75,75,75,82,82,82,89,89,89,89,89,89,89,89,89,89,89,89,89,89,89,89,89,89,89,89,89],"relic_stats":{"Lee\u0027s Waffle":71,"counters":[14,59],"Prayer Wheel":7,"Juzu Bracelet":0,"Cursed Key":0,"obtain_stats":[{"Lee\u0027s Waffle":10,"Strawberry":7,"Prayer Wheel":5,"Juzu Bracelet":24,"Bottled Tornado":14,"Cursed Key":17,"Burning Blood":0,"InkBottle":2,"Paper Frog":9},{"Lee\u0027s Waffle":3,"Strawberry":3,"Prayer Wheel":2,"Juzu Bracelet":12,"Bottled Tornado":7,"Cursed Key":8,"Burning Blood":0,"InkBottle":1,"Paper Frog":3},{"Lee\u0027s Waffle":15,"Strawberry":15,"Prayer Wheel":9,"Juzu Bracelet":52,"Bottled Tornado":28,"Cursed Key":35,"Burning Blood":0,"InkBottle":4,"Paper Frog":15}],"Burning Blood":78,"InkBottle":[15]},"card_choices":[{"not_picked":["Iron Wave","Intimidate"],"picked":"Searing Blow","floor":0.0},{"not_picked":["Cleave","Perfected Strike"],"picked":"Battle Trance","floor":1.0},{"not_picked":["Second Wind","Anger"],"picked":"Pommel Strike","floor":4.0},{"not_picked":["Flex","Havoc"],"picked":"Inflame","floor":7.0},{"not_picked":["Flex","Berserk"],"picked":"Armaments","floor":11.0},{"not_picked":["Pommel Strike","Blood for Blood","Body Slam"],"picked":"SKIP","floor":11.0},{"not_picked":["Power Through","Sentinel"],"picked":"Dropkick","floor":12.0},{"not_picked":["Clash","Armaments","Wild Strike"],"picked":"SKIP","floor":12.0},{"not_picked":["Heavy Blade","Pommel Strike"],"picked":"Dropkick","floor":13.0},{"not_picked":["Clothesline","Havoc","Sword Boomerang"],"picked":"SKIP","floor":13.0},{"not_picked":["Uppercut","Clash"],"picked":"Double Tap","floor":14.0},{"not_picked":["Offering","Feed"],"picked":"Impervious","floor":16.0},{"not_picked":["Warcry","Flex"],"picked":"Havoc+1","floor":18.0},{"not_picked":["Headbutt","Twin Strike","Entrench"],"picked":"SKIP","floor":18.0},{"not_picked":["Body Slam","Armaments"],"picked":"True Grit","floor":21.0},{"not_picked":["Heavy Blade","Sever Soul"],"picked":"Demon Form","floor":21.0},{"not_picked":["Clothesline","Anger"],"picked":"Headbutt+1","floor":22.0},{"not_picked":["Heavy Blade","Clash","Power Through"],"picked":"SKIP","floor":22.0},{"not_picked":["Immolate","Heavy Blade"],"picked":"Reaper","floor":24.0},{"not_picked":["Iron Wave","Ghostly Armor"],"picked":"Flame Barrier","floor":28},{"not_picked":["Clothesline","Rage","Twin Strike"],"picked":"SKIP","floor":28}],"player_experience":2569051,"relics_obtained":[{"floor":5.0,"key":"Prayer Wheel"},{"floor":7.0,"key":"Strawberry"},{"floor":9.0,"key":"Paper Frog"},{"floor":14.0,"key":"Bottled Tornado"},{"floor":24.0,"key":"Juzu Bracelet"}],"event_choices":[{"damage_healed":0.0,"max_hp_gain":0.0,"max_hp_loss":0.0,"gold_gain":0.0,"event_name":"Scrap Ooze","player_choice":"Success","floor":2.0,"gold_loss":0.0,"damage_taken":26.0,"relics_obtained":["InkBottle"]},{"damage_healed":0.0,"max_hp_gain":0.0,"max_hp_loss":0.0,"gold_gain":0.0,"event_name":"Liars Game","player_choice":"Ignored","floor":3.0,"gold_loss":0.0,"damage_taken":0.0},{"damage_healed":0.0,"max_hp_gain":0.0,"max_hp_loss":0.0,"gold_gain":0.0,"event_name":"Forgotten Altar","player_choice":"Smashed Altar","floor":20.0,"gold_loss":0.0,"damage_taken":0.0,"cards_obtained":["Decay"]},{"damage_healed":0.0,"max_hp_gain":0.0,"max_hp_loss":0.0,"gold_gain":0.0,"event_name":"Designer","player_choice":"Upgrade","floor":27.0,"gold_loss":50.0,"damage_taken":0.0,"cards_upgraded":["Searing Blow"]}],"is_beta":false,"boss_relics":[{"not_picked":["Pandora\u0027s Box","Astrolabe"],"picked":"Cursed Key"}],"items_purged_floors":[],"is_endless":false,"potions_floor_spawned":[1,11,13,21,22],"killed_by":"Slavers","ascension_level":20}}