{"host":"kmq7aw60w430zvtx","time":1608132453,"event":{"mods":["BaseMod","Downfall","GifTheSpireLib","Hermit","Hubris","Minty Spire (QoL Compilation)","Replay The Spire","StSLib","The Construct","The Cursed","The Hierophant","The Jungle","The Necromancer","The Runesmith"],"gold_per_floor":[118,193,193,57,0,35,59,75,98,118,118,139,139,160,160,290,290,305,320,320,112,112,112],"floor_reached":22,"playtime":1069,"items_purged":[],"score":248,"play_id":"d15f8ff8-0899-42aa-8bf2-00ad9e59db8d","local_time":"20201216162733","is_ascension_mode":true,"campfire_choices":[{"floor":11,"key":"REST"},{"floor":13,"key":"REST"},{"floor":15,"key":"RECALL"}],"circlet_count":0,"master_deck":["Bash","Rupture","Brutality","Feed","Armaments","Infernal Blade+1","Iron Wave","Double Tap","ReplayReversal","Hemogenesis","ReplayReversal","Evolve","Exhume","Wild Strike","ReplayTheSpireMod:Corrosion Curse","Feed","Reaper","Uppercut","Intimidate","Twin Strike+1","Metallicize","Demon Form","Twin Strike"],"relics":["Burning Blood","Golden Idol","Kunai","hubris:64BitClover","Pandora\u0027s Box","Vajra"],"acts_visited":["Exordium","TheCity"],"potions_floor_usage":[16,16,16],"damage_taken":[{"damage":8,"enemies":"Jaw Worm","floor":1,"turns":6},{"damage":42,"enemies":"Gremlin Nob","floor":6,"turns":5},{"damage":7,"enemies":"2 Louse","floor":7,"turns":4},{"damage":4,"enemies":"Cultist","floor":8,"turns":5},{"damage":39,"enemies":"Gremlin Gang","floor":10,"turns":5},{"damage":17,"enemies":"Exordium Thugs","floor":12,"turns":5},{"damage":17,"enemies":"Lots of Slimes","floor":14,"turns":5},{"damage":40,"enemies":"Hexaghost","floor":16,"turns":10},{"damage":71,"enemies":"Shell Parasite","floor":18,"turns":9},{"damage":49,"enemies":"3 Byrds","floor":19,"turns":6},{"damage":31,"enemies":"Cultist and Chosen","floor":22,"turns":6}],"seed_played":"-5871576537809080613","potions_obtained":[{"floor":8,"key":"PowerPotion"},{"floor":10,"key":"Elixir"},{"floor":12,"key":"Elixir"},{"floor":18,"key":"Elixir"}],"is_trial":false,"path_per_floor":["M","?","?","$","?","E","M","M","T","M","R","M","R","M","R","B",null,"M","M","?","$","M"],"character_chosen":"IRONCLAD","items_purchased":["Brutality","Demon Form","Twin Strike"],"campfire_rested":2,"item_purchase_floors":[4,21,21],"current_hp_per_floor":[86,75,75,75,75,39,38,40,40,10,35,24,49,41,41,10,90,39,21,21,21,0,0],"gold":112,"neow_bonus":"TEN_PERCENT_HP_BONUS","is_daily":false,"chose_seed":false,"campfire_upgraded":0,"win_rate":0.0,"timestamp":1608132453,"path_taken":["M","?","?","$","?","E","?","M","T","M","R","?","R","M","R","BOSS","M","M","?","$","M"],"items_purchased_type":["Card","Card","Card"],"build_version":"2020-12-13","purchased_purges":0,"victory":false,"max_hp_per_floor":[88,88,81,81,81,81,81,81,81,84,84,84,84,87,87,90,90,90,96,96,96,99,99],"card_choices":[{"not_picked":["Iron Wave","Heavy Blade"],"picked":"Rupture","floor":1},{"not_picked":["Anger","hubris:ReadiedAction"],"picked":"Feed","floor":6},{"not_picked":["Perfected Strike","Thunderclap"],"picked":"Armaments","floor":7},{"not_picked":["Flame Barrier","Whirlwind"],"picked":"Infernal Blade","floor":8},{"not_picked":["Wild Strike","Run Through"],"picked":"Iron Wave","floor":10},{"not_picked":["Blood for Blood","Heavy Blade"],"picked":"Double Tap","floor":12},{"not_picked":["Dropkick","Wild Strike"],"picked":"ReplayReversal","floor":14},{"not_picked":["Berserk","Immolate"],"picked":"Hemogenesis","floor":16},{"not_picked":["Defy Death","Flex"],"picked":"Twin Strike+1","floor":18},{"not_picked":["Replay:Undeath\u0027s Touch+1","Perfected Strike+1"],"picked":"Metallicize","floor":19}],"player_experience":235797,"relics_obtained":[{"floor":6,"key":"hubris:64BitClover"},{"floor":18,"key":"Vajra"}],"event_choices":[{"damage_healed":0,"gold_gain":75,"player_choice":"Gather Gold","damage_taken":11,"max_hp_gain":0,"max_hp_loss":0,"event_name":"World of Goop","floor":2,"gold_loss":0},{"damage_healed":0,"gold_gain":0,"player_choice":"Lose Max HP","damage_taken":0,"relics_obtained":["Golden Idol"],"max_hp_gain":0,"max_hp_loss":7,"event_name":"Golden Idol","floor":3,"gold_loss":0},{"damage_healed":0,"gold_gain":0,"player_choice":"Paid Gold","damage_taken":0,"relics_obtained":["Kunai"],"max_hp_gain":0,"max_hp_loss":0,"event_name":"WeMeetAgain","floor":5,"gold_loss":57},{"damage_healed":0,"gold_gain":0,"player_choice":"Upgraded","damage_taken":0,"max_hp_gain":0,"max_hp_loss":0,"event_name":"Upgrade Shrine","floor":20,"gold_loss":0,"cards_upgraded":["Infernal Blade"]}],"is_beta":false,"boss_relics":[{"not_picked":["Snecko Eye","hubris:GrandSneckoEye"],"picked":"Pandora\u0027s Box"}],"items_purged_floors":[],"is_endless":false,"potions_floor_spawned":[8,10,12,18],"killed_by":"Cultist and Chosen","ascension_level":4}}