{"host":"ormi09wwzv7sq47a","time":1608162644,"event":{"mods":["2.2 Compatiblity","AchievementEnabler","Act Like it!","BaseMod","Better Note","Better Skull","Better Vampires","Colored Map","Colored Powertips","DeckTracker","Downfall","Highlight Path","Minty Spire (QoL Compilation)","Permanent Neow","Quick Restart","Rare Cards Sparkle","Relic Stats","StSLib","The Jungle"],"gold_per_floor":[99,549,562,562,593,768,768,768,793,793,809,272,292,34,53,158,158,158,175,175,175,35,35,35,35,35,69,119,131,131,145,162,267,267,117,147,72,91,91,141,164,181,181,213,38,52,52,52,80,80,80,109,109,109,109],"floor_reached":56,"playtime":5432,"items_purged":["Doubt","Slimebound:Icky","Slimebound:Icky","Slimebound:Icky","champ:DefensiveShout"],"score":1354,"play_id":"57147dd8-391f-4d48-9f43-5d43292b3fcb","local_time":"20201216215044","is_ascension_mode":true,"campfire_choices":[{"data":"champ:Execute","floor":1.0,"key":"SMITH"},{"data":"champ:Shatter","floor":4.0,"key":"SMITH"},{"floor":8.0,"key":"REST"},{"data":"champ:CheapShot","floor":10.0,"key":"SMITH"},{"data":"champ:AdrenalArmor","floor":18.0,"key":"SMITH"},{"data":"champ:HeavySlash","floor":26.0,"key":"SMITH"},{"floor":35.0,"key":"RECALL"},{"data":"champ:HoldFirm","floor":37.0,"key":"SMITH"},{"data":"champ:LastStand","floor":43.0,"key":"SMITH"},{"data":"champ:Taunt","floor":54,"key":"SMITH"}],"circlet_count":0,"master_deck":["champ:Defend+1","champ:Defend+1","champ:Defend+1","champ:Defend+1","champ:Execute+1","champ:Taunt+1","champ:Shatter+1","champ:CheapShot+1","champ:LastStand+1","champ:HeavySlash+1","champ:AdrenalArmor+1","champ:Duel","champ:BerserkerStyle","champ:Improvising","champ:CalledShot+1","champ:Lariat+1","Bite","Bite","Bite","Bite","champ:Haymaker+1","champ:AdrenalArmor+1","champ:Lariat+1","champ:HoldFirm+1","champ:Control+1","champ:AdrenalArmor+1","champ:StanceDance+1","champ:Encircle+1","champ:BladeFlurry+1"],"relics":["champ:ChampionCrown","hexamod:BolsterEngine","Mummified Hand","Shuriken","Torii","MealTicket","Medical Kit","ClockworkSouvenir","Coffee Dripper","HornCleat","Akabeko","Sozu","downfall:HeartBlessingGreen","downfall:HeartBlessingBlue","Prayer Wheel","downfall:HeartBlessingRed","Lizard Tail","Bag of Marbles","Eternal Feather","CeramicFish","Toy Ornithopter"],"acts_visited":["Exordium","TheCity","TheBeyond","TheEnding"],"potions_floor_usage":[],"damage_taken":[{"damage":14.0,"enemies":"Jaw Worm","floor":3.0,"turns":6.0},{"damage":69.0,"enemies":"Lagavulin","floor":5.0,"turns":7.0},{"damage":33.0,"enemies":"Gremlin Nob","floor":9.0,"turns":5.0},{"damage":1.0,"enemies":"2 Louse","floor":11.0,"turns":3.0},{"damage":13.0,"enemies":"downfall:FleeingMerchant","floor":12.0,"turns":5.0},{"damage":5.0,"enemies":"Small Slimes","floor":13.0,"turns":3.0},{"damage":5.0,"enemies":"downfall:FleeingMerchant","floor":14.0,"turns":5.0},{"damage":9.0,"enemies":"3 Louse","floor":15.0,"turns":2.0},{"damage":34.0,"enemies":"downfall:Ironclad","floor":16.0,"turns":7.0},{"damage":35.0,"enemies":"3 Byrds","floor":19.0,"turns":5.0},{"damage":10.0,"enemies":"downfall:FleeingMerchant","floor":22.0,"turns":5.0},{"damage":4.0,"enemies":"Book of Stabbing","floor":27.0,"turns":6.0},{"damage":23.0,"enemies":"downfall:FleeingMerchant","floor":28.0,"turns":5.0},{"damage":22.0,"enemies":"Spheric Guardian","floor":29.0,"turns":3.0},{"damage":8.0,"enemies":"Snake Plant","floor":31.0,"turns":3.0},{"damage":16.0,"enemies":"Centurion and Healer","floor":32.0,"turns":5.0},{"damage":76.0,"enemies":"downfall:Watcher","floor":33.0,"turns":7.0},{"damage":62.0,"enemies":"Reptomancer","floor":36.0,"turns":5.0},{"damage":33.0,"enemies":"3 Darklings","floor":38.0,"turns":4.0},{"damage":111.0,"enemies":"Mind Bloom Boss Battle","floor":40.0,"turns":8.0},{"damage":27.0,"enemies":"3 Shapes","floor":42.0,"turns":5.0},{"damage":73,"enemies":"Giant Head","floor":44,"turns":7},{"damage":40,"enemies":"Writhing Mass","floor":46,"turns":3},{"damage":47,"enemies":"Maw","floor":49,"turns":5},{"damage":72,"enemies":"downfall:Defect","floor":50,"turns":8},{"damage":99,"enemies":"downfall:CharBossMerchant","floor":52,"turns":6},{"damage":269,"enemies":"downfall:NeowBoss","floor":55,"turns":19}],"seed_played":"7574017426648829485","potions_obtained":[{"floor":5.0,"key":"hexamod:EctoCoolerPotion"},{"floor":15.0,"key":"AttackPotion"},{"floor":19.0,"key":"Dexterity Potion"},{"floor":25.0,"key":"CultistPotion"},{"floor":33.0,"key":"champ:CounterPotion"}],"is_trial":false,"path_per_floor":["R","?","M","R","E","?","T","R","E","R","M","$","M","$","M","B",null,"R","M","?","?","$","?","T","?","R","E","$","M","?","M","M","B",null,"R","E","R","M","?","?","T","M","R","E","$","M","$","?","M","B",null,"E","$","R","B",null],"character_chosen":"THE_CHAMP","items_purchased":["MealTicket","Medical Kit","EntropicBrew","champ:AdrenalArmor","ClockworkSouvenir","Akabeko"],"campfire_rested":1,"item_purchase_floors":[12,12,12,12,14,28],"current_hp_per_floor":[90,90,84,84,31,31,31,58,30,30,29,29,29,41,34,24,90,90,90,90,90,89,68,68,68,68,68,68,68,68,68,66,68,68,78,54,54,59,59,71,71,77,77,78,78,78,78,78,78,78,78,51,66,78,78],"gold":109,"neow_bonus":"RANDOM_COMMON_RELIC","is_daily":false,"chose_seed":false,"campfire_upgraded":8,"win_rate":0.0,"timestamp":1608162644,"path_taken":["R","?","M","R","E","?","T","R","E","R","M","$","M","$","M","BOSS","R","M","?","?","$","?","T","?","R","E","?","?","?","M","M","BOSS","R","E","R","M","?","?","T","M","R","E","$","?","$","?","M","BOSS","E","$","R","BOSS"],"items_purchased_type":["Relic","Relic","Potion","Card","Relic","Relic"],"build_version":"2020-12-13","purchased_purges":5,"victory":true,"max_hp_per_floor":[90,90,90,90,90,90,90,90,90,90,90,90,90,90,90,90,90,90,90,90,90,90,68,68,68,68,68,68,68,68,68,68,68,68,78,78,78,78,78,78,78,78,78,78,78,78,78,78,78,78,78,78,78,78,78],"relic_stats":{"Torii":15,"counters":[27,152],"CeramicFish":9,"Eternal Feather":12,"Medical Kit":[1],"Sozu":3,"Lizard Tail":39,"Mummified Hand":[69],"Shuriken":[42],"MealTicket":30,"Prayer Wheel":4,"obtain_stats":[{"Torii":9,"downfall:HeartBlessingRed":37,"CeramicFish":48,"champ:ChampionCrown":0,"downfall:HeartBlessingGreen":35,"Eternal Feather":44,"Medical Kit":12,"Akabeko":28,"ClockworkSouvenir":14,"Sozu":34,"Lizard Tail":40,"HornCleat":27,"Mummified Hand":5,"Shuriken":7,"downfall:HeartBlessingBlue":35,"MealTicket":12,"Prayer Wheel":36,"Coffee Dripper":17,"Bag of Marbles":41,"hexamod:BolsterEngine":0,"Toy Ornithopter":52},{"Torii":3,"downfall:HeartBlessingRed":18,"CeramicFish":23,"champ:ChampionCrown":0,"downfall:HeartBlessingGreen":17,"Eternal Feather":22,"Medical Kit":5,"Akabeko":13,"ClockworkSouvenir":7,"Sozu":17,"Lizard Tail":20,"HornCleat":12,"Mummified Hand":2,"Shuriken":2,"downfall:HeartBlessingBlue":17,"MealTicket":5,"Prayer Wheel":18,"Coffee Dripper":9,"Bag of Marbles":20,"hexamod:BolsterEngine":0,"Toy Ornithopter":26},{"Torii":18,"downfall:HeartBlessingRed":87,"CeramicFish":114,"champ:ChampionCrown":0,"downfall:HeartBlessingGreen":82,"Eternal Feather":111,"Medical Kit":26,"Akabeko":64,"ClockworkSouvenir":34,"Sozu":82,"Lizard Tail":99,"HornCleat":59,"Mummified Hand":13,"Shuriken":13,"downfall:HeartBlessingBlue":82,"MealTicket":26,"Prayer Wheel":87,"Coffee Dripper":43,"Bag of Marbles":99,"hexamod:BolsterEngine":0,"Toy Ornithopter":133}],"Toy Ornithopter":0},"card_choices":[{"not_picked":["champ:FlashCut","champ:BladeFlurry"],"picked":"champ:Shatter","floor":3.0},{"not_picked":["champ:BringItOn","champ:BladeFlurry"],"picked":"champ:CheapShot","floor":5.0},{"not_picked":["champ:EnGarde","champ:StanceDance"],"picked":"champ:LastStand","floor":9.0},{"not_picked":["champ:BringItOn","champ:ViciousMockery"],"picked":"champ:DefensiveShout","floor":11.0},{"not_picked":["champ:BerserkersShout","champ:BringItOn"],"picked":"champ:HeavySlash","floor":12.0},{"not_picked":["champ:GutPunch","champ:Encircle"],"picked":"champ:Duel","floor":13.0},{"not_picked":["champ:FlashCut","champ:TornadoPunch","champ:ViciousMockery"],"picked":"SKIP","floor":14.0},{"not_picked":["champ:AdrenalArmor","champ:EndlessRage"],"picked":"champ:BerserkerStyle","floor":15.0},{"not_picked":["champ:DancingMaster","champ:StrikeOfGenius"],"picked":"champ:Improvising","floor":16.0},{"not_picked":["champ:PreciseThrust","champ:Aggression+1"],"picked":"champ:CalledShot+1","floor":19.0},{"not_picked":["champ:BerserkersShout","champ:CheapShot"],"picked":"champ:Lariat+1","floor":22.0},{"not_picked":["champ:RapidStrikes","champ:GladiatorsShout"],"picked":"champ:Haymaker+1","floor":27.0},{"not_picked":["champ:Circumvent","champ:GladiatorsShout"],"picked":"champ:AdrenalArmor+1","floor":29.0},{"not_picked":["champ:Haymaker","champ:DefensiveShout"],"picked":"champ:Lariat+1","floor":31.0},{"not_picked":["champ:FocusedBerserking","champ:AdrenalArmor","champ:BerserkersShout+1"],"picked":"SKIP","floor":32.0},{"not_picked":["champ:Improvising","champ:MurderStrike"],"picked":"champ:HoldFirm","floor":33.0},{"not_picked":["champ:Encircle+1","champ:BerserkerStyle+1"],"picked":"champ:Control+1","floor":36.0},{"not_picked":["champ:TornadoPunch+1","champ:BladeFlurry"],"picked":"champ:AdrenalArmor+1","floor":38.0},{"not_picked":["champ:AdrenalArmor","champ:GladiatorStyle"],"picked":"champ:StanceDance+1","floor":38.0},{"not_picked":["champ:EnGarde","champ:Circumvent+1","champ:CalledShot+1"],"picked":"SKIP","floor":42.0},{"not_picked":["champ:Haymaker+1","champ:TornadoPunch+1","champ:BerserkersShout+1"],"picked":"SKIP","floor":42.0},{"not_picked":["champ:PreciseThrust+1","champ:BerserkersShout+1","champ:FanOfKnives+1"],"picked":"SKIP","floor":44},{"not_picked":["champ:PerfectedStrike","champ:FocusedGladiator"],"picked":"champ:Encircle+1","floor":46},{"not_picked":["champ:GutPunch+1","champ:IronFortress","champ:FlashCut+1"],"picked":"SKIP","floor":46},{"not_picked":["champ:RisingSlash+1","champ:Circumvent"],"picked":"champ:BladeFlurry+1","floor":49},{"not_picked":["champ:TornadoPunch","champ:GutPunch","champ:BerserkersShout"],"picked":"SKIP","floor":49},{"not_picked":["champ:Improvising","champ:RapidStrikes","champ:IronFortress"],"picked":"SKIP","floor":52}],"player_experience":692413,"relics_obtained":[{"floor":5.0,"key":"Mummified Hand"},{"floor":7.0,"key":"Shuriken"},{"floor":9.0,"key":"Torii"},{"floor":27.0,"key":"HornCleat"},{"floor":36.0,"key":"Prayer Wheel"},{"floor":40.0,"key":"Lizard Tail"},{"floor":41.0,"key":"Bag of Marbles"},{"floor":44,"key":"Eternal Feather"},{"floor":48,"key":"CeramicFish"},{"floor":52,"key":"Toy Ornithopter"}],"event_choices":[{"damage_healed":0.0,"max_hp_gain":0.0,"max_hp_loss":22.0,"gold_gain":0.0,"event_name":"Vampires","player_choice":"Became a vampire","floor":23.0,"gold_loss":0.0,"damage_taken":0.0,"cards_obtained":["Bite","Bite","Bite","Bite"]},{"damage_healed":0.0,"max_hp_gain":0.0,"max_hp_loss":0.0,"gold_gain":0.0,"event_name":"Back to Basics","player_choice":"Simplicity","floor":30.0,"gold_loss":0.0,"damage_taken":0.0,"cards_upgraded":["champ:Defend","champ:Defend","champ:Defend","champ:Defend"]}],"is_beta":false,"boss_relics":[{"not_picked":["Fusion Hammer","Ectoplasm"],"picked":"Coffee Dripper"},{"not_picked":["Calling Bell","Velvet Choker"],"picked":"Sozu"}],"items_purged_floors":[12,14,22,28,45],"is_endless":false,"potions_floor_spawned":[5,15,16,19,33,38,44,49],"ascension_level":1}}