{"host":"naykp6d9ulahlwib","time":1608161382,"event":{"mods":["BaseMod","Highlight Path","Minty Spire (QoL Compilation)","StSLib"],"gold_per_floor":[14,32,83,83,83,83,94,19,19,36,111,111,127,144,144,245,245,259,0,0,99,25,25,53,53,80,80,80],"floor_reached":27,"playtime":2502,"items_purged":["Strike_P"],"score":339,"play_id":"dd89b7a4-d4ea-4513-b8f1-95507c71ccc5","local_time":"20201216172942","is_ascension_mode":true,"campfire_choices":[{"data":"Secret Technique","floor":6.0,"key":"SMITH"},{"data":"Eruption","floor":12.0,"key":"SMITH"},{"floor":15.0,"key":"REST"},{"floor":23.0,"key":"REST"}],"circlet_count":0,"master_deck":["AscendersBane","Strike_P","Strike_P","Defend_P","Defend_P","Defend_P+1","Eruption+1","Vigilance","Secret Technique+1","Conclude","Perseverance","WindmillStrike","Collect","LessonLearned","FearNoEvil+1","Tantrum","Wallop"],"relics":["PureWater","Oddly Smooth Stone","GoldenEye","Velvet Choker","Nilry\u0027s Codex","Dream Catcher","Pen Nib"],"acts_visited":["Exordium","TheCity"],"potions_floor_usage":[],"damage_taken":[{"damage":2.0,"enemies":"Cultist","floor":1.0,"turns":3.0},{"damage":2.0,"enemies":"2 Louse","floor":2.0,"turns":2.0},{"damage":0.0,"enemies":"Small Slimes","floor":7.0,"turns":3.0},{"damage":1.0,"enemies":"Blue Slaver","floor":10.0,"turns":3.0},{"damage":0.0,"enemies":"3 Louse","floor":13.0,"turns":3.0},{"damage":0.0,"enemies":"2 Fungi Beasts","floor":14.0,"turns":2.0},{"damage":47.0,"enemies":"Hexaghost","floor":16.0,"turns":13.0},{"damage":20.0,"enemies":"Spheric Guardian","floor":18.0,"turns":7.0},{"damage":33,"enemies":"Book of Stabbing","floor":24,"turns":6},{"damage":20,"enemies":"3 Byrds","floor":27,"turns":2}],"seed_played":"-1132299230060332146","potions_obtained":[{"floor":1.0,"key":"GamblersBrew"},{"floor":2.0,"key":"SneckoOil"},{"floor":10.0,"key":"ColorlessPotion"},{"floor":14.0,"key":"BottledMiracle"}],"is_trial":false,"path_per_floor":["M","M","T","?","?","R","M","$","T","M","?","R","M","M","R","B",null,"M","?","?","?","$","R","E","$","T","M"],"character_chosen":"WATCHER","items_purchased":["Tantrum"],"campfire_rested":2,"item_purchase_floors":[22],"current_hp_per_floor":[63,61,61,54,54,54,54,54,54,53,42,42,42,42,63,16,58,38,38,22,22,22,43,10,10,10,0,0],"gold":80,"neow_bonus":"RANDOM_COLORLESS_2","is_daily":false,"chose_seed":false,"campfire_upgraded":2,"win_rate":0.0,"timestamp":1608161382,"path_taken":["M","M","?","?","?","R","?","$","T","M","?","R","M","M","R","BOSS","M","?","?","?","?","R","E","$","T","M"],"items_purchased_type":["Card"],"build_version":"2020-12-13","purchased_purges":1,"victory":false,"max_hp_per_floor":[72,72,72,72,72,72,72,72,72,72,72,72,72,72,72,72,72,72,72,72,72,72,72,72,72,72,72,72],"card_choices":[{"not_picked":["Thinking Ahead","Panache"],"picked":"Secret Technique","floor":0.0},{"not_picked":["LikeWater","SashWhip"],"picked":"Conclude","floor":1.0},{"not_picked":["FlurryOfBlows","SignatureMove","Evaluate"],"picked":"SKIP","floor":2.0},{"not_picked":["CarveReality","BattleHymn"],"picked":"WindmillStrike","floor":7.0},{"not_picked":["JustLucky","PathToVictory"],"picked":"Collect","floor":10.0},{"not_picked":["Fasting2","Protect","BowlingBash"],"picked":"SKIP","floor":13.0},{"not_picked":["Protect","Crescendo","CarveReality"],"picked":"SKIP","floor":14.0},{"not_picked":["Omniscience","Brilliance"],"picked":"LessonLearned","floor":16.0},{"not_picked":["Tantrum+1","Crescendo"],"picked":"FearNoEvil+1","floor":18.0},{"not_picked":["EmptyFist+1","TalkToTheHand+1"],"picked":"Wallop","floor":24}],"player_experience":777428,"relics_obtained":[{"floor":3.0,"key":"Oddly Smooth Stone"},{"floor":9.0,"key":"GoldenEye"},{"floor":20.0,"key":"Nilry\u0027s Codex"},{"floor":24,"key":"Dream Catcher"},{"floor":26,"key":"Pen Nib"}],"event_choices":[{"cards_removed":["Strike_P"],"damage_healed":0.0,"max_hp_gain":0.0,"max_hp_loss":0.0,"gold_gain":0.0,"event_name":"Golden Wing","player_choice":"Card Removal","floor":4.0,"gold_loss":0.0,"damage_taken":7.0},{"damage_healed":0.0,"max_hp_gain":0.0,"max_hp_loss":0.0,"gold_gain":0.0,"cards_transformed":["Defend_P"],"event_name":"Transmorgrifier","player_choice":"Transformed","floor":5.0,"gold_loss":0.0,"damage_taken":0.0,"cards_obtained":["Perseverance"]},{"damage_healed":0.0,"max_hp_gain":0.0,"max_hp_loss":0.0,"gold_gain":75.0,"event_name":"World of Goop","player_choice":"Gather Gold","floor":11.0,"gold_loss":0.0,"damage_taken":11.0},{"damage_healed":0.0,"max_hp_gain":0.0,"max_hp_loss":0.0,"gold_gain":0.0,"event_name":"Masked Bandits","player_choice":"Paid Fearfully","floor":19.0,"gold_loss":259.0,"damage_taken":0.0},{"damage_healed":0.0,"max_hp_gain":0.0,"max_hp_loss":0.0,"gold_gain":0.0,"event_name":"Cursed Tome","player_choice":"Obtained Book","floor":20.0,"gold_loss":0.0,"damage_taken":16.0},{"damage_healed":0.0,"max_hp_gain":0.0,"max_hp_loss":0.0,"gold_gain":99.0,"event_name":"Nest","player_choice":"Stole From Cult","floor":21.0,"gold_loss":0.0,"damage_taken":0.0}],"is_beta":false,"boss_relics":[{"not_picked":["Busted Crown","SacredBark"],"picked":"Velvet Choker"}],"items_purged_floors":[8],"is_endless":false,"potions_floor_spawned":[1,2,10,14],"killed_by":"3 Byrds","ascension_level":11}}