{"host":"1shobamjx3kfwgso","time":1608091268,"event":{"mods":["2.2 Compatiblity","AchievementEnabler","Act Like it!","Aspiration","BaseMod","Beaked The Cultist","BetterRewards","Block Reminder","CCEM","CapriCore","Challenge The Spire","Clockwork Mod","Colored Map","Colored Powertips","Conjunction","Conspire","Defuse TimeMaze Blight","Downfall","Elementarium","Energized Spire","Exacting","FoggyMod","GifTheSpireLib","Halation","Hallownest","Hermit","Highlight Path","Hubris","Infinite Spire","Lobotomy","LobotomyExtend","Mimic Mod","Minty Spire (QoL Compilation)","Pale of the Ancients","Quick Restart","Relic Sorter","Replay The Spire","Shade Mod","Shop Mod","StSLib","Stuff the Spire","The Bladedancer","The Bug Knight","The Construct","The Cursed","The Druid","The Gatherer","The Immortal","The Juggle","The Mystic","The Sage","The Servant 0.9.4","TheFirefly","TheVacant","Uncapped","vexMod"],"gold_per_floor":[114,84,100,100,100,129,129,129,129,162,33,33,33,52,52,150,150,164,114,114,114,114,114,127,127,127,127,144,170,170,182,182,182,182],"floor_reached":33,"playtime":1963,"items_purged":[],"score":294,"play_id":"12ef105c-8027-4848-9b97-d6bd5f5db9aa","local_time":"20201215230108","is_ascension_mode":false,"campfire_choices":[{"floor":7.0,"key":"REST"},{"data":"beaked:Ceremony","floor":15.0,"key":"SMITH"},{"data":"beaked:SacrificialScars","floor":23.0,"key":"SMITH"},{"floor":25.0,"key":"REST"},{"floor":32,"key":"REST"}],"circlet_count":0,"master_deck":["beaked:Strike_Y+1","beaked:Strike_Y+1","beaked:Strike_Y+1","beaked:Strike_Y+1","beaked:Strike_Y+1","beaked:Strike_Y+1","beaked:Defend_Y+1","beaked:Defend_Y+1","beaked:Defend_Y+1","beaked:Defend_Y+1","beaked:Ceremony+1","beaked:Ceremony+1","beaked:Ceremony+1","MHz","beaked:MimicWarrior+1","beaked:BraceForImpact+1","beaked:MachineSpirit","beaked:BraceForImpact","LongBird","BigBird","beaked:BraceForImpact","beaked:SacrificialScars+1","OldLady","ReplayTheSpireMod:Prepare the Ceremony","beaked:WarriorSpirit","DespairKnight","Pain","beaked:Windmill","beaked:CursingBlood+1","beaked:Evade"],"relics":["beaked:MendingPlumage","BackwardClock","halation:KoshaPiece","CogitoBucket","RabbitCall","LetterFromLob","Lantern","CCEMRelics:Sandal","halation:BlackBeret","MerchantsRug","aspiration:RitualDagger","WarpedTongs","vexMod:BarristanHead","Chameleon Ring"],"acts_visited":["Exordium","TheCity"],"potions_floor_usage":[29],"damage_taken":[{"damage":13.0,"enemies":"Small Slimes","floor":1.0,"turns":4.0},{"damage":15.0,"enemies":"infinitespire:Voidling","floor":3.0,"turns":5.0},{"damage":37.0,"enemies":"3 Sentries","floor":6.0,"turns":6.0},{"damage":20.0,"enemies":"Gremlin Nob","floor":10.0,"turns":4.0},{"damage":5.0,"enemies":"Jaw Worm","floor":14.0,"turns":4.0},{"damage":36.0,"enemies":"Fading Forest","floor":16.0,"turns":11.0},{"damage":119.0,"enemies":"Chosen","floor":18.0,"turns":8.0},{"damage":23.0,"enemies":"Spheric Guardian","floor":24.0,"turns":3.0},{"damage":84,"enemies":"Cultist and Chosen","floor":28,"turns":8},{"damage":47,"enemies":"Gremlin Leader","floor":29,"turns":8},{"damage":24,"enemies":"Snake Plant","floor":31,"turns":2},{"damage":85,"enemies":"conspire:MysteriousRune","floor":33,"turns":7}],"seed_played":"-3820979573614627745","potions_obtained":[{"floor":1.0,"key":"AttackPotion"},{"floor":2.0,"key":"beaked:MendingBrew"},{"floor":2.0,"key":"Reflective Coating"},{"floor":10.0,"key":"SteroidPotion"},{"floor":16.0,"key":"Venom Potion"},{"floor":18.0,"key":"Fire Potion"},{"floor":29,"key":"BlessingOfTheForge"}],"is_trial":false,"path_per_floor":["M","?","M","?","?","E","R","E","T","E","$","?","M","M","R","B",null,"M","?","?","?","?","R","M","R","T","M","M","E","?","M","R","B"],"character_chosen":"BEAKED_THE_CULTIST","items_purchased":["MerchantsRug","LifebloodPotion"],"campfire_rested":3,"item_purchase_floors":[11,11],"current_hp_per_floor":[45,45,46,46,36,17,32,32,35,33,33,33,33,47,47,35,53,53,53,34,34,34,34,25,42,42,42,4,18,18,15,33,0,0],"gold":182,"neow_bonus":"","is_daily":false,"chose_seed":false,"campfire_upgraded":2,"win_rate":0.0,"timestamp":1608091268,"path_taken":["M","?","?","?","?","E","R","E","T","E","?","?","?","?","R","BOSS","M","?","?","?","?","R","?","R","T","?","?","E","?","?","R","BOSS"],"items_purchased_type":["Relic","Potion"],"build_version":"2020-12-13","purchased_purges":0,"victory":false,"max_hp_per_floor":[50,50,50,50,50,50,50,50,53,53,53,53,53,53,53,53,53,53,53,53,53,53,53,59,59,59,59,62,62,62,62,62,62,62],"card_choices":[{"not_picked":["PunishingBird","FairyFestival","MeatLantern"],"picked":"Singing Bowl","floor":1.0},{"not_picked":["Wellcheers","CrumblingArmor"],"picked":"MHz","floor":1.0},{"not_picked":["beaked:Devastation","beaked:SurvivalInstinct"],"picked":"beaked:MimicWarrior","floor":1.0},{"not_picked":["UniverseFragment","BigBird","Scorched"],"picked":"Singing Bowl","floor":3.0},{"not_picked":["beaked:DigDeep","ReplayTheSpireMod:Wings of Steel"],"picked":"beaked:BraceForImpact","floor":3.0},{"not_picked":["Woodsman","CrumblingArmor","MeatLantern"],"picked":"Singing Bowl","floor":6.0},{"not_picked":["beaked:HuntressSpirit","beaked:Redirect"],"picked":"beaked:MachineSpirit","floor":6.0},{"not_picked":["ReplayTheSpireMod:RavenHex","beaked:CheekyTricks"],"picked":"beaked:BraceForImpact","floor":10.0},{"not_picked":["BeautyBeast","MeatLantern","Bloodbath"],"picked":"Singing Bowl","floor":10.0},{"not_picked":["GreedKing","VoidDream"],"picked":"LongBird","floor":10.0},{"not_picked":["Murderer","Bloodbath"],"picked":"BigBird","floor":14.0},{"not_picked":["beaked:Flinch","beaked:CursingBlood"],"picked":"beaked:BraceForImpact","floor":14.0},{"not_picked":["beaked:LiftOff","beaked:Brainwash"],"picked":"beaked:SacrificialScars","floor":16.0},{"not_picked":["VoidDream","Porccubus"],"picked":"OldLady","floor":16.0},{"not_picked":["beaked:Replenish","beaked:Tradeoff"],"picked":"ReplayTheSpireMod:Prepare the Ceremony","floor":18.0},{"not_picked":["LittleHelper","BlackSwan","VoidDream"],"picked":"Singing Bowl","floor":18.0},{"not_picked":["beaked:SurvivalInstinct","beaked:TuckingFeathers"],"picked":"beaked:WarriorSpirit","floor":24.0},{"not_picked":["FairyFestival","ShyLook","CherryBlossoms"],"picked":"Singing Bowl","floor":24.0},{"not_picked":["MeatLantern","Murderer"],"picked":"DespairKnight","floor":24.0},{"not_picked":["Laetitia","QueenOfHatred","LaLuna"],"picked":"Singing Bowl","floor":28},{"not_picked":["beaked:Roost","beaked:FeelMyPain"],"picked":"beaked:Windmill","floor":28},{"not_picked":["WhitesApple","Bloodbath","BlackSwan"],"picked":"Singing Bowl","floor":29},{"not_picked":["beaked:Daydream","beaked:BounceBack"],"picked":"beaked:CursingBlood+1","floor":29},{"not_picked":["Rudolta","HeroicMonk","ShyLook"],"picked":"Singing Bowl","floor":31},{"not_picked":["beaked:BounceBack","beaked:BraceForImpact"],"picked":"beaked:Evade","floor":31}],"player_experience":255883,"relics_obtained":[{"floor":1.0,"key":"LetterFromLob"},{"floor":6.0,"key":"CCEMRelics:Sandal"},{"floor":9.0,"key":"StuffTheSpire:Rhapsscallions"},{"floor":10.0,"key":"halation:BlackBeret"},{"floor":26.0,"key":"halation:KoshaPiece"},{"floor":29,"key":"vexMod:BarristanHead"}],"event_choices":[{"damage_healed":0.0,"max_hp_gain":0.0,"max_hp_loss":0.0,"gold_gain":0.0,"event_name":"The Woman in Blue","player_choice":"Bought 2 Potions","floor":2.0,"gold_loss":0.0,"damage_taken":0.0},{"damage_healed":0.0,"max_hp_gain":0.0,"max_hp_loss":0.0,"gold_gain":0.0,"event_name":"Shining Light","player_choice":"Entered Light","floor":5.0,"gold_loss":0.0,"damage_taken":10.0,"cards_upgraded":["beaked:BraceForImpact","beaked:Ceremony"]},{"damage_healed":0.0,"max_hp_gain":0.0,"max_hp_loss":0.0,"gold_gain":0.0,"event_name":"conspire:LoneGhost","player_choice":"Disagree","floor":12.0,"gold_loss":0.0,"damage_taken":0.0},{"damage_healed":0.0,"max_hp_gain":0.0,"max_hp_loss":0.0,"gold_gain":0.0,"event_name":"Living Wall","player_choice":"Grow","floor":13.0,"gold_loss":0.0,"damage_taken":0.0,"cards_upgraded":["beaked:MimicWarrior"]},{"damage_healed":0.0,"max_hp_gain":0.0,"max_hp_loss":0.0,"gold_gain":0.0,"event_name":"The Joust","player_choice":"Bet on Murderer","floor":19.0,"gold_loss":50.0,"damage_taken":0.0},{"damage_healed":0.0,"max_hp_gain":0.0,"max_hp_loss":0.0,"gold_gain":0.0,"event_name":"Knowing Skull","player_choice":"POTION POTION ","floor":20.0,"potions_obtained":["BlessingOfTheForge","sneckomod:MuddlingPotion"],"gold_loss":0.0,"damage_taken":19.0,"cards_obtained":[]},{"damage_healed":0.0,"max_hp_gain":0.0,"max_hp_loss":0.0,"gold_gain":0.0,"event_name":"Upgrade Shrine","player_choice":"Upgraded","floor":21.0,"gold_loss":0.0,"damage_taken":0.0,"cards_upgraded":["beaked:Ceremony"]},{"damage_healed":0.0,"max_hp_gain":0.0,"max_hp_loss":0.0,"gold_gain":0.0,"event_name":"Back to Basics","player_choice":"Simplicity","floor":22.0,"gold_loss":0.0,"damage_taken":0.0,"cards_upgraded":["beaked:Strike_Y","beaked:Strike_Y","beaked:Strike_Y","beaked:Strike_Y","beaked:Strike_Y","beaked:Strike_Y","beaked:Defend_Y","beaked:Defend_Y","beaked:Defend_Y","beaked:Defend_Y"]},{"damage_healed":0,"gold_gain":0,"player_choice":"Rummage","damage_taken":0,"relics_obtained":["WarpedTongs"],"max_hp_gain":0,"max_hp_loss":0,"event_name":"Accursed Blacksmith","floor":27,"gold_loss":0,"cards_obtained":["Pain"]},{"damage_healed":0,"gold_gain":0,"player_choice":"Gave Potion","damage_taken":0,"relics_obtained":["Chameleon Ring"],"max_hp_gain":0,"max_hp_loss":0,"event_name":"WeMeetAgain","floor":30,"gold_loss":0}],"is_beta":false,"boss_relics":[{"not_picked":["StuffTheSpire:RunicConfusion","vexMod:CursedCompass"],"picked":"aspiration:RitualDagger"}],"items_purged_floors":[],"is_endless":false,"potions_floor_spawned":[1,10,16,18,29],"killed_by":"conspire:MysteriousRune","ascension_level":0}}