{"host":"5vwo9pnza5wfe8ad","time":1608081166,"event":{"mods":["BaseMod","Better Sensory Stone","Colored Map","Colored Powertips","Key Reminder","Minty Spire (QoL Compilation)","Permanent Neow","Rare Cards Sparkle","Shop Mod","StSLib","UnlockEverythingMod"],"gold_per_floor":[111,111,12,12,12,39,58,92,92,267,267,277,23,23,23,124,124,137,37,48,48,64,98,98,127,179,179,197,41,61,72,72,175,175,193,193,205,216,231,264,264,264,264,207,207,219,235,235,235,235,235,235,72,106,106,106],"floor_reached":55,"playtime":9437,"items_purged":["Strike_B","Regret","Doubt"],"score":750,"play_id":"76862a05-b5cb-44c1-845a-f0880c7889a8","local_time":"20201215171245","is_ascension_mode":false,"campfire_choices":[{"floor":11.0,"key":"DIG"},{"floor":15.0,"key":"DIG"},{"data":"Double Energy","floor":24.0,"key":"SMITH"},{"data":"Skim","floor":27.0,"key":"SMITH"},{"data":"Reboot","floor":32.0,"key":"SMITH"},{"floor":41.0,"key":"RECALL"},{"data":"Hologram","floor":45.0,"key":"SMITH"},{"data":"Buffer","floor":49.0,"key":"SMITH"},{"floor":52.0,"key":"DIG"}],"circlet_count":0,"master_deck":["Strike_B+1","Strike_B+1","Strike_B+1","Defend_B+1","Defend_B+1","Defend_B+1","Zap","Dualcast+1","Conserve Battery","Chaos","Sweeping Beam","Undo","Streamline+1","Hologram+1","Double Energy+1","Self Repair","Reboot+1","Chill+1","Hologram+1","Skim+1","Cold Snap+1","Turbo","Turbo+1","Skim","Reinforced Body+1","Skim+1","Buffer+1","CurseOfTheBell","Turbo","Self Repair+1","Loop+1","Rebound+1","Compile Driver+1"],"relics":["Cracked Core","NeowsBlessing","Molten Egg 2","Incense Burner","The Courier","Shovel","Mercury Hourglass","ClockworkSouvenir","CultistMask","HornCleat","Runic Pyramid","Bottled Lightning","Red Mask","Runic Capacitor","Calling Bell","Akabeko","Eternal Feather","CaptainsWheel","Letter Opener","Frozen Egg 2","Pantograph","Toy Ornithopter","Bag of Preparation"],"acts_visited":[],"potions_floor_usage":[55,55],"damage_taken":[{"damage":0.0,"enemies":"Jaw Worm","floor":1.0,"turns":1.0},{"damage":0.0,"enemies":"3 Sentries","floor":6.0,"turns":1.0},{"damage":0.0,"enemies":"Small Slimes","floor":7.0,"turns":1.0},{"damage":19.0,"enemies":"Gremlin Nob","floor":8.0,"turns":5.0},{"damage":3.0,"enemies":"Cultist","floor":12.0,"turns":3.0},{"damage":19.0,"enemies":"Hexaghost","floor":16.0,"turns":12.0},{"damage":0.0,"enemies":"Chosen","floor":18.0,"turns":3.0},{"damage":0.0,"enemies":"Spheric Guardian","floor":20.0,"turns":3.0},{"damage":0.0,"enemies":"Snecko","floor":22.0,"turns":5.0},{"damage":0.0,"enemies":"Gremlin Leader","floor":23.0,"turns":6.0},{"damage":0.0,"enemies":"Masked Bandits","floor":25.0,"turns":3.0},{"damage":0.0,"enemies":"Centurion and Healer","floor":28.0,"turns":4.0},{"damage":0.0,"enemies":"Cultist and Chosen","floor":30.0,"turns":3.0},{"damage":5.0,"enemies":"Shelled Parasite and Fungi","floor":31.0,"turns":4.0},{"damage":21.0,"enemies":"Collector","floor":33.0,"turns":10.0},{"damage":1.0,"enemies":"3 Darklings","floor":35.0,"turns":3.0},{"damage":2.0,"enemies":"3 Shapes","floor":37.0,"turns":3.0},{"damage":0.0,"enemies":"Writhing Mass","floor":38.0,"turns":6.0},{"damage":0.0,"enemies":"3 Darklings","floor":39.0,"turns":5.0},{"damage":34.0,"enemies":"Nemesis","floor":40.0,"turns":9.0},{"damage":0.0,"enemies":"Spire Growth","floor":46.0,"turns":4.0},{"damage":0.0,"enemies":"Sphere and 2 Shapes","floor":47.0,"turns":4.0},{"damage":52.0,"enemies":"Donu and Deca","floor":50.0,"turns":12.0},{"damage":17.0,"enemies":"Shield and Spear","floor":54.0,"turns":13.0},{"damage":74,"enemies":"The Heart","floor":55,"turns":9}],"seed_played":"8758787144897095401","potions_obtained":[{"floor":8.0,"key":"GamblersBrew"},{"floor":12.0,"key":"Strength Potion"},{"floor":20.0,"key":"ColorlessPotion"},{"floor":22.0,"key":"Energy Potion"},{"floor":25.0,"key":"BlessingOfTheForge"},{"floor":28.0,"key":"Block Potion"},{"floor":37.0,"key":"FocusPotion"},{"floor":40.0,"key":"Swift Potion"},{"floor":47.0,"key":"Swift Potion"},{"floor":54.0,"key":"Swift Potion"}],"is_trial":false,"path_per_floor":["M","?","$","?","?","E","M","E","T","?","R","M","$","?","R","B",null,"M","$","M","?","M","E","R","?","T","R","M","$","M","M","R","B",null,"M","$","M","M","M","E","R","?","T","$","R","M","M","?","R","B",null,"R","$","E","B"],"character_chosen":"DEFECT","items_purchased":["Sweeping Beam","Self Repair","ClockworkSouvenir","Runic Capacitor","Skim","Loop+1","Toy Ornithopter","PowerPotion"],"campfire_rested":0,"item_purchase_floors":[3,13,13,29,29,44,53,53],"current_hp_per_floor":[75,75,75,75,60,60,60,41,41,41,41,38,38,38,38,26,75,75,75,75,75,75,75,75,75,75,75,75,75,75,75,75,61,75,75,75,75,75,75,58,75,75,75,75,75,75,75,71,71,36,71,71,71,71,6,6],"gold":106,"neow_bonus":"THREE_ENEMY_KILL","is_daily":false,"chose_seed":false,"campfire_upgraded":5,"win_rate":0.0,"timestamp":1608081165,"path_taken":["M","?","$","?","?","E","M","E","T","?","R","?","$","?","R","BOSS","M","$","M","?","M","E","R","?","T","R","M","$","M","M","R","BOSS","M","$","M","M","M","E","R","?","T","$","R","?","M","?","R","BOSS","R","$","E","BOSS"],"items_purchased_type":["Card","Card","Relic","Relic","Card","Card","Relic","Potion"],"build_version":"2020-12-13","purchased_purges":3,"victory":false,"max_hp_per_floor":[75,75,75,75,75,75,75,75,75,75,75,75,75,75,75,75,75,75,75,75,75,75,75,75,75,75,75,75,75,75,75,75,75,75,75,75,75,75,75,75,75,75,75,75,75,75,75,71,71,71,71,71,71,71,71,71],"card_choices":[{"not_picked":["Compile Driver","Steam"],"picked":"Conserve Battery","floor":1.0},{"not_picked":["Barrage+1","Compile Driver+1"],"picked":"Undo","floor":6.0},{"not_picked":["Barrage+1","Stack"],"picked":"Streamline+1","floor":7.0},{"not_picked":["Streamline+1","Go for the Eyes+1"],"picked":"Hologram","floor":8.0},{"not_picked":["Redo","BootSequence"],"picked":"Double Energy","floor":12.0},{"not_picked":["Buffer","Multi-Cast"],"picked":"Reboot","floor":16.0},{"not_picked":["Auto Shields","Rebound+1"],"picked":"Chill+1","floor":18.0},{"not_picked":["Gash+1","BootSequence"],"picked":"Hologram+1","floor":20.0},{"not_picked":["Beam Cell+1","Heatsinks+1"],"picked":"Skim","floor":22.0},{"not_picked":["Genetic Algorithm","Fusion"],"picked":"Cold Snap+1","floor":23.0},{"not_picked":["Reinforced Body+1","Sunder+1"],"picked":"Turbo","floor":25.0},{"not_picked":["Recycle","Beam Cell+1"],"picked":"Turbo+1","floor":28.0},{"not_picked":["Fission","Barrage+1"],"picked":"Reinforced Body+1","floor":30.0},{"not_picked":["Barrage+1","Coolheaded"],"picked":"Skim+1","floor":31.0},{"not_picked":["Reboot","Machine Learning"],"picked":"Buffer","floor":33.0},{"not_picked":["Rebound+1","Go for the Eyes+1"],"picked":"Turbo","floor":35.0},{"not_picked":["Ball Lightning+1","Tempest","Steam+1"],"picked":"SKIP","floor":37.0},{"not_picked":["Compile Driver+1","Barrage+1"],"picked":"Self Repair+1","floor":38.0},{"not_picked":["Ball Lightning+1","Melter+1","Conserve Battery+1"],"picked":"SKIP","floor":39.0},{"not_picked":["Conserve Battery+1","Capacitor+1","Beam Cell+1"],"picked":"SKIP","floor":40.0},{"not_picked":["Barrage+1","Redo+1","Stack"],"picked":"SKIP","floor":46.0},{"not_picked":["Ball Lightning+1","Undo"],"picked":"Rebound+1","floor":47.0},{"not_picked":["Redo","Ball Lightning+1"],"picked":"Compile Driver+1","floor":54.0}],"player_experience":142753,"relics_obtained":[{"floor":6.0,"key":"Incense Burner"},{"floor":8.0,"key":"The Courier"},{"floor":9.0,"key":"Shovel"},{"floor":11.0,"key":"Mercury Hourglass"},{"floor":15.0,"key":"HornCleat"},{"floor":23.0,"key":"Bottled Lightning"},{"floor":25.0,"key":"Red Mask"},{"floor":34.0,"key":"Akabeko"},{"floor":34.0,"key":"Eternal Feather"},{"floor":34.0,"key":"CaptainsWheel"},{"floor":40.0,"key":"Letter Opener"},{"floor":43.0,"key":"Frozen Egg 2"},{"floor":52.0,"key":"Pantograph"},{"floor":54.0,"key":"Bag of Preparation"}],"event_choices":[{"damage_healed":0.0,"max_hp_gain":0.0,"max_hp_loss":0.0,"gold_gain":0.0,"cards_transformed":["Defend_B"],"event_name":"Living Wall","player_choice":"Change","floor":2.0,"gold_loss":0.0,"damage_taken":0.0,"cards_obtained":["Chaos"]},{"damage_healed":0.0,"max_hp_gain":0.0,"max_hp_loss":0.0,"gold_gain":0.0,"event_name":"Big Fish","player_choice":"Box","floor":4.0,"gold_loss":0.0,"damage_taken":0.0,"relics_obtained":["Molten Egg 2"],"cards_obtained":["Regret"]},{"damage_healed":0.0,"max_hp_gain":0.0,"max_hp_loss":0.0,"gold_gain":0.0,"event_name":"Shining Light","player_choice":"Entered Light","floor":5.0,"gold_loss":0.0,"damage_taken":15.0,"cards_upgraded":["Dualcast","Defend_B"]},{"damage_healed":0.0,"max_hp_gain":0.0,"max_hp_loss":0.0,"gold_gain":175.0,"event_name":"Liars Game","player_choice":"AGREE","floor":10.0,"gold_loss":0.0,"damage_taken":0.0,"cards_obtained":["Doubt"]},{"damage_healed":0.0,"max_hp_gain":0.0,"max_hp_loss":0.0,"gold_gain":0.0,"event_name":"FaceTrader","player_choice":"Trade","floor":14.0,"gold_loss":0.0,"damage_taken":0.0,"relics_obtained":["CultistMask"]},{"damage_healed":0.0,"max_hp_gain":0.0,"max_hp_loss":0.0,"gold_gain":0.0,"event_name":"Back to Basics","player_choice":"Simplicity","floor":21.0,"gold_loss":0.0,"damage_taken":0.0,"cards_upgraded":["Strike_B","Strike_B","Strike_B","Defend_B","Defend_B"]},{"damage_healed":0.0,"max_hp_gain":0.0,"max_hp_loss":0.0,"gold_gain":0.0,"event_name":"Masked Bandits","player_choice":"Fought Bandits","floor":25.0,"gold_loss":0.0,"damage_taken":0.0},{"damage_healed":0.0,"max_hp_gain":0.0,"max_hp_loss":0.0,"gold_gain":0.0,"event_name":"The Woman in Blue","player_choice":"Bought 0 Potions","floor":42.0,"gold_loss":0.0,"damage_taken":0.0},{"damage_healed":0.0,"max_hp_gain":0.0,"max_hp_loss":4.0,"gold_gain":0.0,"event_name":"Winding Halls","player_choice":"Max HP","floor":48.0,"gold_loss":0.0,"damage_taken":0.0}],"is_beta":false,"boss_relics":[{"not_picked":["Velvet Choker","Cursed Key"],"picked":"Runic Pyramid"},{"not_picked":["Philosopher\u0027s Stone","FrozenCore"],"picked":"Calling Bell"}],"items_purged_floors":[3,13,19],"is_endless":false,"potions_floor_spawned":[8,12,20,22,25,28,31,35,37,40,46,47,54],"killed_by":"The Heart","ascension_level":0}}