{"host":"7s9cy3ihj997zbmc","time":1608111085,"event":{"mods":["Act Like it!","BaseMod","Card Filter","Custom Start","Downfall","Highlight Path","Minty Spire (QoL Compilation)","Permanent Neow","Quick Restart","Relic Filter","Relic Sorter","StSLib","SuperFastMode"],"gold_per_floor":[113,125,136,236,251,271,271,298,298,298,298,298,208,225,225,225,225],"floor_reached":16,"playtime":777,"items_purged":["hexamod:Strike"],"score":112,"play_id":"a0d323ce-56db-4379-8ae4-5e72f5c8b507","local_time":"20201216173125","is_ascension_mode":true,"campfire_choices":[{"data":"hexamod:GhostOfSpirePast","floor":9.0,"key":"SMITH"},{"data":"hexamod:Rewind","floor":12.0,"key":"SMITH"},{"data":"hexamod:Float","floor":15.0,"key":"SMITH"}],"circlet_count":0,"master_deck":["hexamod:Strike","hexamod:Strike","hexamod:Strike","hexamod:Defend","hexamod:Defend","hexamod:Defend","hexamod:Defend","hexamod:Sear","hexamod:Float+1","hexamod:TimeWarp","hexamod:BacktrackSmack","hexamod:SpectersWail","hexamod:Rewind+1","hexamod:GhostOfSpirePast+1","hexamod:GhostOfSpirePresent+1","hexamod:RetreatToShadows"],"relics":["hexamod:SpiritBrand","Mummified Hand","Bronze Scales","WingedGreaves"],"acts_visited":["Exordium"],"potions_floor_usage":[],"damage_taken":[{"damage":0.0,"enemies":"2 Louse","floor":1.0,"turns":3.0},{"damage":0.0,"enemies":"Cultist","floor":2.0,"turns":3.0},{"damage":6.0,"enemies":"Jaw Worm","floor":3.0,"turns":3.0},{"damage":10.0,"enemies":"Exordium Thugs","floor":5.0,"turns":4.0},{"damage":2.0,"enemies":"Blue Slaver","floor":6.0,"turns":3.0},{"damage":14.0,"enemies":"3 Sentries","floor":8.0,"turns":7.0},{"damage":6.0,"enemies":"downfall:FleeingMerchant","floor":13.0,"turns":4.0},{"damage":3.0,"enemies":"Red Slaver","floor":14.0,"turns":3.0},{"damage":24,"enemies":"downfall:Defect","floor":16,"turns":4}],"seed_played":"8991547826006983006","potions_obtained":[{"floor":2.0,"key":"Guardian:BlockOnCardUsePotion"},{"floor":3.0,"key":"EntropicBrew"}],"is_trial":false,"path_per_floor":["M","M","M","?","M","M","T","E","R","T","?","R","$","M","R","B"],"character_chosen":"THE_SPIRIT","items_purchased":[],"campfire_rested":0,"item_purchase_floors":[],"current_hp_per_floor":[63,63,57,57,47,45,45,31,31,31,31,31,25,22,22,0,0],"gold":225,"neow_bonus":"THREE_RARE_CARDS","is_daily":false,"chose_seed":false,"campfire_upgraded":3,"win_rate":0.0,"timestamp":1608111085,"path_taken":["M","M","M","?","?","M","T","E","R","?","?","R","$","?","R","BOSS"],"items_purchased_type":[],"build_version":"2020-12-13","purchased_purges":1,"victory":false,"max_hp_per_floor":[63,63,63,63,63,63,63,63,63,63,63,63,63,63,63,63,63],"card_choices":[{"not_picked":["hexamod:CrushingStance","hexamod:ApocalypseNow"],"picked":"hexamod:TimeWarp","floor":0.0},{"not_picked":["hexamod:GhostShield","hexamod:InspiringFlames"],"picked":"hexamod:BacktrackSmack","floor":1.0},{"not_picked":["hexamod:RadiantFlame","hexamod:InspiringFlames"],"picked":"hexamod:SpectersWail","floor":2.0},{"not_picked":["hexamod:GhostLash","hexamod:FourthSeal"],"picked":"hexamod:Rewind","floor":3.0},{"not_picked":["hexamod:BurningTouch","hexamod:ThermalTransfer"],"picked":"hexamod:GhostOfSpirePast","floor":5.0},{"not_picked":["hexamod:SwordOfDarkness","hexamod:GhostShield"],"picked":"hexamod:GhostOfSpirePresent","floor":6.0},{"not_picked":["hexamod:HauntingEcho","hexamod:SecondSeal"],"picked":"hexamod:RetreatToShadows","floor":8.0},{"not_picked":["hexamod:BurningTouch","hexamod:SpectersWail","hexamod:FourthSeal"],"picked":"SKIP","floor":13.0},{"not_picked":["hexamod:BacktrackSmack","hexamod:ShieldOfDarkness","hexamod:PhantomFireball"],"picked":"SKIP","floor":14.0}],"player_experience":323672,"relics_obtained":[{"floor":7.0,"key":"Mummified Hand"},{"floor":8.0,"key":"Bronze Scales"},{"floor":10.0,"key":"WingedGreaves"}],"event_choices":[{"damage_healed":0.0,"max_hp_gain":0.0,"max_hp_loss":0.0,"gold_gain":0.0,"event_name":"Upgrade Shrine","player_choice":"Upgraded","floor":11.0,"gold_loss":0.0,"damage_taken":0.0,"cards_upgraded":["hexamod:GhostOfSpirePresent"]}],"is_beta":false,"boss_relics":[],"items_purged_floors":[13],"is_endless":false,"potions_floor_spawned":[2,3],"killed_by":"downfall:Defect","ascension_level":2}}