{"host":"m7puq4mk16tgc6yn","time":1608097106,"event":{"mods":["AchievementEnabler","BaseMod","Colored Map","Colored Powertips","Minty Spire (QoL Compilation)","Relic Stats"],"gold_per_floor":[115,129,129,146,159,159,189,264,288,288,288,307,307,320,320,415,415,430,53,65,76,88,116,134,147,147,246,259,259,259],"floor_reached":29,"playtime":1283,"items_purged":["Strike_R"],"score":289,"play_id":"b07f1898-03dd-40af-bc7d-db0b12712fd9","local_time":"20201215213826","is_ascension_mode":true,"campfire_choices":[{"data":"Bash","floor":6,"key":"SMITH"},{"data":"Anger","floor":11,"key":"SMITH"},{"data":"Spot Weakness","floor":15,"key":"SMITH"}],"circlet_count":0,"master_deck":["Strike_R","Strike_R","Strike_R+1","Strike_R","Defend_R","Defend_R","Defend_R+1","Defend_R+1","Bash+1","Anger+1","Anger","Cleave","Pummel+1","Thunderclap","Flame Barrier","Spot Weakness+1","Limit Break","True Grit","Disarm","Rage","Pummel","Pommel Strike+1","Anger"],"relics":["Burning Blood","Vajra","Whetstone","War Paint","Blood Vial","Runic Cube","Gambling Chip","Bronze Scales","Toxic Egg 2"],"acts_visited":["Exordium","TheCity"],"potions_floor_usage":[4,23,25,29],"damage_taken":[{"damage":13.0,"enemies":"Jaw Worm","floor":1.0,"turns":5.0},{"damage":1.0,"enemies":"Cultist","floor":2.0,"turns":3.0},{"damage":0,"enemies":"Small Slimes","floor":4,"turns":2},{"damage":12,"enemies":"Exordium Wildlife","floor":5,"turns":3},{"damage":15,"enemies":"3 Sentries","floor":7,"turns":6},{"damage":0,"enemies":"2 Fungi Beasts","floor":12,"turns":2},{"damage":0,"enemies":"Large Slime","floor":14,"turns":4},{"damage":33,"enemies":"The Guardian","floor":16,"turns":10},{"damage":0,"enemies":"3 Byrds","floor":18,"turns":3},{"damage":16,"enemies":"Shell Parasite","floor":20,"turns":4},{"damage":4,"enemies":"Chosen and Byrds","floor":21,"turns":2},{"damage":24,"enemies":"Centurion and Healer","floor":22,"turns":6},{"damage":31,"enemies":"Slavers","floor":23,"turns":6},{"damage":32,"enemies":"Snecko","floor":24,"turns":6},{"damage":7,"enemies":"3 Cultists","floor":25,"turns":4},{"damage":9,"enemies":"Snake Plant","floor":28,"turns":3},{"damage":22,"enemies":"Book of Stabbing","floor":29,"turns":3}],"seed_played":"8853795278199948139","potions_obtained":[{"floor":1.0,"key":"DistilledChaos"},{"floor":3.0,"key":"DistilledChaos"},{"floor":3.0,"key":"CultistPotion"},{"floor":3.0,"key":"Strength Potion"},{"floor":14,"key":"PowerPotion"},{"floor":23,"key":"CultistPotion"},{"floor":24,"key":"Block Potion"},{"floor":28,"key":"LiquidMemories"}],"is_trial":false,"path_per_floor":["M","M","?","M","M","R","E","?","T","T","R","M","?","M","R","B",null,"M","$","M","M","M","E","M","M","T","?","M","E"],"character_chosen":"IRONCLAD","items_purchased":["Gambling Chip"],"campfire_rested":0,"item_purchase_floors":[19],"current_hp_per_floor":[73,78,78,80,74,74,65,54,54,54,54,62,67,75,75,50,85,85,85,75,79,63,40,16,17,17,17,16,0,0],"gold":259,"neow_bonus":"RANDOM_COMMON_RELIC","is_daily":false,"chose_seed":false,"campfire_upgraded":3,"win_rate":0.0,"timestamp":1608097106,"path_taken":["M","M","?","?","M","R","E","?","T","?","R","M","?","M","R","BOSS","M","$","M","M","M","E","M","M","T","?","M","E"],"items_purchased_type":["Relic"],"build_version":"2020-12-13","purchased_purges":1,"victory":false,"max_hp_per_floor":[80,80,80,80,80,80,80,80,80,80,80,80,85,85,85,85,85,85,85,85,85,85,85,85,85,85,85,85,85,85],"relic_stats":{"Blood Vial":20,"counters":[17,72],"Gambling Chip":[23],"Bronze Scales":[51],"Whetstone":["Strike_R","Pummel"],"War Paint":["Defend_R","Defend_R"],"obtain_stats":[{"Blood Vial":10,"Gambling Chip":19,"Bronze Scales":23,"Vajra":0,"Whetstone":7,"War Paint":9,"Toxic Egg 2":26,"Burning Blood":0,"Runic Cube":17},{"Blood Vial":5,"Gambling Chip":9,"Bronze Scales":13,"Vajra":0,"Whetstone":5,"War Paint":5,"Toxic Egg 2":15,"Burning Blood":0,"Runic Cube":8},{"Blood Vial":19,"Gambling Chip":38,"Bronze Scales":56,"Vajra":0,"Whetstone":19,"War Paint":19,"Toxic Egg 2":66,"Burning Blood":0,"Runic Cube":35}],"Burning Blood":86,"Runic Cube":[15]},"card_choices":[{"not_picked":["Rupture","Heavy Blade"],"picked":"Anger","floor":1.0},{"not_picked":["Clash","Dropkick"],"picked":"Anger","floor":2.0},{"not_picked":["Havoc","Iron Wave"],"picked":"Cleave","floor":4},{"not_picked":["Clash","Bloodletting"],"picked":"Pummel","floor":5},{"not_picked":["Flex","Perfected Strike"],"picked":"Thunderclap","floor":7},{"not_picked":["Perfected Strike","Pommel Strike"],"picked":"Flame Barrier","floor":12},{"not_picked":["Body Slam","Sword Boomerang"],"picked":"Spot Weakness","floor":14},{"not_picked":["Double Tap","Juggernaut"],"picked":"Limit Break","floor":16},{"not_picked":["Warcry+1","Perfected Strike","Rage"],"picked":"SKIP","floor":18},{"not_picked":["Rupture","Infernal Blade"],"picked":"True Grit","floor":20},{"not_picked":["Burning Pact+1","Twin Strike","Thunderclap"],"picked":"SKIP","floor":21},{"not_picked":["Limit Break","Sword Boomerang"],"picked":"Disarm","floor":22},{"not_picked":["Fire Breathing","Power Through+1"],"picked":"Rage","floor":23},{"not_picked":["Thunderclap","Wild Strike"],"picked":"Pummel","floor":24},{"not_picked":["Twin Strike","Clothesline"],"picked":"Pommel Strike+1","floor":25},{"not_picked":["Twin Strike","Heavy Blade"],"picked":"Anger","floor":28}],"player_experience":69904,"relics_obtained":[{"floor":7,"key":"Whetstone"},{"floor":9,"key":"War Paint"},{"floor":10,"key":"Blood Vial"},{"floor":23,"key":"Bronze Scales"},{"floor":26,"key":"Toxic Egg 2"}],"event_choices":[{"damage_healed":0.0,"max_hp_gain":0.0,"max_hp_loss":0.0,"gold_gain":0.0,"event_name":"Lab","player_choice":"Got Potions","floor":3.0,"gold_loss":0.0,"damage_taken":0.0},{"damage_healed":0,"gold_gain":75,"player_choice":"Gather Gold","damage_taken":11,"max_hp_gain":0,"max_hp_loss":0,"event_name":"World of Goop","floor":8,"gold_loss":0},{"damage_healed":0,"gold_gain":0,"player_choice":"Donut","damage_taken":0,"max_hp_gain":5,"max_hp_loss":0,"event_name":"Big Fish","floor":13,"gold_loss":0},{"damage_healed":0,"gold_gain":99,"player_choice":"Stole From Cult","damage_taken":0,"max_hp_gain":0,"max_hp_loss":0,"event_name":"Nest","floor":27,"gold_loss":0}],"is_beta":false,"boss_relics":[{"not_picked":["Black Star","Velvet Choker"],"picked":"Runic Cube"}],"items_purged_floors":[19],"is_endless":false,"potions_floor_spawned":[1,14,16,21,23,24,28],"killed_by":"Book of Stabbing","ascension_level":3}}