{"host":"sav7uxregyirlf69","time":1608140118,"event":{"mods":["AchievementEnabler","BaseMod","Colored Map","DeckTracker","Keyboard Shortcuts","Minty Spire (QoL Compilation)","READ ME - Guardian Mod","StSLib","SuperFastMode"],"gold_per_floor":[118,43,43,62,137,166,166,200,200,229,229,256,127,138,138,138,138],"floor_reached":16,"playtime":223,"items_purged":["Strike_P","Defend_P"],"score":332,"play_id":"dfa1da41-308f-4d70-b657-6e96763255eb","local_time":"20201217023518","is_ascension_mode":true,"campfire_choices":[{"data":"Eruption","floor":7.0,"key":"SMITH"},{"data":"Judgement","floor":11,"key":"SMITH"},{"data":"ForeignInfluence","floor":15,"key":"SMITH"}],"circlet_count":0,"master_deck":["AscendersBane","Strike_P","Strike_P","Strike_P","Defend_P","Defend_P","Defend_P","Eruption+1","Vigilance","Indignation","Judgement+1","ForeignInfluence+1","Halt"],"relics":["PureWater","NeowsBlessing","Meat on the Bone","Calipers","Kunai","Dream Catcher"],"acts_visited":["Exordium"],"potions_floor_usage":[10,16],"damage_taken":[{"damage":0.0,"enemies":"Cultist","floor":1.0,"turns":1.0},{"damage":5.0,"enemies":"2 Louse","floor":4.0,"turns":2.0},{"damage":0.0,"enemies":"3 Sentries","floor":6.0,"turns":3.0},{"damage":42.0,"enemies":"Lagavulin","floor":8.0,"turns":5.0},{"damage":0,"enemies":"Gremlin Nob","floor":10,"turns":3},{"damage":0,"enemies":"Jaw Worm","floor":14,"turns":1},{"damage":45,"enemies":"Hexaghost","floor":16,"turns":10}],"seed_played":"1973324630207772770","potions_obtained":[{"floor":1.0,"key":"CultistPotion"},{"floor":6.0,"key":"EssenceOfSteel"},{"floor":8.0,"key":"ColorlessPotion"},{"floor":10,"key":"Weak Potion"}],"is_trial":false,"path_per_floor":["M","$","$","M","?","E","R","E","T","E","R","T","$","M","R","B"],"character_chosen":"WATCHER","items_purchased":["Halt"],"campfire_rested":0,"item_purchase_floors":[13],"current_hp_per_floor":[61,61,61,56,45,45,45,15,15,27,27,27,27,39,39,0,0],"gold":138,"neow_bonus":"THREE_ENEMY_KILL","is_daily":false,"chose_seed":false,"campfire_upgraded":3,"win_rate":0.0,"timestamp":1608140118,"path_taken":["M","?","$","?","?","E","R","E","T","E","R","?","$","M","R","BOSS"],"items_purchased_type":["Card"],"build_version":"2020-12-13","purchased_purges":2,"victory":false,"max_hp_per_floor":[68,68,68,68,68,68,68,68,68,68,68,68,68,68,68,68,68],"card_choices":[{"not_picked":["Swivel","Protect"],"picked":"Indignation","floor":1.0},{"not_picked":["Study","Protect","PathToVictory"],"picked":"SKIP","floor":4.0},{"not_picked":["CrushJoints","Evaluate"],"picked":"Judgement","floor":6.0},{"not_picked":["JustLucky","CrushJoints"],"picked":"ForeignInfluence","floor":8.0},{"not_picked":["BowlingBash","Weave","FollowUp"],"picked":"SKIP","floor":10},{"not_picked":["BowlingBash","Weave","FollowUp"],"picked":"SKIP","floor":10},{"not_picked":["SashWhip","Halt","ThirdEye"],"picked":"SKIP","floor":14}],"player_experience":928028,"relics_obtained":[{"floor":6.0,"key":"Meat on the Bone"},{"floor":8.0,"key":"Calipers"},{"floor":9.0,"key":"Kunai"},{"floor":10,"key":"Dream Catcher"}],"event_choices":[{"damage_healed":0.0,"max_hp_gain":0.0,"max_hp_loss":0.0,"gold_gain":75.0,"event_name":"World of Goop","player_choice":"Gather Gold","floor":5.0,"gold_loss":0.0,"damage_taken":11.0}],"is_beta":false,"boss_relics":[],"items_purged_floors":[2,13],"is_endless":false,"potions_floor_spawned":[1,6,8,10],"killed_by":"Hexaghost","ascension_level":20}}