{"host":"4qkvkh7pd9qr2mca","time":1608134531,"event":{"mods":["AchievementEnabler","BaseMod","Colored Map","Colored Powertips","Highlight Path","Minty Spire (QoL Compilation)","Permanent Neow","Quick Restart","StSLib","SuperFastMode"],"gold_per_floor":[60,210,24,24,61,130,163,25,25,25,60,60,95,20,20,20,20],"floor_reached":16,"playtime":573,"items_purged":[],"score":216,"play_id":"0ecf445f-f45e-4c4d-b45f-8c5285ea6d52","local_time":"20201216170211","is_ascension_mode":true,"campfire_choices":[{"data":"HandOfGreed","floor":12,"key":"SMITH"},{"floor":15,"key":"REST"}],"circlet_count":0,"master_deck":["AscendersBane","Strike_G","Strike_G","Strike_G","Strike_G","Strike_G","Defend_G","Defend_G","Defend_G","Defend_G","Defend_G","Survivor","Neutralize","HandOfGreed+1","Acrobatics","Blade Dance","A Thousand Cuts","Cloak And Dagger","Predator","Blur"],"relics":["Ring of the Snake","Membership Card","Shuriken","Mummified Hand","Toy Ornithopter","Thread and Needle"],"acts_visited":["Exordium"],"potions_floor_usage":[11,13,16],"damage_taken":[{"damage":0,"enemies":"2 Louse","floor":1,"turns":7},{"damage":0,"enemies":"Small Slimes","floor":5,"turns":6},{"damage":25,"enemies":"3 Sentries","floor":6,"turns":9},{"damage":6,"enemies":"Cultist","floor":7,"turns":3},{"damage":6,"enemies":"Lots of Slimes","floor":11,"turns":2},{"damage":24,"enemies":"Lagavulin","floor":13,"turns":8},{"damage":63,"enemies":"Slime Boss","floor":16,"turns":13}],"seed_played":"-673548574841273427","potions_obtained":[{"floor":7,"key":"Explosive Potion"},{"floor":11,"key":"DuplicationPotion"},{"floor":13,"key":"Regen Potion"}],"is_trial":false,"path_per_floor":["M","?","$","?","M","E","M","$","T","?","M","R","E","?","R","B"],"character_chosen":"THE_SILENT","items_purchased":["Membership Card","Blade Dance","Mummified Hand"],"campfire_rested":1,"item_purchase_floors":[3,3,8],"current_hp_per_floor":[59,59,59,59,59,34,28,28,28,33,32,32,13,13,34,0,0],"gold":20,"neow_bonus":"RANDOM_COLORLESS_2","is_daily":false,"chose_seed":false,"campfire_upgraded":1,"win_rate":0.0,"timestamp":1608134531,"path_taken":["M","?","$","?","M","E","?","?","T","?","M","R","E","?","R","BOSS"],"items_purchased_type":["Relic","Card","Relic"],"build_version":"2020-12-13","purchased_purges":0,"victory":false,"max_hp_per_floor":[66,66,66,66,66,66,66,66,66,71,71,71,71,71,71,71,71],"card_choices":[{"not_picked":["Panache","Chrysalis"],"picked":"HandOfGreed","floor":0},{"not_picked":["Prepared","PiercingWail"],"picked":"Acrobatics","floor":1},{"not_picked":["Flying Knee","Caltrops"],"picked":"A Thousand Cuts","floor":5},{"not_picked":["Choke","Accuracy","Outmaneuver"],"picked":"SKIP","floor":6},{"not_picked":["Bane","Slice"],"picked":"Cloak And Dagger","floor":7},{"not_picked":["Catalyst","Choke"],"picked":"Predator","floor":11},{"not_picked":["Outmaneuver","Deflect"],"picked":"Blur","floor":13}],"player_experience":336610,"relics_obtained":[{"floor":6,"key":"Shuriken"},{"floor":9,"key":"Toy Ornithopter"},{"floor":13,"key":"Thread and Needle"}],"event_choices":[{"damage_healed":0,"gold_gain":150,"player_choice":"AGREE","damage_taken":0,"max_hp_gain":0,"max_hp_loss":0,"event_name":"Liars Game","floor":2,"gold_loss":0,"cards_obtained":["Doubt"]},{"damage_healed":0,"gold_gain":0,"player_choice":"0 cards matched","damage_taken":0,"max_hp_gain":0,"max_hp_loss":0,"event_name":"Match and Keep!","floor":4,"gold_loss":0,"cards_obtained":[]},{"damage_healed":0,"gold_gain":0,"player_choice":"Donut","damage_taken":0,"max_hp_gain":5,"max_hp_loss":0,"event_name":"Big Fish","floor":10,"gold_loss":0},{"cards_removed":["Doubt"],"damage_healed":0,"gold_gain":0,"player_choice":"Card Removal","damage_taken":0,"max_hp_gain":0,"max_hp_loss":0,"event_name":"The Cleric","floor":14,"gold_loss":75}],"is_beta":false,"boss_relics":[],"items_purged_floors":[],"is_endless":false,"potions_floor_spawned":[7,11,13],"killed_by":"Slime Boss","ascension_level":20}}