{"host":"elnvswdbusdewy2q","time":1608158790,"event":{"mods":["2.2 Compatiblity","BaseMod","CapriCore","Colored Map","Hermit","Koishi","Lobotomy","Marisa£¨Ùöéë¡¡Øª×âÞÞ£©","Minty Spire (QoL Compilation)","Rare Cards Sparkle","StSLib","Td1madao Mod","The Bug Knight","The Cursed","The Dragon Tamer","The Gatherer","The Hierophant","The Immortal","The Poker Player","The Runesmith","WarShipGirlsR/??á´Ò³R mod"],"gold_per_floor":[216,291,237,248,248,281,299,299,299,299,269,90,121,141,141,236,236,250,265,265,281,22,22,56,56,56,69,69,89,89,99,99,197,197,208,258,12,0,18,18,18,18],"floor_reached":41,"playtime":2614,"items_purged":[],"score":461,"play_id":"036b6981-46a8-4d71-8fee-8ec5c7ecc469","local_time":"20201217074630","is_ascension_mode":true,"campfire_choices":[{"floor":8,"key":"REST"},{"data":"rmod:ridicule","floor":15,"key":"SMITH"},{"floor":23,"key":"REST"},{"floor":28,"key":"REST"},{"floor":30,"key":"REST"},{"data":"rmod:aviationdawn","floor":32,"key":"SMITH"},{"floor":40,"key":"REST"}],"circlet_count":0,"master_deck":["rmod:strick","rmod:strick","rmod:strick","rmod:strick","rmod:defend","rmod:defend","rmod:defend","rmod:defend","rmod:basicallowance","rmod:maingunfire","rmod:aluminumsupply","rmod:aviationdawn+1","rmod:supportescort","rmod:ridicule+1","rmod:intelligenceanalysis","rmod:advancebysurprise","rmod:highspeedmaneuver","rmod:seals+1","rmod:steelsupply+1","rmod:maintain","rmod:seals","rmod:supportescort","rmod:bulid+1","rmod:aviationdawn","rmod:saltedfish","rmod:diamondstrike+1","rmod:ridicule","rmod:victimresponsibility","rmod:victimresponsibility"],"relics":["rmod:firstchargereward","Blue Candle","Bottled Lightning","rmod:extraamm","Lee\u0027s Waffle","Art of War","rmod:monthlycard","HollowMod:LifeEnderRelic","Mummified Hand","Letter Opener","Runesmith:Locket","HornCleat","Red Mask"],"acts_visited":["Exordium","TheCity","TheBeyond"],"potions_floor_usage":[6,16,18,18,21,27],"damage_taken":[{"damage":2.0,"enemies":"2 Louse","floor":1.0,"turns":3.0},{"damage":0.0,"enemies":"Jaw Worm","floor":4.0,"turns":4.0},{"damage":31,"enemies":"3 Sentries","floor":6,"turns":8},{"damage":0,"enemies":"Small Slimes","floor":7,"turns":3},{"damage":31,"enemies":"Lagavulin","floor":13,"turns":8},{"damage":5,"enemies":"Looter","floor":14,"turns":2},{"damage":25,"enemies":"Slime Boss","floor":16,"turns":11},{"damage":21,"enemies":"Shell Parasite","floor":18,"turns":5},{"damage":7,"enemies":"Chosen","floor":19,"turns":7},{"damage":17,"enemies":"Centurion and Healer","floor":21,"turns":6},{"damage":5,"enemies":"Gremlin Leader","floor":24,"turns":15},{"damage":40,"enemies":"Snake Plant","floor":27,"turns":6},{"damage":0,"enemies":"Sentry and Sphere","floor":29,"turns":5},{"damage":11,"enemies":"3 Cultists","floor":31,"turns":4},{"damage":10,"enemies":"Champ","floor":33,"turns":11},{"damage":41,"enemies":"3 Darklings","floor":35,"turns":4},{"damage":29,"enemies":"Mind Bloom Boss Battle","floor":36,"turns":7},{"damage":4,"enemies":"3 Shapes","floor":39,"turns":3},{"damage":0,"enemies":"Jaw Worm Horde","floor":41,"turns":1}],"seed_played":"3841907026715705542","potions_obtained":[{"floor":1.0,"key":"Fire Potion"},{"floor":6,"key":"Dexterity Potion"},{"floor":13,"key":"EssenceOfSteel"},{"floor":14,"key":"Ancient Potion"},{"floor":18,"key":"SkillPotion"},{"floor":21,"key":"Energy Potion"},{"floor":39,"key":"Swift Potion"}],"is_trial":false,"path_per_floor":["M","?","$","M","$","E","M","R","T","?","?","$","E","M","R","B",null,"M","M","?","M","$","R","E","?","T","M","R","M","R","M","R","B",null,"M","?","$","?","M","R","M"],"character_chosen":"PRAEFECT","items_purchased":["rmod:aviationdawn","Lee\u0027s Waffle","rmod:intelligenceanalysis","HollowMod:LifeEnderRelic","HornCleat"],"campfire_rested":5,"item_purchase_floors":[3,12,12,22,37],"current_hp_per_floor":[73,62,62,62,62,31,31,53,53,28,28,82,51,46,46,21,82,61,54,54,37,37,61,56,56,56,16,40,40,64,53,53,43,82,41,12,12,12,8,32,32,32],"gold":18,"neow_bonus":"HUNDRED_GOLD","is_daily":false,"chose_seed":false,"campfire_upgraded":2,"win_rate":0.0,"timestamp":1608158790,"path_taken":["M","?","$","M","$","E","M","R","T","?","?","$","E","?","R","BOSS","M","M","?","?","$","R","E","?","T","?","R","M","R","M","R","BOSS","M","?","$","?","M","R","M"],"items_purchased_type":["Card","Relic","Card","Relic","Relic"],"build_version":"2020-12-13","purchased_purges":0,"victory":false,"max_hp_per_floor":[75,75,75,75,75,75,75,75,75,75,75,82,82,82,82,82,82,82,82,82,82,82,82,82,82,82,82,82,82,82,82,82,82,82,82,82,82,82,82,82,82,82],"card_choices":[{"not_picked":["rmod:goodsister","rmod:unsinkable"],"picked":"rmod:aluminumsupply","floor":1.0},{"not_picked":["rmod:ring","rmod:selfconfidence","rmod:generalist"],"picked":"SKIP","floor":4.0},{"not_picked":["rmod:fuelsupply","rmod:smokecover","rmod:heivgo"],"picked":"SKIP","floor":6},{"not_picked":["rmod:concentratefire","rmod:garrisonisland"],"picked":"rmod:supportescort","floor":7},{"not_picked":[],"picked":"rmod:ridicule","floor":11},{"not_picked":["rmod:aviationdawn","rmod:intelligenceanalysis"],"picked":"rmod:advancebysurprise","floor":13},{"not_picked":["rmod:overbreakdown","rmod:circuitoustactics"],"picked":"rmod:highspeedmaneuver","floor":14},{"not_picked":["rmod:stealaluminum","rmod:supriseattacks"],"picked":"rmod:seals","floor":16},{"not_picked":["rmod:diamondstrike","rmod:intelligenceanalysis"],"picked":"rmod:steelsupply+1","floor":18},{"not_picked":["rmod:firesupport","rmod:combined"],"picked":"rmod:maintain","floor":19},{"not_picked":["rmod:fletcherpendant+1","rmod:diamondstrike"],"picked":"rmod:supportescort","floor":21},{"not_picked":["rmod:ring","rmod:diamondstrike"],"picked":"rmod:bulid+1","floor":24},{"not_picked":["rmod:combined","rmod:aluminumsupply"],"picked":"rmod:aviationdawn","floor":27},{"not_picked":["rmod:unsinkable","rmod:overbreakdown"],"picked":"rmod:saltedfish","floor":29},{"not_picked":["rmod:highspeedshooting+1","rmod:fletcherpendant+1"],"picked":"rmod:diamondstrike+1","floor":31},{"not_picked":["rmod:stealaluminum","rmod:desperatesituation"],"picked":"rmod:ridicule","floor":33},{"not_picked":["rmod:ammunitionsupply+1","rmod:smokecover"],"picked":"rmod:victimresponsibility","floor":35},{"not_picked":["rmod:steelsupply+1","rmod:ring"],"picked":"rmod:victimresponsibility","floor":39}],"player_experience":510468,"relics_obtained":[{"floor":6,"key":"Blue Candle"},{"floor":9,"key":"Bottled Lightning"},{"floor":13,"key":"Art of War"},{"floor":24,"key":"Mummified Hand"},{"floor":26,"key":"Letter Opener"},{"floor":36,"key":"Runesmith:Locket"}],"event_choices":[{"damage_healed":0.0,"max_hp_gain":0.0,"max_hp_loss":0.0,"gold_gain":75.0,"event_name":"World of Goop","player_choice":"Gather Gold","floor":2.0,"gold_loss":0.0,"damage_taken":11.0},{"damage_healed":0,"gold_gain":0,"player_choice":"Success","damage_taken":25,"relics_obtained":["rmod:extraamm"],"max_hp_gain":0,"max_hp_loss":0,"event_name":"Scrap Ooze","floor":10,"gold_loss":0},{"damage_healed":0,"gold_gain":0,"player_choice":"1 cards matched","damage_taken":0,"max_hp_gain":0,"max_hp_loss":0,"event_name":"Match and Keep!","floor":20,"gold_loss":0,"cards_obtained":["rmod:seals"]},{"damage_healed":0,"gold_gain":0,"player_choice":"Forge","damage_taken":0,"max_hp_gain":0,"max_hp_loss":0,"event_name":"Accursed Blacksmith","floor":25,"gold_loss":0,"cards_upgraded":["rmod:seals"]},{"damage_healed":0,"gold_gain":0,"player_choice":"Fight","damage_taken":0,"max_hp_gain":0,"max_hp_loss":0,"event_name":"MindBloom","floor":36,"gold_loss":0},{"damage_healed":0,"gold_gain":0,"player_choice":"Paid","damage_taken":0,"relics_obtained":["Red Mask"],"max_hp_gain":0,"max_hp_loss":0,"event_name":"Tomb of Lord Red Mask","floor":38,"gold_loss":12}],"is_beta":false,"boss_relics":[{"not_picked":["Pandora\u0027s Box","Black Star"],"picked":"rmod:monthlycard"},{"not_picked":["Coffee Dripper","Cursed Key","Fusion Hammer"]}],"items_purged_floors":[],"is_endless":false,"potions_floor_spawned":[1,6,13,14,18,21,39],"killed_by":"Jaw Worm Horde","ascension_level":2}}