{"host":"hfvpa4llnnjpeawn","time":1608158607,"event":{"mods":["2.2 Compatiblity","AchievementEnabler","Act Like it!","Aspiration","Bard","BaseMod","Beaked The Cultist","Better Skull","Better Third Choice","BetterRewards","CapriCore","Conspire","Downfall","Elementarium","Energized Spire","Hermit","Hubris","Jorbs\u0027s Wanderer Trilogy","Koishi","Lobotomy","Minty Spire (QoL Compilation)","Replay The Spire","Shade Mod","Spicy Shops","StSLib","The Bladedancer","The Factory","The Gatherer","The Jungle","Waifu the Spire","Wandering Minibosses"],"gold_per_floor":[99,99,99,124,124,124,124,49,42,69,88,98,22,117,135,233,233,233,246,246,246,273,287,277,277],"floor_reached":24,"playtime":2551,"items_purged":[],"score":227,"play_id":"1b054375-35fb-4e7d-abd5-0788ba8ab3d4","local_time":"20201216174327","is_ascension_mode":false,"campfire_choices":[{"floor":1.0,"key":"RECALL"},{"data":"champ:Taunt","floor":8.0,"key":"SMITH"},{"data":"beaked:KnowThyFoe","floor":18.0,"key":"SMITH"}],"circlet_count":0,"master_deck":["champ:Strike","champ:Strike","champ:Strike","champ:Strike","champ:Defend","champ:Defend","champ:Defend","champ:Defend","champ:Execute","champ:Taunt+1","champ:DefensiveShout","champ:GutPunch","champ:BladeFlurry","champ:EnGarde","champ:Duel","champ:PerfectedStrike","champ:FocusedDefense","champ:DeathBlow","champ:BringItOn","champ:Circumvent","champ:FanOfKnives","champ:CrownThrow","champ:GutPunch","champ:PerfectedStrike","ReplayTheSpireMod:Faulty Equipment","champ:Taunt","expansioncontent:PrepareCrush","champ:Aggression","champ:Improvising","beaked:KnowThyFoe+1","champ:Haymaker","Elementarium:StickyTar","champ:BringItOn+1"],"relics":["champ:ChampionCrown","downfall:HeartsMalice","aspiration:DSix","The Courier","downfall:HeartBlessingRed","FossilizedHelix","downfall:GremlinSack","beaked:SacredDeck","Blood Vial"],"acts_visited":["Exordium","Exordium"],"potions_floor_usage":[],"damage_taken":[{"damage":0.0,"enemies":"2 Louse","floor":2.0,"turns":1.0},{"damage":0.0,"enemies":"Lagavulin","floor":4.0,"turns":1.0},{"damage":0.0,"enemies":"Jaw Worm","floor":5.0,"turns":1.0},{"damage":0.0,"enemies":"Cultist","floor":6.0,"turns":1.0},{"damage":16.0,"enemies":"2 Fungi Beasts","floor":9.0,"turns":6.0},{"damage":48.0,"enemies":"3 Sentries","floor":10.0,"turns":8.0},{"damage":0.0,"enemies":"3 Louse","floor":11.0,"turns":2.0},{"damage":0.0,"enemies":"Exordium Wildlife","floor":12.0,"turns":3.0},{"damage":20.0,"enemies":"downfall:FleeingMerchant","floor":13.0,"turns":4.0},{"damage":18.0,"enemies":"downfall:FleeingMerchant","floor":14.0,"turns":6.0},{"damage":11.0,"enemies":"Large Slime","floor":15.0,"turns":3.0},{"damage":29.0,"enemies":"downfall:Watcher","floor":16.0,"turns":8.0},{"damage":0.0,"enemies":"Elementarium:2_ELEMENTALS","floor":19.0,"turns":3.0},{"damage":31.0,"enemies":"Elementarium:MUD_AND_TAR_GOLEMS","floor":23.0,"turns":5.0},{"damage":85,"enemies":"Elementarium:FIRE_NOBILITY","floor":24,"turns":8}],"seed_played":"7842924190856785660","potions_obtained":[{"floor":9.0,"key":"SkillPotion"},{"floor":12.0,"key":"SteroidPotion"},{"floor":14.0,"key":"Dexterity Potion"},{"floor":15.0,"key":"LiquidMemories"},{"floor":19.0,"key":"Milkshake"},{"floor":23.0,"key":"SpeedPotion"}],"is_trial":false,"path_per_floor":["R","M","?","E","M","M","T","R","M","E","M","M","$","?","M","B",null,"R","M","PTL","PTL","T","M","E"],"character_chosen":"THE_CHAMP","items_purchased":["champ:Circumvent"],"campfire_rested":0,"item_purchase_floors":[13],"current_hp_per_floor":[90,90,90,90,90,90,90,90,90,53,58,58,63,51,43,25,90,90,90,90,90,90,82,0,0],"gold":277,"neow_bonus":"THREE_ENEMY_KILL","is_daily":false,"chose_seed":false,"campfire_upgraded":2,"win_rate":0.0,"timestamp":1608158607,"path_taken":["R","M","?","E","M","M","T","R","M","E","M","M","$","?","M","BOSS","R","M","PTL","PTL","?","M","E"],"items_purchased_type":["Card"],"build_version":"2020-12-13","purchased_purges":0,"victory":false,"max_hp_per_floor":[90,90,90,90,90,90,90,90,90,90,90,90,90,90,90,90,90,90,90,90,90,90,90,90,90],"card_choices":[{"not_picked":["champ:CalledShot","champ:BerserkersShout"],"picked":"champ:DefensiveShout","floor":2.0},{"not_picked":["champ:Duel","champ:PerfectedStrike"],"picked":"champ:GutPunch","floor":4.0},{"not_picked":["champ:StanceDance","champ:EnGarde"],"picked":"champ:BladeFlurry","floor":5.0},{"not_picked":["champ:FocusedDefense","champ:GladiatorsShout"],"picked":"champ:EnGarde","floor":6.0},{"not_picked":["champ:BerserkersShout","champ:Backstep"],"picked":"champ:Duel","floor":9.0},{"not_picked":["champ:BladeFlurry","champ:CrookedStrike"],"picked":"champ:PerfectedStrike","floor":10.0},{"not_picked":["champ:AdrenalArmor","champ:CalledShot"],"picked":"champ:FocusedDefense","floor":11.0},{"not_picked":["champ:Encircle","champ:Backstep"],"picked":"champ:DeathBlow","floor":12.0},{"not_picked":["champ:FocusedBerserking","champ:FlashCut"],"picked":"champ:BringItOn","floor":13.0},{"not_picked":["champ:DefensiveShout","champ:DeathBlow"],"picked":"champ:FanOfKnives","floor":14.0},{"not_picked":["champ:FocusedDefense","champ:ViciousMockery"],"picked":"champ:Aggression","floor":15.0},{"not_picked":["champ:ShieldThrow","champ:CrownThrow"],"picked":"champ:Improvising","floor":16.0},{"not_picked":["champ:Control","champ:Encircle"],"picked":"champ:Haymaker","floor":19.0},{"not_picked":["champ:BladeFlurry","champ:Riposte"],"picked":"champ:BringItOn+1","floor":23.0}],"player_experience":234518,"relics_obtained":[{"floor":4.0,"key":"aspiration:DSix"},{"floor":7.0,"key":"The Courier"},{"floor":10.0,"key":"FossilizedHelix"},{"floor":14.0,"key":"downfall:GremlinSack"},{"floor":22.0,"key":"Blood Vial"}],"event_choices":[],"is_beta":false,"boss_relics":[{"not_picked":["aspiration:BardSkillbook","hubris:CrackedHourglass"],"picked":"beaked:SacredDeck"}],"items_purged_floors":[],"is_endless":false,"potions_floor_spawned":[9,12,14,15,19,23],"killed_by":"Elementarium:FIRE_NOBILITY","ascension_level":0}}