{"host":"i41n6wh529970c2c","time":1608078076,"event":{"mods":["Act Like it!","BaseMod","BetterRewards","Friendly Minions","Gold Saver","Hermit","Minty Spire (QoL Compilation)","Replay The Spire","Shop Mod","StSLib"],"gold_per_floor":[656,674,687,687,46,75,75,108,135,135,171,171,171,185,185,305,455,469,502,166,186,234,274,274,317,371,406,426,442,475,502,502,641,641,673,673,698,698,719,719,760,760,806,850,894,950,962,1000,1012,1030],"floor_reached":51,"playtime":6814,"items_purged":["Strike_R","Strike_R"],"score":1137,"play_id":"78ac0a52-2e2e-4eef-bdcd-2eb1b7ca9324","local_time":"20201215192116","is_ascension_mode":true,"campfire_choices":[{"data":"Fire Breathing","floor":7,"key":"SMITH"},{"data":"Limit Break","floor":24,"key":"SMITH"},{"floor":32,"key":"DIG"},{"data":"Seeing Red","floor":40,"key":"SMITH"},{"data":"Limit Break","floor":42,"key":"SMITH"},{"data":"Spot Weakness","floor":49,"key":"SMITH"}],"circlet_count":0,"master_deck":["AscendersBane","Strike_R","Strike_R","Strike_R","Defend_R","Defend_R+1","Armaments","Clothesline","Regret","ReplayTheSpireMod:Brewmster","Fire Breathing+1","Limit Break+1","Injury","Survivor+1","Neutralize","Regret","Seeing Red+1","Exhume","ReplayTheSpireMod:Muscle Training","Spot Weakness+1","ReplayTheSpireMod:Muscle Training","Heavy Blade+1","Limit Break+1","Offering","Life Link+1","Fire Breathing+1","Rupture+1","Juggernaut"],"relics":["Burning Blood","Orichalcum","Gremlin Food","Frozen Eye","Boot","Replay:Baseball","Anchor","Golden Idol","Replay:Rubber Ducky","ReplayTheSpireMod:Ring of Exchange","ReplayTheSpireMod:Ring of Addiction","Toy Ornithopter","SacredBark","Centennial Puzzle","ReplayTheSpireMod:CursedCoin","Red Mask","Strange Spoon","Dream Catcher","War Paint","Champion Belt","ReplayTheSpireMod:Spearhead","White Beast Statue","Replay:Bandana","Blood Vial","Replay:Bronze Core","King of Hearts","ReplayTheSpireMod:TigerMarble","MawBank","Potion Belt"],"acts_visited":["Exordium","TheCity","TheBeyond"],"potions_floor_usage":[6,6,6,8,8,11,14,16,16,16,16,16,18,19,19,19,19,21,21,23,23,23,23,23,23,23,25,25,25,25,27,27,27,28,28,29,29,30,31,31,33,33,33,33,33,33,35,35,37,39,41,41,41,44,44,44,45,45,45,46,46,46,46,46,46,46,46,46,48,50,50,50,50,50,50],"damage_taken":[{"damage":1,"enemies":"Cultist","floor":1,"turns":3},{"damage":7,"enemies":"Small Slimes","floor":2,"turns":4},{"damage":3,"enemies":"Jaw Worm","floor":3,"turns":5},{"damage":48,"enemies":"Gremlin Nob","floor":6,"turns":5},{"damage":24,"enemies":"3 Sentries","floor":8,"turns":4},{"damage":23,"enemies":"Lagavulin","floor":11,"turns":6},{"damage":0,"enemies":"Large Slime","floor":14,"turns":4},{"damage":10,"enemies":"Slime Boss","floor":16,"turns":8},{"damage":5,"enemies":"Chosen","floor":18,"turns":5},{"damage":48,"enemies":"Masked Bandits","floor":19,"turns":6},{"damage":11,"enemies":"Shell Parasite","floor":21,"turns":5},{"damage":39,"enemies":"Slavers","floor":23,"turns":9},{"damage":20,"enemies":"Book of Stabbing","floor":25,"turns":7},{"damage":46,"enemies":"Gremlin Leader","floor":27,"turns":6},{"damage":2,"enemies":"Chosen and Byrds","floor":28,"turns":4},{"damage":14,"enemies":"3 Cultists","floor":29,"turns":4},{"damage":15,"enemies":"Book of Stabbing","floor":30,"turns":4},{"damage":3,"enemies":"Snake Plant","floor":31,"turns":5},{"damage":10,"enemies":"Champ","floor":33,"turns":7},{"damage":10,"enemies":"Orb Walker","floor":35,"turns":5},{"damage":17,"enemies":"3 Shapes","floor":37,"turns":4},{"damage":65,"enemies":"Transient","floor":39,"turns":5},{"damage":44,"enemies":"R_Hoarder","floor":41,"turns":8},{"damage":16,"enemies":"Nemesis","floor":44,"turns":5},{"damage":30,"enemies":"Jaw Worm Horde","floor":45,"turns":4},{"damage":72,"enemies":"R_Hoarder","floor":46,"turns":11},{"damage":21,"enemies":"Spire Growth","floor":48,"turns":6},{"damage":23,"enemies":"Replay:Hell Engine","floor":50,"turns":6}],"seed_played":"4069303127988303436","potions_obtained":[{"floor":1,"key":"BloodPotion"},{"floor":3,"key":"Fire Potion"},{"floor":13,"key":"Energy Potion"},{"floor":13,"key":"ColorlessPotion"},{"floor":16,"key":"BloodPotion"},{"floor":19,"key":"BloodPotion"},{"floor":21,"key":"Elixir"},{"floor":27,"key":"ElixirPotion"},{"floor":28,"key":"Toxic Potion"},{"floor":29,"key":"EntropicBrew"},{"floor":30,"key":"LifebloodPotion"},{"floor":31,"key":"Languid Potion"},{"floor":45,"key":"Cursed Concoction"},{"floor":46,"key":"Languid Potion"},{"floor":48,"key":"SkillPotion"}],"is_trial":false,"path_per_floor":["M","M","M","?","$","E","R","E","T","?","E","?","?","M","R","B",null,"M","?","$","M","T","E","R","E","T","E","M","M","E","M","R","B",null,"M","?","M","?","M","R","E","R","T","E","M","E","?","M","R","B",null],"character_chosen":"IRONCLAD","items_purchased":["ReplayTheSpireMod:Brewmster","Gremlin Food","Fire Breathing","Frozen Eye","Strange Spoon","ReplayTheSpireMod:Muscle Training"],"campfire_rested":0,"item_purchase_floors":[5,5,5,5,20,20],"current_hp_per_floor":[77,76,79,79,79,53,53,35,35,35,18,18,18,29,22,43,71,77,80,80,80,80,70,70,76,76,80,80,77,73,80,80,80,80,80,80,74,74,22,22,79,79,79,80,61,42,42,34,34,49],"gold":1042,"neow_bonus":"RANDOM_EVENT","is_daily":false,"chose_seed":false,"campfire_upgraded":5,"win_rate":0.0,"timestamp":1608078076,"path_taken":["M","M","?","?","$","E","R","E","T","?","E","?","?","?","R","BOSS","M","?","$","M","?","E","R","E","T","E","M","M","E","M","R","BOSS","M","?","?","?","M","R","E","R","T","E","M","E","?","M","R","BOSS"],"items_purchased_type":["Card","Relic","Card","Relic","Relic","Card"],"build_version":"2020-12-13","purchased_purges":2,"victory":true,"max_hp_per_floor":[80,80,80,80,80,80,80,80,80,80,80,80,80,80,80,80,80,80,80,80,80,80,80,80,80,80,80,80,80,80,80,80,80,80,80,80,80,80,80,80,80,80,80,80,80,80,80,80,80,80],"card_choices":[{"not_picked":["ReplayTheSpireMod:Corrosion Curse","Heavy Blade"],"picked":"Armaments","floor":1},{"not_picked":["Rage","Shockwave"],"picked":"Clothesline","floor":2},{"not_picked":["Infernal Blade","Headbutt","Clothesline"],"picked":"SKIP","floor":3},{"not_picked":["Clothesline","Dark Embrace","Cleave"],"picked":"SKIP","floor":6},{"not_picked":["Fiend Fire","Intimidate"],"picked":"Limit Break","floor":8},{"not_picked":["Pommel Strike","Rage","Sever Soul"],"picked":"SKIP","floor":11},{"not_picked":["Reckless Charge","Power Through"],"picked":"Seeing Red","floor":14},{"not_picked":["Impervious","Berserk"],"picked":"Exhume","floor":16},{"not_picked":["Seeing Red","ReplayTheSpireMod:Strike From Hell","Warcry"],"picked":"SKIP","floor":18},{"not_picked":["Flex","Armaments"],"picked":"Spot Weakness","floor":21},{"not_picked":["Wild Strike","Shockwave+1"],"picked":"ReplayTheSpireMod:Muscle Training","floor":23},{"not_picked":["Brutality","Infernal Blade"],"picked":"Heavy Blade+1","floor":25},{"not_picked":["Dark Embrace","Thunderclap","Power Through"],"picked":"SKIP","floor":27},{"not_picked":["Blood for Blood","Iron Wave","Headbutt"],"picked":"SKIP","floor":28},{"not_picked":["Heavy Blade","Perfected Strike","ReplayTheSpireMod:Strike From Hell"],"picked":"SKIP","floor":29},{"not_picked":["Spot Weakness+1","Reckless Charge"],"picked":"Limit Break","floor":30},{"not_picked":["ReplayTheSpireMod:Strike From Hell","Clothesline+1","Dark Embrace"],"picked":"SKIP","floor":31},{"not_picked":["Corruption","Exhume"],"picked":"Offering","floor":33},{"not_picked":["Twin Strike+1","Dark Embrace","True Grit+1"],"picked":"SKIP","floor":35},{"not_picked":["Sword Boomerang+1","Body Slam+1","Replay:Undeath\u0027s Touch"],"picked":"SKIP","floor":37},{"not_picked":["Replay:Undeath\u0027s Touch","Spot Weakness"],"picked":"Life Link+1","floor":39},{"not_picked":["Hemokinesis+1","Sword Boomerang+1"],"picked":"Fire Breathing+1","floor":41},{"not_picked":["Heavy Blade+1","Fire Breathing+1"],"picked":"Rupture+1","floor":44},{"not_picked":["Sword Boomerang","Cleave+1","Intimidate"],"picked":"SKIP","floor":45},{"not_picked":["Clothesline+1","Havoc+1","Searing Blow"],"picked":"SKIP","floor":46},{"not_picked":["Run Through","Wild Strike"],"picked":"Juggernaut","floor":48}],"player_experience":767971,"relics_obtained":[{"floor":6,"key":"Boot"},{"floor":8,"key":"Replay:Baseball"},{"floor":9,"key":"Anchor"},{"floor":11,"key":"Replay:Rubber Ducky"},{"floor":13,"key":"ReplayTheSpireMod:Ring of Exchange"},{"floor":13,"key":"ReplayTheSpireMod:Ring of Addiction"},{"floor":13,"key":"Toy Ornithopter"},{"floor":13,"key":"SacredBark"},{"floor":19,"key":"Red Mask"},{"floor":22,"key":"Dream Catcher"},{"floor":23,"key":"War Paint"},{"floor":25,"key":"Champion Belt"},{"floor":26,"key":"ReplayTheSpireMod:Spearhead"},{"floor":27,"key":"White Beast Statue"},{"floor":30,"key":"Replay:Bandana"},{"floor":32,"key":"Blood Vial"},{"floor":41,"key":"King of Hearts"},{"floor":43,"key":"ReplayTheSpireMod:TigerMarble"},{"floor":44,"key":"MawBank"},{"floor":46,"key":"Potion Belt"}],"event_choices":[{"cards_removed":["Defend_R"],"damage_healed":0,"gold_gain":0,"player_choice":"Forget","damage_taken":0,"max_hp_gain":0,"max_hp_loss":0,"event_name":"Living Wall","floor":0,"gold_loss":0},{"damage_healed":0,"gold_gain":0,"player_choice":"Box","damage_taken":0,"relics_obtained":["Orichalcum"],"max_hp_gain":0,"max_hp_loss":0,"event_name":"Big Fish","floor":4,"gold_loss":0,"cards_obtained":["Regret"]},{"damage_healed":0,"gold_gain":0,"player_choice":"Take Wound","damage_taken":0,"relics_obtained":["Golden Idol"],"max_hp_gain":0,"max_hp_loss":0,"event_name":"Golden Idol","floor":10,"gold_loss":0,"cards_obtained":["Injury"]},{"damage_healed":0,"gold_gain":0,"player_choice":"Success","damage_taken":7,"relics_obtained":["Centennial Puzzle"],"max_hp_gain":0,"max_hp_loss":0,"event_name":"Scrap Ooze","floor":15,"gold_loss":0},{"damage_healed":0,"gold_gain":0,"player_choice":"Fought Bandits","damage_taken":0,"max_hp_gain":0,"max_hp_loss":0,"event_name":"Masked Bandits","floor":19,"gold_loss":0},{"cards_removed":["Languid"],"damage_healed":0,"gold_gain":0,"player_choice":"Purged","damage_taken":0,"max_hp_gain":0,"max_hp_loss":0,"event_name":"Purifier","floor":36,"gold_loss":0},{"damage_healed":0,"gold_gain":0,"player_choice":"Ignored","damage_taken":0,"max_hp_gain":0,"max_hp_loss":0,"event_name":"Tomb of Lord Red Mask","floor":38,"gold_loss":0},{"cards_removed":["Defend_R"],"damage_healed":0,"gold_gain":0,"player_choice":"Removed Skill","damage_taken":0,"max_hp_gain":0,"max_hp_loss":0,"event_name":"Falling","floor":47,"gold_loss":0}],"is_beta":false,"boss_relics":[{"not_picked":["DollysMirror","Ring of Chaos"],"picked":"ReplayTheSpireMod:CursedCoin"},{"not_picked":["TheAbacus","Brimstone"],"picked":"Replay:Bronze Core"}],"items_purged_floors":[5,20],"is_endless":false,"potions_floor_spawned":[1,3,14,16,19,21,27,28,29,30,31,33,35,37,39,41,44,45,46,48],"ascension_level":10}}