{"host":"1","time":1608116006,"event":{"mods":["Act Like it!","BaseMod","Better Third Choice","Hubris","Jorbs\u0027s Wanderer Trilogy","Minty Spire (QoL Compilation)","Replay The Spire","Shade Mod","StSLib","The Cursed","The Mystic","Wandering Minibosses"],"gold_per_floor":[115,125,135,135,149,175,175,206,233,250,250,267,267,296,296,401,401,415,427,18,18,33,33,33,33,110,10,35,53,67,87,87,190,190,204,222,222,425,147,177,177,207,231,231,231],"floor_reached":44,"playtime":1880,"items_purged":["Strike_G","Defend_G","Parasite"],"score":586,"play_id":"019839ef-0b36-4f32-ac0c-51f0ae955c61","local_time":"20201216135326","is_ascension_mode":true,"campfire_choices":[{"floor":7.0,"key":"REST"},{"floor":11.0,"key":"REST"},{"floor":13.0,"key":"REST"},{"data":"Strike_G","floor":15.0,"key":"PURGE"},{"floor":23.0,"key":"REST"},{"floor":25.0,"key":"REST"},{"floor":32.0,"key":"REST"},{"floor":41.0,"key":"REST"}],"circlet_count":0,"master_deck":["Strike_G","Strike_G","Defend_G","Defend_G","Defend_G","Defend_G","Survivor","Neutralize","Deadly Poison","Poison Darts","Poisoned Stab","Venomology","Slice","Backstab","Toxin Wave","Die Die Die","ReplayTheSpireMod:Tripwire","Envenom","Slice+1","Bane","Bane","Corpse Explosion","Deflect+1","ReplayTheSpireMod:Tripwire","Outmaneuver+1","TheCursedMod:Dregs","Injury","Footwork+1","Noxious Fumes"],"relics":["Ring of the Snake","Blood Vial","ReplayFunnel","Blue Doll","Pen Nib","Painkiller Herb","Ginger","ReplayTheSpireMod:Lightbulb","Replay:Ancient Bell","Happy Flower","HornCleat","hubris:MedicalManual","hubris:Towel","Medical Kit","Lantern","Nunchaku","Boot"],"acts_visited":["Exordium","TheCity","TheBeyond"],"potions_floor_usage":[44,44,44],"damage_taken":[{"damage":2.0,"enemies":"Cultist","floor":1.0,"turns":5.0},{"damage":3.0,"enemies":"Jaw Worm","floor":2.0,"turns":3.0},{"damage":9.0,"enemies":"Small Slimes","floor":3.0,"turns":4.0},{"damage":8.0,"enemies":"3 Louse","floor":5.0,"turns":3.0},{"damage":21.0,"enemies":"Lagavulin","floor":6.0,"turns":5.0},{"damage":33.0,"enemies":"Gremlin Nob","floor":8.0,"turns":4.0},{"damage":0.0,"enemies":"Red Slaver","floor":10.0,"turns":3.0},{"damage":0.0,"enemies":"Large Slime","floor":12.0,"turns":5.0},{"damage":9.0,"enemies":"Replay:BlueRogue","floor":14.0,"turns":4.0},{"damage":32.0,"enemies":"The Guardian","floor":16.0,"turns":8.0},{"damage":6.0,"enemies":"Spheric Guardian","floor":18.0,"turns":3.0},{"damage":21.0,"enemies":"Shell Parasite","floor":19.0,"turns":3.0},{"damage":30.0,"enemies":"Sentry and Sphere","floor":22.0,"turns":4.0},{"damage":15.0,"enemies":"Gremlin Leader","floor":28.0,"turns":4.0},{"damage":11.0,"enemies":"Chosen and Byrds","floor":29.0,"turns":5.0},{"damage":18.0,"enemies":"Snake Plant","floor":30.0,"turns":4.0},{"damage":1.0,"enemies":"Cultist and Chosen","floor":31.0,"turns":5.0},{"damage":34.0,"enemies":"Automaton","floor":33.0,"turns":9.0},{"damage":19.0,"enemies":"3 Darklings","floor":35.0,"turns":4.0},{"damage":2.0,"enemies":"Orb Walker","floor":36.0,"turns":4.0},{"damage":29.0,"enemies":"Nemesis","floor":40.0,"turns":6.0},{"damage":0.0,"enemies":"R_Hoarder","floor":42.0,"turns":7.0},{"damage":53,"enemies":"Writhing Mass","floor":44,"turns":4}],"seed_played":"-7802852868384355802","potions_obtained":[{"floor":0.0,"key":"Elixir"},{"floor":0.0,"key":"LifebloodPotion"},{"floor":0.0,"key":"Ancient Potion"},{"floor":1.0,"key":"Strength Potion"},{"floor":5.0,"key":"Milkshake"},{"floor":6.0,"key":"CultistPotion"},{"floor":8.0,"key":"PowerPotion"},{"floor":14.0,"key":"Weak Potion"},{"floor":18.0,"key":"Swift Potion"},{"floor":19.0,"key":"EssenceOfSteel"},{"floor":28.0,"key":"Block Potion"},{"floor":42.0,"key":"Swift Potion"}],"is_trial":false,"path_per_floor":["M","M","M","?","M","E","R","E","T","M","R","M","R","E","R","B",null,"?","?","T","?","?","T","?","T","T","T","E","?","?","?","T","B",null,"?","?","?","?","T","E","T","E","T","?"],"character_chosen":"THE_SILENT","items_purchased":["Ginger","Bane","Medical Kit"],"campfire_rested":7,"item_purchase_floors":[20,20,39],"current_hp_per_floor":[68,65,56,56,48,27,48,17,17,19,40,42,63,56,56,26,70,64,45,45,45,17,38,38,59,59,59,46,37,21,22,43,11,70,51,51,51,51,51,24,44,46,46,0,0],"gold":231,"neow_bonus":"THREE_SMALL_POTIONS","is_daily":false,"chose_seed":false,"campfire_upgraded":0,"win_rate":0.0,"timestamp":1608116006,"path_taken":["M","?","M","?","M","E","R","E","T","?","R","M","R","E","R","BOSS","?","?","T","?","?","T","?","T","T","T","E","?","?","?","T","BOSS","?","?","?","?","T","E","T","E","T","?"],"items_purchased_type":["Relic","Card","Relic"],"build_version":"2020-11-17","purchased_purges":3,"victory":false,"max_hp_per_floor":[70,70,70,70,70,70,70,70,70,70,70,70,70,70,70,70,70,70,70,70,70,70,70,70,70,70,70,70,70,70,70,70,70,70,70,70,70,70,67,67,67,67,67,67,67],"card_choices":[{"not_picked":["Sneak Up","Hidden Blade"],"picked":"Deadly Poison","floor":1.0},{"not_picked":["Quick Slash","Sneak Up"],"picked":"Poison Darts","floor":2.0},{"not_picked":["Hidden Blade","Deadly Poison"],"picked":"Poisoned Stab","floor":3.0},{"not_picked":["Infinite Blades","Underhanded Strike"],"picked":"Slice","floor":5.0},{"not_picked":["hubris:TrickCloak","Acrobatics","Choke"],"picked":"SKIP","floor":6.0},{"not_picked":["ReplayTheSpireMod:Speed Training","Heel Hook"],"picked":"Backstab","floor":8.0},{"not_picked":["Dagger Throw","hubris:Counter"],"picked":"Toxin Wave","floor":10.0},{"not_picked":["Dodge and Roll","Deadly Poison"],"picked":"Die Die Die","floor":12.0},{"not_picked":["Accuracy","All Out Attack"],"picked":"ReplayTheSpireMod:Tripwire","floor":14.0},{"not_picked":["Malaise","Wraith Form v2"],"picked":"Envenom","floor":16.0},{"not_picked":["Quick Slash","Blade Dance"],"picked":"Slice+1","floor":18.0},{"not_picked":["Heel Hook+1","Acrobatics+1","Backflip"],"picked":"SKIP","floor":19.0},{"not_picked":["Calculated Gamble","hubris:SlightOfHand","Slice"],"picked":"SKIP","floor":22.0},{"not_picked":["Venomology","hubris:SlightOfHand"],"picked":"Deflect+1","floor":28.0},{"not_picked":["ReplayTheSpireMod:Scrap Shanks","Blade Dance"],"picked":"ReplayTheSpireMod:Tripwire","floor":29.0},{"not_picked":["Hidden Blade","Fluid Movement+1"],"picked":"Outmaneuver+1","floor":30.0},{"not_picked":["Backstab","Deadly Poison","Underhanded Strike+1"],"picked":"SKIP","floor":31.0},{"not_picked":["Regret","ReplayTheSpireMod:Faulty Equipment"],"picked":"TheCursedMod:Dregs","floor":34.0},{"not_picked":["hubris:Greed","hubris:Gluttony"],"picked":"Parasite","floor":34.0},{"not_picked":["stsjorbsmod:Amnesia","ReplayTheSpireMod:Doomed"],"picked":"Injury","floor":34.0},{"not_picked":["Draining Mist+1","hubris:Counter+1","hubris:SlightOfHand"],"picked":"SKIP","floor":35.0},{"not_picked":["Hidden Blade","hubris:Sniper+1"],"picked":"Footwork+1","floor":36.0},{"not_picked":["Draining Mist","ReplayTheSpireMod:Exploit Weakness"],"picked":"Noxious Fumes","floor":38.0},{"not_picked":["Acrobatics+1","Night Terror","Bane+1"],"picked":"SKIP","floor":40.0},{"not_picked":["Choke+1","Backstab","PiercingWail"],"picked":"SKIP","floor":42.0}],"player_experience":79350,"relics_obtained":[{"floor":6.0,"key":"Blood Vial"},{"floor":8.0,"key":"ReplayFunnel"},{"floor":9.0,"key":"Blue Doll"},{"floor":14.0,"key":"Pen Nib"},{"floor":28.0,"key":"ReplayTheSpireMod:Lightbulb"},{"floor":40.0,"key":"Lantern"},{"floor":42.0,"key":"Nunchaku"},{"floor":43.0,"key":"Boot"}],"event_choices":[{"damage_healed":0.0,"max_hp_gain":0.0,"max_hp_loss":0.0,"gold_gain":0.0,"event_name":"Match and Keep!","player_choice":"1 cards matched","floor":4.0,"gold_loss":0.0,"damage_taken":0.0,"cards_obtained":["Venomology"]},{"cards_removed":["Strike_G"],"damage_healed":0.0,"max_hp_gain":0.0,"max_hp_loss":0.0,"gold_gain":0.0,"event_name":"Wheel of Change","player_choice":"Card Removal","floor":24.0,"gold_loss":0.0,"damage_taken":0.0}],"is_beta":true,"boss_relics":[{"not_picked":["Black Star","SlaversCollar"],"picked":"Painkiller Herb"},{"not_picked":["ChewingGum","Coffee Dripper"],"picked":"Replay:Ancient Bell"},{"not_picked":["hubris:TenFootPole","Regal Pillow"],"picked":"Happy Flower"},{"not_picked":["Mirror","ReplayTheSpireMod:Ninjato"],"picked":"HornCleat"},{"not_picked":["hubris:BundleOfHerbs","Replay:PocketPolymizer"],"picked":"hubris:MedicalManual"}],"items_purged_floors":[20,27,39],"is_endless":false,"potions_floor_spawned":[1,5,6,8,14,18,19,28,29,42],"killed_by":"Writhing Mass","ascension_level":2}}