{"host":"6xsbn6ynqlzwllfm","time":1608114089,"event":{"mods":["2.2 Compatiblity","BaseMod","Bestiary","Colored Map","Colored Powertips","Downfall","Googly Eyes","Highlight Path","Minty Spire (QoL Compilation)","Relic Stats","Slay the Relics Exporter","StSLib"],"gold_per_floor":[114,125,140,140,201,201,228,228,228,258,258,286,286,511,511,613,613,632,682,831,841,891,926,926,1003,1026,1026,1037,1087,577,627,627,722,722,734,784,794,844,413,413,443,443,494,494,494],"floor_reached":44,"playtime":1818,"items_purged":["Guardian:Strike_Guardian","Guardian:Strike_Guardian"],"score":704,"play_id":"a9c59fc0-3746-42ff-885e-a2672ea72585","local_time":"20201216052129","is_ascension_mode":true,"campfire_choices":[{"data":"Guardian:TwinSlam","floor":6,"key":"SMITH"},{"data":"Guardian:FloatingOrbs","floor":8,"key":"SMITH"},{"data":"Guardian:SpikerProtocol","floor":11,"key":"SMITH"},{"data":"Guardian:Planning","floor":13,"key":"SMITH"},{"data":"Guardian:CurlUp","floor":15,"key":"SMITH"},{"floor":24,"key":"REST"},{"data":"Guardian:PolyBeam","floor":27,"key":"SMITH"},{"data":"Flash of Steel","floor":32,"key":"SMITH"},{"data":"Guardian:Orbwalk","floor":40,"key":"SMITH"},{"floor":42,"key":"REST"}],"circlet_count":0,"master_deck":["Guardian:Strike_Guardian","Guardian:Strike_Guardian","Guardian:Defend_Guardian","Guardian:Defend_Guardian","Guardian:Defend_Guardian","Guardian:Defend_Guardian","Guardian:CurlUp+1","Guardian:TwinSlam+1","Guardian:ShieldCharger","Guardian:Reroute","Guardian:BronzeOrb","Guardian:FloatingOrbs+1","Guardian:SpikerProtocol+1","Guardian:Planning+1","Doubt","Writhe","Guardian:PolyBeam+1","Guardian:FloatingOrbs","Flash of Steel+1","Guardian:VentSteam+1","Madness","Madness","Guardian:Orbwalk+1","Decay"],"relics":["Guardian:ModeShifter","SsserpentHead","Ancient Tea Set","Ornamental Fan","Pocketwatch","CaptainsWheel","Guardian:StasisSlotReductionRelic","Vajra","Blue Candle","MealTicket","Juzu Bracelet","Sling","Bag of Marbles","Ginger","Cursed Key","Shuriken","Boot"],"acts_visited":["Exordium","TheCity","TheBeyond"],"potions_floor_usage":[10,12,16,16,23,33],"damage_taken":[{"damage":7,"enemies":"2 Louse","floor":1,"turns":3},{"damage":1,"enemies":"Cultist","floor":2,"turns":4},{"damage":2,"enemies":"Jaw Worm","floor":3,"turns":5},{"damage":15,"enemies":"Large Slime","floor":5,"turns":6},{"damage":18,"enemies":"3 Sentries","floor":7,"turns":10},{"damage":3,"enemies":"Lagavulin","floor":10,"turns":12},{"damage":6,"enemies":"Gremlin Nob","floor":12,"turns":3},{"damage":20,"enemies":"The Guardian","floor":16,"turns":13},{"damage":13,"enemies":"3 Byrds","floor":18,"turns":4},{"damage":0,"enemies":"Shell Parasite","floor":21,"turns":4},{"damage":19,"enemies":"Slavers","floor":23,"turns":5},{"damage":5,"enemies":"Snecko","floor":28,"turns":5},{"damage":12,"enemies":"Champ","floor":33,"turns":8},{"damage":20,"enemies":"3 Darklings","floor":35,"turns":5},{"damage":1,"enemies":"Orb Walker","floor":37,"turns":4},{"damage":22,"enemies":"Giant Head","floor":41,"turns":7},{"damage":89,"enemies":"Reptomancer","floor":44,"turns":2}],"seed_played":"-1906071797012495400","potions_obtained":[{"floor":1,"key":"PowerPotion"},{"floor":5,"key":"SneckoOil"},{"floor":10,"key":"AttackPotion"},{"floor":12,"key":"AttackPotion"},{"floor":16,"key":"Explosive Potion"},{"floor":28,"key":"Energy Potion"},{"floor":35,"key":"Ancient Potion"}],"is_trial":false,"path_per_floor":["M","M","M","?","M","R","E","R","T","E","R","E","R","?","R","B",null,"M","?","?","M","?","E","R","T","T","R","M","?","$","T","R","B",null,"M","?","M","?","$","R","E","R","T","E"],"character_chosen":"GUARDIAN","items_purchased":["Sling","Bag of Marbles","Flash of Steel","SteroidPotion","Shuriken","Guardian:Orbwalk"],"campfire_rested":2,"item_purchase_floors":[30,30,30,30,39,39],"current_hp_per_floor":[73,72,70,70,55,55,37,37,37,34,34,28,28,28,28,8,68,55,55,55,55,38,19,46,46,46,46,41,35,50,50,50,38,79,59,59,58,46,61,61,39,66,66,0,0],"gold":494,"neow_bonus":"TEN_PERCENT_HP_BONUS","is_daily":false,"chose_seed":false,"campfire_upgraded":8,"win_rate":0.0,"timestamp":1608114089,"path_taken":["M","M","M","?","?","R","E","R","T","E","R","E","R","?","R","BOSS","M","?","?","M","?","E","R","?","T","R","M","?","$","?","R","BOSS","M","?","M","?","$","R","E","R","T","E"],"items_purchased_type":["Relic","Relic","Card","Potion","Relic","Card"],"build_version":"2020-12-13","purchased_purges":2,"victory":false,"max_hp_per_floor":[88,88,88,88,88,88,88,88,88,88,88,88,88,88,88,88,88,88,88,88,88,93,93,93,93,93,93,93,93,93,93,93,93,93,93,93,93,93,93,93,93,93,93,93,93],"relic_stats":{"SsserpentHead":500,"counters":[17,100],"Ornamental Fan":[160],"Shuriken":[4],"Blue Candle":[12],"MealTicket":30,"Juzu Bracelet":1,"Ginger":[4],"Cursed Key":1,"Boot":[0],"obtain_stats":[{"Guardian:StasisSlotReductionRelic":17,"Blue Candle":23,"Guardian:ModeShifter":0,"Vajra":19,"Juzu Bracelet":26,"Ginger":31,"Ancient Tea Set":7,"Sling":30,"Cursed Key":34,"Boot":41,"SsserpentHead":4,"CaptainsWheel":12,"Ornamental Fan":9,"Shuriken":39,"MealTicket":25,"Bag of Marbles":30,"Pocketwatch":10},{"Guardian:StasisSlotReductionRelic":8,"Blue Candle":11,"Guardian:ModeShifter":0,"Vajra":9,"Juzu Bracelet":11,"Ginger":12,"Ancient Tea Set":5,"Sling":12,"Cursed Key":13,"Boot":16,"SsserpentHead":3,"CaptainsWheel":7,"Ornamental Fan":5,"Shuriken":15,"MealTicket":11,"Bag of Marbles":12,"Pocketwatch":6},{"Guardian:StasisSlotReductionRelic":56,"Blue Candle":69,"Guardian:ModeShifter":0,"Vajra":60,"Juzu Bracelet":69,"Ginger":74,"Ancient Tea Set":28,"Sling":74,"Cursed Key":82,"Boot":98,"SsserpentHead":12,"CaptainsWheel":43,"Ornamental Fan":28,"Shuriken":91,"MealTicket":69,"Bag of Marbles":74,"Pocketwatch":40}],"Pocketwatch":[11]},"card_choices":[{"not_picked":["Guardian:ChargeCore","Guardian:Gem_Lightblue"],"picked":"Guardian:ShieldCharger","floor":1},{"not_picked":["Guardian:Repulse","Guardian:Gem_Yellow"],"picked":"Guardian:Gem_Red","floor":2},{"not_picked":["Guardian:HyperBeam_Guardian","Guardian:TemporalShield"],"picked":"Guardian:Reroute","floor":3},{"not_picked":["Guardian:Preprogram","Guardian:Gem_Green"],"picked":"Guardian:BronzeOrb","floor":5},{"not_picked":["Guardian:Gem_Green","Guardian:FastForward"],"picked":"Guardian:FloatingOrbs","floor":7},{"not_picked":["Guardian:Gem_Yellow","Guardian:PrismaticBeam"],"picked":"Guardian:SpikerProtocol","floor":10},{"not_picked":["Guardian:PrismaticBarrier","Guardian:Gem_Yellow"],"picked":"Guardian:Planning","floor":12},{"not_picked":["Guardian:CompilePackage","Guardian:GemFinder"],"picked":"Guardian:Gem_Synthetic","floor":16},{"not_picked":["Guardian:Suspension","Guardian:Gem_Green"],"picked":"Guardian:Gem_Yellow","floor":18},{"not_picked":["Guardian:Incinerate","Guardian:ChargeCore"],"picked":"Guardian:PolyBeam","floor":21},{"not_picked":["Guardian:MultiBeam","Guardian:PrismaticBarrier"],"picked":"Guardian:Gem_Blue","floor":23},{"not_picked":["Guardian:Repulse","Guardian:Recover"],"picked":"Guardian:FloatingOrbs","floor":28},{"not_picked":["Guardian:TimeSifter","Guardian:FierceBash"],"picked":"Guardian:Gem_Synthetic","floor":33},{"not_picked":["Guardian:PolyBeam","Guardian:EvasiveProtocol","Guardian:SentryBeam"],"picked":"SKIP","floor":35},{"not_picked":["Guardian:Incinerate","Guardian:RollAttack+1"],"picked":"Guardian:VentSteam+1","floor":37},{"not_picked":["Guardian:PolyBeam+1","Guardian:CrystalBeam"],"picked":"Guardian:Gem_Crimson","floor":41}],"player_experience":1200074,"relics_obtained":[{"floor":7,"key":"Ancient Tea Set"},{"floor":9,"key":"Ornamental Fan"},{"floor":10,"key":"Pocketwatch"},{"floor":12,"key":"CaptainsWheel"},{"floor":23,"key":"Blue Candle"},{"floor":25,"key":"MealTicket"},{"floor":26,"key":"Juzu Bracelet"},{"floor":31,"key":"Ginger"},{"floor":41,"key":"Boot"}],"event_choices":[{"damage_healed":0,"gold_gain":0,"player_choice":"Trade","damage_taken":0,"relics_obtained":["SsserpentHead"],"max_hp_gain":0,"max_hp_loss":0,"event_name":"FaceTrader","floor":4,"gold_loss":0},{"damage_healed":0,"gold_gain":175,"player_choice":"AGREE","damage_taken":0,"max_hp_gain":0,"max_hp_loss":0,"event_name":"Liars Game","floor":14,"gold_loss":0,"cards_obtained":["Doubt"]},{"damage_healed":0,"gold_gain":0,"player_choice":"Opened","damage_taken":0,"relics_obtained":["Vajra"],"max_hp_gain":0,"max_hp_loss":0,"event_name":"The Mausoleum","floor":19,"gold_loss":0,"cards_obtained":["Writhe"]},{"damage_healed":0,"gold_gain":99,"player_choice":"Stole From Cult","damage_taken":0,"max_hp_gain":0,"max_hp_loss":0,"event_name":"Nest","floor":20,"gold_loss":0},{"damage_healed":0,"gold_gain":0,"player_choice":"Shed Blood","damage_taken":22,"max_hp_gain":5,"max_hp_loss":0,"event_name":"Forgotten Altar","floor":22,"gold_loss":0},{"damage_healed":0,"gold_gain":0,"player_choice":"","damage_taken":6,"max_hp_gain":0,"max_hp_loss":0,"event_name":"Knowing Skull","floor":29,"potions_obtained":[],"gold_loss":0,"cards_obtained":[]},{"damage_healed":0,"gold_gain":0,"player_choice":"Ignored","damage_taken":0,"max_hp_gain":0,"max_hp_loss":0,"event_name":"Tomb of Lord Red Mask","floor":36,"gold_loss":0},{"damage_healed":0,"gold_gain":0,"player_choice":"Embrace Madness","damage_taken":12,"max_hp_gain":0,"max_hp_loss":0,"event_name":"Winding Halls","floor":38,"gold_loss":0,"cards_obtained":["Madness","Madness"]}],"is_beta":false,"boss_relics":[{"not_picked":["Tiny House","Pandora\u0027s Box"],"picked":"Guardian:StasisSlotReductionRelic"},{"not_picked":["Coffee Dripper","Empty Cage"],"picked":"Cursed Key"}],"items_purged_floors":[30,39],"is_endless":false,"potions_floor_spawned":[1,5,10,12,16,28,35],"killed_by":"Reptomancer","ascension_level":9}}