{"host":"0jile2yd1dg679g0","time":1608088734,"event":{"mods":["AchievementEnabler","BaseMod","Better Third Choice","Colored Map","Colored Powertips","Minty Spire (QoL Compilation)","Prisma Mod","Random Character Button","Spicy Shops","StSLib","Transform Curses","Waifu the Spire","WarShipGirlsR/????R mod"],"gold_per_floor":[361,381,401,452,61,61,92,92,92,127,127,147,23,23,23,119,119,133,143,155,155,171,171,0,0,27,27,127,138,53,70,70,168,168,182,198,108,9,26,26,63,73,96,0,0,0,11,11,11,11],"floor_reached":51,"playtime":4781,"items_purged":["Defend_P"],"score":693,"play_id":"32a90136-87ac-44e9-b80f-cb97aad2b4dc","local_time":"20201215221854","is_ascension_mode":true,"campfire_choices":[{"data":"Eruption","floor":6.0,"key":"SMITH"},{"floor":8.0,"key":"REST"},{"floor":15.0,"key":"REST"},{"data":"Scrawl","floor":23.0,"key":"SMITH"},{"data":"Ragnarok","floor":25,"key":"SMITH"},{"data":"Crescendo","floor":27,"key":"SMITH"},{"floor":32,"key":"REST"},{"floor":40,"key":"RECALL"},{"floor":46,"key":"REST"},{"floor":49,"key":"REST"}],"circlet_count":0,"master_deck":["Strike_P","Strike_P","Strike_P","Strike_P","Defend_P","Defend_P+1","Defend_P","Eruption+1","Vigilance","Halt","Conclude","Crescendo+1","DeusExMachina+1","FlurryOfBlows","Scrawl+1","Ragnarok+1","Perseverance","SashWhip+1","SashWhip+1","Tantrum+1","SandsOfTime","DeceiveReality","Fasting2+1","Wish","BattleHymn+1","Protect","EmptyBody","Study+1","Parasite","Establishment+1","Doubt","JustLucky"],"relics":["PureWater","Kunai","PreservedInsect","Blue Candle","Frozen Egg 2","Mummified Hand","Mercury Hourglass","Eternal Feather","Cursed Key","Juzu Bracelet","Mango","Darkstone Periapt","Orichalcum","Fusion Hammer","Centennial Puzzle","Red Mask"],"acts_visited":["Exordium","TheCity","TheBeyond"],"potions_floor_usage":[28,29,31,39,47,47,47],"damage_taken":[{"damage":0.0,"enemies":"Jaw Worm","floor":1.0,"turns":2.0},{"damage":0.0,"enemies":"2 Louse","floor":2.0,"turns":4.0},{"damage":0.0,"enemies":"Cultist","floor":3.0,"turns":4.0},{"damage":48.0,"enemies":"Gremlin Nob","floor":7.0,"turns":4.0},{"damage":9.0,"enemies":"Lagavulin","floor":10.0,"turns":4.0},{"damage":6.0,"enemies":"Red Slaver","floor":12.0,"turns":2.0},{"damage":40.0,"enemies":"Hexaghost","floor":16.0,"turns":9.0},{"damage":0.0,"enemies":"Shell Parasite","floor":18.0,"turns":1.0},{"damage":11.0,"enemies":"3 Byrds","floor":19.0,"turns":4.0},{"damage":0.0,"enemies":"3 Cultists","floor":20.0,"turns":2.0},{"damage":2.0,"enemies":"Cultist and Chosen","floor":22.0,"turns":4.0},{"damage":17,"enemies":"Colosseum Slavers","floor":28,"turns":3},{"damage":6,"enemies":"Colosseum Nobs","floor":28,"turns":2},{"damage":14,"enemies":"Snecko","floor":29,"turns":4},{"damage":15,"enemies":"Sentry and Sphere","floor":31,"turns":3},{"damage":40,"enemies":"Champ","floor":33,"turns":5},{"damage":6,"enemies":"Orb Walker","floor":35,"turns":3},{"damage":1,"enemies":"3 Darklings","floor":36,"turns":3},{"damage":11,"enemies":"Jaw Worm Horde","floor":39,"turns":4},{"damage":1,"enemies":"Transient","floor":41,"turns":5},{"damage":7,"enemies":"Writhing Mass","floor":42,"turns":4},{"damage":22,"enemies":"4 Shapes","floor":47,"turns":2},{"damage":73,"enemies":"Donu and Deca","floor":50,"turns":6}],"seed_played":"-6763510943046447374","potions_obtained":[{"floor":2.0,"key":"EssenceOfSteel"},{"floor":7.0,"key":"AttackPotion"},{"floor":19.0,"key":"GamblersBrew"},{"floor":20.0,"key":"EssenceOfSteel"},{"floor":22.0,"key":"DistilledChaos"},{"floor":29,"key":"Block Potion"},{"floor":33,"key":"Explosive Potion"},{"floor":35,"key":"PowerPotion"},{"floor":39,"key":"DistilledChaos"},{"floor":42,"key":"Swift Potion"}],"is_trial":false,"path_per_floor":["M","M","M","?","$","R","E","R","T","E","?","M","$","T","R","B",null,"M","M","M","?","M","R","?","R","T","R","?","M","?","M","R","B",null,"M","M","?","$","M","R","M","M","T","?","?","R","M","?","R","B",null],"character_chosen":"WATCHER","items_purchased":["Kunai","PreservedInsect","Mercury Hourglass","EmptyBody"],"campfire_rested":5,"item_purchase_floors":[5,5,13,38],"current_hp_per_floor":[65,65,65,65,65,65,17,36,36,27,27,21,21,21,49,9,65,65,54,54,54,52,64,64,65,65,65,56,42,42,27,65,25,79,73,72,72,72,61,76,75,74,80,80,80,91,69,69,91,18],"gold":11,"neow_bonus":"TWO_FIFTY_GOLD","is_daily":false,"chose_seed":false,"campfire_upgraded":4,"win_rate":0.0,"timestamp":1608088734,"path_taken":["M","M","M","?","$","R","E","R","T","E","?","?","?","?","R","BOSS","M","M","M","?","M","R","?","R","T","R","?","M","?","M","R","BOSS","M","M","?","$","M","R","M","M","T","?","?","R","M","?","R","BOSS"],"items_purchased_type":["Relic","Relic","Relic","Card"],"build_version":"2020-12-13","purchased_purges":1,"victory":true,"max_hp_per_floor":[65,65,65,65,65,65,65,65,65,65,65,65,65,65,65,65,65,65,65,65,65,65,65,65,65,65,65,79,79,79,79,79,79,79,79,79,79,79,79,79,79,85,91,91,91,91,91,91,91,91],"card_choices":[{"not_picked":["EmptyFist","JustLucky"],"picked":"Halt","floor":1.0},{"not_picked":["FollowUp","SignatureMove"],"picked":"Conclude","floor":2.0},{"not_picked":["Worship","SashWhip"],"picked":"Crescendo","floor":3.0},{"not_picked":["ForeignInfluence","BowlingBash"],"picked":"DeusExMachina","floor":7.0},{"not_picked":["Crescendo","Halt"],"picked":"FlurryOfBlows","floor":10.0},{"not_picked":["Protect","FollowUp"],"picked":"Scrawl","floor":12.0},{"not_picked":["Judgement","Scrawl"],"picked":"Ragnarok","floor":16.0},{"not_picked":["FlyingSleeves","Prostrate"],"picked":"Perseverance","floor":18.0},{"not_picked":["ThirdEye+1","Protect"],"picked":"SashWhip+1","floor":19.0},{"not_picked":["CarveReality","WheelKick"],"picked":"SashWhip+1","floor":20.0},{"not_picked":["JustLucky","SashWhip"],"picked":"Tantrum+1","floor":22.0},{"not_picked":["MentalFortress+1","ClearTheMind"],"picked":"SandsOfTime","floor":28},{"not_picked":["MentalFortress+1","EmptyBody"],"picked":"DeceiveReality","floor":29},{"not_picked":["JustLucky+1","Consecrate+1"],"picked":"Fasting2+1","floor":31},{"not_picked":["Alpha","Judgement"],"picked":"Wish","floor":33},{"not_picked":["Consecrate+1","ClearTheMind"],"picked":"BattleHymn+1","floor":35},{"not_picked":["Crescendo+1","Tantrum"],"picked":"Protect","floor":36},{"not_picked":["Protect","Crescendo","ThirdEye"],"picked":"SKIP","floor":39},{"not_picked":["Evaluate","WheelKick"],"picked":"Study+1","floor":41},{"not_picked":["PathToVictory+1","InnerPeace"],"picked":"Establishment+1","floor":42},{"not_picked":["SashWhip","WheelKick"],"picked":"JustLucky","floor":47}],"player_experience":182158,"relics_obtained":[{"floor":7.0,"key":"Blue Candle"},{"floor":9.0,"key":"Frozen Egg 2"},{"floor":10.0,"key":"Mummified Hand"},{"floor":14.0,"key":"Eternal Feather"},{"floor":26,"key":"Juzu Bracelet"},{"floor":28,"key":"Mango"},{"floor":28,"key":"Darkstone Periapt"},{"floor":43,"key":"Centennial Puzzle"}],"event_choices":[{"damage_healed":0.0,"max_hp_gain":0.0,"max_hp_loss":0.0,"gold_gain":51.0,"event_name":"Golden Wing","player_choice":"Gained Gold","floor":4.0,"gold_loss":0.0,"damage_taken":0.0},{"damage_healed":0.0,"max_hp_gain":0.0,"max_hp_loss":0.0,"gold_gain":0.0,"event_name":"Upgrade Shrine","player_choice":"Upgraded","floor":11.0,"gold_loss":0.0,"damage_taken":0.0,"cards_upgraded":["DeusExMachina"]},{"damage_healed":0.0,"max_hp_gain":0.0,"max_hp_loss":0.0,"gold_gain":0.0,"event_name":"The Library","player_choice":"Read","floor":21.0,"gold_loss":0.0,"damage_taken":0.0,"cards_obtained":["Blasphemy"]},{"damage_healed":0,"gold_gain":0,"player_choice":"Paid Fearfully","damage_taken":0,"max_hp_gain":0,"max_hp_loss":0,"event_name":"Masked Bandits","floor":24,"gold_loss":171},{"damage_healed":0,"gold_gain":0,"player_choice":"Fight","damage_taken":0,"max_hp_gain":0,"max_hp_loss":0,"event_name":"Colosseum","floor":28,"gold_loss":0},{"damage_healed":0,"gold_gain":0,"player_choice":"Fought Nobs","damage_taken":0,"max_hp_gain":0,"max_hp_loss":0,"event_name":"Colosseum","floor":28,"gold_loss":0},{"damage_healed":0,"gold_gain":0,"player_choice":"Obtained Relic","damage_taken":0,"relics_obtained":["Orichalcum"],"max_hp_gain":0,"max_hp_loss":0,"event_name":"Addict","floor":30,"gold_loss":85},{"cards_removed":["Pain"],"damage_healed":0,"gold_gain":0,"player_choice":"Upgrade and Remove","damage_taken":0,"max_hp_gain":0,"max_hp_loss":0,"event_name":"Designer","floor":37,"gold_loss":90,"cards_upgraded":["Defend_P"]},{"damage_healed":0,"gold_gain":0,"player_choice":"Paid","damage_taken":0,"relics_obtained":["Red Mask"],"max_hp_gain":0,"max_hp_loss":0,"event_name":"Tomb of Lord Red Mask","floor":44,"gold_loss":96},{"cards_removed":["Blasphemy"],"damage_healed":0,"gold_gain":0,"player_choice":"Removed Skill","damage_taken":0,"max_hp_gain":0,"max_hp_loss":0,"event_name":"Falling","floor":45,"gold_loss":0},{"damage_healed":0,"gold_gain":0,"player_choice":"Ignored","damage_taken":0,"max_hp_gain":0,"max_hp_loss":0,"event_name":"Mysterious Sphere","floor":48,"gold_loss":0}],"is_beta":false,"boss_relics":[{"not_picked":["Coffee Dripper","Tiny House"],"picked":"Cursed Key"},{"not_picked":["VioletLotus","Empty Cage"],"picked":"Fusion Hammer"}],"items_purged_floors":[38],"is_endless":false,"potions_floor_spawned":[2,7,19,20,22,29,33,35,39,42],"ascension_level":2}}