{"host":"6xsbn6ynqlzwllfm","time":1608119594,"event":{"mods":["2.2 Compatiblity","BaseMod","Bestiary","Colored Map","Colored Powertips","Downfall","Googly Eyes","Highlight Path","Minty Spire (QoL Compilation)","Relic Stats","Slay the Relics Exporter","StSLib"],"gold_per_floor":[110,120,136,44,5,37,47,67,67,97,122,122,137,155,155,250,250,263,40,40,40,58,88,108,108,134,134,151,179,179,192,192,288,288,303,303,253,51,62,62,91,41,68,68,68,103,121,136,136,136],"floor_reached":51,"playtime":2214,"items_purged":["Guardian:Strike_Guardian","Guardian:ChargeCore","Guardian:Strike_Guardian+1","Guardian:Strike_Guardian+1"],"score":1161,"play_id":"9bd36f36-4c2c-428b-bcbe-3eee5776a192","local_time":"20201216065314","is_ascension_mode":true,"campfire_choices":[{"data":"Guardian:DonusPower","floor":12.0,"key":"SMITH"},{"data":"Guardian:PolyBeam","floor":15.0,"key":"SMITH"},{"data":"Guardian:ExploitGems","floor":25,"key":"SMITH"},{"data":"Guardian:PiercingHide","floor":27,"key":"SMITH"},{"data":"Guardian:ChargeUp","floor":30,"key":"SMITH"},{"data":"Guardian:ChargeUp","floor":32,"key":"SMITH"},{"data":"Guardian:StasisField","floor":40,"key":"SMITH"},{"floor":44,"key":"REST"},{"data":"Guardian:Repulse","floor":49,"key":"SMITH"}],"circlet_count":0,"master_deck":["Guardian:Defend_Guardian+1","Guardian:Defend_Guardian+1","Guardian:Defend_Guardian+1","Guardian:Defend_Guardian+1","Guardian:CurlUp","Guardian:TwinSlam","Guardian:ChargeUp+1","Guardian:ChargeUp+1","Guardian:PrimingBeam","Guardian:PolyBeam+1","Guardian:PrimingBeam","Guardian:DonusPower+1","Guardian:Harden+1","Guardian:TimeCapacitor","Guardian:ExploitGems+1","Guardian:PiercingHide+1","Guardian:Repulse+1","Guardian:Recover+1","Guardian:Clone+1","Guardian:StasisField+1","Guardian:Aged","Slimebound:Icky","Guardian:Reroute+1"],"relics":["Guardian:ModeShifter","Bag of Preparation","War Paint","Singing Bowl","Darkstone Periapt","Odd Mushroom","Cursed Key","PreservedInsect","Smiling Mask","Anchor","Bronze Scales","Black Star","Juzu Bracelet","Meat on the Bone","Eternal Feather","Dream Catcher","Happy Flower"],"acts_visited":["Exordium","TheCity","TheBeyond"],"potions_floor_usage":[29,31,33,33,47],"damage_taken":[{"damage":1.0,"enemies":"Cultist","floor":1.0,"turns":4.0},{"damage":0.0,"enemies":"Small Slimes","floor":2.0,"turns":3.0},{"damage":0.0,"enemies":"2 Louse","floor":3.0,"turns":2.0},{"damage":6.0,"enemies":"Lagavulin","floor":6.0,"turns":4.0},{"damage":0.0,"enemies":"Looter","floor":7.0,"turns":3.0},{"damage":1.0,"enemies":"2 Fungi Beasts","floor":8.0,"turns":4.0},{"damage":10.0,"enemies":"3 Sentries","floor":10.0,"turns":6.0},{"damage":6.0,"enemies":"The Mushroom Lair","floor":11.0,"turns":5.0},{"damage":9.0,"enemies":"Exordium Thugs","floor":13.0,"turns":4.0},{"damage":5.0,"enemies":"Blue Slaver","floor":14.0,"turns":4.0},{"damage":19.0,"enemies":"Slime Boss","floor":16.0,"turns":5.0},{"damage":1.0,"enemies":"Spheric Guardian","floor":18.0,"turns":4.0},{"damage":0,"enemies":"Shell Parasite","floor":22,"turns":2},{"damage":10,"enemies":"Book of Stabbing","floor":23,"turns":4},{"damage":4,"enemies":"Centurion and Healer","floor":24,"turns":5},{"damage":0,"enemies":"Cultist and Chosen","floor":28,"turns":4},{"damage":0,"enemies":"Slavers","floor":29,"turns":4},{"damage":0,"enemies":"Snecko","floor":31,"turns":4},{"damage":28,"enemies":"Collector","floor":33,"turns":9},{"damage":11,"enemies":"Orb Walker","floor":35,"turns":5},{"damage":10,"enemies":"3 Shapes","floor":39,"turns":3},{"damage":8,"enemies":"Giant Head","floor":41,"turns":7},{"damage":4,"enemies":"Nemesis","floor":46,"turns":7},{"damage":19,"enemies":"Sphere and 2 Shapes","floor":47,"turns":5},{"damage":0,"enemies":"Jaw Worm Horde","floor":48,"turns":4},{"damage":14,"enemies":"Donu and Deca","floor":50,"turns":9}],"seed_played":"7014259652848338053","potions_obtained":[{"floor":2.0,"key":"Explosive Potion"},{"floor":3.0,"key":"Strength Potion"},{"floor":11.0,"key":"BlessingOfTheForge"},{"floor":13.0,"key":"Swift Potion"},{"floor":18.0,"key":"hexamod:EctoCoolerPotion"},{"floor":23,"key":"SpeedPotion"},{"floor":24,"key":"Block Potion"},{"floor":31,"key":"PowerPotion"},{"floor":39,"key":"SkillPotion"},{"floor":46,"key":"EssenceOfSteel"}],"is_trial":false,"path_per_floor":["M","M","M","$","$","E","M","M","T","E","?","R","M","M","R","B",null,"M","$","?","?","M","E","M","R","T","R","M","E","R","M","R","B",null,"M","?","$","$","M","R","E","$","T","R","T","E","M","M","R","B",null],"character_chosen":"GUARDIAN","items_purchased":["Guardian:PolyBeam","Guardian:PrimingBeam","Guardian:DonusPower","PreservedInsect","Guardian:StasisField"],"campfire_rested":1,"item_purchase_floors":[4,4,5,19,38],"current_hp_per_floor":[71,71,71,71,71,65,65,64,64,54,48,48,39,34,34,15,64,63,63,63,63,63,55,53,53,59,59,61,63,63,63,63,35,79,68,68,68,68,58,58,52,52,58,88,94,90,71,73,85,71],"gold":136,"neow_bonus":"RANDOM_COMMON_RELIC","is_daily":false,"chose_seed":false,"campfire_upgraded":8,"win_rate":0.0,"timestamp":1608119594,"path_taken":["M","M","M","?","$","E","M","?","T","E","?","R","M","M","R","BOSS","M","$","?","?","M","E","M","R","T","R","M","E","R","M","R","BOSS","M","?","?","$","M","R","E","$","T","R","?","E","M","M","R","BOSS"],"items_purchased_type":["Card","Card","Card","Relic","Card"],"build_version":"2020-12-13","purchased_purges":4,"victory":true,"max_hp_per_floor":[80,80,80,80,80,80,80,80,80,80,80,80,80,80,80,80,80,80,80,80,80,80,82,84,84,90,90,92,94,94,94,94,94,94,94,94,94,94,94,94,96,96,102,102,108,108,108,110,110,110],"relic_stats":{"Darkstone Periapt":18,"Singing Bowl":12,"Happy Flower":[6],"counters":[26,120],"Eternal Feather":12,"PreservedInsect":263,"Bag of Preparation":[52],"Juzu Bracelet":0,"War Paint":["Guardian:Harden","Guardian:Defend_Guardian"],"Cursed Key":3,"Smiling Mask":225,"Dream Catcher":0,"Bronze Scales":[142],"Black Star":2,"obtain_stats":[{"Darkstone Periapt":10,"Singing Bowl":9,"Happy Flower":46,"Guardian:ModeShifter":0,"Eternal Feather":45,"PreservedInsect":19,"Bag of Preparation":0,"Juzu Bracelet":41,"War Paint":6,"Odd Mushroom":11,"Cursed Key":17,"Smiling Mask":23,"Anchor":26,"Dream Catcher":46,"Bronze Scales":29,"Black Star":34,"Meat on the Bone":41},{"Darkstone Periapt":7,"Singing Bowl":6,"Happy Flower":23,"Guardian:ModeShifter":0,"Eternal Feather":22,"PreservedInsect":12,"Bag of Preparation":0,"Juzu Bracelet":22,"War Paint":4,"Odd Mushroom":8,"Cursed Key":11,"Smiling Mask":14,"Anchor":15,"Dream Catcher":23,"Bronze Scales":17,"Black Star":19,"Meat on the Bone":22},{"Darkstone Periapt":26,"Singing Bowl":20,"Happy Flower":102,"Guardian:ModeShifter":0,"Eternal Feather":95,"PreservedInsect":48,"Bag of Preparation":0,"Juzu Bracelet":95,"War Paint":13,"Odd Mushroom":31,"Cursed Key":44,"Smiling Mask":54,"Anchor":59,"Dream Catcher":102,"Bronze Scales":67,"Black Star":80,"Meat on the Bone":95}],"Meat on the Bone":0},"card_choices":[{"not_picked":["Guardian:TemporalShield","Guardian:Planning"],"picked":"Guardian:ChargeUp","floor":1.0},{"not_picked":["Guardian:PrismaticBeam","Guardian:Reroute"],"picked":"Guardian:ChargeUp","floor":2.0},{"not_picked":["Guardian:TemporalStrike","Guardian:SentryBeam"],"picked":"Guardian:PrimingBeam","floor":3.0},{"not_picked":["Guardian:WalkerClaw","Guardian:Gem_Blue"],"picked":"Guardian:Harden","floor":6.0},{"not_picked":["Guardian:CrystalBeam","Guardian:EvasiveProtocol"],"picked":"Guardian:TimeCapacitor","floor":7.0},{"not_picked":["Guardian:Gem_Lightblue","Guardian:CrystalBeam"],"picked":"Guardian:ChargeCore","floor":8.0},{"not_picked":["Guardian:TemporalStrike","Guardian:ChargeCore"],"picked":"Guardian:ExploitGems","floor":10.0},{"not_picked":["Guardian:WalkerClaw","Guardian:TemporalShield"],"picked":"Guardian:PiercingHide","floor":11.0},{"not_picked":["Guardian:Incinerate","Guardian:RollAttack"],"picked":"Guardian:Gem_Cyan","floor":13.0},{"not_picked":["Guardian:ChargeUp","Guardian:WalkerClaw"],"picked":"Guardian:Gem_Orange","floor":14.0},{"not_picked":["Guardian:FastForward","Guardian:ExploitGems"],"picked":"Guardian:Gem_Synthetic","floor":16.0},{"not_picked":["Guardian:RefractedBeam","Guardian:BronzeArmor"],"picked":"Guardian:Repulse","floor":18.0},{"not_picked":["Guardian:RefractedBeam+1","Guardian:PrimingBeam"],"picked":"Guardian:Recover+1","floor":22},{"not_picked":["Guardian:ChargeCore","Guardian:FloatingOrbs","Guardian:EvasiveProtocol"],"picked":"Singing Bowl","floor":23},{"not_picked":["Guardian:Recover","Guardian:Orbwalk","Guardian:Gem_Cyan"],"picked":"Singing Bowl","floor":24},{"not_picked":["Guardian:PiercingHide","Guardian:WalkerClaw","Guardian:Recover"],"picked":"Singing Bowl","floor":28},{"not_picked":["Guardian:FloatingOrbs+1","Guardian:ArmoredProtocol","Guardian:ChargeCore"],"picked":"Singing Bowl","floor":29},{"not_picked":["Guardian:ExploitGems","Guardian:SpikerProtocol"],"picked":"Guardian:Clone+1","floor":31},{"not_picked":["Guardian:Gem_Orange","Guardian:ExploitGems"],"picked":"Guardian:Gem_Synthetic","floor":33},{"not_picked":["Guardian:ArmoredProtocol+1","Guardian:RollAttack+1"],"picked":"Guardian:Gem_Red","floor":35},{"not_picked":["Guardian:Gem_Cyan","Guardian:TimeCapacitor+1"],"picked":"Guardian:Gem_Green","floor":39},{"not_picked":["Guardian:PiercingHide+1","Guardian:PolyBeam+1","Guardian:PrimingBeam+1"],"picked":"Singing Bowl","floor":41},{"not_picked":["Guardian:Recover","Guardian:Gem_Synthetic"],"picked":"Guardian:Reroute+1","floor":46},{"not_picked":["Guardian:ShieldCharger","Guardian:SentryBeam"],"picked":"Guardian:Gem_Lightblue","floor":47},{"not_picked":["Guardian:ArmoredProtocol+1","Guardian:Suspension+1","Guardian:Recover"],"picked":"Singing Bowl","floor":48}],"player_experience":1205086,"relics_obtained":[{"floor":6.0,"key":"War Paint"},{"floor":9.0,"key":"Singing Bowl"},{"floor":10.0,"key":"Darkstone Periapt"},{"floor":11.0,"key":"Odd Mushroom"},{"floor":23,"key":"Smiling Mask"},{"floor":26,"key":"Anchor"},{"floor":29,"key":"Bronze Scales"},{"floor":41,"key":"Juzu Bracelet"},{"floor":41,"key":"Meat on the Bone"},{"floor":45,"key":"Eternal Feather"},{"floor":46,"key":"Dream Catcher"},{"floor":46,"key":"Happy Flower"}],"event_choices":[{"damage_healed":0.0,"max_hp_gain":0.0,"max_hp_loss":0.0,"gold_gain":0.0,"event_name":"Mushrooms","player_choice":"Fought Mushrooms","floor":11.0,"gold_loss":0.0,"damage_taken":0.0},{"damage_healed":0,"gold_gain":0,"player_choice":"Simplicity","damage_taken":0,"max_hp_gain":0,"max_hp_loss":0,"event_name":"Back to Basics","floor":21,"gold_loss":0,"cards_upgraded":["Guardian:Strike_Guardian","Guardian:Strike_Guardian","Guardian:Defend_Guardian","Guardian:Defend_Guardian","Guardian:Defend_Guardian"]},{"cards_removed":["hexamod:Haunted"],"damage_healed":0,"gold_gain":0,"player_choice":"Removed Curses","damage_taken":0,"max_hp_gain":0,"max_hp_loss":0,"event_name":"Fountain of Cleansing","floor":36,"gold_loss":0}],"is_beta":false,"boss_relics":[{"not_picked":["Velvet Choker","Ectoplasm"],"picked":"Cursed Key"},{"not_picked":["Astrolabe","Philosopher\u0027s Stone"],"picked":"Black Star"}],"items_purged_floors":[19,37,38,42],"is_endless":false,"potions_floor_spawned":[2,3,11,13,18,23,24,31,39,46],"ascension_level":9}}