{"host":"jt62yzdgnrkmwwqv","time":1608123068,"event":{"mods":["AchievementEnabler","BaseMod","CapriCore","Colored Map","Colored Powertips","GungeonMod","Lobotomy","LobotomyExtend","Minty Spire (QoL Compilation)","StSLib","SuperFastMode","The Animator","The Construct","The Immortal"],"gold_per_floor":[134,134,187,207,207,226,226,239,239,341,341,341],"floor_reached":11,"playtime":200,"items_purged":[],"score":171,"play_id":"62e451fd-a263-4de6-9e85-c22ba5ed80c8","local_time":"20201216215108","is_ascension_mode":false,"campfire_choices":[{"data":"DemoMod:JK47","floor":5,"key":"SMITH"},{"floor":7,"key":"RECALL"},{"data":"DemoMod:CombinedRifle","floor":9,"key":"SMITH"}],"circlet_count":0,"master_deck":["DemoMod:Strike_Huntress","DemoMod:Strike_Huntress","DemoMod:Strike_Huntress","DemoMod:Defend_Huntress","DemoMod:Defend_Huntress","DemoMod:Defend_Huntress","DemoMod:Defend_Huntress","DemoMod:Roll","DemoMod:ManualReload","DemoMod:RustySidearm","DemoMod:CrossBow","DemoMod:JK47","DemoMod:AC15","DemoMod:JK47+1","DemoMod:CombinedRifle+1","DemoMod:GunslingerForm"],"relics":["DemoMod:Dog","DemoMod:MonsterBlood","DemoMod:GlassGuonStoneRelic","DemoMod:RedGuonStone","LetterFromLob","GremlinMask","Toy Ornithopter","Cursed Key"],"acts_visited":["Exordium","TheCity"],"potions_floor_usage":[1,1,1],"damage_taken":[{"damage":0,"enemies":"3 Sentries","floor":1,"turns":1},{"damage":0,"enemies":"Cultist","floor":4,"turns":1},{"damage":0,"enemies":"Small Slimes","floor":6,"turns":1},{"damage":0,"enemies":"Gremlin Gang","floor":8,"turns":1},{"damage":0,"enemies":"Slime Boss","floor":10,"turns":1}],"seed_played":"-1002043928543049081","potions_obtained":[],"is_trial":false,"path_per_floor":["E","?","T","M","R","M","R","M","R","B",null],"character_chosen":"HUNTRESS","items_purchased":[],"campfire_rested":0,"item_purchase_floors":[],"current_hp_per_floor":[77,77,77,77,77,77,77,77,77,77,77,77],"gold":341,"neow_bonus":"RANDOM_COMMON_RELIC","is_daily":false,"chose_seed":false,"campfire_upgraded":2,"win_rate":0.0,"timestamp":1608123068,"path_taken":["E","?","T","M","R","M","R","M","R","BOSS"],"items_purchased_type":[],"build_version":"2020-12-13","purchased_purges":0,"victory":false,"max_hp_per_floor":[77,77,77,77,77,77,77,77,77,77,77,77],"card_choices":[{"not_picked":["DemoMod:StickyCrossBow","DemoMod:Purify"],"picked":"DemoMod:JK47","floor":1},{"not_picked":["DemoMod:SAA","DemoMod:JK47"],"picked":"DemoMod:AC15","floor":1},{"not_picked":["DemoMod:Unmoved","DemoMod:GunstockTap"],"picked":"DemoMod:JK47","floor":4},{"not_picked":["DemoMod:Unmoved","DemoMod:TripleGun"],"picked":"DemoMod:CombinedRifle","floor":6},{"not_picked":["DemoMod:Unmoved","DemoMod:Eureka","DemoMod:Rummage"],"picked":"SKIP","floor":8},{"not_picked":["DemoMod:ThirdPartyController","DemoMod:Slinger"],"picked":"DemoMod:GunslingerForm","floor":10}],"player_experience":222860,"relics_obtained":[{"floor":1,"key":"DemoMod:RedGuonStone"},{"floor":1,"key":"LetterFromLob"},{"floor":3,"key":"Toy Ornithopter"}],"event_choices":[{"damage_healed":0,"gold_gain":0,"player_choice":"Trade","damage_taken":0,"relics_obtained":["GremlinMask"],"max_hp_gain":0,"max_hp_loss":0,"event_name":"FaceTrader","floor":2,"gold_loss":0}],"is_beta":false,"boss_relics":[{"not_picked":["Snecko Eye","Black Star"],"picked":"Cursed Key"}],"items_purged_floors":[],"is_endless":false,"potions_floor_spawned":[10],"ascension_level":0}}