{"host":"6rmw1q50jy0xmvyl","time":1608111711,"event":{"mods":["BaseMod","Clockwork Mod","Duelist Mod","Minty Spire (QoL Compilation)","Remove Card Discount Mod","StSLib","??????REMEMod"],"gold_per_floor":[142,142,161,67,32,32,62,62,85,40,60,60,60,60,60,160,160,180,270,282,300,144,170,170,170,170,202,228,228,228,258,258,358,358,376,298,318,332,332,332,344,344,344,44,44,44,70,83,83,83],"floor_reached":51,"playtime":4624,"items_purged":["theDuelist:CastleWalls","theDuelist:CastleWalls","theDuelist:Sparks","theDuelist:Sparks","theDuelist:BeaverWarrior","theDuelist:FinalFlame","theDuelist:DoubleTool","theDuelist:EvilswarmHeliotrope"],"score":1163,"play_id":"0af1704a-9f4e-422f-a910-0da537af52f2","local_time":"20201216104151","is_ascension_mode":true,"campfire_choices":[{"data":"theDuelist:Nameless:Power:AssaultArmor","floor":6,"key":"SMITH"},{"data":"theDuelist:BeaverWarrior","floor":8,"key":"SMITH"},{"floor":12,"key":"REST"},{"floor":15,"key":"REST"},{"floor":24,"key":"REST"},{"floor":30,"key":"REST"},{"floor":32,"key":"REST"},{"floor":40,"key":"REST"},{"data":"theDuelist:GravityLash","floor":42,"key":"SMITH"},{"data":"theDuelist:GravityLash","floor":46,"key":"SMITH"},{"floor":49,"key":"REST"}],"circlet_count":0,"master_deck":["theDuelist:ZombieCorpse","AscendersBane","theDuelist:BeaverWarrior+1","theDuelist:GiantSoldier","theDuelist:GiantSoldier+1","theDuelist:ScrapFactory+1","theDuelist:Nameless:Power:AssaultArmor+1","theDuelist:SilentDoom","theDuelist:SpiralSpearStrike","theDuelist:Metronome+1","theDuelist:PowerKaishin","theDuelist:SpiralSpearStrike","theDuelist:GravityLash+1","theDuelist:VenomShot","theDuelist:SparkBlaster","theDuelist:FutureFusion+1","theDuelist:GridRod+1","theDuelist:FrontierWiseman","Discovery+1","theDuelist:GravityLash+1","theDuelist:MudragonSwamp","theDuelist:BerserkerCrush+1"],"relics":["theDuelist:MillenniumPuzzle","theDuelist:CardPoolRelic","theDuelist:CardPoolBasicRelic","theDuelist:BoosterPackPoolRelic","theDuelist:CardPoolAddRelic","theDuelist:CardPoolMinusRelic","theDuelist:CardPoolSaveRelic","theDuelist:CardPoolOptionsRelic","REME_ComplimentaryCards","theDuelist:MerchantPendant","Snake Skull","theDuelist:SummonAnchor","Juzu Bracelet","Mango","theDuelist:BoosterPackSpellEgg","MealTicket","Red Mask","Mummified Hand","Bottled Tornado","War Paint","Lantern","HornCleat"],"acts_visited":["Exordium","TheCity","TheBeyond"],"potions_floor_usage":[7,7,16,21,38,50],"damage_taken":[{"damage":7,"enemies":"2 Louse","floor":1,"turns":3},{"damage":0,"enemies":"Cultist","floor":3,"turns":3},{"damage":31,"enemies":"3 Sentries","floor":7,"turns":7},{"damage":6,"enemies":"Jaw Worm","floor":11,"turns":2},{"damage":10,"enemies":"The Guardian","floor":16,"turns":9},{"damage":0,"enemies":"Shell Parasite","floor":18,"turns":3},{"damage":5,"enemies":"Chosen","floor":20,"turns":4},{"damage":0,"enemies":"Snake Plant","floor":21,"turns":2},{"damage":27,"enemies":"Book of Stabbing","floor":23,"turns":5},{"damage":25,"enemies":"Slavers","floor":27,"turns":10},{"damage":7,"enemies":"Masked Bandits","floor":28,"turns":4},{"damage":13,"enemies":"theDuelist:KaibaA2","floor":31,"turns":5},{"damage":0,"enemies":"Automaton","floor":33,"turns":12},{"damage":18,"enemies":"3 Shapes","floor":35,"turns":7},{"damage":22,"enemies":"3 Darklings","floor":37,"turns":4},{"damage":0,"enemies":"4 Shapes","floor":38,"turns":1},{"damage":9,"enemies":"Spire Growth","floor":41,"turns":6},{"damage":40,"enemies":"Nemesis","floor":47,"turns":9},{"damage":8,"enemies":"Maw","floor":48,"turns":8},{"damage":41,"enemies":"Awakened One","floor":50,"turns":10}],"seed_played":"498134287283152712","potions_obtained":[{"floor":0,"key":"theDuelist:ExtraOrbsBottle"},{"floor":0,"key":"DuplicationPotion"},{"floor":7,"key":"theDuelist:ReducerPotion"},{"floor":20,"key":"theDuelist:StunPotion"},{"floor":37,"key":"theDuelist:SealedPackB"},{"floor":48,"key":"theDuelist:SolderPotionB"}],"is_trial":false,"path_per_floor":["M","?","M","$","?","R","E","R","T","$","M","R","$","?","R","B",null,"M","?","M","M","$","E","R","?","T","E","?","?","R","E","R","B",null,"M","$","M","M","?","R","M","R","T","$","$","R","E","M","R","B",null],"character_chosen":"THE_DUELIST","items_purchased":["theDuelist:MerchantPendant","theDuelist:Metronome","theDuelist:PowerKaishin","Juzu Bracelet","theDuelist:FrontierWiseman","War Paint","Lantern"],"campfire_rested":7,"item_purchase_floors":[4,4,10,22,36,44,44],"current_hp_per_floor":[65,65,65,65,80,80,49,49,49,49,43,67,67,67,80,70,78,78,60,55,55,55,42,70,70,70,45,38,38,66,53,81,81,91,73,88,66,66,66,94,85,85,85,94,94,94,54,46,74,33],"gold":83,"neow_bonus":"THREE_SMALL_POTIONS","is_daily":false,"chose_seed":false,"campfire_upgraded":4,"win_rate":0.0,"timestamp":1608111711,"path_taken":["M","?","?","$","?","R","E","R","T","$","M","R","$","?","R","BOSS","M","?","M","?","$","E","R","?","T","E","?","?","R","E","R","BOSS","M","$","M","M","?","R","M","R","T","?","$","R","E","M","R","BOSS"],"items_purchased_type":["Relic","Card","Card","Relic","Card","Relic","Relic"],"build_version":"2020-12-13","purchased_purges":8,"victory":true,"max_hp_per_floor":[80,80,80,80,80,80,80,80,80,80,80,80,80,80,80,80,80,80,80,80,80,80,94,94,94,94,94,94,94,94,94,94,94,94,94,94,94,94,94,94,94,94,94,94,94,94,94,94,94,94],"card_choices":[{"not_picked":["theDuelist:SpellShatteringArrow","theDuelist:Hinotama","theDuelist:CoreBlaster","theDuelist:MeteorDestruction"],"picked":"theDuelist:DoubleTool","floor":1},{"not_picked":["theDuelist:SpellShatteringArrow","theDuelist:DoubleTool","theDuelist:CombinationAttack","theDuelist:BigFire"],"picked":"theDuelist:SpiralSpearStrike","floor":3},{"not_picked":["theDuelist:Hinotama","theDuelist:CombinationAttack","theDuelist:OnslaughtFireKings","theDuelist:CircleFireKings","theDuelist:GravityAxe"],"picked":"SKIP","floor":7},{"not_picked":["theDuelist:Hinotama","theDuelist:CoreBlaster","theDuelist:MythicalBeast","theDuelist:LegendarySword"],"picked":"theDuelist:SpiralSpearStrike","floor":11},{"not_picked":["theDuelist:Wildfire","theDuelist:LightLaser","theDuelist:InstantFusion","theDuelist:ForbiddenLance"],"picked":"theDuelist:GravityLash","floor":16},{"not_picked":["theDuelist:DoubleTool","theDuelist:WormApocalypse","theDuelist:WhiteMagicalHat","theDuelist:MagnumShield"],"picked":"theDuelist:HappyLover+1","floor":18},{"not_picked":["theDuelist:SpellShatteringArrow+1","theDuelist:MeteorDestruction","theDuelist:CombinationAttack+1","theDuelist:RainbowNeos"],"picked":"theDuelist:VenomShot","floor":20},{"not_picked":["theDuelist:BigFire","theDuelist:SpiritHarp","theDuelist:WormApocalypse","theDuelist:CombinationAttack"],"picked":"theDuelist:SparkBlaster","floor":21},{"not_picked":["theDuelist:SpellShatteringArrow","theDuelist:BigFire","theDuelist:Invigoration","theDuelist:FluteKuriboh","theDuelist:Ojamassimilation"],"picked":"SKIP","floor":23},{"not_picked":["theDuelist:Hinotama+1","theDuelist:OnslaughtFireKings+1","theDuelist:Tuningware","theDuelist:MagnumShield+1","theDuelist:AfterTheStorm+1"],"picked":"SKIP","floor":27},{"not_picked":["theDuelist:GilfordLegend","theDuelist:PreventRat","theDuelist:BigKoala","theDuelist:GolemSentry"],"picked":"theDuelist:FutureFusion+1","floor":31},{"not_picked":["theDuelist:Wildfire+1","theDuelist:LightLaser+1","theDuelist:ForbiddenLance+1","theDuelist:AmuletAmbition+1"],"picked":"theDuelist:GridRod+1","floor":33},{"not_picked":["theDuelist:BattleOx","theDuelist:WormKing","theDuelist:DarkMirrorForce+1","theDuelist:GolemSentry","theDuelist:BattleguardKing"],"picked":"SKIP","floor":35},{"not_picked":["Deep Breath","Forethought+1","The Bomb"],"picked":"Discovery+1","floor":37},{"not_picked":["theDuelist:BreakDraw+1","theDuelist:Tuningware","theDuelist:SangaEarth","theDuelist:VendreadCharge+1","theDuelist:CircleFireKings+1"],"picked":"SKIP","floor":38},{"not_picked":["theDuelist:DestroyerGolem","theDuelist:Fissure+1","theDuelist:LightningVortex+1","theDuelist:WormKing"],"picked":"theDuelist:MudragonSwamp","floor":41},{"not_picked":["theDuelist:DoubleTool+1","theDuelist:CombinationAttack+1","theDuelist:Sangan+1","theDuelist:LegendarySword+1"],"picked":"theDuelist:BerserkerCrush+1","floor":47},{"not_picked":["theDuelist:SpellShatteringArrow+1","theDuelist:Hinotama+1","theDuelist:AfterTheStorm+1","theDuelist:Eva","theDuelist:GiantTrunade+1"],"picked":"SKIP","floor":48}],"player_experience":563616,"relics_obtained":[{"floor":7,"key":"Snake Skull"},{"floor":9,"key":"theDuelist:SummonAnchor"},{"floor":23,"key":"Mango"},{"floor":26,"key":"theDuelist:BoosterPackSpellEgg"},{"floor":27,"key":"MealTicket"},{"floor":28,"key":"Red Mask"},{"floor":31,"key":"Mummified Hand"},{"floor":43,"key":"Bottled Tornado"},{"floor":47,"key":"HornCleat"}],"event_choices":[{"damage_healed":0,"gold_gain":0,"player_choice":"1 cards matched","damage_taken":0,"max_hp_gain":0,"max_hp_loss":0,"event_name":"Match and Keep!","floor":2,"gold_loss":0,"cards_obtained":["theDuelist:SilentDoom"]},{"damage_healed":20,"gold_gain":0,"player_choice":"Healed","damage_taken":0,"max_hp_gain":0,"max_hp_loss":0,"event_name":"The Cleric","floor":5,"gold_loss":35},{"damage_healed":0,"gold_gain":0,"player_choice":"Upgraded","damage_taken":0,"max_hp_gain":0,"max_hp_loss":0,"event_name":"Upgrade Shrine","floor":14,"gold_loss":0,"cards_upgraded":["theDuelist:Metronome"]},{"damage_healed":0,"gold_gain":90,"player_choice":"CARD GOLD ","damage_taken":18,"max_hp_gain":0,"max_hp_loss":0,"event_name":"Knowing Skull","floor":19,"potions_obtained":[],"gold_loss":0,"cards_obtained":["theDuelist:EvilswarmHeliotrope"]},{"damage_healed":0,"gold_gain":0,"player_choice":"Leave","duelist":true,"damage_taken":0,"max_hp_gain":0,"max_hp_loss":0,"event_name":"Relic Duplicator","floor":25,"gold_loss":0},{"damage_healed":0,"gold_gain":0,"player_choice":"Fought Bandits","damage_taken":0,"max_hp_gain":0,"max_hp_loss":0,"event_name":"Masked Bandits","floor":28,"gold_loss":0},{"damage_healed":0,"gold_gain":0,"player_choice":"0 cards matched","damage_taken":0,"max_hp_gain":0,"max_hp_loss":0,"event_name":"Match and Keep!","floor":29,"gold_loss":0,"cards_obtained":[]},{"damage_healed":0,"gold_gain":0,"player_choice":"Copied","damage_taken":0,"max_hp_gain":0,"max_hp_loss":0,"event_name":"Duplicator","floor":39,"gold_loss":0,"cards_obtained":["theDuelist:GravityLash"]}],"is_beta":false,"boss_relics":[{"not_picked":["Calling Bell","Astrolabe","REME_DuelDisc"]},{"not_picked":["Snecko Eye","Busted Crown","REME_DemonsWealth"]}],"items_purged_floors":[4,4,4,4,4,22,22,22],"is_endless":false,"potions_floor_spawned":[3,7,20,37,47,48],"ascension_level":12}}