{"host":"edk8ruzv78x6jv19","time":1608155533,"event":{"mods":["BaseMod","Better Third Choice","Infinite Spire","Lobotomy","Minty Spire (QoL Compilation)","Replay The Spire","StSLib","The Animator","Treasure Hunter"],"gold_per_floor":[167,167,167,133,133,133,147,147,170,202,57,57,57,88,88,185,185,202,127,144,44,44,44,44,44,44,44,44,98,98,98,185,286,286,305,305,305,307,307],"floor_reached":38,"playtime":1527,"items_purged":["Replay:Bag of Tricks","Unload","Envenom","ReplayTheSpireMod:From All Sides"],"score":445,"play_id":"0a45060c-596c-49bb-9a03-9475b3384221","local_time":"20201216155213","daily_mods":["Shiny","Heirloom","Time Dilation","Flight","Elite Swarm","Lethality","Night Terrors"],"is_ascension_mode":false,"campfire_choices":[{"data":"Adrenaline","floor":6.0,"key":"SMITH"},{"data":"TH:DeckOfManyThings","floor":13.0,"key":"SMITH"},{"data":"Venomology","floor":15.0,"key":"SMITH"},{"data":"infinitespire:Neurotoxin","floor":23,"key":"SMITH"},{"data":"Noxious Fumes","floor":24,"key":"SMITH"},{"data":"Corpse Explosion","floor":25,"key":"SMITH"},{"data":"ReplayTheSpireMod:Necrosis","floor":27,"key":"SMITH"},{"data":"Venomology","floor":28,"key":"SMITH"}],"circlet_count":0,"master_deck":["ReplayTheSpireMod:Necrosis+1","Corpse Explosion+1","Adrenaline+1","Wraith Form v2","Venomology+1","Phantasmal Killer","Bullet Time","Die Die Die","Doppelganger","Burst","Tools of the Trade","After Image","Poison Darts","A Thousand Cuts","Night Terror","infinitespire:Neurotoxin+1","Storm of Steel","TH:BikiniMail","TH:DeckOfManyThings+1","TH:CopperCoins","TH:DeckOfManyThings","Venomology+1","TH:DeckOfManyThings","Noxious Fumes+1","TH:DeckOfManyThings","TH:CursedSword","TH:CopperCoins","infinitespire:Neurotoxin","CurseOfTheBell","ReplayTheSpireMod:Black Plague"],"relics":["Ring of the Snake","Ring of Chaos","Lizard Tail","betterThird:SlimedRelic","Darkstone Periapt","Lantern","Replay:Wax Seal","Tiny Chest","Boot","Replay:Bronze Core","MutagenicStrength","Anchor","ReplayTheSpireMod:Lightbulb","Gambling Chip","Ring of Chaos","Pondfish Scales","Calling Bell","Vajra","The Courier","Counterbalance","Molten Egg 2","Black Star"],"acts_visited":["Exordium","TheCity","TheBeyond"],"potions_floor_usage":[20,33,33,33,33,33,38,38,38,38],"damage_taken":[{"damage":0.0,"enemies":"2 Louse","floor":1.0,"turns":1.0},{"damage":0.0,"enemies":"Jaw Worm","floor":7.0,"turns":1.0},{"damage":28.0,"enemies":"Lagavulin","floor":10.0,"turns":5.0},{"damage":22.0,"enemies":"3 Sentries","floor":14.0,"turns":3.0},{"damage":54.0,"enemies":"The Guardian","floor":16.0,"turns":9.0},{"damage":2,"enemies":"Spheric Guardian","floor":18,"turns":2},{"damage":7,"enemies":"3 Byrds","floor":20,"turns":4},{"damage":14,"enemies":"Automaton","floor":33,"turns":6},{"damage":17,"enemies":"Orb Walker","floor":35,"turns":3},{"damage":34,"enemies":"infinitespire:Three Voidlings","floor":38,"turns":2},{"damage":113,"enemies":"Nightmare_Alpha","floor":38,"turns":8}],"seed_played":"-2279504995177714795","potions_obtained":[{"floor":7.0,"key":"FairyPotion"},{"floor":10.0,"key":"GamblersBrew"},{"floor":18,"key":"Energy Potion"},{"floor":20,"key":"Fire Potion"}],"is_trial":true,"path_per_floor":["M","?","?","?","?","R","M","T","T","E","$","$","R","E","R","B",null,"M","$","M","$","?","R","R","R","T","R","R","T","AVR","T","R","B",null,"M","AVR","?","?"],"character_chosen":"THE_SILENT","items_purchased":["Tiny Chest"],"campfire_rested":0,"item_purchase_floors":[11],"current_hp_per_floor":[70,70,70,59,80,80,80,80,80,52,52,52,52,30,30,20,80,78,78,71,71,71,71,71,71,71,71,71,71,71,71,71,57,86,69,69,69,0,0],"gold":307,"neow_bonus":"","is_daily":false,"chose_seed":false,"campfire_upgraded":8,"win_rate":0.0,"timestamp":1608155533,"path_taken":["M","?","?","?","?","R","?","?","T","E","$","$","R","E","R","BOSS","M","$","?","$","?","R","R","R","T","R","R","?","AVR","?","R","BOSS","M","AVR","?","?"],"items_purchased_type":["Relic"],"build_version":"2020-12-13","purchased_purges":4,"victory":false,"max_hp_per_floor":[70,70,70,70,80,80,80,80,80,80,80,80,80,80,80,80,80,80,80,80,80,80,80,80,80,80,80,80,80,80,80,80,80,86,86,86,86,86,86],"card_choices":[{"not_picked":["Backflip","Quick Slash","Sucker Punch"],"picked":"SKIP","floor":1.0},{"not_picked":["Distraction","Dagger Spray","Underhanded Strike"],"picked":"SKIP","floor":7.0},{"not_picked":["TH:ArmorSpikes"],"picked":"TH:BikiniMail","floor":8.0},{"not_picked":["TH:TreasureMap"],"picked":"TH:DeckOfManyThings","floor":9.0},{"not_picked":["TH:EnergyPotion"],"picked":"TH:CopperCoins","floor":10.0},{"not_picked":["Die Die Die","Grand Finale","Replay:Bag of Tricks"],"picked":"SKIP","floor":10.0},{"not_picked":["TH:TreasureMap"],"picked":"TH:DeckOfManyThings","floor":14.0},{"not_picked":["ReplayTheSpireMod:From All Sides","ReplayTheSpireMod:Necrosis"],"picked":"Venomology","floor":14.0},{"not_picked":["TH:Mimic"],"picked":"TH:DeckOfManyThings","floor":16.0},{"not_picked":["PiercingWail+1","Tactician","Flying Knee+1"],"picked":"SKIP","floor":18},{"not_picked":["Toxin Wave","Cloak And Dagger"],"picked":"Noxious Fumes","floor":20},{"not_picked":["TH:ElvenBoots"],"picked":"TH:DeckOfManyThings","floor":26},{"not_picked":["TH:BikiniMail","TH:ArmorSpikes"],"picked":"SKIP","floor":29},{"not_picked":["TH:ArmorSpikes"],"picked":"TH:CursedSword","floor":31},{"not_picked":["TH:ArmorSpikes"],"picked":"TH:CopperCoins","floor":33},{"not_picked":["Doppelganger","Malaise"],"picked":"infinitespire:Neurotoxin","floor":33},{"not_picked":["Reflex+1","Endless Agony","Footwork+1"],"picked":"SKIP","floor":35}],"player_experience":19722,"relics_obtained":[{"floor":8.0,"key":"Darkstone Periapt"},{"floor":9.0,"key":"Lantern"},{"floor":10.0,"key":"Replay:Wax Seal"},{"floor":14.0,"key":"Boot"},{"floor":26,"key":"Anchor"},{"floor":29,"key":"ReplayTheSpireMod:Lightbulb"},{"floor":31,"key":"Pondfish Scales"},{"floor":34,"key":"Vajra"},{"floor":34,"key":"The Courier"},{"floor":34,"key":"Counterbalance"}],"event_choices":[{"cards_removed":["Malaise"],"damage_healed":0.0,"max_hp_gain":0.0,"max_hp_loss":0.0,"gold_gain":0.0,"event_name":"Living Wall","player_choice":"Forget","floor":3.0,"gold_loss":0.0,"damage_taken":0.0},{"damage_healed":0.0,"max_hp_gain":0.0,"max_hp_loss":0.0,"gold_gain":0.0,"event_name":"betterThird:BetterGoop","player_choice":"Slimed","floor":4.0,"gold_loss":34.0,"damage_taken":11.0},{"cards_removed":["Grand Finale"],"damage_healed":11.0,"max_hp_gain":10.0,"max_hp_loss":0.0,"gold_gain":0.0,"event_name":"Bonfire Elementals","player_choice":"Offered Rare","floor":5.0,"gold_loss":0.0,"damage_taken":0.0},{"damage_healed":0,"gold_gain":0,"player_choice":"Inject Mutagens","damage_taken":0,"relics_obtained":["MutagenicStrength"],"max_hp_gain":0,"max_hp_loss":0,"event_name":"Drug Dealer","floor":22,"gold_loss":0},{"cards_removed":["Glass Knife"],"damage_healed":0,"gold_gain":0,"player_choice":"Removed Attack","damage_taken":0,"max_hp_gain":0,"max_hp_loss":0,"event_name":"Falling","floor":37,"gold_loss":0}],"is_beta":false,"boss_relics":[{"not_picked":["Replay:Ancient Bell","Snecko Eye"],"picked":"Replay:Bronze Core"},{"not_picked":["Honey Jar","Runic Pyramid"],"picked":"Calling Bell"}],"items_purged_floors":[19,21,30,36],"is_endless":false,"potions_floor_spawned":[7,10,18,20,35],"killed_by":"Nightmare_Alpha","ascension_level":0}}