{"host":"n23juj4d9qam5hh1","time":1608119147,"event":{"mods":["BaseMod","Better Note","BetterRewards","Infinite Spire","Minty Spire (QoL Compilation)","Relic Stats","StSLib"],"gold_per_floor":[119,131,147,165,50,50,50,50,97,138,138,161,186,201,201,324,324,348,348,364,364,364,364,388,388,388,76,111,154,154,154],"floor_reached":30,"playtime":943,"items_purged":[],"score":257,"play_id":"7cbac505-a10d-4edb-932d-daa7dae9a9ac","local_time":"20201216064547","is_ascension_mode":true,"campfire_choices":[{"data":"Carnage","floor":6,"key":"SMITH"},{"data":"Searing Blow","floor":8,"key":"SMITH"},{"data":"Searing Blow+1","floor":15,"key":"SMITH"},{"data":"Searing Blow+3","floor":23,"key":"SMITH"},{"data":"Searing Blow+4","floor":25,"key":"SMITH"}],"circlet_count":0,"master_deck":["Strike_R","Strike_R","Strike_R","Strike_R","Strike_R","Defend_R","Defend_R","Defend_R","Defend_R","Bash+1","Flex","Searing Blow+5","Cleave","Carnage+1","Flame Barrier","Ghostly Armor","Heavy Blade","Reaper","infinitespire:Oblivion","Inflame+1","Fire Breathing","HandOfGreed","Whirlwind","infinitespire:OneForAll+1"],"relics":["Burning Blood","Golden Idol","Tiny Chest","Regal Pillow","Mark of Pain","Chemical X","Gremlin Horn","infinitespire:Beetle Shell"],"acts_visited":["Exordium","TheCity"],"potions_floor_usage":[14,18,24,30],"damage_taken":[{"damage":0,"enemies":"Small Slimes","floor":1,"turns":3},{"damage":1,"enemies":"Cultist","floor":2,"turns":3},{"damage":1,"enemies":"infinitespire:Voidling","floor":3,"turns":3},{"damage":26,"enemies":"Large Slime","floor":4,"turns":9},{"damage":6,"enemies":"Gremlin Nob","floor":10,"turns":3},{"damage":1,"enemies":"Looter","floor":12,"turns":2},{"damage":0,"enemies":"Exordium Thugs","floor":13,"turns":3},{"damage":23,"enemies":"Gremlin Gang","floor":14,"turns":5},{"damage":74,"enemies":"Hexaghost","floor":16,"turns":12},{"damage":31,"enemies":"3 Byrds","floor":18,"turns":3},{"damage":11,"enemies":"2 Thieves","floor":20,"turns":2},{"damage":13,"enemies":"Centurion and Healer","floor":24,"turns":5},{"damage":36,"enemies":"Shelled Parasite and Fungi","floor":28,"turns":4},{"damage":6,"enemies":"Snecko","floor":29,"turns":4},{"damage":31,"enemies":"Book of Stabbing","floor":30,"turns":4}],"seed_played":"6057257369343217931","potions_obtained":[{"floor":1,"key":"Energy Potion"},{"floor":12,"key":"FairyPotion"},{"floor":13,"key":"Dexterity Potion"},{"floor":16,"key":"LiquidMemories"},{"floor":18,"key":"SkillPotion"},{"floor":24,"key":"PowerPotion"}],"is_trial":false,"path_per_floor":["M","M","M","M","$","R","?","R","T","E","?","M","M","M","R","B",null,"M","AVR","M","T","?","R","M","R","T","$","M","M","E"],"character_chosen":"IRONCLAD","items_purchased":["Carnage","Flame Barrier","Fire Breathing","HandOfGreed","Whirlwind"],"campfire_rested":0,"item_purchase_floors":[5,5,27,27,27],"current_hp_per_floor":[80,80,80,60,60,60,60,60,60,60,60,65,71,54,54,32,80,60,60,55,55,55,55,53,53,53,53,23,23,0,0],"gold":154,"neow_bonus":"UPGRADE_CARD","is_daily":false,"chose_seed":false,"campfire_upgraded":5,"win_rate":0.0,"timestamp":1608119147,"path_taken":["M","M","M","M","$","R","?","R","T","E","?","?","M","M","R","BOSS","M","AVR","?","?","?","R","?","R","T","$","?","M","E"],"items_purchased_type":["Card","Card","Card","Card","Card"],"build_version":"2020-12-13","purchased_purges":0,"victory":false,"max_hp_per_floor":[80,80,80,80,80,80,80,80,80,80,80,80,80,80,80,80,80,80,80,80,80,80,80,80,80,80,80,80,80,80,80],"relic_stats":{"Regal Pillow":0,"Gremlin Horn":[2,2],"counters":[15,65],"Golden Idol":67,"Tiny Chest":1,"Chemical X":[0],"obtain_stats":[{"Regal Pillow":10,"Gremlin Horn":21,"Golden Idol":7,"Tiny Chest":9,"Mark of Pain":17,"infinitespire:Beetle Shell":26,"Chemical X":19,"Burning Blood":0},{"Regal Pillow":5,"Gremlin Horn":11,"Golden Idol":4,"Tiny Chest":4,"Mark of Pain":9,"infinitespire:Beetle Shell":12,"Chemical X":10,"Burning Blood":0},{"Regal Pillow":21,"Gremlin Horn":48,"Golden Idol":18,"Tiny Chest":18,"Mark of Pain":43,"infinitespire:Beetle Shell":53,"Chemical X":46,"Burning Blood":0}],"Burning Blood":68},"card_choices":[{"not_picked":["Warcry","Perfected Strike"],"picked":"Flex","floor":1},{"not_picked":["Warcry","Rupture"],"picked":"Searing Blow","floor":2},{"not_picked":["Armaments","Havoc"],"picked":"Cleave","floor":3},{"not_picked":["Seeing Red","Warcry","Second Wind"],"picked":"SKIP","floor":4},{"not_picked":["Flex","Clothesline"],"picked":"Ghostly Armor","floor":10},{"not_picked":["Wild Strike","Warcry","Anger"],"picked":"SKIP","floor":12},{"not_picked":["Evolve","Warcry"],"picked":"Heavy Blade","floor":13},{"not_picked":["Sever Soul","Havoc","Bludgeon"],"picked":"SKIP","floor":14},{"not_picked":["Brutality","Juggernaut"],"picked":"Reaper","floor":16},{"not_picked":["Dark Embrace","Burning Pact","Flex"],"picked":"SKIP","floor":18},{"not_picked":["Flame Barrier","True Grit+1"],"picked":"Inflame+1","floor":20},{"not_picked":["Intimidate","Cleave","Body Slam"],"picked":"SKIP","floor":24},{"not_picked":["Armaments","Flex"],"picked":"infinitespire:OneForAll+1","floor":28},{"not_picked":["infinitespire:OneForAll","Clothesline+1","Rage"],"picked":"SKIP","floor":29}],"player_experience":175183,"relics_obtained":[{"floor":9,"key":"Tiny Chest"},{"floor":10,"key":"Regal Pillow"},{"floor":21,"key":"Gremlin Horn"},{"floor":26,"key":"infinitespire:Beetle Shell"}],"event_choices":[{"damage_healed":0,"gold_gain":0,"player_choice":"Take Wound","damage_taken":0,"relics_obtained":["Golden Idol"],"max_hp_gain":0,"max_hp_loss":0,"event_name":"Golden Idol","floor":7,"gold_loss":0,"cards_obtained":["Injury"]},{"cards_removed":["Injury"],"damage_healed":0,"gold_gain":0,"player_choice":"Purged","damage_taken":0,"max_hp_gain":0,"max_hp_loss":0,"event_name":"Purifier","floor":11,"gold_loss":0},{"damage_healed":0,"gold_gain":0,"player_choice":"Upgraded","damage_taken":0,"max_hp_gain":0,"max_hp_loss":0,"event_name":"Upgrade Shrine","floor":22,"gold_loss":0,"cards_upgraded":["Searing Blow"]}],"is_beta":false,"boss_relics":[{"not_picked":["Ectoplasm","Velvet Choker"],"picked":"Mark of Pain"}],"items_purged_floors":[],"is_endless":false,"potions_floor_spawned":[1,12,13,16,18,24],"killed_by":"Book of Stabbing","ascension_level":2}}