{"host":"sav7uxregyirlf69","time":1608117280,"event":{"mods":["AchievementEnabler","BaseMod","Colored Map","DeckTracker","Keyboard Shortcuts","Minty Spire (QoL Compilation)","READ ME - Guardian Mod","StSLib","SuperFastMode"],"gold_per_floor":[109,34,34,34,47,81,81,99,125,75,0,0,20,38,38,113,113,13,13,13,23,23,23,43,62,115,126,138,166,179,190,190,190,190],"floor_reached":33,"playtime":852,"items_purged":["Strike_G","Strike_G"],"score":588,"play_id":"ffdc5494-009d-4550-87a4-88e7ac71adcb","local_time":"20201216201440","is_ascension_mode":true,"campfire_choices":[{"data":"Acrobatics","floor":12.0,"key":"SMITH"},{"data":"Footwork","floor":15.0,"key":"SMITH"},{"data":"Choke","floor":23,"key":"SMITH"},{"floor":32,"key":"REST"}],"circlet_count":0,"master_deck":["AscendersBane","Strike_G","Strike_G","Strike_G","Defend_G+1","Defend_G","Defend_G","Defend_G","Survivor","Neutralize+1","Tactician+1","Acrobatics+1","Escape Plan","Footwork+1","Choke+1","Prepared+1","PiercingWail+1","Normality","Deflect","Backflip","Escape Plan","Deadly Poison+1"],"relics":["Ring of the Snake","NeowsBlessing","Smiling Mask","Bronze Scales","Cursed Key","Bottled Flame"],"acts_visited":["Exordium","TheCity"],"potions_floor_usage":[],"damage_taken":[{"damage":0.0,"enemies":"2 Louse","floor":1.0,"turns":1.0},{"damage":0.0,"enemies":"Cultist","floor":5.0,"turns":1.0},{"damage":0.0,"enemies":"Lagavulin","floor":6.0,"turns":1.0},{"damage":0.0,"enemies":"Jaw Worm","floor":8.0,"turns":6.0},{"damage":0.0,"enemies":"3 Louse","floor":13.0,"turns":4.0},{"damage":6.0,"enemies":"Large Slime","floor":14.0,"turns":7.0},{"damage":11.0,"enemies":"The Guardian","floor":16.0,"turns":15.0},{"damage":0.0,"enemies":"2 Thieves","floor":18.0,"turns":5.0},{"damage":10,"enemies":"Shell Parasite","floor":21,"turns":6},{"damage":3,"enemies":"Centurion and Healer","floor":24,"turns":6},{"damage":12,"enemies":"Snecko","floor":25,"turns":6},{"damage":0,"enemies":"Snake Plant","floor":27,"turns":3},{"damage":5,"enemies":"Centurion and Healer","floor":28,"turns":7},{"damage":8,"enemies":"Book of Stabbing","floor":29,"turns":6},{"damage":22,"enemies":"Sentry and Sphere","floor":30,"turns":8},{"damage":6,"enemies":"Snecko","floor":31,"turns":4},{"damage":36,"enemies":"Champ","floor":33,"turns":11}],"seed_played":"8695603775167712750","potions_obtained":[{"floor":1.0,"key":"Ancient Potion"},{"floor":6.0,"key":"PowerPotion"},{"floor":16.0,"key":"BlessingOfTheForge"},{"floor":21,"key":"FairyPotion"}],"is_trial":false,"path_per_floor":["M","$","?","?","M","E","?","M","T","$","?","R","M","M","R","B",null,"M","$","?","M","?","R","M","M","T","M","M","E","M","M","R","B"],"character_chosen":"THE_SILENT","items_purchased":[],"campfire_rested":1,"item_purchase_floors":[],"current_hp_per_floor":[59,59,39,39,39,39,39,39,39,39,39,39,39,33,33,22,55,55,55,55,45,45,45,42,30,30,30,25,17,19,13,32,0,0],"gold":190,"neow_bonus":"THREE_ENEMY_KILL","is_daily":false,"chose_seed":false,"campfire_upgraded":3,"win_rate":0.0,"timestamp":1608117280,"path_taken":["M","$","?","?","?","E","?","M","T","$","?","R","M","M","R","BOSS","M","$","?","M","?","R","M","M","T","?","?","E","M","M","R","BOSS"],"items_purchased_type":[],"build_version":"2020-12-13","purchased_purges":2,"victory":false,"max_hp_per_floor":[66,66,66,66,66,66,66,66,66,66,66,66,66,66,66,66,66,66,66,66,66,66,66,66,66,66,66,66,66,66,66,66,66,66],"card_choices":[{"not_picked":["Distraction","Bouncing Flask"],"picked":"Tactician","floor":1.0},{"not_picked":["Crippling Poison","Dagger Spray"],"picked":"Acrobatics","floor":5.0},{"not_picked":["Sucker Punch","Leg Sweep","PiercingWail"],"picked":"SKIP","floor":6.0},{"not_picked":["PiercingWail","Tactician"],"picked":"Escape Plan","floor":8.0},{"not_picked":["Outmaneuver","Quick Slash","Cloak And Dagger"],"picked":"SKIP","floor":13.0},{"not_picked":["Unload","PiercingWail"],"picked":"Footwork","floor":14.0},{"not_picked":["Well Laid Plans","Distraction"],"picked":"Choke","floor":18},{"not_picked":["Slice","Dagger Spray"],"picked":"Prepared","floor":21},{"not_picked":["Skewer+1","Backstab","Heel Hook"],"picked":"SKIP","floor":24},{"not_picked":["Skewer+1","Backstab","Heel Hook"],"picked":"SKIP","floor":24},{"not_picked":["Blade Dance","Poisoned Stab"],"picked":"PiercingWail+1","floor":25},{"not_picked":["Accuracy","Well Laid Plans"],"picked":"Deflect","floor":27},{"not_picked":["Cloak And Dagger","Tactician"],"picked":"Backflip","floor":28},{"not_picked":["Deadly Poison","Envenom","Endless Agony"],"picked":"SKIP","floor":29},{"not_picked":["Deflect","Infinite Blades"],"picked":"Escape Plan","floor":30},{"not_picked":["Dodge and Roll","Bane"],"picked":"Deadly Poison+1","floor":31}],"player_experience":918481,"relics_obtained":[{"floor":6.0,"key":"Smiling Mask"},{"floor":9.0,"key":"Bronze Scales"},{"floor":29,"key":"Bottled Flame"}],"event_choices":[{"damage_healed":0.0,"max_hp_gain":0.0,"max_hp_loss":0.0,"gold_gain":0.0,"event_name":"Shining Light","player_choice":"Entered Light","floor":3.0,"gold_loss":0.0,"damage_taken":20.0,"cards_upgraded":["Defend_G","Neutralize"]},{"damage_healed":0.0,"max_hp_gain":0.0,"max_hp_loss":0.0,"gold_gain":0.0,"event_name":"FaceTrader","player_choice":"Leave","floor":4.0,"gold_loss":0.0,"damage_taken":0.0},{"damage_healed":0.0,"max_hp_gain":0.0,"max_hp_loss":0.0,"gold_gain":0.0,"event_name":"Living Wall","player_choice":"Grow","floor":7.0,"gold_loss":0.0,"damage_taken":0.0,"cards_upgraded":["Tactician"]},{"cards_removed":["Defend_G"],"damage_healed":0.0,"max_hp_gain":0.0,"max_hp_loss":0.0,"gold_gain":0.0,"event_name":"The Cleric","player_choice":"Card Removal","floor":11.0,"gold_loss":75.0,"damage_taken":0.0},{"damage_healed":0,"gold_gain":0,"player_choice":"Ignored","damage_taken":0,"max_hp_gain":0,"max_hp_loss":0,"event_name":"Vampires","floor":20,"gold_loss":0},{"damage_healed":0,"gold_gain":0,"player_choice":"Forge","damage_taken":0,"max_hp_gain":0,"max_hp_loss":0,"event_name":"Accursed Blacksmith","floor":22,"gold_loss":0,"cards_upgraded":["Prepared"]}],"is_beta":false,"boss_relics":[{"not_picked":["Philosopher\u0027s Stone","SlaversCollar"],"picked":"Cursed Key"}],"items_purged_floors":[2,10],"is_endless":false,"potions_floor_spawned":[1,6,14,16,21,25,29],"killed_by":"Champ","ascension_level":20}}