{"host":"m6h67kf6cz80m3yv","time":1608122768,"event":{"mods":["BaseMod","Better Third Choice","BetterRewards","Colored Powertips","Downfall","Duelist Mod","Hermit","Marisa????????","Minty Spire (QoL Compilation)","Quick Restart","Shade Mod","Shop Mod","StSLib","SuperFastMode","The Servant 0.9.4"],"gold_per_floor":[114,27,45,45,59,84,84,109,109,109,109],"floor_reached":10,"playtime":431,"items_purged":[],"score":95,"play_id":"e173b183-802e-4922-a6c1-1b27c1651915","local_time":"20201216104608","is_ascension_mode":true,"campfire_choices":[],"circlet_count":0,"master_deck":["Strike_S","Strike_S","Strike_S","Strike_S","Defend_S","Defend_S","Defend_S","Defend_S","KidneyShot","Exchange","GearUp","expansioncontent:YouAreMine","ShatteredReality+1","Regret","KillingDoll"],"relics":["Uniform","KneeBrace","Boot","Frozen Egg 2","Ornamental Fan"],"acts_visited":["Exordium"],"potions_floor_usage":[6],"damage_taken":[{"damage":7,"enemies":"Small Slimes","floor":1,"turns":4},{"damage":1,"enemies":"Cultist","floor":3,"turns":4},{"damage":4,"enemies":"Jaw Worm","floor":5,"turns":5},{"damage":5,"enemies":"3 Sentries","floor":6,"turns":7},{"damage":20,"enemies":"Lagavulin","floor":8,"turns":9},{"damage":39,"enemies":"3 Sentries","floor":10,"turns":4}],"seed_played":"-6086639231173942976","potions_obtained":[{"floor":5,"key":"AttackPotion"}],"is_trial":false,"path_per_floor":["M","$","M","?","M","E","?","E","T","E"],"character_chosen":"THE_SERVANT","items_purchased":["expansioncontent:YouAreMine"],"campfire_rested":0,"item_purchase_floors":[2],"current_hp_per_floor":[64,64,63,63,59,54,54,34,34,0,0],"gold":109,"neow_bonus":"TEN_PERCENT_HP_BONUS","is_daily":false,"chose_seed":false,"campfire_upgraded":0,"win_rate":0.0,"timestamp":1608122768,"path_taken":["M","$","M","?","?","E","?","E","T","E"],"items_purchased_type":["Card"],"build_version":"2020-12-13","purchased_purges":0,"victory":false,"max_hp_per_floor":[71,71,71,71,71,71,71,71,71,71,71],"card_choices":[{"not_picked":["DoubleEdge","FanOfKnives"],"picked":"GearUp","floor":1},{"not_picked":["Moondial","Revamp"],"picked":"ShatteredReality","floor":3},{"not_picked":["Shuttle","Rearm","FastForward"],"picked":"SKIP","floor":5},{"not_picked":["Hightail","Replace","Shuttle"],"picked":"SKIP","floor":6},{"not_picked":["Deadline","Gouge"],"picked":"KillingDoll","floor":8}],"player_experience":274633,"relics_obtained":[{"floor":6,"key":"KneeBrace"},{"floor":8,"key":"Frozen Egg 2"},{"floor":9,"key":"Ornamental Fan"}],"event_choices":[{"damage_healed":0,"gold_gain":0,"player_choice":"Upgraded","damage_taken":0,"max_hp_gain":0,"max_hp_loss":0,"event_name":"Upgrade Shrine","floor":4,"gold_loss":0,"cards_upgraded":["ShatteredReality"]},{"damage_healed":0,"gold_gain":0,"player_choice":"Box","damage_taken":0,"relics_obtained":["Boot"],"max_hp_gain":0,"max_hp_loss":0,"event_name":"Big Fish","floor":7,"gold_loss":0,"cards_obtained":["Regret"]}],"is_beta":false,"boss_relics":[],"items_purged_floors":[],"is_endless":false,"potions_floor_spawned":[5],"killed_by":"3 Sentries","ascension_level":5}}