{"host":"9ndbo4kgsfoemf7y","time":1608117917,"event":{"mods":["AchievementEnabler","BaseMod","Colored Map","DeckTracker","Keyboard Shortcuts","Minty Spire (QoL Compilation)","Permanent Neow","Quick Restart","Relic Stats","StSLib","SuperFastMode"],"gold_per_floor":[12,26,44,60,60,60,60,60],"floor_reached":7,"playtime":225,"items_purged":[],"score":82,"play_id":"50dc6644-57aa-475b-a8ba-18e393567d4b","local_time":"20201216202517","is_ascension_mode":true,"campfire_choices":[{"floor":6,"key":"REST"}],"circlet_count":0,"master_deck":["AscendersBane","Strike_R","Strike_R","Strike_R+1","Strike_R","Strike_R","Defend_R","Defend_R","Defend_R+1","Defend_R","Bash","Feed","Dropkick","Demon Form"],"relics":["Burning Blood"],"acts_visited":["Exordium"],"potions_floor_usage":[],"damage_taken":[{"damage":13,"enemies":"Small Slimes","floor":1,"turns":5},{"damage":16,"enemies":"Jaw Worm","floor":2,"turns":5},{"damage":1,"enemies":"Cultist","floor":3,"turns":3},{"damage":27,"enemies":"Large Slime","floor":4,"turns":7},{"damage":56,"enemies":"Gremlin Nob","floor":7,"turns":4}],"seed_played":"-6976188012038779710","potions_obtained":[{"floor":1,"key":"LiquidBronze"}],"is_trial":false,"path_per_floor":["M","M","M","M","?","R","E"],"character_chosen":"IRONCLAD","items_purchased":[],"campfire_rested":1,"item_purchase_floors":[],"current_hp_per_floor":[64,57,65,47,21,47,0,0],"gold":60,"neow_bonus":"THREE_RARE_CARDS","is_daily":false,"chose_seed":false,"campfire_upgraded":0,"win_rate":0.0,"timestamp":1608117917,"path_taken":["M","M","M","M","?","R","E"],"items_purchased_type":[],"build_version":"2020-12-13","purchased_purges":0,"victory":false,"max_hp_per_floor":[78,81,84,87,87,87,87,87],"relic_stats":{"counters":[5,24],"obtain_stats":[{"Burning Blood":0},{"Burning Blood":0},{"Burning Blood":0}],"Burning Blood":24},"card_choices":[{"not_picked":["Double Tap","Corruption"],"picked":"Feed","floor":0},{"not_picked":["Cleave","Pommel Strike"],"picked":"Dropkick","floor":1},{"not_picked":["Perfected Strike","Anger","Wild Strike"],"picked":"SKIP","floor":2},{"not_picked":["Perfected Strike","Body Slam"],"picked":"Demon Form","floor":3},{"not_picked":["Warcry","Havoc","Sword Boomerang"],"picked":"SKIP","floor":4}],"player_experience":685658,"relics_obtained":[],"event_choices":[{"damage_healed":0,"gold_gain":0,"player_choice":"Entered Light","damage_taken":26,"max_hp_gain":0,"max_hp_loss":0,"event_name":"Shining Light","floor":5,"gold_loss":0,"cards_upgraded":["Strike_R","Defend_R"]}],"is_beta":false,"boss_relics":[],"items_purged_floors":[],"is_endless":false,"potions_floor_spawned":[1],"killed_by":"Gremlin Nob","ascension_level":18}}