{"host":"yvb207ks1sg3cxef","time":1608152807,"event":{"mods":["2.2 Compatiblity","BaseMod","Bestiary","Colored Powertips","Minty Spire (QoL Compilation)","Permanent Neow","Quick Restart","Relic Stats","StSLib"],"gold_per_floor":[112,127,145,145,145,145,67,97,120,120,134,159,47,67,67,141,141,159,159,159,36,49,49,49,49],"floor_reached":24,"playtime":795,"items_purged":["Strike_G","Strike_G"],"score":337,"play_id":"813bc302-b9d7-4856-ab75-0cc096f33592","local_time":"20201217023647","is_ascension_mode":true,"campfire_choices":[{"data":"Crippling Poison","floor":6.0,"key":"SMITH"},{"data":"Caltrops","floor":10.0,"key":"SMITH"},{"floor":15.0,"key":"REST"},{"data":"Well Laid Plans","floor":23,"key":"SMITH"}],"circlet_count":0,"master_deck":["AscendersBane","Strike_G","Defend_G","Defend_G+1","Defend_G","Defend_G+1","Defend_G","Survivor","Neutralize","Quick Slash","Crippling Poison+1","Caltrops+1","Well Laid Plans+1","Dagger Spray","Poisoned Stab","Endless Agony","Calculated Gamble","Blur","Corpse Explosion","RitualDagger","Quick Slash","Dagger Spray+1"],"relics":["Sozu","Bag of Marbles","Juzu Bracelet","War Paint","Coffee Dripper"],"acts_visited":["Exordium","TheCity"],"potions_floor_usage":[],"damage_taken":[{"damage":7.0,"enemies":"Small Slimes","floor":1.0,"turns":5.0},{"damage":0.0,"enemies":"Jaw Worm","floor":2.0,"turns":4.0},{"damage":0.0,"enemies":"Cultist","floor":3.0,"turns":4.0},{"damage":12.0,"enemies":"3 Sentries","floor":8.0,"turns":8.0},{"damage":1.0,"enemies":"Exordium Wildlife","floor":11.0,"turns":4.0},{"damage":24.0,"enemies":"Gremlin Nob","floor":12.0,"turns":4.0},{"damage":3.0,"enemies":"Blue Slaver","floor":14.0,"turns":3.0},{"damage":24.0,"enemies":"Hexaghost","floor":16.0,"turns":10.0},{"damage":8.0,"enemies":"Shell Parasite","floor":18.0,"turns":4.0},{"damage":4,"enemies":"3 Byrds","floor":22,"turns":3},{"damage":38,"enemies":"Book of Stabbing","floor":24,"turns":5}],"seed_played":"7390329438188265989","potions_obtained":[],"is_trial":false,"path_per_floor":["M","M","M","?","?","R","$","E","T","R","M","E","$","M","R","B",null,"M","?","?","$","M","R","E"],"character_chosen":"THE_SILENT","items_purchased":["Dagger Spray","Poisoned Stab","Blur","Quick Slash"],"campfire_rested":1,"item_purchase_floors":[7,7,13,21],"current_hp_per_floor":[56,56,56,49,49,49,49,37,37,37,36,12,12,9,30,6,54,46,46,40,40,36,36,0,0],"gold":49,"neow_bonus":"BOSS_RELIC","is_daily":false,"chose_seed":false,"campfire_upgraded":3,"win_rate":0.0,"timestamp":1608152807,"path_taken":["M","M","M","?","?","R","$","E","T","R","M","E","$","M","R","BOSS","M","?","?","?","M","R","E"],"items_purchased_type":["Card","Card","Card","Card"],"build_version":"2020-12-13","purchased_purges":2,"victory":false,"max_hp_per_floor":[70,70,70,70,70,70,70,70,70,70,70,70,70,70,70,70,70,70,70,70,70,70,70,70,70],"relic_stats":{"Sozu":4,"counters":[11,54],"Juzu Bracelet":0,"War Paint":["Defend_G","Defend_G"],"obtain_stats":[{"Sozu":0,"Bag of Marbles":8,"Juzu Bracelet":9,"Coffee Dripper":17,"War Paint":12,"Ring of the Snake":0},{"Sozu":0,"Bag of Marbles":4,"Juzu Bracelet":4,"Coffee Dripper":8,"War Paint":6,"Ring of the Snake":0},{"Sozu":0,"Bag of Marbles":21,"Juzu Bracelet":21,"Coffee Dripper":42,"War Paint":29,"Ring of the Snake":0}]},"card_choices":[{"not_picked":["Flying Knee","Prepared"],"picked":"Quick Slash","floor":1.0},{"not_picked":["Acrobatics","Accuracy"],"picked":"Crippling Poison","floor":2.0},{"not_picked":["Deflect","Slice"],"picked":"Caltrops","floor":3.0},{"not_picked":["Poisoned Stab","Bane"],"picked":"Endless Agony","floor":8.0},{"not_picked":["Prepared","All Out Attack","Underhanded Strike"],"picked":"SKIP","floor":11.0},{"not_picked":["Skewer","Choke"],"picked":"Calculated Gamble","floor":12.0},{"not_picked":["Flying Knee","Well Laid Plans","Dagger Spray"],"picked":"SKIP","floor":14.0},{"not_picked":["Tools of the Trade","Doppelganger"],"picked":"Corpse Explosion","floor":16.0},{"not_picked":["Slice","Underhanded Strike","Riddle With Holes"],"picked":"SKIP","floor":18.0},{"not_picked":["Concentrate","Bane"],"picked":"Dagger Spray+1","floor":22}],"player_experience":176277,"relics_obtained":[{"floor":8.0,"key":"Bag of Marbles"},{"floor":9.0,"key":"Juzu Bracelet"},{"floor":12.0,"key":"War Paint"}],"event_choices":[{"cards_removed":["Strike_G"],"damage_healed":0.0,"max_hp_gain":0.0,"max_hp_loss":0.0,"gold_gain":0.0,"event_name":"Golden Wing","player_choice":"Card Removal","floor":4.0,"gold_loss":0.0,"damage_taken":7.0},{"damage_healed":0.0,"max_hp_gain":0.0,"max_hp_loss":0.0,"gold_gain":0.0,"cards_transformed":["Strike_G"],"event_name":"Transmorgrifier","player_choice":"Transformed","floor":5.0,"gold_loss":0.0,"damage_taken":0.0,"cards_obtained":["Well Laid Plans"]},{"damage_healed":0.0,"max_hp_gain":0.0,"max_hp_loss":0.0,"gold_gain":0.0,"event_name":"Vampires","player_choice":"Ignored","floor":19.0,"gold_loss":0.0,"damage_taken":0.0},{"damage_healed":0.0,"max_hp_gain":0.0,"max_hp_loss":0.0,"gold_gain":0.0,"event_name":"Nest","player_choice":"Joined the Cult","floor":20.0,"gold_loss":0.0,"damage_taken":6.0,"cards_obtained":["RitualDagger"]}],"is_beta":false,"boss_relics":[{"not_picked":["Velvet Choker","Philosopher\u0027s Stone"],"picked":"Coffee Dripper"}],"items_purged_floors":[13,21],"is_endless":false,"potions_floor_spawned":[3,8,14,22],"killed_by":"Book of Stabbing","ascension_level":13}}