{"host":"dxo7getcgd66jrrz","time":1608100379,"event":{"mods":["BaseMod","BetterRewards","Colored Map","Colored Powertips","Downfall","Highlight Path","Minty Spire (QoL Compilation)","Replay The Spire","Robot Space Explorer","StSLib","The Construct","The Cursed","The Disciple","The Necromancer","The Servant 0.9.4"],"gold_per_floor":[0,450,550,576,501,520,589,600,631,631,631,650,28,38,55,156,256,256,268,280,292,320,332,371,308,331,343,84,101,121,121,131,233,233,233,253,273,273,211,211,236,286,286,286,286],"floor_reached":44,"playtime":3933,"items_purged":["Slimebound:Icky"],"score":541,"play_id":"53a7a0d6-489a-4edf-a512-c5c966dce4cb","local_time":"20201216003259","is_ascension_mode":false,"campfire_choices":[{"floor":1,"key":"RECALL"},{"data":"Guardian:SphericShield","floor":5,"key":"SMITH"},{"floor":10,"key":"REST"},{"floor":18,"key":"DIG"},{"floor":21,"key":"REST"},{"floor":25,"key":"REST"},{"data":"Guardian:TimeCapacitor","floor":27,"key":"SMITH"},{"data":"Guardian:TemporalStrike","floor":27,"key":"SMITH"},{"data":"Slimebound:Icky","floor":35,"key":"PURGE"},{"floor":40,"key":"REST"}],"circlet_count":0,"master_deck":["Guardian:Strike_Guardian","Guardian:Strike_Guardian","Guardian:Strike_Guardian","Guardian:Strike_Guardian","Guardian:Defend_Guardian","Guardian:Defend_Guardian","Guardian:Defend_Guardian","Guardian:Defend_Guardian","Guardian:CurlUp","Guardian:TwinSlam+1","Guardian:SphericShield+1","Guardian:WalkerClaw","Guardian:Reroute","Guardian:ChargeCore","Guardian:ShieldCharger","Guardian:RollAttack","Guardian:Incinerate","Guardian:Harden+1","Guardian:TimeCapacitor+1","Guardian:Incinerate","Guardian:StasisStrike","Guardian:Incinerate+1","Guardian:TemporalStrike+1","Guardian:RevengeProtocol","Guardian:ChargeCore","Guardian:ChargeCore","Guardian:Incinerate","Guardian:PiercingHide+1","Guardian:Recover","Guardian:TimeSifter","Guardian:ChargeCore+1","Guardian:Incinerate+1","Guardian:Suspension","Guardian:Incinerate","Guardian:Reroute+1","Guardian:WalkerClaw"],"relics":["Guardian:ModeShifter","Du-Vu Doll","downfall:HeartBlessingRed","Ornamental Fan","Oddly Smooth Stone","Replay:Arrowhead","Pear","Replay:Wanted Poster","MawBank","Nilry\u0027s Codex","downfall:HeartBlessingBlue","Pet Ghost","Sozu","Regal Pillow","Divine Protection"],"acts_visited":["Exordium","TheCity","TheBeyond"],"potions_floor_usage":[28,31,33,33,33],"damage_taken":[{"damage":16,"enemies":"Replay:BlueRogue","floor":4,"turns":9},{"damage":0,"enemies":"Small Slimes","floor":6,"turns":2},{"damage":0,"enemies":"2 Louse","floor":8,"turns":2},{"damage":3,"enemies":"Lagavulin","floor":9,"turns":6},{"damage":0,"enemies":"Cultist","floor":12,"turns":2},{"damage":10,"enemies":"downfall:FleeingMerchant","floor":13,"turns":4},{"damage":13,"enemies":"Red Slaver","floor":14,"turns":2},{"damage":12,"enemies":"Blue Slaver","floor":15,"turns":2},{"damage":23,"enemies":"downfall:Watcher","floor":16,"turns":11},{"damage":0,"enemies":"Shell Parasite","floor":22,"turns":4},{"damage":6,"enemies":"3 Byrds","floor":26,"turns":4},{"damage":0,"enemies":"downfall:FleeingMerchant","floor":28,"turns":4},{"damage":12,"enemies":"Centurion and Healer","floor":29,"turns":5},{"damage":14,"enemies":"Snake Plant","floor":30,"turns":4},{"damage":0,"enemies":"Sentry and Sphere","floor":31,"turns":1},{"damage":19,"enemies":"Shelled Parasite and Fungi","floor":32,"turns":4},{"damage":39,"enemies":"downfall:Defect","floor":33,"turns":8},{"damage":12,"enemies":"3 Shapes","floor":36,"turns":4},{"damage":15,"enemies":"Orb Walker","floor":37,"turns":4},{"damage":26,"enemies":"downfall:FleeingMerchant","floor":39,"turns":4},{"damage":86,"enemies":"Giant Head","floor":44,"turns":10}],"seed_played":"-6676031468368567181","potions_obtained":[{"floor":4,"key":"hexamod:EctoCoolerPotion"},{"floor":9,"key":"Guardian:DefensiveModePotion"},{"floor":14,"key":"SmokeBomb"},{"floor":15,"key":"FearPotion"},{"floor":29,"key":"PowerPotion"},{"floor":30,"key":"Toxic Potion"},{"floor":32,"key":"champ:CounterPotion"},{"floor":33,"key":"SpeedPotion"}],"is_trial":false,"path_per_floor":["R","?","?","E","R","M","T","M","E","R","?","M","$","M","M","B",null,"R_BF","?","?","R","M","?","T","R","M","R","$","M","M","M","M","B",null,"R_BF","M","M","?","$","R","T","?","?","E"],"character_chosen":"GUARDIAN","items_purchased":["Replay:Arrowhead","Pear","Guardian:Harden+1","Pet Ghost","Guardian:ChargeCore","Guardian:Incinerate"],"campfire_rested":4,"item_purchase_floors":[13,13,13,28,28,39],"current_hp_per_floor":[80,80,80,64,64,64,64,64,61,80,80,80,80,67,55,32,90,90,74,74,90,90,72,72,105,99,99,99,87,73,73,54,15,105,105,93,78,70,44,75,75,75,75,0,0],"gold":286,"neow_bonus":"THREE_RARE_CARDS","is_daily":false,"chose_seed":false,"campfire_upgraded":3,"win_rate":0.0,"timestamp":1608100379,"path_taken":["R","?","?","E","R","M","T","M","E","R","?","?","?","M","M","BOSS","R_BF","?","?","R","?","?","T","R","M","R","$","M","M","M","M","BOSS","R_BF","M","M","?","?","R","T","?","?","E"],"items_purchased_type":["Relic","Relic","Card","Relic","Card","Card"],"build_version":"2020-12-13","purchased_purges":1,"victory":false,"max_hp_per_floor":[80,80,80,80,80,80,80,80,80,80,80,80,90,90,90,90,90,90,90,90,90,90,95,95,105,105,105,105,105,105,105,105,105,105,105,105,105,105,105,105,105,105,105,105,105],"card_choices":[{"not_picked":["Guardian:BaubleBeam","Guardian:FastForward"],"picked":"Guardian:SphericShield","floor":0},{"not_picked":["Guardian:RefractedBeam","Guardian:PrimingBeam"],"picked":"Guardian:WalkerClaw","floor":4},{"not_picked":["Guardian:Gem_Lightblue","Guardian:ChargeUp"],"picked":"Guardian:Reroute","floor":6},{"not_picked":["Guardian:Gem_Lightblue","Guardian:Clone"],"picked":"Guardian:ChargeCore","floor":8},{"not_picked":["Guardian:GuardianWhirl","Guardian:Gem_Green"],"picked":"Guardian:ShieldCharger","floor":9},{"not_picked":["Guardian:VentSteam","Guardian:PiercingHide"],"picked":"Guardian:RollAttack","floor":12},{"not_picked":["Guardian:Reroute","Guardian:AncientConstruct"],"picked":"Guardian:Incinerate","floor":13},{"not_picked":["Guardian:PrimingBeam","Guardian:DecasProtection"],"picked":"Guardian:TimeCapacitor","floor":14},{"not_picked":["Guardian:BronzeArmor","Guardian:CrystalBeam"],"picked":"Guardian:Incinerate","floor":15},{"not_picked":["Guardian:AncientConstruct","Guardian:StasisField"],"picked":"Guardian:StasisStrike","floor":16},{"not_picked":["Guardian:Gem_Red","Guardian:Reroute"],"picked":"Guardian:Incinerate+1","floor":22},{"not_picked":["Guardian:Gem_Lightblue","Guardian:Gem_Red"],"picked":"Guardian:TemporalStrike","floor":26},{"not_picked":["Guardian:PiercingHide","Guardian:RefractedBeam"],"picked":"Guardian:RevengeProtocol","floor":28},{"not_picked":["Guardian:CrystalBeam","Guardian:BronzeOrb"],"picked":"Guardian:Incinerate","floor":29},{"not_picked":["Guardian:Gem_Red","Guardian:TemporalShield"],"picked":"Guardian:PiercingHide+1","floor":30},{"not_picked":["Guardian:Gem_Lightblue","Guardian:Gem_Red"],"picked":"Guardian:Recover","floor":32},{"not_picked":["Guardian:BaubleBeam","Guardian:ExploitGems"],"picked":"Guardian:TimeSifter","floor":33},{"not_picked":["Guardian:FloatingOrbs+1","Guardian:Gem_Green"],"picked":"Guardian:ChargeCore+1","floor":36},{"not_picked":["Guardian:VentSteam+1","Guardian:PiercingHide+1"],"picked":"Guardian:Incinerate+1","floor":37},{"not_picked":["Guardian:TemporalShield","Guardian:WalkerClaw"],"picked":"Guardian:Suspension","floor":39},{"not_picked":["Guardian:Gem_Fragmented","Guardian:Gem_Blue"],"picked":"Guardian:Reroute+1","floor":42},{"not_picked":["Guardian:EvasiveProtocol+1","Guardian:Planning+1"],"picked":"Guardian:WalkerClaw","floor":42}],"player_experience":57794,"relics_obtained":[{"floor":4,"key":"Du-Vu Doll"},{"floor":7,"key":"Ornamental Fan"},{"floor":9,"key":"Oddly Smooth Stone"},{"floor":18,"key":"MawBank"},{"floor":19,"key":"Nilry\u0027s Codex"},{"floor":41,"key":"Regal Pillow"},{"floor":42,"key":"Divine Protection"}],"event_choices":[],"is_beta":false,"boss_relics":[{"not_picked":["Empty Cage","Snecko Eye"],"picked":"Replay:Wanted Poster"},{"not_picked":["Philosopher\u0027s Stone","Replay:Grab Bag"],"picked":"Sozu"}],"items_purged_floors":[28],"is_endless":false,"potions_floor_spawned":[4,9,14,15,29,30,31,32,33,36],"killed_by":"Giant Head","ascension_level":0}}