{"host":"qwttrqaysb380yri","time":1608150631,"event":{"mods":["BaseMod","Custom Start","Minty Spire (QoL Compilation)","Puzzle Mod","Relic Stats","StSLib","The Cursed","The Hierophant"],"gold_per_floor":[111,131,131,147,166,166,181,37,37,54,82,97,110,127,127,184,184,234,302,302,282,282],"floor_reached":21,"playtime":725,"items_purged":[],"score":399,"play_id":"8d4bb5f0-c3eb-4e11-930a-14eb8db1b91d","local_time":"20201216213031","is_ascension_mode":true,"campfire_choices":[{"data":"hierophant:Purify","floor":6,"key":"SMITH"},{"data":"hierophant:Martyrdom","floor":15,"key":"SMITH"}],"circlet_count":0,"master_deck":["AscendersBane","hierophant:Strike_Hierophant+1","hierophant:Strike_Hierophant+1","hierophant:Strike_Hierophant+1","hierophant:Strike_Hierophant+1","hierophant:Punish","hierophant:Defend_Hierophant+1","hierophant:Defend_Hierophant+1","hierophant:Defend_Hierophant+1","hierophant:Defend_Hierophant+1","hierophant:ChurchCoffers","hierophant:Martyrdom+1","hierophant:Flagellation","hierophant:Repentance","hierophant:Purify+1","hierophant:PassingBell","hierophant:Encroach","hierophant:Batter","hierophant:FlamingChariot","hierophant:SealAway","hierophant:HammerAndAnvil","hierophant:BulkyChest","hierophant:Shelter"],"relics":["hierophant:PropheticMaskRelic","Bottled Tornado","Lee\u0027s Waffle","Gremlin Horn","Eternal Feather","Coffee Dripper"],"acts_visited":["Exordium","TheCity"],"potions_floor_usage":[5,7,11,14,16],"damage_taken":[{"damage":0,"enemies":"Small Slimes","floor":1,"turns":3},{"damage":9,"enemies":"Jaw Worm","floor":2,"turns":3},{"damage":0,"enemies":"2 Louse","floor":4,"turns":1},{"damage":1,"enemies":"Gremlin Gang","floor":5,"turns":3},{"damage":35,"enemies":"Gremlin Nob","floor":7,"turns":4},{"damage":15,"enemies":"Lots of Slimes","floor":10,"turns":3},{"damage":5,"enemies":"3 Sentries","floor":11,"turns":3},{"damage":7,"enemies":"Blue Slaver","floor":12,"turns":4},{"damage":15,"enemies":"Lagavulin","floor":13,"turns":4},{"damage":0,"enemies":"Gremlin Gang","floor":14,"turns":2},{"damage":44,"enemies":"Hexaghost","floor":16,"turns":7},{"damage":37,"enemies":"Shell Parasite","floor":18,"turns":4},{"damage":23,"enemies":"3 Byrds","floor":19,"turns":4},{"damage":10,"enemies":"Shelled Parasite and Fungi","floor":21,"turns":3}],"seed_played":"-1636031757149519822","potions_obtained":[{"floor":1,"key":"Energy Potion"},{"floor":4,"key":"DistilledChaos"},{"floor":5,"key":"AttackPotion"},{"floor":10,"key":"Fire Potion"},{"floor":13,"key":"Swift Potion"}],"is_trial":false,"path_per_floor":["M","M","?","M","M","R","E","$","T","M","E","M","E","M","R","B",null,"M","M","?","M"],"character_chosen":"HIEROPHANT","items_purchased":["Lee\u0027s Waffle"],"campfire_rested":0,"item_purchase_floors":[8],"current_hp_per_floor":[75,66,66,66,65,65,30,89,89,74,69,62,47,47,59,15,71,34,11,11,1,1],"gold":282,"neow_bonus":"TEN_PERCENT_HP_BONUS","is_daily":false,"chose_seed":false,"campfire_upgraded":2,"win_rate":0.0,"timestamp":1608150631,"path_taken":["M","M","?","M","M","R","E","$","T","M","E","M","E","M","R","BOSS","M","M","?","M"],"items_purchased_type":["Relic"],"build_version":"2020-12-13","purchased_purges":0,"victory":false,"max_hp_per_floor":[82,82,82,82,82,82,82,89,89,89,89,89,89,89,89,89,89,89,89,89,89,89],"relic_stats":{"Lee\u0027s Waffle":59,"Gremlin Horn":[9,9],"counters":[14,48],"Eternal Feather":12,"obtain_stats":[{"Lee\u0027s Waffle":8,"Gremlin Horn":9,"hierophant:PropheticMaskRelic":0,"Eternal Feather":11,"Coffee Dripper":17,"Bottled Tornado":7},{"Lee\u0027s Waffle":5,"Gremlin Horn":5,"hierophant:PropheticMaskRelic":0,"Eternal Feather":7,"Coffee Dripper":11,"Bottled Tornado":5},{"Lee\u0027s Waffle":14,"Gremlin Horn":14,"hierophant:PropheticMaskRelic":0,"Eternal Feather":20,"Coffee Dripper":37,"Bottled Tornado":14}]},"card_choices":[{"not_picked":["hierophant:DisplayOfPower","hierophant:Glossolalia"],"picked":"hierophant:Martyrdom","floor":1},{"not_picked":["hierophant:FaithHealing","hierophant:Bribe"],"picked":"hierophant:Flagellation","floor":2},{"not_picked":["hierophant:ThreeLashes","hierophant:RepressedViolence"],"picked":"hierophant:Repentance","floor":4},{"not_picked":["hierophant:HammerAndAnvil","hierophant:ConvertCurrency"],"picked":"hierophant:Purify","floor":5},{"not_picked":["hierophant:HammerAndAnvil","hierophant:RepressedViolence"],"picked":"hierophant:PassingBell","floor":7},{"not_picked":["hierophant:Martyrdom","hierophant:PassingBell"],"picked":"hierophant:Encroach","floor":10},{"not_picked":["hierophant:FieryStrike","hierophant:HammerAndAnvil"],"picked":"hierophant:Batter","floor":11},{"not_picked":["hierophant:Refuge","hierophant:OrnateBuckler"],"picked":"hierophant:FlamingChariot","floor":12},{"not_picked":["hierophant:AuricShield","hierophant:RustyCrate"],"picked":"hierophant:SealAway","floor":13},{"not_picked":["hierophant:ThreeLashes","hierophant:Encroach"],"picked":"hierophant:HammerAndAnvil","floor":14},{"not_picked":["hierophant:Cornucopia","hierophant:Kindle"],"picked":"hierophant:BulkyChest","floor":16},{"not_picked":["hierophant:PassingBell","hierophant:DisplayOfPower+1"],"picked":"hierophant:Shelter","floor":18},{"not_picked":["hierophant:Sermon","hierophant:HolyVerse","hierophant:AuricBeam"],"picked":"SKIP","floor":19}],"player_experience":1872088,"relics_obtained":[{"floor":7,"key":"Bottled Tornado"},{"floor":9,"key":"Gremlin Horn"},{"floor":11,"key":"Eternal Feather"}],"event_choices":[{"damage_healed":0,"gold_gain":0,"player_choice":"Ignored","damage_taken":0,"max_hp_gain":0,"max_hp_loss":0,"event_name":"Shining Light","floor":3,"gold_loss":0},{"damage_healed":0,"gold_gain":0,"player_choice":"Simplicity","damage_taken":0,"max_hp_gain":0,"max_hp_loss":0,"event_name":"Back to Basics","floor":20,"gold_loss":0,"cards_upgraded":["hierophant:Strike_Hierophant","hierophant:Strike_Hierophant","hierophant:Strike_Hierophant","hierophant:Strike_Hierophant","hierophant:Defend_Hierophant","hierophant:Defend_Hierophant","hierophant:Defend_Hierophant","hierophant:Defend_Hierophant"]}],"is_beta":false,"boss_relics":[{"not_picked":["Philosopher\u0027s Stone","Ectoplasm"],"picked":"Coffee Dripper"}],"items_purged_floors":[],"is_endless":false,"potions_floor_spawned":[1,4,5,10,13],"killed_by":"Shelled Parasite and Fungi","ascension_level":15}}