{"host":"soyfmymeou4emntr","time":1608147581,"event":{"mods":["BaseMod","Minty Spire (QoL Compilation)","Relic Sorter","Relic Stats","StSLib"],"gold_per_floor":[113,6,20,32,32,32,58,58,133,148,177,142,172,60,60,138,138,149,424,65,82,93,93,93,121,121,165,165,188,197,207,207,292,292,319,319,150,171,195,195,229,229,254,297,297,324,324,364,364,364,364,364],"floor_reached":51,"playtime":4580,"items_purged":["Strike_G","Regret"],"score":1688,"play_id":"013e452a-899c-4c24-b32b-d47dac1a5831","local_time":"20201216123941","is_ascension_mode":true,"campfire_choices":[{"data":"Neutralize","floor":6.0,"key":"SMITH"},{"floor":8.0,"key":"REST"},{"data":"Wraith Form v2","floor":15.0,"key":"SMITH"},{"data":"After Image","floor":23.0,"key":"SMITH"},{"data":"Crippling Poison","floor":28.0,"key":"SMITH"},{"data":"Calculated Gamble","floor":32.0,"key":"SMITH"},{"data":"Catalyst","floor":40.0,"key":"SMITH"},{"data":"Calculated Gamble","floor":47.0,"key":"SMITH"},{"data":"Catalyst","floor":49.0,"key":"SMITH"}],"circlet_count":0,"master_deck":["AscendersBane","Strike_G","Strike_G","Strike_G","Strike_G","Defend_G","Defend_G","Defend_G","Defend_G","Survivor","Neutralize+1","Backstab","Slice","Deadly Poison","Deadly Poison","Flying Knee","Wraith Form v2+1","After Image+1","Well Laid Plans","Footwork","Adrenaline","Blade Dance+1","Flash of Steel","Noxious Fumes","Crippling Poison+1","Calculated Gamble+1","Crippling Poison","Catalyst+1","Bullet Time","Caltrops+1","PiercingWail","Crippling Poison","Calculated Gamble+1","Flechettes","Catalyst+1"],"relics":["Ring of the Snake","NeowsBlessing","Blood Vial","StrikeDummy","Ninja Scroll","Mercury Hourglass","Black Star","OrangePellets","NlothsMask","Tough Bandages","Question Card","Orichalcum","CeramicFish","Runic Pyramid","Lantern","Peace Pipe","Happy Flower","Art of War","Regal Pillow","Bird Faced Urn","Strawberry","Calipers","The Courier","Incense Burner"],"acts_visited":["Exordium","TheCity","TheBeyond"],"potions_floor_usage":[51],"damage_taken":[{"damage":0.0,"enemies":"Cultist","floor":1.0,"turns":1.0},{"damage":0.0,"enemies":"Jaw Worm","floor":3.0,"turns":1.0},{"damage":0.0,"enemies":"2 Louse","floor":4.0,"turns":1.0},{"damage":34.0,"enemies":"Gremlin Nob","floor":7.0,"turns":4.0},{"damage":2.0,"enemies":"Red Slaver","floor":10.0,"turns":3.0},{"damage":0.0,"enemies":"Lagavulin","floor":11.0,"turns":4.0},{"damage":6.0,"enemies":"Gremlin Nob","floor":13.0,"turns":3.0},{"damage":13.0,"enemies":"Hexaghost","floor":16.0,"turns":11.0},{"damage":7.0,"enemies":"Spheric Guardian","floor":18.0,"turns":6.0},{"damage":8.0,"enemies":"Shell Parasite","floor":21.0,"turns":5.0},{"damage":6.0,"enemies":"Sentry and Sphere","floor":22.0,"turns":4.0},{"damage":7.0,"enemies":"Book of Stabbing","floor":25.0,"turns":5.0},{"damage":1.0,"enemies":"Gremlin Leader","floor":27.0,"turns":6.0},{"damage":1.0,"enemies":"Shelled Parasite and Fungi","floor":29.0,"turns":5.0},{"damage":5.0,"enemies":"Cultist and Chosen","floor":31.0,"turns":5.0},{"damage":32.0,"enemies":"Champ","floor":33.0,"turns":12.0},{"damage":11.0,"enemies":"3 Shapes","floor":35.0,"turns":3.0},{"damage":0.0,"enemies":"3 Darklings","floor":38.0,"turns":4.0},{"damage":2.0,"enemies":"Writhing Mass","floor":39.0,"turns":6.0},{"damage":4.0,"enemies":"Giant Head","floor":41.0,"turns":7.0},{"damage":1.0,"enemies":"Reptomancer","floor":44.0,"turns":6.0},{"damage":0.0,"enemies":"Nemesis","floor":46.0,"turns":9.0},{"damage":8.0,"enemies":"Reptomancer","floor":48.0,"turns":6.0},{"damage":26.0,"enemies":"Donu and Deca","floor":50.0,"turns":12.0},{"damage":54,"enemies":"Awakened One","floor":51,"turns":3}],"seed_played":"-6180695153617170606","potions_obtained":[{"floor":7.0,"key":"Swift Potion"},{"floor":10.0,"key":"FearPotion"},{"floor":18.0,"key":"SpeedPotion"},{"floor":21.0,"key":"Energy Potion"},{"floor":27.0,"key":"ColorlessPotion"},{"floor":29.0,"key":"LiquidBronze"},{"floor":39.0,"key":"CultistPotion"},{"floor":41.0,"key":"SpeedPotion"},{"floor":45.0,"key":"DistilledChaos"}],"is_trial":false,"path_per_floor":["M","$","M","M","$","R","E","R","T","M","E","?","E","$","R","B",null,"M","?","$","M","M","R","?","E","T","E","R","M","?","M","R","B",null,"M","?","$","M","M","R","E","?","T","E","?","E","R","E","R","B","B"],"character_chosen":"THE_SILENT","items_purchased":["Slice","Strength Potion","Footwork","OrangePellets","Flash of Steel","Lantern"],"campfire_rested":1,"item_purchase_floors":[2,2,14,20,20,37],"current_hp_per_floor":[59,59,59,59,59,59,25,44,44,44,46,62,58,58,58,47,61,56,56,56,50,46,46,46,41,41,42,42,43,43,40,40,10,52,43,43,43,45,45,45,43,43,43,44,44,63,63,65,65,46,0,0],"gold":364,"neow_bonus":"THREE_ENEMY_KILL","is_daily":false,"chose_seed":false,"campfire_upgraded":8,"win_rate":0.0,"timestamp":1608147581,"path_taken":["M","$","M","?","$","R","E","R","T","M","E","?","E","$","R","BOSS","M","?","$","?","M","R","?","E","T","E","R","?","?","M","R","BOSS","M","?","$","M","M","R","E","?","T","E","?","E","R","E","R","BOSS","BOSS"],"items_purchased_type":["Card","Potion","Card","Relic","Card","Relic"],"build_version":"2020-12-13","purchased_purges":2,"victory":false,"max_hp_per_floor":[66,66,66,66,66,66,66,66,66,66,66,66,66,66,66,66,66,66,66,66,66,66,66,66,66,66,66,66,66,66,66,66,66,66,66,63,63,63,63,63,63,63,63,63,63,70,70,70,70,70,70,70],"relic_stats":{"Regal Pillow":0,"Happy Flower":[12],"counters":[25,131],"CeramicFish":90,"Orichalcum":[24],"Question Card":11,"Mercury Hourglass":[392],"Blood Vial":42,"Peace Pipe":0,"OrangePellets":[22],"Tough Bandages":[276],"Bird Faced Urn":[27],"Black Star":6,"Art of War":[8],"obtain_stats":[{"Lantern":37,"Regal Pillow":44,"Calipers":46,"NeowsBlessing":0,"Happy Flower":41,"CeramicFish":27,"The Courier":48,"Incense Burner":48,"Orichalcum":27,"Question Card":25,"Mercury Hourglass":13,"Blood Vial":7,"Peace Pipe":41,"OrangePellets":20,"Tough Bandages":25,"Ninja Scroll":11,"Bird Faced Urn":44,"Strawberry":46,"Black Star":17,"Art of War":43,"StrikeDummy":9,"Ring of the Snake":0,"NlothsMask":24,"Runic Pyramid":34},{"Lantern":17,"Regal Pillow":21,"Calipers":22,"NeowsBlessing":0,"Happy Flower":20,"CeramicFish":13,"The Courier":23,"Incense Burner":23,"Orichalcum":13,"Question Card":12,"Mercury Hourglass":7,"Blood Vial":4,"Peace Pipe":20,"OrangePellets":9,"Tough Bandages":12,"Ninja Scroll":6,"Bird Faced Urn":21,"Strawberry":22,"Black Star":8,"Art of War":20,"StrikeDummy":4,"Ring of the Snake":0,"NlothsMask":11,"Runic Pyramid":16},{"Lantern":78,"Regal Pillow":101,"Calipers":110,"NeowsBlessing":0,"Happy Flower":95,"CeramicFish":53,"The Courier":116,"Incense Burner":116,"Orichalcum":53,"Question Card":47,"Mercury Hourglass":17,"Blood Vial":7,"Peace Pipe":95,"OrangePellets":33,"Tough Bandages":47,"Ninja Scroll":14,"Bird Faced Urn":101,"Strawberry":110,"Black Star":27,"Art of War":95,"StrikeDummy":7,"Ring of the Snake":0,"NlothsMask":42,"Runic Pyramid":75}],"Ring of the Snake":[50]},"card_choices":[{"not_picked":["Slice","Quick Slash"],"picked":"Backstab","floor":1.0},{"not_picked":["Flechettes","Prepared"],"picked":"Deadly Poison","floor":3.0},{"not_picked":["Tactician","Deflect"],"picked":"Deadly Poison","floor":4.0},{"not_picked":["Riddle With Holes","Expertise"],"picked":"Flying Knee","floor":7.0},{"not_picked":["Prepared","Deadly Poison"],"picked":"Wraith Form v2","floor":10.0},{"not_picked":["Deadly Poison","Accuracy"],"picked":"After Image","floor":11.0},{"not_picked":["Dagger Throw","Expertise"],"picked":"Well Laid Plans","floor":13.0},{"not_picked":["Tools of the Trade","Malaise"],"picked":"Adrenaline","floor":16.0},{"not_picked":["Dash","Escape Plan"],"picked":"Blade Dance+1","floor":18.0},{"not_picked":["Deadly Poison","Predator"],"picked":"Noxious Fumes","floor":21.0},{"not_picked":["Predator","Quick Slash"],"picked":"Crippling Poison","floor":22.0},{"not_picked":["Acrobatics","Choke","Backflip"],"picked":"SKIP","floor":25.0},{"not_picked":["Bane+1","Blade Dance","Dodge and Roll"],"picked":"Calculated Gamble","floor":27.0},{"not_picked":["Quick Slash","Blade Dance","Sucker Punch"],"picked":"Crippling Poison","floor":29.0},{"not_picked":["Outmaneuver","Distraction","Acrobatics","Cloak And Dagger+1"],"picked":"SKIP","floor":31.0},{"not_picked":["Storm of Steel","Tools of the Trade","Grand Finale"],"picked":"Bullet Time","floor":33.0},{"not_picked":["Cloak And Dagger","Crippling Poison","Well Laid Plans"],"picked":"Caltrops+1","floor":35.0},{"not_picked":["Sucker Punch+1","Dagger Throw","Tactician"],"picked":"PiercingWail","floor":38.0},{"not_picked":["Predator","Heel Hook","Infinite Blades+1"],"picked":"Crippling Poison","floor":39.0},{"not_picked":["Predator","Caltrops","Deadly Poison"],"picked":"Calculated Gamble","floor":41.0},{"not_picked":["Slice","Setup","Grand Finale"],"picked":"Flechettes","floor":44.0},{"not_picked":["Poisoned Stab","Predator","Heel Hook","Slice+1"],"picked":"SKIP","floor":46.0},{"not_picked":["Deflect","Slice+1","Underhanded Strike"],"picked":"Catalyst","floor":48.0}],"player_experience":2570743,"relics_obtained":[{"floor":7.0,"key":"Blood Vial"},{"floor":9.0,"key":"StrikeDummy"},{"floor":11.0,"key":"Ninja Scroll"},{"floor":13.0,"key":"Mercury Hourglass"},{"floor":25.0,"key":"Tough Bandages"},{"floor":25.0,"key":"Question Card"},{"floor":27.0,"key":"Orichalcum"},{"floor":27.0,"key":"CeramicFish"},{"floor":41.0,"key":"Peace Pipe"},{"floor":41.0,"key":"Happy Flower"},{"floor":43.0,"key":"Art of War"},{"floor":44.0,"key":"Regal Pillow"},{"floor":44.0,"key":"Bird Faced Urn"},{"floor":46.0,"key":"Strawberry"},{"floor":46.0,"key":"Calipers"},{"floor":48.0,"key":"The Courier"},{"floor":48.0,"key":"Incense Burner"}],"event_choices":[{"damage_healed":16.0,"max_hp_gain":0.0,"max_hp_loss":0.0,"gold_gain":0.0,"event_name":"The Cleric","player_choice":"Healed","floor":12.0,"gold_loss":35.0,"damage_taken":0.0},{"damage_healed":0.0,"max_hp_gain":0.0,"max_hp_loss":0.0,"gold_gain":275.0,"event_name":"Golden Shrine","player_choice":"Desecrate","floor":19.0,"gold_loss":0.0,"damage_taken":0.0,"cards_obtained":["Regret"]},{"damage_healed":0.0,"max_hp_gain":0.0,"max_hp_loss":0.0,"gold_gain":0.0,"event_name":"FaceTrader","player_choice":"Trade","floor":24.0,"gold_loss":0.0,"damage_taken":0.0,"relics_obtained":["NlothsMask"]},{"damage_healed":0.0,"max_hp_gain":0.0,"max_hp_loss":0.0,"gold_gain":0.0,"event_name":"The Library","player_choice":"Read","floor":30.0,"gold_loss":0.0,"damage_taken":0.0,"cards_obtained":["Catalyst"]},{"damage_healed":0.0,"max_hp_gain":0.0,"max_hp_loss":3.0,"gold_gain":0.0,"event_name":"Winding Halls","player_choice":"Max HP","floor":36.0,"gold_loss":0.0,"damage_taken":0.0},{"cards_removed":["Defend_G"],"damage_healed":0.0,"max_hp_gain":0.0,"max_hp_loss":0.0,"gold_gain":0.0,"event_name":"Falling","player_choice":"Removed Skill","floor":42.0,"gold_loss":0.0,"damage_taken":0.0},{"damage_healed":0.0,"max_hp_gain":0.0,"max_hp_loss":0.0,"gold_gain":0.0,"event_name":"Lab","player_choice":"Got Potions","floor":45.0,"gold_loss":0.0,"damage_taken":0.0}],"is_beta":false,"boss_relics":[{"not_picked":["Ring of the Serpent","Astrolabe"],"picked":"Black Star"},{"not_picked":["SlaversCollar","Philosopher\u0027s Stone"],"picked":"Runic Pyramid"}],"items_purged_floors":[14,20],"is_endless":false,"potions_floor_spawned":[7,10,18,21,27,29,39,41,46],"killed_by":"Awakened One","ascension_level":20}}