{"host":"tj6tjcyqgbd0xj5u","time":1608084846,"event":{"mods":["Aspiration","BaseMod","Better Match","BetterRewards","Challenge The Spire","Conspire","Defuse TimeMaze Blight","Energized Spire","GifTheSpireLib","Gremlin Mod","Halation","Hubris","Infinite Spire","Minty Spire (QoL Compilation)","Replay The Spire","Reworked Bosses","Robot Space Explorer","Spikes Relics","StSLib","Stuff the Spire","The Gatherer","The Sage","vexMod"],"gold_per_floor":[109,109,109,59,78,112,112,137,137,100,120,133,137,152,152,250,250,263,274,274,83,96,131,131,164,164,164,183,183,198,198,198,299,299,312,312,327,347,359,359,391,406,406,422,422,422],"floor_reached":45,"playtime":2068,"items_purged":["hubris:Gluttony","Strike_B"],"score":574,"play_id":"49c03ba0-3a56-4032-8468-f483dd42672e","local_time":"20201215221406","is_ascension_mode":true,"campfire_choices":[{"data":"Dualcast","floor":7,"key":"SMITH"},{"floor":15,"key":"REST"},{"data":"Crystallizer","floor":24,"key":"SMITH"},{"floor":27,"key":"REST"},{"floor":29,"key":"REST"},{"floor":32,"key":"REST"},{"data":"StuffTheSpire:LaunchingStrike","floor":40,"key":"SMITH"}],"circlet_count":0,"master_deck":["Strike_B","Defend_B","Defend_B+1","Defend_B","Defend_B","Zap","Dualcast+1","conspire:SharedLibrary+1","Conserve Battery","StuffTheSpire:LaunchingStrike+1","Streamline","Cold Snap","Cold Snap","Melter","Consume+1","Glacier","Electrodynamics","Crystallizer+1","Doom and Gloom","Gash","Leap","Buffer+1","Parasite","Ball Lightning","Streamline"],"relics":["Cracked Core","aspiration:Nostalgia","infinitespire:DarkRift","halation:PinkSoulGem","hubris:DeckOfHolding","Calipers","Eternal Feather","ReplayTheSpireMod:CursedCoin","ReplayTheSpireMod:TigerMarble","Busted Crown","hubris:SlimyHat","hubris:ToyBattleship","Bottled Tornado","AncientExoskeleton","vexMod:PaidLearning","vexMod:PlasmaPancake","StuffTheSpire:ForceGauntlet"],"acts_visited":["Exordium","TheCity","TheBeyond"],"potions_floor_usage":[14,14,16,22,25,33],"damage_taken":[{"damage":2,"enemies":"2 Louse","floor":1,"turns":3},{"damage":3,"enemies":"Jaw Worm","floor":5,"turns":2},{"damage":4,"enemies":"Lagavulin","floor":6,"turns":9},{"damage":20,"enemies":"3 Sentries","floor":8,"turns":8},{"damage":7,"enemies":"Small Slimes","floor":11,"turns":2},{"damage":12,"enemies":"Blue Slaver","floor":12,"turns":2},{"damage":7,"enemies":"Exordium Wildlife","floor":14,"turns":3},{"damage":16,"enemies":"Fading Forest","floor":16,"turns":11},{"damage":0,"enemies":"Chosen","floor":18,"turns":3},{"damage":2,"enemies":"Spheric Guardian","floor":19,"turns":3},{"damage":26,"enemies":"Snake Plant","floor":22,"turns":4},{"damage":0,"enemies":"Gremlin Leader","floor":23,"turns":4},{"damage":59,"enemies":"Book of Stabbing","floor":25,"turns":5},{"damage":24,"enemies":"Cultist and Chosen","floor":28,"turns":7},{"damage":6,"enemies":"Snecko","floor":30,"turns":4},{"damage":32,"enemies":"conspire:MysteriousRune","floor":33,"turns":13},{"damage":0,"enemies":"Orb Walker","floor":35,"turns":4},{"damage":0,"enemies":"3 Darklings","floor":37,"turns":1},{"damage":2,"enemies":"4 Shapes","floor":38,"turns":6},{"damage":3,"enemies":"Writhing Mass","floor":39,"turns":5},{"damage":13,"enemies":"R_Hoarder","floor":41,"turns":9},{"damage":0,"enemies":"Sphere and 2 Shapes","floor":42,"turns":3},{"damage":0,"enemies":"4 Shapes","floor":44,"turns":5},{"damage":70,"enemies":"Transient","floor":45,"turns":5}],"seed_played":"-1679437023098201640","potions_obtained":[{"floor":6,"key":"Toxic Potion"},{"floor":8,"key":"LiquidMemories"},{"floor":12,"key":"FearPotion"},{"floor":16,"key":"AttackPotion"},{"floor":19,"key":"GamblersBrew"},{"floor":30,"key":"Venom Potion"},{"floor":33,"key":"Energy Potion"},{"floor":35,"key":"Strength Potion"},{"floor":39,"key":"SneckoOil"},{"floor":42,"key":"FearPotion"},{"floor":44,"key":"Ancient Potion"}],"is_trial":false,"path_per_floor":["M","?","?","?","M","E","R","E","T","$","M","M","$","M","R","B",null,"M","M","?","$","M","E","R","E","T","R","M","R","M","?","R","B",null,"M","AVR","M","M","M","R","E","M","T","M","M"],"character_chosen":"DEFECT","items_purchased":["Cold Snap","ReplayTheSpireMod:CursedCoin","ReplayTheSpireMod:TigerMarble","Crystallizer","Doom and Gloom"],"campfire_rested":4,"item_purchase_floors":[10,13,13,21,21],"current_hp_per_floor":[73,73,58,58,55,61,61,41,41,41,34,22,22,15,46,30,75,75,73,73,73,47,51,63,4,4,38,14,48,42,42,75,43,75,75,75,75,73,70,75,68,68,68,68,0,0],"gold":422,"neow_bonus":"NOSTALGIA","is_daily":false,"chose_seed":false,"campfire_upgraded":3,"win_rate":0.0,"timestamp":1608084846,"path_taken":["M","?","?","?","M","E","R","E","T","?","M","?","$","M","R","BOSS","M","M","?","?","M","E","R","E","T","R","M","R","M","?","R","BOSS","M","AVR","M","M","M","R","E","M","T","M","?"],"items_purchased_type":["Card","Relic","Relic","Card","Card"],"build_version":"2020-12-13","purchased_purges":2,"victory":false,"max_hp_per_floor":[75,75,75,75,75,75,75,75,75,75,75,75,75,75,75,75,75,75,75,75,75,75,75,75,75,75,75,75,75,75,75,75,75,75,75,75,75,75,75,75,81,81,81,81,81,81],"card_choices":[{"not_picked":["Doom and Gloom","Compile Driver"],"picked":"conspire:SharedLibrary","floor":1},{"not_picked":["Turbo","BootSequence"],"picked":"Conserve Battery","floor":5},{"not_picked":["Chill","Lockon"],"picked":"StuffTheSpire:LaunchingStrike","floor":6},{"not_picked":["Gash","Buffer"],"picked":"Streamline","floor":8},{"not_picked":["Steam","Compile Driver"],"picked":"Melter","floor":11},{"not_picked":["Streamline","Cold Snap"],"picked":"Consume","floor":12},{"not_picked":["Rebound","ReplayTheSpireMod:Calculation Training"],"picked":"Glacier","floor":14},{"not_picked":["Echo Form","ReplayTheSpireMod:Omega Cannon"],"picked":"Electrodynamics","floor":16},{"not_picked":["StuffTheSpire:LoadUp"],"picked":"SKIP","floor":18},{"not_picked":["Streamline"],"picked":"SKIP","floor":19},{"not_picked":["Barrage"],"picked":"SKIP","floor":22},{"not_picked":[],"picked":"Gash","floor":23},{"not_picked":[],"picked":"Leap","floor":25},{"not_picked":["ReplayTheSpireMod:Calculation Training"],"picked":"SKIP","floor":28},{"not_picked":["Turbo"],"picked":"SKIP","floor":30},{"not_picked":[],"picked":"Buffer","floor":33},{"not_picked":["Stack"],"picked":"SKIP","floor":35},{"not_picked":["Chill"],"picked":"SKIP","floor":37},{"not_picked":["Beam Cell+1"],"picked":"SKIP","floor":38},{"not_picked":["Doom and Gloom"],"picked":"SKIP","floor":39},{"not_picked":["Doom and Gloom"],"picked":"SKIP","floor":39},{"not_picked":["Rebound"],"picked":"SKIP","floor":41},{"not_picked":[],"picked":"Ball Lightning","floor":42},{"not_picked":[],"picked":"Streamline","floor":44}],"player_experience":37503,"relics_obtained":[{"floor":6,"key":"hubris:DeckOfHolding"},{"floor":8,"key":"Calipers"},{"floor":9,"key":"Eternal Feather"},{"floor":23,"key":"hubris:SlimyHat"},{"floor":25,"key":"hubris:ToyBattleship"},{"floor":26,"key":"Bottled Tornado"},{"floor":41,"key":"vexMod:PlasmaPancake"},{"floor":43,"key":"StuffTheSpire:ForceGauntlet"}],"event_choices":[{"damage_healed":0,"gold_gain":0,"player_choice":"Entered Light","damage_taken":15,"max_hp_gain":0,"max_hp_loss":0,"event_name":"Shining Light","floor":3,"gold_loss":0,"cards_upgraded":["conspire:SharedLibrary","Defend_B"]},{"cards_removed":["Strike_B"],"damage_healed":0,"gold_gain":0,"player_choice":"Card Removal","damage_taken":0,"max_hp_gain":0,"max_hp_loss":0,"event_name":"The Cleric","floor":4,"gold_loss":50},{"damage_healed":0,"gold_gain":0,"cards_transformed":["Delirium"],"player_choice":"Transformed","damage_taken":0,"max_hp_gain":0,"max_hp_loss":0,"event_name":"Transmorgrifier","floor":20,"gold_loss":0,"cards_obtained":["hubris:Gluttony"]},{"cards_removed":["Strike_B"],"damage_healed":0,"gold_gain":0,"player_choice":"Purged","damage_taken":0,"max_hp_gain":0,"max_hp_loss":0,"event_name":"Purifier","floor":31,"gold_loss":0}],"is_beta":false,"boss_relics":[{"not_picked":["Honey Jar","ReplayTheSpireMod:SealedPack"],"picked":"Busted Crown"},{"not_picked":["aspiration:BursterCore","Replay:Wanted Poster"],"picked":"AncientExoskeleton"}],"items_purged_floors":[21,36],"is_endless":false,"potions_floor_spawned":[6,8,12,16,19,30,33,35,39,42,44],"killed_by":"Transient","ascension_level":1}}