{"host":"8rwnpls8n88jrgbg","time":1608116514,"event":{"mods":["AchievementEnabler","BaseMod","Colored Map","Colored Powertips","DeckTracker","Keyboard Shortcuts","Minty Spire (QoL Compilation)","Relic Stats","StSLib","SuperFastMode"],"gold_per_floor":[110,110,120,44,62,62,7,37,85,111,123,123,198,211,211,211,211],"floor_reached":16,"playtime":554,"items_purged":[],"score":220,"play_id":"f8197251-717a-4e57-bc94-afccf2fe2c4e","local_time":"20201216200154","is_ascension_mode":true,"campfire_choices":[{"data":"Glass Knife","floor":6,"key":"SMITH"},{"floor":12,"key":"REST"},{"data":"Footwork","floor":15,"key":"SMITH"}],"circlet_count":0,"master_deck":["AscendersBane","Strike_G","Strike_G","Strike_G","Strike_G","Defend_G","Defend_G","Defend_G","Defend_G","Defend_G","Survivor","Neutralize","Poisoned Stab","Outmaneuver","Flying Knee","Glass Knife+1","Cloak And Dagger","Footwork+1","Backstab","Phantasmal Killer"],"relics":["Ring of the Snake","NeowsBlessing","Happy Flower","Strawberry","Regal Pillow"],"acts_visited":["Exordium"],"potions_floor_usage":[8,16,16],"damage_taken":[{"damage":0,"enemies":"Small Slimes","floor":1,"turns":1},{"damage":0,"enemies":"Cultist","floor":3,"turns":1},{"damage":0,"enemies":"Jaw Worm","floor":5,"turns":1},{"damage":10,"enemies":"Gremlin Nob","floor":8,"turns":3},{"damage":29,"enemies":"3 Sentries","floor":10,"turns":10},{"damage":13,"enemies":"Large Slime","floor":11,"turns":8},{"damage":2,"enemies":"Blue Slaver","floor":14,"turns":2},{"damage":39,"enemies":"Slime Boss","floor":16,"turns":10}],"seed_played":"-787596425814584495","potions_obtained":[{"floor":10,"key":"DuplicationPotion"},{"floor":11,"key":"SteroidPotion"}],"is_trial":false,"path_per_floor":["M","?","M","$","M","R","$","E","T","E","M","R","?","M","R","B"],"character_chosen":"THE_SILENT","items_purchased":["Glass Knife","Fire Potion"],"campfire_rested":1,"item_purchase_floors":[4,7],"current_hp_per_floor":[59,59,59,59,59,59,59,49,56,27,14,50,39,37,37,0,0],"gold":211,"neow_bonus":"THREE_ENEMY_KILL","is_daily":false,"chose_seed":false,"campfire_upgraded":2,"win_rate":0.0,"timestamp":1608116514,"path_taken":["M","?","?","$","?","R","$","E","T","E","M","R","?","M","R","BOSS"],"items_purchased_type":["Card","Potion"],"build_version":"2020-12-13","purchased_purges":0,"victory":false,"max_hp_per_floor":[66,66,66,66,66,66,66,66,73,73,73,73,73,73,73,73,73],"relic_stats":{"Regal Pillow":15,"Happy Flower":[10],"counters":[8,36],"obtain_stats":[{"Regal Pillow":10,"NeowsBlessing":0,"Happy Flower":8,"Strawberry":9,"Ring of the Snake":0},{"Regal Pillow":5,"NeowsBlessing":0,"Happy Flower":4,"Strawberry":4,"Ring of the Snake":0},{"Regal Pillow":16,"NeowsBlessing":0,"Happy Flower":6,"Strawberry":6,"Ring of the Snake":0}],"Ring of the Snake":[16]},"card_choices":[{"not_picked":["Underhanded Strike","Outmaneuver"],"picked":"Poisoned Stab","floor":1},{"not_picked":["Reflex","Poisoned Stab"],"picked":"Flying Knee","floor":3},{"not_picked":["Dagger Throw","Quick Slash"],"picked":"Cloak And Dagger","floor":5},{"not_picked":["Flying Knee","Cloak And Dagger","Underhanded Strike"],"picked":"SKIP","floor":8},{"not_picked":["Cloak And Dagger","Slice"],"picked":"Footwork","floor":10},{"not_picked":["Bane","Sucker Punch"],"picked":"Backstab","floor":11},{"not_picked":["Dagger Throw","Deadly Poison"],"picked":"Phantasmal Killer","floor":14}],"player_experience":1439796,"relics_obtained":[{"floor":8,"key":"Happy Flower"},{"floor":9,"key":"Strawberry"},{"floor":10,"key":"Regal Pillow"}],"event_choices":[{"damage_healed":0,"gold_gain":0,"cards_transformed":["Strike_G"],"player_choice":"Transformed","damage_taken":0,"max_hp_gain":0,"max_hp_loss":0,"event_name":"Transmorgrifier","floor":2,"gold_loss":0,"cards_obtained":["Outmaneuver"]},{"damage_healed":0,"gold_gain":75,"player_choice":"Gather Gold","damage_taken":11,"max_hp_gain":0,"max_hp_loss":0,"event_name":"World of Goop","floor":13,"gold_loss":0}],"is_beta":false,"boss_relics":[],"items_purged_floors":[],"is_endless":false,"potions_floor_spawned":[10,11],"killed_by":"Slime Boss","ascension_level":20}}