{"host":"dpt0yvift1apngdd","time":1608156503,"event":{"mods":["BaseMod","Better Match","Better Third Choice","BetterRewards","Colored Map","Colored Powertips","Downfall","Friendly Minions","Googly Eyes","Mimic Mod","Minty Spire (QoL Compilation)","Quick Restart","Rare Cards Sparkle","Replay The Spire","Shop Mod","Spicy Shops","StSLib","The Death Knight","The Jungle","The Necromancer","Waifu the Spire","WarShipGirlsR/????R mod"],"gold_per_floor":[199,199,124,159,217,217,217],"floor_reached":6,"playtime":632,"items_purged":[],"score":40,"play_id":"c706bbfa-e416-475f-86c8-7a5eff048329","local_time":"20201216160823","is_ascension_mode":false,"campfire_choices":[{"floor":1,"key":"RECALL"},{"data":"hexamod:Sear","floor":3,"key":"SMITH"}],"circlet_count":0,"master_deck":["hexamod:Strike","hexamod:Strike","hexamod:Strike","hexamod:Strike","hexamod:Defend","hexamod:Defend","hexamod:Defend","hexamod:Defend","hexamod:Sear+1","hexamod:Float","Regret","hexamod:Hexaguard","hexamod:SpectersWail"],"relics":["hexamod:SpiritBrand","Mercury Hourglass","downfall:HeartBlessingRed","Pet Ghost","InkBottle"],"acts_visited":["Exordium"],"potions_floor_usage":[5],"damage_taken":[{"damage":8,"enemies":"Replay:BlueRogue","floor":4,"turns":5},{"damage":30,"enemies":"Lagavulin Event","floor":5,"turns":6},{"damage":22,"enemies":"Lagavulin","floor":6,"turns":5}],"seed_played":"-8218955827812845559","potions_obtained":[{"floor":4,"key":"Weak Potion"}],"is_trial":false,"path_per_floor":["R","?","R","E","?","E"],"character_chosen":"THE_SPIRIT","items_purchased":[],"campfire_rested":0,"item_purchase_floors":[],"current_hp_per_floor":[70,70,70,62,32,10,10],"gold":217,"neow_bonus":"HUNDRED_GOLD","is_daily":false,"chose_seed":false,"campfire_upgraded":1,"win_rate":0.0,"timestamp":1608156503,"path_taken":["R","?","R","E","?","E"],"items_purchased_type":[],"build_version":"2020-12-13","purchased_purges":0,"victory":false,"max_hp_per_floor":[70,70,70,70,70,70,70],"card_choices":[{"not_picked":["hexamod:Rewind","hexamod:GhostLash"],"picked":"hexamod:Hexaguard","floor":4},{"not_picked":["hexamod:Rewind","hexamod:SpectralAdrenaline"],"picked":"hexamod:SpectersWail","floor":5}],"player_experience":115487,"relics_obtained":[{"floor":4,"key":"Pet Ghost"},{"floor":5,"key":"InkBottle"}],"event_choices":[{"damage_healed":0,"gold_gain":0,"player_choice":"Box","damage_taken":0,"relics_obtained":["Mercury Hourglass"],"max_hp_gain":0,"max_hp_loss":0,"event_name":"Big Fish","floor":2,"gold_loss":0,"cards_obtained":["Regret"]}],"is_beta":false,"boss_relics":[],"items_purged_floors":[],"is_endless":false,"potions_floor_spawned":[4],"killed_by":"Lagavulin","ascension_level":0}}