{"host":"uzcks4yhskks9i02","time":1608152062,"event":{"mods":["BaseMod","Minty Spire (QoL Compilation)","Quick Restart"],"gold_per_floor":[118,132,132,132,148,177,177,208,208,239,204,204,21,47,47,143,143,154,114,124,144,155,183,183,212,264,280,312,312,312,329,329,424,424,440,48,60,74,0,28,28,59,59,85,85,85,85,85],"floor_reached":47,"playtime":3942,"items_purged":[],"score":1186,"play_id":"88120a31-1cf6-4cbd-be4c-df16d20dd7bb","local_time":"20201216135422","is_ascension_mode":true,"campfire_choices":[{"floor":7.0,"key":"REST"},{"data":"Perseverance","floor":12.0,"key":"SMITH"},{"floor":15.0,"key":"REST"},{"floor":24.0,"key":"REST"},{"data":"WaveOfTheHand","floor":29.0,"key":"SMITH"},{"data":"WheelKick","floor":32.0,"key":"SMITH"},{"floor":41.0,"key":"REST"},{"data":"Phantasmal Killer","floor":45.0,"key":"SMITH"}],"circlet_count":0,"master_deck":["AscendersBane","Strike_P","Defend_P","Defend_P","Defend_P","Defend_P","Eruption","Vigilance","Perseverance+1","DevaForm","WindmillStrike","WaveOfTheHand+1","SashWhip","Halt","Halt","BattleHymn","Sanctity","Flash of Steel","A Thousand Cuts+1","CurseOfTheBell","Finisher+1","Flash of Steel","SignatureMove","Conserve Battery","Bouncing Flask+1","Sweeping Beam","Conserve Battery","WheelKick+1","Cloak And Dagger","Echo Form","Headbutt+1","Dramatic Entrance","Flash of Steel+1","Envenom","Phantasmal Killer+1","Ghostly Armor+1"],"relics":["PureWater","Darkstone Periapt","Gambling Chip","Pen Nib","Ginger","Regal Pillow","PrismaticShard","Bag of Preparation","Calling Bell","PreservedInsect","Kunai","CloakClasp","Bronze Scales","Question Card","Akabeko","Ancient Tea Set","Runic Pyramid","Toy Ornithopter","Frozen Eye","Red Mask","Letter Opener","Juzu Bracelet","Toxic Egg 2","White Beast Statue"],"acts_visited":["Exordium","TheCity","TheBeyond"],"potions_floor_usage":[],"damage_taken":[{"damage":12.0,"enemies":"Jaw Worm","floor":1.0,"turns":5.0},{"damage":0.0,"enemies":"Small Slimes","floor":2.0,"turns":2.0},{"damage":0.0,"enemies":"2 Louse","floor":5.0,"turns":4.0},{"damage":7.0,"enemies":"Gremlin Nob","floor":6.0,"turns":3.0},{"damage":0.0,"enemies":"Lagavulin","floor":8.0,"turns":8.0},{"damage":15.0,"enemies":"3 Sentries","floor":10.0,"turns":10.0},{"damage":23.0,"enemies":"Gremlin Nob","floor":14.0,"turns":3.0},{"damage":0.0,"enemies":"Slime Boss","floor":16.0,"turns":4.0},{"damage":13.0,"enemies":"3 Byrds","floor":18.0,"turns":5.0},{"damage":0.0,"enemies":"Chosen","floor":20.0,"turns":6.0},{"damage":13.0,"enemies":"Shelled Parasite and Fungi","floor":21.0,"turns":5.0},{"damage":21.0,"enemies":"Snake Plant","floor":22.0,"turns":6.0},{"damage":0.0,"enemies":"Gremlin Leader","floor":23.0,"turns":3.0},{"damage":8.0,"enemies":"Book of Stabbing","floor":25.0,"turns":4.0},{"damage":0.0,"enemies":"Snecko","floor":27.0,"turns":3.0},{"damage":0.0,"enemies":"Gremlin Leader","floor":28.0,"turns":3.0},{"damage":0.0,"enemies":"Shelled Parasite and Fungi","floor":31.0,"turns":4.0},{"damage":12.0,"enemies":"Collector","floor":33.0,"turns":7.0},{"damage":0.0,"enemies":"3 Shapes","floor":35.0,"turns":3.0},{"damage":12.0,"enemies":"Orb Walker","floor":37.0,"turns":4.0},{"damage":15.0,"enemies":"Jaw Worm Horde","floor":38.0,"turns":2.0},{"damage":21.0,"enemies":"Giant Head","floor":40.0,"turns":5.0},{"damage":24.0,"enemies":"Reptomancer","floor":42.0,"turns":4.0},{"damage":11.0,"enemies":"Nemesis","floor":44.0,"turns":5.0},{"damage":88,"enemies":"Giant Head","floor":47,"turns":5}],"seed_played":"-5992539429354826399","potions_obtained":[{"floor":2.0,"key":"Dexterity Potion"},{"floor":5.0,"key":"ColorlessPotion"},{"floor":8.0,"key":"AttackPotion"},{"floor":16.0,"key":"DistilledChaos"},{"floor":21.0,"key":"Block Potion"},{"floor":22.0,"key":"SteroidPotion"},{"floor":28.0,"key":"Energy Potion"},{"floor":31.0,"key":"SteroidPotion"},{"floor":38.0,"key":"PowerPotion"},{"floor":44.0,"key":"Swift Potion"}],"is_trial":false,"path_per_floor":["M","M","?","?","M","E","R","E","T","E","?","R","$","E","R","B",null,"M","?","M","M","M","E","R","E","T","M","E","R","?","M","R","B",null,"M","$","M","M","?","E","R","E","T","E","R","?","E"],"character_chosen":"WATCHER","items_purchased":["PrismaticShard","Sanctity","Toy Ornithopter","Frozen Eye","Dramatic Entrance"],"campfire_rested":4,"item_purchase_floors":[13,13,36,36,36],"current_hp_per_floor":[53,53,35,35,35,28,49,49,49,34,52,52,52,29,65,65,76,63,63,63,50,29,29,67,59,59,59,59,59,59,59,59,47,70,70,70,58,53,53,37,75,51,51,40,40,40,0,0],"gold":85,"neow_bonus":"TRANSFORM_TWO_CARDS","is_daily":false,"chose_seed":false,"campfire_upgraded":4,"win_rate":0.0,"timestamp":1608152062,"path_taken":["M","M","?","?","M","E","R","E","T","E","?","R","?","E","R","BOSS","M","?","?","M","M","E","R","E","T","M","E","R","?","M","R","BOSS","M","$","M","M","?","E","R","E","T","E","R","?","E"],"items_purchased_type":["Relic","Card","Relic","Relic","Card"],"build_version":"2020-12-13","purchased_purges":0,"victory":false,"max_hp_per_floor":[72,72,72,72,72,72,72,72,72,72,72,72,72,72,72,72,78,78,78,78,78,78,78,78,78,78,78,78,78,78,78,78,78,78,78,78,78,78,78,78,78,78,78,78,78,78,78,78],"card_choices":[{"not_picked":["ThirdEye","Evaluate"],"picked":"WindmillStrike","floor":1.0},{"not_picked":["WreathOfFlame","ForeignInfluence"],"picked":"WaveOfTheHand","floor":2.0},{"not_picked":["Evaluate","FlyingSleeves"],"picked":"SashWhip","floor":5.0},{"not_picked":["ClearTheMind","Protect"],"picked":"Halt","floor":6.0},{"not_picked":["FlyingSleeves","Protect"],"picked":"Halt","floor":8.0},{"not_picked":["PathToVictory","Pray"],"picked":"BattleHymn","floor":10.0},{"not_picked":["Prepared","Swivel"],"picked":"Flash of Steel","floor":14.0},{"not_picked":["Judgement","Secret Weapon"],"picked":"A Thousand Cuts","floor":16.0},{"not_picked":["Underhanded Strike","Caltrops"],"picked":"Finisher+1","floor":18.0},{"not_picked":["Ball Lightning","Flying Knee"],"picked":"Flash of Steel","floor":20.0},{"not_picked":["Searing Blow","Self Repair"],"picked":"SignatureMove","floor":21.0},{"not_picked":["SashWhip","Headbutt"],"picked":"Conserve Battery","floor":22.0},{"not_picked":["Body Slam","Backflip"],"picked":"Bouncing Flask+1","floor":23.0},{"not_picked":["Dark Embrace+1","Study","Gash"],"picked":"SKIP","floor":25.0},{"not_picked":["WreathOfFlame","Finisher+1","Acrobatics"],"picked":"Sweeping Beam","floor":27.0},{"not_picked":["Hemokinesis+1","Clothesline","CarveReality"],"picked":"Conserve Battery","floor":28.0},{"not_picked":["EmptyFist","Dagger Throw+1","Auto Shields"],"picked":"Cloak And Dagger","floor":31.0},{"not_picked":["Double Tap","The Bomb","Multi-Cast"],"picked":"Echo Form","floor":33.0},{"not_picked":["Clothesline","Caltrops","Backflip"],"picked":"Headbutt+1","floor":35.0},{"not_picked":["FlyingSleeves","EmptyFist","WaveOfTheHand","Skim+1"],"picked":"SKIP","floor":37.0},{"not_picked":["Burning Pact+1","Barrage+1","Perfected Strike"],"picked":"Flash of Steel+1","floor":38.0},{"not_picked":["Dagger Spray+1","Barrage+1","Clash"],"picked":"Envenom","floor":40.0},{"not_picked":["PiercingWail+1","Sweeping Beam+1","Body Slam+1"],"picked":"Phantasmal Killer","floor":42.0},{"not_picked":["Cloak And Dagger+1","Go for the Eyes+1","Prepared+1"],"picked":"Ghostly Armor+1","floor":44.0}],"player_experience":437897,"relics_obtained":[{"floor":6.0,"key":"Gambling Chip"},{"floor":8.0,"key":"Pen Nib"},{"floor":9.0,"key":"Ginger"},{"floor":10.0,"key":"Regal Pillow"},{"floor":14.0,"key":"Bag of Preparation"},{"floor":17.0,"key":"PreservedInsect"},{"floor":17.0,"key":"Kunai"},{"floor":17.0,"key":"CloakClasp"},{"floor":23.0,"key":"Bronze Scales"},{"floor":25.0,"key":"Question Card"},{"floor":26.0,"key":"Akabeko"},{"floor":28.0,"key":"Ancient Tea Set"},{"floor":40.0,"key":"Letter Opener"},{"floor":42.0,"key":"Juzu Bracelet"},{"floor":43.0,"key":"Toxic Egg 2"},{"floor":44.0,"key":"White Beast Statue"}],"event_choices":[{"damage_healed":0.0,"max_hp_gain":0.0,"max_hp_loss":0.0,"gold_gain":0.0,"event_name":"Scrap Ooze","player_choice":"Success","floor":3.0,"gold_loss":0.0,"damage_taken":18.0,"relics_obtained":["Darkstone Periapt"]},{"cards_removed":["Regret"],"damage_healed":0.0,"max_hp_gain":0.0,"max_hp_loss":0.0,"gold_gain":0.0,"event_name":"Living Wall","player_choice":"Forget","floor":4.0,"gold_loss":0.0,"damage_taken":0.0},{"damage_healed":18.0,"max_hp_gain":0.0,"max_hp_loss":0.0,"gold_gain":0.0,"event_name":"The Cleric","player_choice":"Healed","floor":11.0,"gold_loss":35.0,"damage_taken":0.0},{"damage_healed":0.0,"max_hp_gain":0.0,"max_hp_loss":0.0,"gold_gain":0.0,"event_name":"Designer","player_choice":"Upgrade","floor":19.0,"gold_loss":40.0,"damage_taken":0.0,"cards_upgraded":["A Thousand Cuts"]},{"damage_healed":0.0,"max_hp_gain":0.0,"max_hp_loss":0.0,"gold_gain":0.0,"event_name":"The Library","player_choice":"Read","floor":30.0,"gold_loss":0.0,"damage_taken":0.0,"cards_obtained":["WheelKick"]},{"damage_healed":0.0,"max_hp_gain":0.0,"max_hp_loss":0.0,"gold_gain":0.0,"event_name":"Tomb of Lord Red Mask","player_choice":"Paid","floor":39.0,"gold_loss":74.0,"damage_taken":0.0,"relics_obtained":["Red Mask"]},{"cards_removed":["Strike_P"],"damage_healed":0.0,"max_hp_gain":0.0,"max_hp_loss":0.0,"gold_gain":0.0,"event_name":"Purifier","player_choice":"Purged","floor":46.0,"gold_loss":0.0,"damage_taken":0.0}],"is_beta":false,"boss_relics":[{"not_picked":["SlaversCollar","Black Star"],"picked":"Calling Bell"},{"not_picked":["Snecko Eye","Empty Cage"],"picked":"Runic Pyramid"}],"items_purged_floors":[],"is_endless":false,"potions_floor_spawned":[2,5,8,16,21,22,25,28,31,35,37,38,44],"killed_by":"Giant Head","ascension_level":11}}