{"host":"t7mx8yfj1no5p62f","time":1608093159,"event":{"mods":["BaseMod","Colored Map","Colored Powertips","Filter the Spire","Minty Spire (QoL Compilation)","Relic Stats","StSLib"],"gold_per_floor":[113,113,125,140,140,140,174,188,188,215,229,229,291,180,180,257,257,269,285,285,299,299,327,327,354,354,373,373,400,400,93,93,171,171,187,187,203,221,233,260,260,285,285,308,73,85,414,427,427,427,427,427,427,51,77,77],"floor_reached":57,"playtime":4286,"items_purged":["Regret"],"score":2999,"play_id":"dda3c2cb-9e46-4ed2-93a6-37a502bf0436","local_time":"20201215233239","is_ascension_mode":true,"campfire_choices":[{"data":"Unload","floor":6.0,"key":"SMITH"},{"data":"Blade Dance","floor":12.0,"key":"SMITH"},{"data":"Backflip","floor":15.0,"key":"SMITH"},{"data":"Wraith Form v2","floor":24.0,"key":"SMITH"},{"floor":28.0,"key":"REST"},{"data":"Night Terror","floor":30.0,"key":"SMITH"},{"data":"Prepared","floor":32.0,"key":"SMITH"},{"data":"Adrenaline","floor":41.0,"key":"SMITH"},{"floor":49,"key":"RECALL"},{"floor":53,"key":"REST"}],"circlet_count":0,"master_deck":["AscendersBane","Survivor","Neutralize","Unload+1","Dagger Spray","Die Die Die+1","Adrenaline+1","Prepared+1","Expertise+1","Blade Dance+1","Infinite Blades","Night Terror+1","Backflip+1","PiercingWail","Dodge and Roll","Leg Sweep","PiercingWail+1","Infinite Blades","Wraith Form v2+1","Crippling Poison+1","Finisher","Leg Sweep","Accuracy+1","Endless Agony","Cloak And Dagger+1","Reflex","Tools of the Trade","Outmaneuver+1","Storm of Steel","PiercingWail","Secret Technique"],"relics":["Pandora\u0027s Box","White Beast Statue","Calipers","Dead Branch","Black Star","Pear","Akabeko","Bottled Flame","Blood Vial","Matryoshka","Orichalcum","Lizard Tail","HornCleat","Lee\u0027s Waffle","Cursed Key","Bag of Marbles","PreservedInsect","Thread and Needle","MawBank","Sundial","TwistedFunnel","Old Coin","Vajra","ClockworkSouvenir","Snake Skull","War Paint"],"acts_visited":["Exordium","TheCity","TheBeyond","TheEnding"],"potions_floor_usage":[47,51,56],"damage_taken":[{"damage":0.0,"enemies":"2 Louse","floor":1.0,"turns":1.0},{"damage":4.0,"enemies":"Cultist","floor":3.0,"turns":3.0},{"damage":0.0,"enemies":"Small Slimes","floor":4.0,"turns":2.0},{"damage":10.0,"enemies":"3 Sentries","floor":7.0,"turns":4.0},{"damage":0.0,"enemies":"Exordium Wildlife","floor":8.0,"turns":2.0},{"damage":8.0,"enemies":"Gremlin Nob","floor":10.0,"turns":3.0},{"damage":0.0,"enemies":"Looter","floor":11.0,"turns":3.0},{"damage":1.0,"enemies":"Hexaghost","floor":16.0,"turns":8.0},{"damage":0.0,"enemies":"Spheric Guardian","floor":18.0,"turns":1.0},{"damage":0.0,"enemies":"3 Byrds","floor":19.0,"turns":2.0},{"damage":2.0,"enemies":"Cultist and Chosen","floor":21.0,"turns":5.0},{"damage":24.0,"enemies":"Slavers","floor":23.0,"turns":2.0},{"damage":13.0,"enemies":"Book of Stabbing","floor":25.0,"turns":6.0},{"damage":10.0,"enemies":"Snake Plant","floor":27.0,"turns":5.0},{"damage":0.0,"enemies":"Gremlin Leader","floor":29.0,"turns":6.0},{"damage":8.0,"enemies":"Collector","floor":33.0,"turns":9.0},{"damage":1.0,"enemies":"3 Shapes","floor":35.0,"turns":9.0},{"damage":0.0,"enemies":"3 Darklings","floor":37.0,"turns":2.0},{"damage":0.0,"enemies":"Sphere and 2 Shapes","floor":38.0,"turns":5.0},{"damage":6.0,"enemies":"Jaw Worm Horde","floor":39.0,"turns":4.0},{"damage":41.0,"enemies":"Giant Head","floor":40.0,"turns":7.0},{"damage":3.0,"enemies":"Nemesis","floor":42.0,"turns":7.0},{"damage":0.0,"enemies":"3 Darklings","floor":44.0,"turns":2.0},{"damage":0.0,"enemies":"Sphere and 2 Shapes","floor":46.0,"turns":1.0},{"damage":11,"enemies":"Reptomancer","floor":47,"turns":5},{"damage":0,"enemies":"4 Shapes","floor":48,"turns":6},{"damage":21,"enemies":"Donu and Deca","floor":50,"turns":12},{"damage":8,"enemies":"Awakened One","floor":51,"turns":16},{"damage":0,"enemies":"Shield and Spear","floor":55,"turns":6},{"damage":124,"enemies":"The Heart","floor":56,"turns":12}],"seed_played":"1008568726075219908","potions_obtained":[{"floor":3.0,"key":"GhostInAJar"},{"floor":7.0,"key":"Block Potion"},{"floor":10.0,"key":"PowerPotion"},{"floor":23.0,"key":"Weak Potion"},{"floor":25.0,"key":"Weak Potion"},{"floor":27.0,"key":"Dexterity Potion"},{"floor":37.0,"key":"SkillPotion"},{"floor":38.0,"key":"SkillPotion"},{"floor":39.0,"key":"BlessingOfTheForge"},{"floor":40.0,"key":"PowerPotion"},{"floor":42.0,"key":"Weak Potion"},{"floor":44.0,"key":"Poison Potion"},{"floor":47,"key":"Fruit Juice"},{"floor":48,"key":"ColorlessPotion"},{"floor":55,"key":"FairyPotion"}],"is_trial":false,"path_per_floor":["M","?","M","M","?","R","E","M","T","E","M","R","?","$","R","B",null,"M","M","?","M","?","E","R","E","T","M","R","E","R","$","R","B",null,"M","?","M","M","M","E","R","E","T","M","$","M","E","M","R","B","B",null,"R","$","E","B",null],"character_chosen":"THE_SILENT","items_purchased":["PiercingWail","Infinite Blades","Lee\u0027s Waffle","Reflex","Energy Potion","TwistedFunnel","ClockworkSouvenir","Secret Technique"],"campfire_rested":2,"item_purchase_floors":[14,14,31,31,31,45,54,54],"current_hp_per_floor":[59,76,72,72,72,72,62,62,62,54,54,54,54,54,54,53,70,70,70,48,46,56,32,32,19,19,11,38,40,40,98,98,90,96,97,97,98,98,92,53,53,52,52,54,54,56,52,54,54,35,29,85,103,103,103,9],"gold":77,"neow_bonus":"BOSS_RELIC","is_daily":false,"chose_seed":false,"campfire_upgraded":7,"win_rate":0.0,"timestamp":1608093159,"path_taken":["M","?","M","?","?","R","E","?","T","E","M","R","?","$","R","BOSS","M","M","?","M","?","E","R","E","T","M","R","E","R","$","R","BOSS","M","?","?","M","?","E","R","E","T","M","$","M","E","M","R","BOSS","BOSS","R","$","E","BOSS"],"items_purchased_type":["Card","Card","Relic","Card","Potion","Relic","Relic","Card"],"build_version":"2020-12-13","purchased_purges":1,"victory":true,"max_hp_per_floor":[66,76,76,76,76,76,76,76,76,76,76,76,76,76,76,76,76,76,76,81,81,91,91,91,91,91,91,91,91,91,98,98,98,98,98,98,98,98,98,98,98,98,98,98,98,98,103,103,103,103,103,103,103,103,103,103],"relic_stats":{"Lee\u0027s Waffle":58,"counters":[30,156],"Dead Branch":[490],"PreservedInsect":139,"Snake Skull":[5],"Orichalcum":[192],"War Paint":["Expertise","PiercingWail"],"Cursed Key":1,"MawBank":24,"Blood Vial":23,"Lizard Tail":0,"Sundial":[6],"Pandora\u0027s Box":["Unload","Dagger Spray","Die Die Die","Adrenaline","Prepared","Expertise","Blade Dance","Night Terror","Infinite Blades","Night Terror"],"Black Star":7,"obtain_stats":[{"TwistedFunnel":45,"Calipers":9,"Vajra":47,"Snake Skull":55,"Cursed Key":34,"Old Coin":47,"ClockworkSouvenir":54,"Blood Vial":25,"Lizard Tail":29,"Matryoshka":25,"HornCleat":29,"Sundial":43,"Ring of the Snake":0,"Lee\u0027s Waffle":31,"Pear":22,"Dead Branch":10,"Thread and Needle":42,"PreservedInsect":42,"Orichalcum":26,"War Paint":55,"MawBank":43,"White Beast Statue":7,"Akabeko":23,"Bottled Flame":23,"Pandora\u0027s Box":0,"Black Star":17,"Bag of Marbles":40},{"TwistedFunnel":23,"Calipers":5,"Vajra":25,"Snake Skull":29,"Cursed Key":16,"Old Coin":25,"ClockworkSouvenir":28,"Blood Vial":13,"Lizard Tail":15,"Matryoshka":13,"HornCleat":15,"Sundial":22,"Ring of the Snake":0,"Lee\u0027s Waffle":15,"Pear":11,"Dead Branch":6,"Thread and Needle":22,"PreservedInsect":22,"Orichalcum":13,"War Paint":29,"MawBank":22,"White Beast Statue":4,"Akabeko":12,"Bottled Flame":12,"Pandora\u0027s Box":0,"Black Star":8,"Bag of Marbles":21},{"TwistedFunnel":98,"Calipers":12,"Vajra":104,"Snake Skull":144,"Cursed Key":62,"Old Coin":104,"ClockworkSouvenir":138,"Blood Vial":42,"Lizard Tail":53,"Matryoshka":42,"HornCleat":53,"Sundial":96,"Ring of the Snake":0,"Lee\u0027s Waffle":53,"Pear":34,"Dead Branch":15,"Thread and Needle":96,"PreservedInsect":96,"Orichalcum":42,"War Paint":144,"MawBank":96,"White Beast Statue":10,"Akabeko":36,"Bottled Flame":36,"Pandora\u0027s Box":0,"Black Star":26,"Bag of Marbles":89}]},"card_choices":[{"not_picked":["Bane","Dodge and Roll"],"picked":"Backflip","floor":1.0},{"not_picked":["Accuracy","Sucker Punch"],"picked":"PiercingWail","floor":3.0},{"not_picked":["Distraction","Catalyst","Choke"],"picked":"SKIP","floor":4.0},{"not_picked":["Finisher","Cloak And Dagger","Blur"],"picked":"SKIP","floor":7.0},{"not_picked":["Accuracy","Finisher"],"picked":"Dodge and Roll","floor":8.0},{"not_picked":["Prepared","Riddle With Holes"],"picked":"Leg Sweep","floor":10.0},{"not_picked":["Bouncing Flask","Backflip"],"picked":"Backstab","floor":11.0},{"not_picked":["Bullet Time","Adrenaline"],"picked":"Wraith Form v2","floor":16.0},{"not_picked":["PiercingWail","Dagger Throw+1"],"picked":"Crippling Poison+1","floor":18.0},{"not_picked":["Underhanded Strike","Deflect"],"picked":"Finisher","floor":19.0},{"not_picked":["Dagger Spray","Heel Hook"],"picked":"Leg Sweep","floor":21.0},{"not_picked":["Riddle With Holes","Eviscerate","Sucker Punch"],"picked":"SKIP","floor":23.0},{"not_picked":["Bane","Cloak And Dagger"],"picked":"Accuracy+1","floor":25.0},{"not_picked":["Backflip","Crippling Poison"],"picked":"Endless Agony","floor":27.0},{"not_picked":["Eviscerate","Night Terror"],"picked":"Cloak And Dagger+1","floor":29.0},{"not_picked":["Glass Knife","Malaise"],"picked":"Tools of the Trade","floor":33.0},{"not_picked":["Prepared","Reflex"],"picked":"Outmaneuver+1","floor":35.0},{"not_picked":["Quick Slash","Acrobatics","Dodge and Roll"],"picked":"SKIP","floor":37.0},{"not_picked":["Accuracy","Sucker Punch","Masterful Stab"],"picked":"SKIP","floor":38.0},{"not_picked":["Expertise","Deadly Poison","Poisoned Stab"],"picked":"SKIP","floor":39.0},{"not_picked":["Blade Dance","Bane","All Out Attack"],"picked":"SKIP","floor":40.0},{"not_picked":["Finisher","Skewer","All Out Attack+1"],"picked":"SKIP","floor":42.0},{"not_picked":["Skewer","Dagger Throw","Quick Slash+1"],"picked":"SKIP","floor":44.0},{"not_picked":["Slice+1","Masterful Stab+1","Blade Dance"],"picked":"SKIP","floor":46},{"not_picked":["Reflex+1","Dagger Spray+1"],"picked":"Storm of Steel","floor":47},{"not_picked":["Sucker Punch","Deflect"],"picked":"PiercingWail","floor":48},{"not_picked":["Flying Knee","Concentrate","Accuracy"],"picked":"SKIP","floor":55}],"player_experience":1553493,"relics_obtained":[{"floor":7.0,"key":"White Beast Statue"},{"floor":9.0,"key":"Calipers"},{"floor":10.0,"key":"Dead Branch"},{"floor":22.0,"key":"Pear"},{"floor":23.0,"key":"Akabeko"},{"floor":23.0,"key":"Bottled Flame"},{"floor":25.0,"key":"Blood Vial"},{"floor":25.0,"key":"Matryoshka"},{"floor":26.0,"key":"Orichalcum"},{"floor":29.0,"key":"Lizard Tail"},{"floor":29.0,"key":"HornCleat"},{"floor":40.0,"key":"Bag of Marbles"},{"floor":42.0,"key":"PreservedInsect"},{"floor":42.0,"key":"Thread and Needle"},{"floor":43.0,"key":"MawBank"},{"floor":43.0,"key":"Sundial"},{"floor":47,"key":"Old Coin"},{"floor":47,"key":"Vajra"},{"floor":55,"key":"Snake Skull"},{"floor":55,"key":"War Paint"}],"event_choices":[{"cards_removed":["Night Terror"],"damage_healed":7.0,"max_hp_gain":10.0,"max_hp_loss":0.0,"gold_gain":0.0,"event_name":"Bonfire Elementals","player_choice":"Offered Rare","floor":2.0,"gold_loss":0.0,"damage_taken":0.0},{"damage_healed":0.0,"max_hp_gain":0.0,"max_hp_loss":0.0,"gold_gain":0.0,"event_name":"Upgrade Shrine","player_choice":"Upgraded","floor":5.0,"gold_loss":0.0,"damage_taken":0.0,"cards_upgraded":["Die Die Die"]},{"damage_healed":0.0,"max_hp_gain":0.0,"max_hp_loss":0.0,"gold_gain":62.0,"event_name":"Golden Wing","player_choice":"Gained Gold","floor":13.0,"gold_loss":0.0,"damage_taken":0.0},{"damage_healed":0.0,"max_hp_gain":5.0,"max_hp_loss":0.0,"gold_gain":0.0,"event_name":"Forgotten Altar","player_choice":"Shed Blood","floor":20.0,"gold_loss":0.0,"damage_taken":27.0},{"damage_healed":0.0,"max_hp_gain":0.0,"max_hp_loss":0.0,"gold_gain":0.0,"event_name":"Wheel of Change","player_choice":"Relic","floor":22.0,"gold_loss":0.0,"damage_taken":0.0},{"cards_removed":["Backstab"],"damage_healed":0.0,"max_hp_gain":0.0,"max_hp_loss":0.0,"gold_gain":0.0,"event_name":"Purifier","player_choice":"Purged","floor":36.0,"gold_loss":0.0,"damage_taken":0.0}],"is_beta":false,"boss_relics":[{"not_picked":["Tiny House","Velvet Choker"],"picked":"Black Star"},{"not_picked":["Sozu","Runic Dome"],"picked":"Cursed Key"}],"items_purged_floors":[45],"is_endless":false,"potions_floor_spawned":[3,7,8,10,11,16,18,19,21,23,25,27,33,35,37,38,39,40,42,44,46,47,48,55],"ascension_level":20}}