{"host":"ou23awlgcm0pi7o1","time":1608150098,"event":{"mods":["BaseMod","Colored Map","Downfall","Minty Spire (QoL Compilation)","StSLib","Unceasing Turn Reminder"],"gold_per_floor":[99,134,154,154,195,219,271,306,231,273,42,67,94,120,140,225,225,150,193,193,215,215,226,252,313,26,26,51,60,60,85,109,195,195,120,139,162,207,274,132,132,132,132,192,236,287,47,56,79,79,79,123,12,12,12],"floor_reached":56,"playtime":4565,"items_purged":["hexamod:Strike","hexamod:Defend","hexamod:Strike","hexamod:Defend"],"score":2645,"play_id":"c2333bb5-caaf-48ac-a64c-3f788eb8000b","local_time":"20201216202138","is_ascension_mode":true,"campfire_choices":[{"floor":1,"key":"RECALL"},{"data":"hexamod:GhostflameBarrier","floor":9,"key":"SMITH"},{"data":"hexamod:EtherealExpedition","floor":18,"key":"SMITH"},{"data":"hexamod:ParanormalForm","floor":20,"key":"SMITH"},{"data":"hexamod:PhantomCloak","floor":22,"key":"SMITH"},{"data":"hexamod:Hexaguard","floor":27,"key":"SMITH"},{"data":"hexamod:Hexaguard","floor":35,"key":"SMITH"},{"data":"hexamod:GhostLash","floor":43,"key":"SMITH"},{"data":"hexamod:GhostOfSpirePast","floor":54,"key":"SMITH"}],"circlet_count":0,"master_deck":["AscendersBane","hexamod:Strike+1","hexamod:Defend+1","hexamod:Defend+1","hexamod:Sear+1","hexamod:Float+1","hexamod:BacktrackSmack","hexamod:GhostflameBarrier+1","hexamod:Hexaguard","hexamod:Toasty","hexamod:Hexaguard+1","hexamod:EtherealExpedition+1","hexamod:ParanormalForm+1","hexamod:SpectersWail+1","hexamod:Hexaguard+1","hexamod:TimeWarp+1","hexamod:HeatShield+1","hexamod:PhantomCloak+1","hexamod:AdvancingGuard+1","hexamod:EmpoweredFlame","hexamod:SpectersWail","hexamod:Hexaguard+1","hexamod:Hexaguard+1","hexamod:NightmareGuise+1","hexamod:GhostLash+1","hexamod:ThirdSeal","hexamod:Hexaguard+1","hexamod:GhostShield+1","hexamod:ThirdSeal","hexamod:PhantomCloak+1","hexamod:SpectersWail+1","hexamod:Rewind+1","hexamod:Rewind+1","hexamod:GhostOfSpirePast","expansioncontent:Corrupt+1","hexamod:Hexaguard+1","hexamod:GhostflameInferno+1","Mayhem","expansioncontent:CaCaw","hexamod:GhostOfSpirePast+1","hexamod:EtherealExpedition+1"],"relics":["hexamod:SpiritBrand","Bag of Marbles","CeramicFish","Blue Candle","Anchor","War Paint","Nunchaku","downfall:HeartBlessingRed","hexamod:BolsterEngine","Potion Belt","hexamod:IceCube","downfall:HeartBlessingGreen","Pear","Toxic Egg 2","Membership Card","MealTicket","Philosopher\u0027s Stone","downfall:HeartBlessingBlue","Akabeko","Lee\u0027s Waffle","Boot","Question Card","Oddly Smooth Stone","Vajra","FossilizedHelix","Strange Spoon","hexamod:TheBrokenSeal","Blood Vial","Whetstone"],"acts_visited":["Exordium","TheCity","TheBeyond","TheEnding"],"potions_floor_usage":[5,8,10,14,16,16,21,21,25,25,31,31,33,36,38,39,39,40,44,44,55,55,55],"damage_taken":[{"damage":14,"enemies":"Gremlin Nob","floor":2,"turns":4},{"damage":0,"enemies":"Cultist","floor":3,"turns":3},{"damage":13,"enemies":"Lagavulin","floor":5,"turns":5},{"damage":0,"enemies":"Jaw Worm","floor":6,"turns":3},{"damage":0,"enemies":"Gremlin Nob","floor":8,"turns":3},{"damage":5,"enemies":"3 Sentries","floor":10,"turns":8},{"damage":0,"enemies":"downfall:FleeingMerchant","floor":11,"turns":4},{"damage":0,"enemies":"Small Slimes","floor":12,"turns":4},{"damage":11,"enemies":"Exordium Thugs","floor":13,"turns":5},{"damage":3,"enemies":"Large Slime","floor":14,"turns":4},{"damage":0,"enemies":"Exordium Thugs","floor":15,"turns":3},{"damage":9,"enemies":"downfall:Watcher","floor":16,"turns":8},{"damage":41,"enemies":"Slavers","floor":19,"turns":5},{"damage":0,"enemies":"3 Byrds","floor":21,"turns":5},{"damage":0,"enemies":"Centurion and Healer","floor":23,"turns":4},{"damage":38,"enemies":"Gremlin Leader","floor":25,"turns":6},{"damage":0,"enemies":"downfall:FleeingMerchant","floor":26,"turns":4},{"damage":5,"enemies":"Snecko","floor":28,"turns":5},{"damage":0,"enemies":"Cultist and Chosen","floor":31,"turns":4},{"damage":0,"enemies":"Centurion and Healer","floor":32,"turns":7},{"damage":0,"enemies":"downfall:Ironclad","floor":33,"turns":8},{"damage":30,"enemies":"3 Darklings","floor":36,"turns":6},{"damage":14,"enemies":"3 Shapes","floor":37,"turns":8},{"damage":0,"enemies":"3 Darklings","floor":38,"turns":5},{"damage":52,"enemies":"Nemesis","floor":39,"turns":9},{"damage":13,"enemies":"downfall:FleeingMerchant","floor":40,"turns":4},{"damage":6,"enemies":"Reptomancer","floor":44,"turns":5},{"damage":7,"enemies":"downfall:FleeingMerchant","floor":45,"turns":4},{"damage":33,"enemies":"Mind Bloom Boss Battle","floor":46,"turns":8},{"damage":0,"enemies":"Jaw Worm Horde","floor":49,"turns":5},{"damage":0,"enemies":"downfall:Silent","floor":50,"turns":7},{"damage":0,"enemies":"downfall:CharBossMerchant","floor":52,"turns":6},{"damage":4,"enemies":"downfall:NeowBoss","floor":55,"turns":19}],"seed_played":"1252117391381454315","potions_obtained":[{"floor":3,"key":"Swift Potion"},{"floor":3,"key":"SteroidPotion"},{"floor":5,"key":"Ancient Potion"},{"floor":6,"key":"ColorlessPotion"},{"floor":8,"key":"DistilledChaos"},{"floor":10,"key":"FairyPotion"},{"floor":11,"key":"ColorlessPotion"},{"floor":12,"key":"Explosive Potion"},{"floor":13,"key":"LiquidMemories"},{"floor":14,"key":"Strength Potion"},{"floor":15,"key":"ColorlessPotion"},{"floor":16,"key":"champ:CounterPotion"},{"floor":19,"key":"AttackPotion"},{"floor":21,"key":"Ancient Potion"},{"floor":23,"key":"hexamod:EctoCoolerPotion"},{"floor":25,"key":"DistilledChaos"},{"floor":25,"key":"hexamod:EctoCoolerPotion"},{"floor":26,"key":"SneckoOil"},{"floor":28,"key":"Regen Potion"},{"floor":31,"key":"Regen Potion"},{"floor":33,"key":"Weak Potion"},{"floor":36,"key":"Strength Potion"},{"floor":37,"key":"Block Potion"},{"floor":38,"key":"hexamod:EctoCoolerPotion"},{"floor":39,"key":"Energy Potion"},{"floor":40,"key":"DistilledChaos"},{"floor":45,"key":"hexamod:InfernoChargePotion"},{"floor":49,"key":"Guardian:BlockOnCardUsePotion"}],"is_trial":false,"path_per_floor":["R","E","M","?","E","M","T","E","R","E","$","M","M","M","M","B",null,"R","E","R","M","R","M","T","E","$","R","M","?","?","M","M","B",null,"R","M","M","M","E","$","T","?","R","E","$","?","$","?","M","B",null,"E","$","R","B",null],"character_chosen":"THE_SPIRIT","items_purchased":["hexamod:FirstSeal","Potion Belt","Membership Card","MealTicket","Lee\u0027s Waffle","expansioncontent:Corrupt+1","Oddly Smooth Stone","Vajra","Mayhem","Strange Spoon","Whetstone","PowerPotion"],"campfire_rested":0,"item_purchase_floors":[11,11,26,26,40,45,45,45,47,47,53,53],"current_hp_per_floor":[57,43,43,38,25,25,25,25,25,20,20,27,23,27,34,32,55,55,31,31,38,38,45,45,14,21,21,23,23,11,27,34,56,69,79,56,49,56,11,90,90,90,90,90,90,64,79,79,100,100,100,100,100,100,96],"gold":12,"neow_bonus":"RANDOM_COMMON_RELIC","is_daily":false,"chose_seed":false,"campfire_upgraded":8,"win_rate":0.0,"timestamp":1608150098,"path_taken":["R","E","M","?","E","M","T","E","R","E","$","M","M","M","M","BOSS","R","E","R","M","R","M","T","E","$","R","M","?","?","?","M","BOSS","R","M","M","M","E","$","T","?","R","E","$","?","$","?","M","BOSS","E","$","R","BOSS"],"items_purchased_type":["Card","Relic","Relic","Relic","Relic","Card","Relic","Relic","Card","Relic","Relic","Potion"],"build_version":"2020-12-13","purchased_purges":4,"victory":true,"max_hp_per_floor":[63,63,63,63,63,63,63,63,63,63,63,63,63,63,63,63,63,63,73,73,73,73,73,73,73,73,73,73,73,73,73,73,73,73,83,83,83,83,83,90,90,90,90,90,90,90,90,90,100,100,100,100,100,100,100],"card_choices":[{"not_picked":["hexamod:InspiringFlames","hexamod:ShieldOfDarkness"],"picked":"hexamod:FourthSeal","floor":2},{"not_picked":["hexamod:SecondSeal","hexamod:InspiringFlames"],"picked":"hexamod:BacktrackSmack","floor":3},{"not_picked":["hexamod:CatchUp","hexamod:NightmareGuise"],"picked":"hexamod:GhostflameBarrier","floor":5},{"not_picked":["hexamod:SoulSteal","hexamod:GhostOfSpirePresent"],"picked":"hexamod:Hexaguard","floor":6},{"not_picked":["hexamod:FastForward","hexamod:ShieldOfDarkness"],"picked":"hexamod:Toasty","floor":8},{"not_picked":["hexamod:NightmareGuise","hexamod:PhantomFireball"],"picked":"hexamod:Hexaguard","floor":10},{"not_picked":["hexamod:Firestarter","hexamod:GhostLash"],"picked":"hexamod:EtherealExpedition","floor":11},{"not_picked":["hexamod:SpectersWail","hexamod:BacktrackSmack"],"picked":"hexamod:ParanormalForm","floor":12},{"not_picked":["hexamod:RainOfEmbers","hexamod:HauntingEcho"],"picked":"hexamod:SpectersWail","floor":13},{"not_picked":["hexamod:ShieldOfDarkness","hexamod:EmpoweredFlame"],"picked":"hexamod:Hexaguard","floor":14},{"not_picked":["hexamod:BurningTouch","hexamod:ShieldOfDarkness","hexamod:GhostOfSpireFuture"],"picked":"SKIP","floor":15},{"not_picked":["hexamod:CrushingStance","hexamod:ApocalypticArmor"],"picked":"hexamod:TimeWarp","floor":16},{"not_picked":["hexamod:GhostLash","hexamod:UnlimitedPower"],"picked":"hexamod:HeatShield","floor":19},{"not_picked":["hexamod:FirstSeal","hexamod:SpectersWail"],"picked":"hexamod:PhantomCloak","floor":21},{"not_picked":["hexamod:SwordOfDarkness","hexamod:GhostOfSpirePresent+1","hexamod:HauntingEcho"],"picked":"SKIP","floor":23},{"not_picked":["hexamod:HauntingEcho+1","hexamod:RadiantFlame+1"],"picked":"hexamod:AdvancingGuard+1","floor":25},{"not_picked":["hexamod:HeatShield+1","hexamod:BurningTouch+1"],"picked":"hexamod:EmpoweredFlame","floor":26},{"not_picked":["hexamod:AdvancingGuard+1","hexamod:UnlimitedPower+1"],"picked":"hexamod:SpectersWail","floor":28},{"not_picked":["hexamod:SpectralSpark+1","hexamod:NightmareStrike"],"picked":"hexamod:Hexaguard+1","floor":31},{"not_picked":["hexamod:Firestarter+1","hexamod:SwordOfDarkness"],"picked":"hexamod:NightmareGuise+1","floor":32},{"not_picked":["hexamod:ParanormalForm","hexamod:ApocalypseNow+1"],"picked":"hexamod:FifthSeal","floor":33},{"not_picked":["hexamod:FifthSeal","hexamod:FirstSeal"],"picked":"hexamod:ThirdSeal","floor":36},{"not_picked":["hexamod:Firestarter+1","hexamod:FlamesFromBeyond+1","hexamod:BurningTouch+1"],"picked":"SKIP","floor":36},{"not_picked":["hexamod:FourthSeal","hexamod:ThirdSeal"],"picked":"hexamod:SecondSeal","floor":37},{"not_picked":["hexamod:RainOfEmbers","hexamod:FlamesFromBeyond+1","hexamod:SkipABeat+1"],"picked":"SKIP","floor":37},{"not_picked":["hexamod:NightmareStrike","hexamod:SoulSteal+1","hexamod:ThirdSeal"],"picked":"SKIP","floor":37},{"not_picked":["hexamod:SwordOfDarkness","hexamod:BacktrackSmack+1"],"picked":"hexamod:GhostLash","floor":38},{"not_picked":["hexamod:FifthSeal","hexamod:SecondSeal"],"picked":"hexamod:ThirdSeal","floor":38},{"not_picked":["hexamod:EmpoweredFlame+1","hexamod:InspiringFlames+1","hexamod:HeatShield+1"],"picked":"SKIP","floor":38},{"not_picked":["hexamod:SuperheatedStrike","hexamod:ExtraCrispy+1"],"picked":"hexamod:Hexaguard+1","floor":39},{"not_picked":["hexamod:Again+1","hexamod:PowerFromBeyond+1"],"picked":"hexamod:GhostShield+1","floor":39},{"not_picked":["hexamod:SecondSeal","hexamod:FourthSeal"],"picked":"hexamod:ThirdSeal","floor":39},{"not_picked":["hexamod:HauntingEcho","hexamod:Firestarter+1","hexamod:HeatCrush+1"],"picked":"SKIP","floor":39},{"not_picked":["hexamod:ExtraCrispy+1","hexamod:ChargedBarrage+1"],"picked":"hexamod:PhantomCloak+1","floor":40},{"not_picked":["hexamod:FlamesFromBeyond+1","hexamod:InspiringFlames+1","hexamod:NightmareStrike"],"picked":"SKIP","floor":40},{"not_picked":["hexamod:BacktrackSmack","hexamod:SpectralSpark+1","hexamod:CrushingStance"],"picked":"SKIP","floor":40},{"not_picked":["hexamod:SecondSeal","hexamod:FirstSeal","hexamod:ThirdSeal"],"picked":"SKIP","floor":40},{"not_picked":["hexamod:NightmareGuise+1","hexamod:ThirdSeal"],"picked":"hexamod:SpectersWail+1","floor":44},{"not_picked":["hexamod:FourthSeal","hexamod:FifthSeal","hexamod:ThirdSeal"],"picked":"SKIP","floor":44},{"not_picked":["hexamod:FifthSeal","hexamod:HexaLevel","hexamod:SwordOfDarkness"],"picked":"SKIP","floor":44},{"not_picked":["hexamod:BurningTouch+1","hexamod:AdvancingGuard+1","hexamod:EmpoweredFlame"],"picked":"hexamod:Rewind+1","floor":45},{"not_picked":["hexamod:SwordOfDarkness+1","hexamod:SpectralAdrenaline+1","hexamod:FastForward+1"],"picked":"hexamod:Rewind+1","floor":45},{"not_picked":["hexamod:UnleashSpirits","hexamod:NightmareGuise+1","hexamod:BurningTouch+1"],"picked":"hexamod:GhostOfSpirePast","floor":45},{"not_picked":["hexamod:ThirdSeal","hexamod:FifthSeal","hexamod:FourthSeal","hexamod:FirstSeal"],"picked":"SKIP","floor":45},{"not_picked":["hexamod:SwordOfDarkness","hexamod:RainOfEmbers+1","hexamod:FourthSeal"],"picked":"hexamod:Hexaguard+1","floor":46},{"not_picked":["hexamod:RetreatToShadows+1","hexamod:GhostLash","hexamod:AdvancingGuard+1"],"picked":"hexamod:GhostflameInferno+1","floor":46},{"not_picked":["expansioncontent:FaceSlap","expansioncontent:Flail","expansioncontent:AwakenDeath"],"picked":"expansioncontent:CaCaw","floor":48},{"not_picked":["hexamod:RainOfEmbers","hexamod:SuperheatedStrike","hexamod:GhostflameBarrier+1","hexamod:NightmareStrike"],"picked":"SKIP","floor":49},{"not_picked":["hexamod:NightmareStrike+1","hexamod:InspiringFlames+1","hexamod:Firestarter+1","hexamod:ThermalTransfer+1"],"picked":"SKIP","floor":49},{"not_picked":["hexamod:HauntingEcho","hexamod:GhostflameInferno+1","hexamod:CrushingStance"],"picked":"hexamod:GhostOfSpirePast","floor":52},{"not_picked":["hexamod:BacktrackSmack","hexamod:FastForward+1","hexamod:RainOfEmbers"],"picked":"hexamod:EtherealExpedition+1","floor":52},{"not_picked":["hexamod:HeatMetal+1","hexamod:SpectersWail+1","hexamod:RainOfEmbers","hexamod:SpectralAdrenaline+1"],"picked":"SKIP","floor":52}],"player_experience":306868,"relics_obtained":[{"floor":2,"key":"CeramicFish"},{"floor":5,"key":"Anchor"},{"floor":7,"key":"War Paint"},{"floor":8,"key":"Nunchaku"},{"floor":10,"key":"hexamod:BolsterEngine"},{"floor":19,"key":"Pear"},{"floor":25,"key":"Toxic Egg 2"},{"floor":39,"key":"Akabeko"},{"floor":41,"key":"Boot"},{"floor":44,"key":"Question Card"},{"floor":46,"key":"FossilizedHelix"},{"floor":52,"key":"Blood Vial"}],"event_choices":[{"damage_healed":0,"gold_gain":0,"player_choice":"Success","damage_taken":5,"relics_obtained":["Blue Candle"],"max_hp_gain":0,"max_hp_loss":0,"event_name":"Scrap Ooze","floor":4,"gold_loss":0},{"damage_healed":0,"gold_gain":0,"player_choice":"Read","damage_taken":0,"max_hp_gain":0,"max_hp_loss":0,"event_name":"The Library","floor":29,"gold_loss":0,"cards_obtained":["hexamod:Hexaguard"]}],"is_beta":false,"boss_relics":[{"not_picked":["Snecko Eye","Runic Pyramid"],"picked":"hexamod:IceCube"},{"not_picked":["Velvet Choker","Empty Cage"],"picked":"Philosopher\u0027s Stone"}],"items_purged_floors":[26,40,45,47],"is_endless":false,"potions_floor_spawned":[3,6,13,14,15,16,19,25,28,49],"ascension_level":17}}