{"host":"imzpmvgmiwu2pn30","time":1608148024,"event":{"mods":["BaseMod","Better Third Choice","Colored Powertips","Minty Spire (QoL Compilation)","Relic Stats","StSLib"],"gold_per_floor":[115,125,200,219,0,0,19,52,52,52,52,67,67,67,67,166,166,177,190,204,204,61,61,72,72,72,72,72,72,91,111,111,111,111],"floor_reached":33,"playtime":3384,"items_purged":[],"score":247,"play_id":"e8dfec9c-d087-49c5-9ca7-42e2e62d20ae","local_time":"20201216174704","is_ascension_mode":false,"campfire_choices":[{"data":"Eruption","floor":6.0,"key":"SMITH"},{"data":"Ragnarok","floor":10.0,"key":"SMITH"},{"data":"Vigilance","floor":13.0,"key":"SMITH"},{"data":"Protect","floor":15.0,"key":"SMITH"},{"floor":23.0,"key":"REST"},{"floor":32.0,"key":"REST"}],"circlet_count":0,"master_deck":["Strike_P","Strike_P","Strike_P","Strike_P","Defend_P","Defend_P","Defend_P","Defend_P","Eruption+1","Vigilance+1","EmptyMind","Protect+1","Protect","Conclude","EmptyBody+1","Ragnarok+1","MentalFortress","DevaForm","DeceiveReality","ClearTheMind","Shame","Halt+1","InnerPeace","Crescendo+1"],"relics":["PureWater","Nunchaku","Lantern","Shuriken","Sundial","Mercury Hourglass","Black Star","Boot","Omamori","Pen Nib"],"acts_visited":["Exordium","TheCity"],"potions_floor_usage":[33,33],"damage_taken":[{"damage":1.0,"enemies":"Cultist","floor":1.0,"turns":3.0},{"damage":1.0,"enemies":"Jaw Worm","floor":2.0,"turns":4.0},{"damage":3.0,"enemies":"2 Louse","floor":4.0,"turns":3.0},{"damage":0.0,"enemies":"Blue Slaver","floor":7.0,"turns":1.0},{"damage":1.0,"enemies":"3 Sentries","floor":8.0,"turns":4.0},{"damage":0.0,"enemies":"3 Louse","floor":12.0,"turns":3.0},{"damage":14.0,"enemies":"The Guardian","floor":16.0,"turns":11.0},{"damage":11.0,"enemies":"2 Thieves","floor":18.0,"turns":4.0},{"damage":8.0,"enemies":"Chosen","floor":19.0,"turns":6.0},{"damage":25.0,"enemies":"Shelled Parasite and Fungi","floor":20.0,"turns":7.0},{"damage":22.0,"enemies":"Sentry and Sphere","floor":24.0,"turns":10.0},{"damage":13.0,"enemies":"3 Cultists","floor":30.0,"turns":3.0},{"damage":10.0,"enemies":"Shelled Parasite and Fungi","floor":31.0,"turns":8.0},{"damage":43,"enemies":"Champ","floor":33,"turns":14}],"seed_played":"-7687078676978276428","potions_obtained":[{"floor":1.0,"key":"Strength Potion"},{"floor":7.0,"key":"LiquidBronze"},{"floor":12.0,"key":"Ancient Potion"},{"floor":16.0,"key":"SkillPotion"},{"floor":18.0,"key":"SteroidPotion"},{"floor":24.0,"key":"LiquidMemories"}],"is_trial":false,"path_per_floor":["M","M","?","M","$","R","M","E","T","R","?","M","R","T","R","B",null,"M","M","M","?","$","R","M","$","T","?","?","?","M","M","R","B"],"character_chosen":"WATCHER","items_purchased":["Conclude","Lantern","Omamori"],"campfire_rested":2,"item_purchase_floors":[5,5,22],"current_hp_per_floor":[71,70,59,56,56,56,56,55,55,55,55,55,55,55,55,41,72,61,53,28,28,28,49,27,27,27,27,27,27,14,4,25,0,0],"gold":111,"neow_bonus":"RANDOM_COMMON_RELIC","is_daily":false,"chose_seed":false,"campfire_upgraded":4,"win_rate":0.0,"timestamp":1608148024,"path_taken":["M","?","?","M","$","R","M","E","T","R","?","M","R","?","R","BOSS","M","M","M","?","$","R","M","$","T","?","?","?","M","M","R","BOSS"],"items_purchased_type":["Card","Relic","Relic"],"build_version":"2020-12-13","purchased_purges":0,"victory":false,"max_hp_per_floor":[72,72,72,72,72,72,72,72,72,72,72,72,72,72,72,72,72,72,72,72,72,72,72,72,72,72,72,72,72,72,72,72,72,72],"relic_stats":{"Nunchaku":[12],"counters":[14,81],"Shuriken":[10],"Sundial":[10],"Pen Nib":[3],"Black Star":0,"Boot":[14],"obtain_stats":[{"Nunchaku":0,"Lantern":5,"Shuriken":8,"Sundial":9,"Pen Nib":26,"Black Star":17,"Omamori":22,"PureWater":0,"Boot":21,"Mercury Hourglass":14},{"Nunchaku":0,"Lantern":3,"Shuriken":5,"Sundial":5,"Pen Nib":11,"Black Star":7,"Omamori":10,"PureWater":0,"Boot":10,"Mercury Hourglass":6},{"Nunchaku":0,"Lantern":10,"Shuriken":15,"Sundial":15,"Pen Nib":56,"Black Star":29,"Omamori":46,"PureWater":0,"Boot":46,"Mercury Hourglass":18}],"Mercury Hourglass":[166]},"card_choices":[{"not_picked":["FlyingSleeves","WreathOfFlame"],"picked":"EmptyMind","floor":1.0},{"not_picked":["ClearTheMind","TalkToTheHand"],"picked":"Protect","floor":2.0},{"not_picked":["Evaluate","InnerPeace"],"picked":"Protect","floor":4.0},{"not_picked":["CarveReality","CutThroughFate"],"picked":"EmptyBody","floor":7.0},{"not_picked":["WheelKick","FlyingSleeves"],"picked":"Ragnarok","floor":8.0},{"not_picked":["SashWhip","WaveOfTheHand"],"picked":"MentalFortress","floor":12.0},{"not_picked":["Omniscience","MasterReality"],"picked":"DevaForm","floor":16.0},{"not_picked":["Evaluate+1","Meditate","CrushJoints"],"picked":"SKIP","floor":18.0},{"not_picked":["SashWhip","Halt+1"],"picked":"DeceiveReality","floor":19.0},{"not_picked":["JustLucky+1","Brilliance"],"picked":"ClearTheMind","floor":20.0},{"not_picked":["ThirdEye+1","EmptyBody"],"picked":"Halt+1","floor":24.0},{"not_picked":["Halt","SashWhip"],"picked":"InnerPeace","floor":30.0},{"not_picked":["BowlingBash+1","Study"],"picked":"Crescendo+1","floor":31.0}],"player_experience":401757,"relics_obtained":[{"floor":8.0,"key":"Shuriken"},{"floor":9.0,"key":"Sundial"},{"floor":14.0,"key":"Mercury Hourglass"},{"floor":26.0,"key":"Pen Nib"}],"event_choices":[{"damage_healed":0.0,"max_hp_gain":0.0,"max_hp_loss":0.0,"gold_gain":75.0,"event_name":"betterThird:BetterGoop","player_choice":"Gold","floor":3.0,"gold_loss":0.0,"damage_taken":11.0},{"damage_healed":0.0,"max_hp_gain":0.0,"max_hp_loss":0.0,"gold_gain":0.0,"event_name":"Living Wall","player_choice":"Grow","floor":11.0,"gold_loss":0.0,"damage_taken":0.0,"cards_upgraded":["EmptyBody"]},{"damage_healed":0.0,"max_hp_gain":0.0,"max_hp_loss":0.0,"gold_gain":0.0,"event_name":"Addict","player_choice":"Stole Relic","floor":21.0,"gold_loss":0.0,"damage_taken":0.0,"relics_obtained":["Boot"],"cards_obtained":["Shame"]},{"damage_healed":0.0,"max_hp_gain":0.0,"max_hp_loss":0.0,"gold_gain":0.0,"event_name":"Ghosts","player_choice":"Ignored","floor":27.0,"gold_loss":0.0,"damage_taken":0.0},{"damage_healed":0.0,"max_hp_gain":0.0,"max_hp_loss":0.0,"gold_gain":0.0,"event_name":"Vampires","player_choice":"Ignored","floor":28.0,"gold_loss":0.0,"damage_taken":0.0},{"damage_healed":0.0,"max_hp_gain":0.0,"max_hp_loss":0.0,"gold_gain":0.0,"event_name":"Cursed Tome","player_choice":"Ignored","floor":29.0,"gold_loss":0.0,"damage_taken":0.0}],"is_beta":false,"boss_relics":[{"not_picked":["Coffee Dripper","Runic Dome"],"picked":"Black Star"}],"items_purged_floors":[],"is_endless":false,"potions_floor_spawned":[1,7,12,16,18,24],"killed_by":"Champ","ascension_level":0}}