{"host":"3l94tha3a4jgu0q4","time":1608145768,"event":{"mods":["2.2 Compatiblity","AchievementEnabler","BaseMod","Colored Map","Colored Powertips","Highlight Path","Minty Spire (QoL Compilation)","Permanent Neow","StSLib","SuperFastMode"],"gold_per_floor":[111,123,123,123,141,141,28,72,72,22,22,40,40,64,64,189,189,210,110,35,35,48,92,104,116,197,209,236,279,317,339,351,458,470,495,117,117,165,165,165,165],"floor_reached":40,"playtime":726,"items_purged":["Strike_P","Strike_P","Defend_P"],"score":690,"play_id":"3869be0e-6711-4ea8-96df-94e7f1694d61","local_time":"20201216110928","is_ascension_mode":true,"campfire_choices":[{"data":"Eruption","floor":6.0,"key":"SMITH"},{"data":"CrushJoints","floor":15.0,"key":"SMITH"},{"floor":27,"key":"REST"},{"floor":32,"key":"RECALL"}],"circlet_count":0,"master_deck":["AscendersBane","Eruption+1","Vigilance","EmptyFist","EmptyFist","CarveReality","ReachHeaven+1","Fasting2","CrushJoints+1","LessonLearned+1","Protect+1","Writhe","WheelKick+1","SpiritShield+1","LikeWater","Indignation","MentalFortress","Establishment","WaveOfTheHand+1","BattleHymn+1","Collect+1","Sanctity+1","Apotheosis+1","DeceiveReality","Madness","Madness"],"relics":["Velvet Choker","Bloody Idol","Pocketwatch","CloakClasp","Fusion Hammer","Centennial Puzzle","MawBank","MutagenicStrength","Red Mask","Bird Faced Urn","Astrolabe","Shovel"],"acts_visited":["Exordium","TheCity","TheBeyond"],"potions_floor_usage":[23,31,40],"damage_taken":[{"damage":7.0,"enemies":"Jaw Worm","floor":1.0,"turns":3.0},{"damage":1.0,"enemies":"2 Louse","floor":2.0,"turns":3.0},{"damage":12.0,"enemies":"Small Slimes","floor":5.0,"turns":3.0},{"damage":0.0,"enemies":"Gremlin Nob","floor":8.0,"turns":2.0},{"damage":0.0,"enemies":"3 Louse","floor":12.0,"turns":3.0},{"damage":0.0,"enemies":"Looter","floor":14.0,"turns":2.0},{"damage":13.0,"enemies":"The Guardian","floor":16.0,"turns":7.0},{"damage":11,"enemies":"Chosen","floor":18,"turns":3},{"damage":21,"enemies":"2 Thieves","floor":22,"turns":3},{"damage":24,"enemies":"Slavers","floor":23,"turns":5},{"damage":21,"enemies":"Cultist and Chosen","floor":28,"turns":4},{"damage":0,"enemies":"Masked Bandits","floor":29,"turns":4},{"damage":9,"enemies":"Gremlin Leader","floor":30,"turns":6},{"damage":6,"enemies":"Centurion and Healer","floor":31,"turns":6},{"damage":54,"enemies":"Champ","floor":33,"turns":9},{"damage":12,"enemies":"Orb Walker","floor":35,"turns":4},{"damage":42,"enemies":"2 Orb Walkers","floor":38,"turns":6},{"damage":57,"enemies":"Nemesis","floor":40,"turns":2}],"seed_played":"4165059425770496937","potions_obtained":[{"floor":2.0,"key":"Fire Potion"},{"floor":8.0,"key":"PowerPotion"},{"floor":12.0,"key":"AttackPotion"},{"floor":22,"key":"Explosive Potion"},{"floor":29,"key":"Fire Potion"},{"floor":30,"key":"Swift Potion"},{"floor":35,"key":"BottledMiracle"}],"is_trial":false,"path_per_floor":["M","M","?","?","M","R","$","E","T","?","$","M","?","M","R","B",null,"M","$","?","?","M","E","?","?","T","R","M","?","E","M","R","B",null,"M","$","?","?","?","E"],"character_chosen":"WATCHER","items_purchased":["ReachHeaven","Apotheosis","DeceiveReality"],"campfire_rested":1,"item_purchase_floors":[7,36,36],"current_hp_per_floor":[58,57,57,57,45,45,45,45,45,45,45,45,67,67,67,54,64,53,53,53,53,32,8,8,13,23,48,37,47,48,56,61,22,57,60,65,57,30,30,0,0],"gold":165,"neow_bonus":"BOSS_RELIC","is_daily":false,"chose_seed":false,"campfire_upgraded":2,"win_rate":0.0,"timestamp":1608145768,"path_taken":["M","M","?","?","M","R","$","E","T","?","$","M","?","M","R","BOSS","M","$","?","?","M","E","?","?","T","R","?","?","E","M","R","BOSS","M","$","?","?","?","E"],"items_purchased_type":["Card","Card","Card"],"build_version":"2020-12-13","purchased_purges":3,"victory":false,"max_hp_per_floor":[72,72,72,67,67,67,67,67,67,67,67,67,67,67,67,67,67,67,67,67,67,67,67,67,67,67,67,67,67,67,67,67,67,67,67,67,67,67,67,67,67],"card_choices":[{"not_picked":["Prostrate","FlurryOfBlows"],"picked":"EmptyFist","floor":1.0},{"not_picked":["Prostrate","FlurryOfBlows"],"picked":"EmptyFist","floor":2.0},{"not_picked":["Consecrate","Halt"],"picked":"CarveReality","floor":5.0},{"not_picked":["Consecrate","MasterReality"],"picked":"Fasting2","floor":8.0},{"not_picked":["Weave","FlyingSleeves","JustLucky"],"picked":"SKIP","floor":12.0},{"not_picked":["ThirdEye","EmptyFist"],"picked":"CrushJoints","floor":14.0},{"not_picked":["DeusExMachina","Alpha"],"picked":"LessonLearned","floor":16.0},{"not_picked":["Perseverance+1","Prostrate"],"picked":"Protect+1","floor":18},{"not_picked":["Halt+1","ForeignInfluence"],"picked":"WheelKick+1","floor":22},{"not_picked":["PathToVictory","Fasting2"],"picked":"SpiritShield","floor":23},{"not_picked":["Vengeance","PathToVictory"],"picked":"LikeWater","floor":28},{"not_picked":["FlyingSleeves","SignatureMove"],"picked":"Indignation","floor":29},{"not_picked":["Protect","DeusExMachina"],"picked":"MentalFortress","floor":30},{"not_picked":["Adaptation","SashWhip","FlurryOfBlows+1"],"picked":"SKIP","floor":31},{"not_picked":["DevaForm","ConjureBlade"],"picked":"Establishment","floor":33},{"not_picked":["Collect+1","Wireheading"],"picked":"Sanctity+1","floor":35}],"player_experience":1864517,"relics_obtained":[{"floor":8.0,"key":"Pocketwatch"},{"floor":9.0,"key":"CloakClasp"},{"floor":23,"key":"MawBank"},{"floor":29,"key":"Red Mask"},{"floor":30,"key":"Bird Faced Urn"},{"floor":38,"key":"Shovel"}],"event_choices":[{"damage_healed":0.0,"max_hp_gain":0.0,"max_hp_loss":0.0,"gold_gain":0.0,"event_name":"Liars Game","player_choice":"Ignored","floor":3.0,"gold_loss":0.0,"damage_taken":0.0},{"damage_healed":0.0,"max_hp_gain":0.0,"max_hp_loss":5.0,"gold_gain":0.0,"event_name":"Golden Idol","player_choice":"Lose Max HP","floor":4.0,"gold_loss":0.0,"damage_taken":0.0,"relics_obtained":["Golden Idol"]},{"cards_removed":["Defend_P"],"damage_healed":0.0,"max_hp_gain":0.0,"max_hp_loss":0.0,"gold_gain":0.0,"event_name":"The Cleric","player_choice":"Card Removal","floor":10.0,"gold_loss":50.0,"damage_taken":0.0},{"damage_healed":22.0,"max_hp_gain":0.0,"max_hp_loss":0.0,"gold_gain":0.0,"event_name":"Big Fish","player_choice":"Banana","floor":13.0,"gold_loss":0.0,"damage_taken":0.0},{"cards_removed":["Defend_P"],"damage_healed":0,"gold_gain":0,"player_choice":"Gave Gold","damage_taken":0,"max_hp_gain":0,"max_hp_loss":0,"event_name":"Beggar","floor":20,"gold_loss":75},{"damage_healed":0,"gold_gain":0,"player_choice":"Opened","damage_taken":0,"relics_obtained":["Centennial Puzzle"],"max_hp_gain":0,"max_hp_loss":0,"event_name":"The Mausoleum","floor":21,"gold_loss":0,"cards_obtained":["Writhe"]},{"damage_healed":0,"gold_gain":0,"player_choice":"Gave Idol","damage_taken":0,"relics_obtained":["Bloody Idol"],"max_hp_gain":0,"max_hp_loss":0,"event_name":"Forgotten Altar","floor":24,"relics_lost":["Golden Idol"],"gold_loss":0},{"damage_healed":0,"gold_gain":0,"player_choice":"Inject Mutagens","damage_taken":0,"relics_obtained":["MutagenicStrength"],"max_hp_gain":0,"max_hp_loss":0,"event_name":"Drug Dealer","floor":25,"gold_loss":0},{"damage_healed":0,"gold_gain":0,"player_choice":"Fought Bandits","damage_taken":0,"max_hp_gain":0,"max_hp_loss":0,"event_name":"Masked Bandits","floor":29,"gold_loss":0},{"damage_healed":0,"gold_gain":0,"player_choice":"Embrace Madness","damage_taken":8,"max_hp_gain":0,"max_hp_loss":0,"event_name":"Winding Halls","floor":37,"gold_loss":0,"cards_obtained":["Madness","Madness"]},{"damage_healed":0,"gold_gain":0,"player_choice":"Fight","damage_taken":0,"max_hp_gain":0,"max_hp_loss":0,"event_name":"Mysterious Sphere","floor":38,"gold_loss":0},{"damage_healed":0,"gold_gain":0,"player_choice":"Upgraded","damage_taken":0,"max_hp_gain":0,"max_hp_loss":0,"event_name":"Upgrade Shrine","floor":39,"gold_loss":0,"cards_upgraded":["Apotheosis"]}],"is_beta":false,"boss_relics":[{"not_picked":["SacredBark","Calling Bell"],"picked":"Fusion Hammer"},{"not_picked":["Pandora\u0027s Box","SlaversCollar"],"picked":"Astrolabe"}],"items_purged_floors":[7,19,36],"is_endless":false,"potions_floor_spawned":[2,8,12,22,29,30,35],"killed_by":"Nemesis","ascension_level":11}}