{"host":"4oozkyb2rmpv0j2l","time":1608127475,"event":{"mods":["Act Like it!","Aspiration","BaseMod","Colored Map","Conspire","Gensokyo","Hallownest","Hubris","KinomotoSakuraMod(木之本樱)","Koishi","Lobotomy","LobotomyExtend","Marisa（F雨　魔理沙）","Minty Spire (QoL Compilation)","Prisma Mod","Quick Restart","Rare Cards Sparkle","Reimu（博丽灵梦）","Remilia（蕾米莉亚）","Replay The Spire","Robot Space Explorer","Shop Mod","Spicy Shops","StSLib","TestMod","The Animator","The Bladedancer","The Bug Knight","The Cursed","The Disciple","The Hierophant","The Mystic","The Necromancer","The Runesmith","The Servant 0.9.4","WarShipGirlsR/战舰少女R mod","Youmu（魂魄妖梦）","Yuri Mod","Yuyuko","vexMod","yUi","【东方二次创作】八云紫mod","【遗物卡牌】REMEMod"],"gold_per_floor":[117,135,135,135,60,92,103,135,135,169,180,196,211,231,231,332,332,346,346,27,9,9,41,61,80,80,96,129,204,204,249,249,373,373,418,497,497,497,535,589,637,696,696,742,181,229,295,340,340,340],"floor_reached":51,"playtime":3086,"items_purged":["TheCursedMod:Defend_TheCursed"],"score":1274,"play_id":"e431e952-eaf9-4400-b64c-584eddb56e5a","local_time":"20201216220435","is_ascension_mode":true,"campfire_choices":[{"data":"TheCursedMod:EmpowerCircles","floor":15,"key":"SMITH"},{"floor":32,"key":"DIG"},{"data":"TheCursedMod:CollectTribute","floor":49,"key":"SMITH"}],"circlet_count":0,"master_deck":["TheCursedMod:Strike_TheCursed","TheCursedMod:Strike_TheCursed","TheCursedMod:Strike_TheCursed","TheCursedMod:Defend_TheCursed","TheCursedMod:Dregs","TheCursedMod:DemonicPact","Gensokyo:SevenSchoolMysteries","TheCursedMod:CursedRelics+1","testmod-PocketStoneCalender+1","TheCursedMod:CursedRelics","ReplayTheSpireMod:IOU","testmod-ComboMaster","testmod-ChaoticCore","blademaster:WrongfulFootwork","hubris:Greed","hubris:Greed","Purity","hubris:Greed","hubris:Greed","TheCursedMod:CollectTribute","hubris:Greed","testmod-HandmadeProducts","TheCursedMod:CollectTribute+1","Hallucinations","TheCursedMod:NeowsMight","Thinking Ahead","testmod-Arrangement","hubris:Greed","testmod-Arrangement","TheCursedMod:CircleOfBlood","hubris:Greed","Master of Strategy","TheCursedMod:SpitefulPlan+1","testmod-TemporaryDeletion","Parasite","TheCursedMod:CircleOfFocus+1"],"relics":["TheCursedMod:BlackMagic101","testmod-TestBox","REME_ComplimentaryCards","TheCursedMod:Tack","testmod-GiftOfSatan","LetterFromLob","Gensokyo:NagashiBinaDoll","Gensokyo:LunaticRedEyes","testmod-BlackFramedGlasses","Replay:Bottled Steam","Turnip","Calipers","Replay:Grab Bag","vexMod:EndlessSickness","Cursed Key","TheCursedMod:FourLeafCloverCharm","REME_LowDesire","Blue Doll","Nunchaku","vexMod:Spyglass","FossilizedHelix","Replay:Bottled Snecko","hubris:Reverence","Happy Flower","Snack Pack","ReplayTheSpireMod:Ninjato","conspire:DecoderRing","vexMod:RetaliationKit","RedLine:ReiMu","CatCart","Ring of Chaos","Ring of Peace","testmod-RealStoneCalender","MealTicket","Tea:ReiMu","Mastiff:ReiMu","hubris:BundleOfHerbs","aspiration:HummingbirdHeart","Bronze Scales"],"acts_visited":["Gensokyo:Gensokyo","Gensokyo:Gensokyoer","TheBeyond"],"potions_floor_usage":[16,16,50,50],"damage_taken":[{"damage":2,"enemies":"Gensokyo:Python","floor":1,"turns":4},{"damage":8,"enemies":"Gensokyo:Gryphon","floor":2,"turns":3},{"damage":12,"enemies":"Gensokyo:Cirno","floor":6,"turns":5},{"damage":1,"enemies":"Gensokyo:3_Fairies","floor":7,"turns":2},{"damage":9,"enemies":"Gensokyo:Mamizou","floor":8,"turns":5},{"damage":27,"enemies":"Gensokyo:Cirno","floor":10,"turns":6},{"damage":12,"enemies":"Gensokyo:Python_and_Kodama","floor":11,"turns":4},{"damage":3,"enemies":"Gensokyo:Kitsune","floor":12,"turns":2},{"damage":1,"enemies":"Gensokyo:LivingMonolith","floor":13,"turns":3},{"damage":2,"enemies":"Gensokyo:5_Fairies","floor":14,"turns":2},{"damage":25,"enemies":"Gensokyo:Kokoro","floor":16,"turns":6},{"damage":49,"enemies":"Gensokyo:AngelMirror","floor":18,"turns":4},{"damage":14,"enemies":"Gensokyo:Koishi","floor":23,"turns":4},{"damage":6,"enemies":"Gensokyo:3_Dogs","floor":24,"turns":3},{"damage":0,"enemies":"Gensokyo:3_Gloops","floor":25,"turns":2},{"damage":0,"enemies":"Gensokyo:Monolith_and_Dog","floor":27,"turns":2},{"damage":0,"enemies":"Gensokyo:Reisen","floor":28,"turns":2},{"damage":8,"enemies":"Gensokyo:Tenshi","floor":31,"turns":3},{"damage":35,"enemies":"Gensokyo:Eiki","floor":33,"turns":4},{"damage":9,"enemies":"3 Darklings","floor":35,"turns":3},{"damage":14,"enemies":"Orin","floor":36,"turns":5},{"damage":0,"enemies":"Orb Walker","floor":39,"turns":1},{"damage":64,"enemies":"Reptomancer","floor":40,"turns":4},{"damage":0,"enemies":"3 Darklings","floor":41,"turns":3},{"damage":0,"enemies":"R_Hoarder","floor":42,"turns":4},{"damage":0,"enemies":"4 Shapes","floor":44,"turns":3},{"damage":0,"enemies":"Jaw Worm Horde","floor":46,"turns":2},{"damage":9,"enemies":"Reptomancer","floor":47,"turns":3},{"damage":0,"enemies":"Writhing Mass","floor":48,"turns":3},{"damage":0,"enemies":"Donu and Deca","floor":50,"turns":4}],"seed_played":"-1359649238588067545","potions_obtained":[{"floor":2,"key":"Ancient Potion"},{"floor":8,"key":"testmod-TestPotion"},{"floor":10,"key":"BlessingOfTheForge"},{"floor":16,"key":"Languid Potion"},{"floor":24,"key":"LifebloodPotion"}],"is_trial":false,"path_per_floor":["M","M","?","?","$","E","M","E","T","E","M","M","M","M","R","B",null,"M","?","$","$","?","E","M","M","T","M","E","T","T","E","R_BF","B",null,"M","?","?","?","M","E","M","E","T","M","$","M","E","M","R","B",null],"character_chosen":"THE_CURSED","items_purchased":["vexMod:Spyglass","FossilizedHelix","TheCursedMod:CursedRelics+1","Panache","Mastiff:ReiMu","hubris:BundleOfHerbs","aspiration:HummingbirdHeart"],"campfire_rested":0,"item_purchase_floors":[20,20,20,21,45,45,45],"current_hp_per_floor":[73,76,76,76,76,74,75,71,71,61,64,63,65,67,67,64,85,55,55,55,55,81,81,76,85,85,86,86,86,86,91,91,58,91,85,89,89,89,91,42,45,53,53,73,88,96,98,101,101,106],"gold":340,"neow_bonus":"RANDOM_COMMON_RELIC","is_daily":false,"chose_seed":false,"campfire_upgraded":2,"win_rate":0.0,"timestamp":1608127475,"path_taken":["M","M","?","?","$","E","M","E","T","E","M","?","M","?","R","BOSS","M","?","?","$","?","E","M","M","T","M","E","?","?","E","R_BF","BOSS","M","?","?","?","M","E","?","E","T","M","$","M","E","M","R","BOSS"],"items_purchased_type":["Relic","Relic","Card","Card","Relic","Relic","Relic"],"build_version":"2020-12-13","purchased_purges":1,"victory":true,"max_hp_per_floor":[75,80,80,80,80,80,80,80,80,80,85,85,85,85,85,85,85,90,81,81,81,81,81,81,86,86,86,86,86,86,91,91,91,91,91,91,91,91,91,96,96,96,96,101,101,101,101,101,101,106],"card_choices":[{"not_picked":["TheCursedMod:Evocation","TheCursedMod:CursedBlade"],"picked":"TheCursedMod:CircleOfWindfury","floor":1},{"not_picked":["TheCursedMod:RapidMovement","TheCursedMod:HellfireBreathing"],"picked":"TheCursedMod:EmpowerCircles","floor":2},{"not_picked":["TheCursedMod:Obscuration","TheCursedMod:VitalStrike"],"picked":"TheCursedMod:CursedBlade","floor":6},{"not_picked":["TheCursedMod:VitalStrike","TheCursedMod:CursedStaff"],"picked":"TheCursedMod:CircleOfFocus","floor":7},{"not_picked":["TheCursedMod:StunningStrike","TheCursedMod:RapidMovement","TheCursedMod:Stretching"],"picked":"SKIP","floor":8},{"not_picked":["TheCursedMod:AbyssShockwave","TheCursedMod:CircleOfFocus"],"picked":"TheCursedMod:EmpowerCircles","floor":10},{"not_picked":["TheCursedMod:SpitefulStrike","TheCursedMod:BlessingInDisguise","TheCursedMod:HellfireBreathing"],"picked":"SKIP","floor":11},{"not_picked":["TheCursedMod:SmokeScreen","TheCursedMod:VitalStrike"],"picked":"TheCursedMod:CircleOfWindfury","floor":12},{"not_picked":["TheCursedMod:CursedAmulet","TheCursedMod:RavingStaff","TheCursedMod:CursedArmor"],"picked":"SKIP","floor":13},{"not_picked":["TheCursedMod:FleshFromBone","TheCursedMod:SmokeScreen","TheCursedMod:Stretching"],"picked":"SKIP","floor":14},{"not_picked":["TheCursedMod:ShockAndAwe","TheCursedMod:StunningStrike"],"picked":"TheCursedMod:DemonicPact","floor":16},{"not_picked":["TheCursedMod:SpitefulStrike","TheCursedMod:SmokeScreen","testmod-ConditionedReflex"],"picked":"TheCursedMod:CircleOfFlame+1","floor":18},{"not_picked":["Gensokyo:EightFeetTall","Gensokyo:LochNessMonster"],"picked":"Gensokyo:SevenSchoolMysteries","floor":19},{"not_picked":["TheCursedMod:TroublousMinions+1","TheCursedMod:Evocation","TheCursedMod:Torture"],"picked":"testmod-PocketStoneCalender+1","floor":23},{"not_picked":["TheCursedMod:SpitefulStrike","TheCursedMod:Stigma","TheCursedMod:Evocation","testmod-Provocation"],"picked":"SKIP","floor":24},{"not_picked":["TheCursedMod:CursedShiv","TheCursedMod:Hemoplague","ReplayTheSpireMod:Brewmster"],"picked":"TheCursedMod:CursedRelics","floor":25},{"not_picked":["TheCursedMod:Wield","TheCursedMod:CursedMace","TheCursedMod:DoubleShield"],"picked":"testmod-ComboMaster","floor":27},{"not_picked":["TheCursedMod:Stretching+1","TheCursedMod:CircleOfAmplification","TheCursedMod:CursedSpellbook"],"picked":"testmod-ChaoticCore","floor":28},{"not_picked":["TheCursedMod:BloodBarrier","TheCursedMod:SurpriseAttack","TheCursedMod:CursedShiv+1"],"picked":"Purity","floor":31},{"not_picked":["TheCursedMod:UltimatePain","TheCursedMod:DarkBarrier","PanicButton"],"picked":"TheCursedMod:CollectTribute","floor":33},{"not_picked":["TheCursedMod:Stretching+1","TheCursedMod:RapidMovement+1","TheCursedMod:CircleOfCorruption+1"],"picked":"testmod-HandmadeProducts","floor":35},{"not_picked":["TheCursedMod:Torture","TheCursedMod:SpreadPlague+1","Jack Of All Trades+1"],"picked":"TheCursedMod:CollectTribute","floor":36},{"not_picked":[],"picked":"TheCursedMod:NeowsMight","floor":38},{"not_picked":["TheCursedMod:CursedMace+1","TheCursedMod:SoulReap","TheCursedMod:CursedBlade"],"picked":"Thinking Ahead","floor":39},{"not_picked":["TheCursedMod:DoubleShield+1","TheCursedMod:FleshFromBone","TheCursedMod:BlessingInDisguise+1"],"picked":"testmod-Arrangement","floor":40},{"not_picked":["TheCursedMod:CursedStaff+1","TheCursedMod:Obscuration","TheCursedMod:CursedMace"],"picked":"testmod-Arrangement","floor":41},{"not_picked":["TheCursedMod:Wield","TheCursedMod:CircleOfCorruption","Madness"],"picked":"TheCursedMod:CircleOfBlood","floor":42},{"not_picked":["TheCursedMod:CursedShiv+1","TheCursedMod:AbyssShockwave+1","TheCursedMod:AshesToAshes"],"picked":"Master of Strategy","floor":44},{"not_picked":["TheCursedMod:ReleasedStrength","TheCursedMod:CursedBoomerang","Replay:Sssssssssshield"],"picked":"TheCursedMod:SpitefulPlan+1","floor":46},{"not_picked":["TheCursedMod:Stretching","TheCursedMod:HellsGateOpen","TheCursedMod:Evocation+1"],"picked":"testmod-TemporaryDeletion","floor":47},{"not_picked":["TheCursedMod:CursedAmulet","TheCursedMod:RapidMovement","testmod-TreasureHunter"],"picked":"TheCursedMod:CircleOfFocus+1","floor":48}],"player_experience":533460,"relics_obtained":[{"floor":1,"key":"LetterFromLob"},{"floor":6,"key":"testmod-BlackFramedGlasses"},{"floor":8,"key":"Replay:Bottled Steam"},{"floor":9,"key":"Turnip"},{"floor":10,"key":"Calipers"},{"floor":17,"key":"Blue Doll"},{"floor":17,"key":"Nunchaku"},{"floor":23,"key":"Replay:Bottled Snecko"},{"floor":26,"key":"hubris:Reverence"},{"floor":28,"key":"Happy Flower"},{"floor":29,"key":"Snack Pack"},{"floor":30,"key":"ReplayTheSpireMod:Ninjato"},{"floor":31,"key":"conspire:DecoderRing"},{"floor":32,"key":"vexMod:RetaliationKit"},{"floor":36,"key":"CatCart"},{"floor":37,"key":"Ring of Chaos"},{"floor":37,"key":"Ring of Peace"},{"floor":40,"key":"testmod-RealStoneCalender"},{"floor":42,"key":"MealTicket"},{"floor":43,"key":"Tea:ReiMu"},{"floor":47,"key":"Bronze Scales"}],"event_choices":[{"damage_healed":0,"gold_gain":0,"player_choice":"Fight","damage_taken":0,"max_hp_gain":0,"max_hp_loss":0,"event_name":"OrinTheCat","floor":36,"gold_loss":0}],"is_beta":false,"boss_relics":[{"not_picked":["hubris:BlackHole","testmod-TimeTraveler"],"picked":"Replay:Grab Bag"},{"not_picked":["Philosopher\u0027s Stone","SlaversCollar"],"picked":"vexMod:EndlessSickness"},{"not_picked":["Coffee Dripper","Sozu"],"picked":"Cursed Key"},{"not_picked":["hubris:HollowSoul","Black Star"],"picked":"TheCursedMod:FourLeafCloverCharm"},{"not_picked":["Honey Jar","testmod-BatchProcessingSystem"],"picked":"REME_LowDesire"},{"not_picked":["conspire:SlowCooker","Empty Cage"],"picked":"RedLine:ReiMu"}],"items_purged_floors":[5],"is_endless":false,"potions_floor_spawned":[2,8,10,16,24,25,28,31,33,40,41,42,44],"ascension_level":2}}