{"host":"79pwvnyrdes6uj7k","time":1608086683,"event":{"mods":["2.2 Compatiblity","Astrologer","BaseMod","Beaked The Cultist","Colored Powertips","Downfall","Exacting","Friendly Minions","HexUI Lib","Highlight Path","Hubris","Mad Scientist","Mimic Mod","Minty Spire (QoL Compilation)","Random Character Button","Replay The Spire","Reworked Bosses","Shop Mod","Somnambulant","StSLib","The Cursed","The Disciple","The Factory","The Judge","The Jungle","The Poker Player","The Runesmith","TheHeartMod"],"gold_per_floor":[99,99,131,131,165,615,669,669,704,736,206,13,30,15,29,29,29],"floor_reached":16,"playtime":1357,"items_purged":["Slimebound:Icky","Slimebound:Icky"],"score":166,"play_id":"52423ee7-2186-4f56-a7ab-ffbe16ce64d0","local_time":"20201215204443","is_ascension_mode":false,"campfire_choices":[{"floor":1,"key":"RECALL"}],"circlet_count":0,"master_deck":["champ:Strike","champ:Strike","champ:Strike","champ:Strike","champ:Defend","champ:Defend","champ:Defend","champ:Defend","champ:Execute","champ:Taunt","champ:BerserkersShout","champ:ShieldWall","champ:EnragedBash","Slimebound:Icky","champ:SwordThrow","champ:Shatter","champ:GutPunch","champ:HeartStrike","Bandage Up","champ:ArenaPreparation","champ:TornadoPunch","champ:BringItOn","champ:Circumvent","champ:DefensiveShout"],"relics":["champ:ChampionCrown","downfall:HeartsMalice","hubris:BundleOfHerbs","Replay:Towering Pillar of Hats","Shuriken","Sling","MerchantsRug"],"acts_visited":["Exordium"],"potions_floor_usage":[11,13,16,16],"damage_taken":[{"damage":0,"enemies":"Small Slimes","floor":2,"turns":1},{"damage":0,"enemies":"3 Sentries","floor":3,"turns":1},{"damage":0,"enemies":"Lagavulin","floor":5,"turns":1},{"damage":50,"enemies":"Gremlin Nob","floor":9,"turns":5},{"damage":16,"enemies":"Jaw Worm","floor":10,"turns":3},{"damage":18,"enemies":"downfall:FleeingMerchant","floor":11,"turns":4},{"damage":23,"enemies":"downfall:FleeingMerchant","floor":12,"turns":4},{"damage":26,"enemies":"Cultist","floor":13,"turns":3},{"damage":29,"enemies":"downfall:FleeingMerchant","floor":14,"turns":4},{"damage":7,"enemies":"Blue Slaver","floor":15,"turns":4},{"damage":51,"enemies":"downfall:Ironclad","floor":16,"turns":3}],"seed_played":"6216775740849870541","potions_obtained":[{"floor":9,"key":"DuplicationPotion"},{"floor":10,"key":"Weak Potion"},{"floor":13,"key":"Strength Potion"},{"floor":15,"key":"champ:CounterPotion"}],"is_trial":false,"path_per_floor":["R","M","E","?","E","?","T","?","E","M","$","$","M","$","M","B"],"character_chosen":"THE_CHAMP","items_purchased":["Sling","champ:HeartStrike","Bandage Up","MerchantsRug","champ:TornadoPunch","champ:BringItOn"],"campfire_rested":0,"item_purchase_floors":[11,11,11,11,12,12],"current_hp_per_floor":[90,90,90,90,90,90,90,90,62,52,47,41,39,28,37,0,0],"gold":29,"neow_bonus":"THREE_ENEMY_KILL","is_daily":false,"chose_seed":false,"campfire_upgraded":0,"win_rate":0.0,"timestamp":1608086683,"path_taken":["R","M","E","?","E","?","T","?","E","M","$","$","M","?","M","BOSS"],"items_purchased_type":["Relic","Card","Card","Relic","Card","Card"],"build_version":"2020-12-13","purchased_purges":2,"victory":false,"max_hp_per_floor":[90,90,90,90,90,90,90,90,90,90,90,90,90,90,90,90,90],"card_choices":[{"not_picked":["champ:BladeFlurry","champ:BringItOn"],"picked":"champ:BerserkersShout","floor":2},{"not_picked":["champ:TornadoPunch","champ:PreciseThrust"],"picked":"champ:ShieldWall","floor":3},{"not_picked":["champ:DefensiveStyle","champ:GladiatorStyle"],"picked":"champ:EnragedBash","floor":5},{"not_picked":["champ:EnragedBash","champ:GladiatorsShout"],"picked":"champ:SwordThrow","floor":9},{"not_picked":["champ:FocusedGladiator","champ:Backstep"],"picked":"champ:Shatter","floor":10},{"not_picked":["champ:Encircle","champ:StrikeOfGenius"],"picked":"champ:GutPunch","floor":11},{"not_picked":["champ:DefensiveStyle","champ:Backstep"],"picked":"champ:ArenaPreparation","floor":12},{"not_picked":["champ:BringItOn","champ:BerserkersShout"],"picked":"champ:Circumvent","floor":13},{"not_picked":["champ:BringItOn","champ:Riposte","champ:Lariat"],"picked":"SKIP","floor":14},{"not_picked":["champ:FlashCut","champ:AdrenalArmor"],"picked":"champ:DefensiveShout","floor":15}],"player_experience":289742,"relics_obtained":[{"floor":3,"key":"hubris:BundleOfHerbs"},{"floor":5,"key":"Replay:Towering Pillar of Hats"},{"floor":9,"key":"Shuriken"}],"event_choices":[{"damage_healed":0,"gold_gain":0,"player_choice":"Box","damage_taken":0,"relics_obtained":["Replay:Baseball"],"max_hp_gain":0,"max_hp_loss":0,"event_name":"Big Fish","floor":4,"gold_loss":0,"cards_obtained":["Regret"]},{"cards_removed":["Regret"],"damage_healed":0,"gold_gain":0,"player_choice":"Card Removal","damage_taken":0,"max_hp_gain":0,"max_hp_loss":0,"event_name":"The Cleric","floor":8,"gold_loss":0}],"is_beta":false,"boss_relics":[],"items_purged_floors":[11,12],"is_endless":false,"potions_floor_spawned":[9,10,13,15],"killed_by":"downfall:Ironclad","ascension_level":0}}