{"host":"jm9833yuloeli2yd","time":1608082298,"event":{"mods":["AchievementEnabler","BaseMod","Better Altar","Better Match","Better Note","Better Sensory Stone","Better Skull","Better Vampires","Colored Map","Colored Powertips","DeckTracker","Minty Spire (QoL Compilation)","Permanent Neow","Quick Restart","Replay The Spire","StSLib","SuperFastMode"],"gold_per_floor":[118,136,136,147,160,160,160,178,231,250,280,298,298,298,298],"floor_reached":14,"playtime":372,"items_purged":[],"score":188,"play_id":"09a8a61c-9e34-4c19-a3db-8b401aaed2f5","local_time":"20201215203138","is_ascension_mode":true,"campfire_choices":[{"floor":6.0,"key":"REST"},{"data":"Electrodynamics","floor":13,"key":"SMITH"}],"circlet_count":0,"master_deck":["AscendersBane","Strike_B","Strike_B","Strike_B","Defend_B","Defend_B","Defend_B","Defend_B+1","Zap+1","Dualcast","Self Repair","Cold Snap","Lockon","Electrodynamics+1","Redo"],"relics":["Cracked Core","Ancient Tea Set","Letter Opener"],"acts_visited":["Exordium"],"potions_floor_usage":[11],"damage_taken":[{"damage":10.0,"enemies":"Small Slimes","floor":1.0,"turns":3.0},{"damage":12.0,"enemies":"Jaw Worm","floor":2.0,"turns":3.0},{"damage":6.0,"enemies":"Cultist","floor":4.0,"turns":4.0},{"damage":20.0,"enemies":"Large Slime","floor":5.0,"turns":7.0},{"damage":6,"enemies":"3 Louse","floor":8,"turns":4},{"damage":6,"enemies":"Red Slaver","floor":10,"turns":4},{"damage":17,"enemies":"3 Sentries","floor":11,"turns":7},{"damage":31,"enemies":"Exordium Thugs","floor":12,"turns":3},{"damage":20,"enemies":"Lagavulin","floor":14,"turns":4}],"seed_played":"1365980921794580186","potions_obtained":[{"floor":1.0,"key":"CultistPotion"},{"floor":4.0,"key":"Swift Potion"},{"floor":8,"key":"Strength Potion"},{"floor":12,"key":"BlessingOfTheForge"}],"is_trial":false,"path_per_floor":["M","M","?","M","M","R","?","M","T","M","E","M","R","E"],"character_chosen":"DEFECT","items_purchased":[],"campfire_rested":1,"item_purchase_floors":[],"current_hp_per_floor":[54,49,49,50,37,58,58,59,59,60,50,19,19,0,0],"gold":298,"neow_bonus":"UPGRADE_CARD","is_daily":false,"chose_seed":false,"campfire_upgraded":1,"win_rate":0.0,"timestamp":1608082298,"path_taken":["M","M","?","M","M","R","?","M","T","?","E","M","R","E"],"items_purchased_type":[],"build_version":"2020-12-13","purchased_purges":0,"victory":false,"max_hp_per_floor":[71,71,71,71,71,71,71,71,71,71,71,71,71,71,71],"card_choices":[{"not_picked":["Chill","Force Field"],"picked":"Self Repair","floor":1.0},{"not_picked":["ReplayTheSpireMod:System Scan","BasicCrystalCard","Redo"],"picked":"SKIP","floor":2.0},{"not_picked":["Hologram","Coolheaded"],"picked":"Cold Snap","floor":4.0},{"not_picked":["BasicCrystalCard","Fusion"],"picked":"Lockon","floor":5.0},{"not_picked":["Redo","Undo","Scrape"],"picked":"SKIP","floor":8},{"not_picked":["Sunder","Coolheaded","ReplaySolidLightProjector"],"picked":"SKIP","floor":10},{"not_picked":["Sunder","Coolheaded","ReplaySolidLightProjector"],"picked":"SKIP","floor":10},{"not_picked":["Auto Shields","ReplayTheSpireMod:GoodbyeWorld"],"picked":"Electrodynamics","floor":11},{"not_picked":["Reprogram","BasicCrystalCard"],"picked":"Redo","floor":12}],"player_experience":1097501,"relics_obtained":[{"floor":9,"key":"Ancient Tea Set"},{"floor":11,"key":"Letter Opener"}],"event_choices":[{"cards_removed":["Strike_B"],"damage_healed":0.0,"max_hp_gain":0.0,"max_hp_loss":0.0,"gold_gain":0.0,"event_name":"Purifier","player_choice":"Purged","floor":7.0,"gold_loss":0.0,"damage_taken":0.0}],"is_beta":false,"boss_relics":[],"items_purged_floors":[],"is_endless":false,"potions_floor_spawned":[1,4,8,10,12],"killed_by":"Lagavulin","ascension_level":20}}