{"host":"bnl7o5cb2omwu7ka","time":1608082317,"event":{"mods":["AchievementEnabler","BaseMod","BetterRewards","Block Reminder","Colored Map","Colored Powertips","Conspire","Duelist Mod","Energized Spire","Googly Eyes","Highlight Path","Infinite Spire","Jedi Mod","Mimic Mod","Minty Spire (QoL Compilation)","Permanent Neow","Quick Restart","Rare Cards Sparkle","Replay The Spire","Spikes Relics","StSLib","The Blackbeard","The IronCluck","egg","everything is the same but u backflip on backflip","slay the spire mod where everything is the same but ironclad has a cowboy hat"],"gold_per_floor":[113,113,123,135,135,170,170,70,70,97,97,113,38,48,48,152,152,162,162,180,18,42,42,69,69,95,128,53,64,97,97,97,97,97],"floor_reached":33,"playtime":4781,"items_purged":["Strike_B"],"score":311,"play_id":"1944e3c1-de8b-4e6e-beac-7c116d1e8eae","local_time":"20201215203157","is_ascension_mode":false,"campfire_choices":[{"data":"jedi:overflow","floor":7,"key":"SMITH"},{"data":"Barrage","floor":11,"key":"SMITH"},{"floor":15,"key":"REST"},{"floor":23,"key":"REST"},{"data":"Chill","floor":25,"key":"SMITH"},{"floor":32,"key":"REST"}],"circlet_count":0,"master_deck":["Strike_B","Strike_B","Defend_B","Defend_B","Defend_B","Defend_B","Zap+1","Dualcast","jedi:sharpshooter","ReplayTheSpireMod:Calculation Training","jedi:overflow+1","Coolheaded","Go for the Eyes","jedi:blockon","Barrage+1","Chaos","Ball Lightning","Leap","conspire:Rain","BasicCrystalCard","Rainbow","infinitespire:Oblivion","Chill+1","Crystallizer+1","Cold Snap"],"relics":["Cracked Core","Oddly Smooth Stone","Counterbalance","jedi:bottledfury","jedi:paperfaux","energizedSpire:OgreHead","Replay:Mystery Machine","Solar Panel","Toy Ornithopter","Vajra","Lantern","jedi:heavyjacket"],"acts_visited":["Exordium","TheCity"],"potions_floor_usage":[],"damage_taken":[{"damage":5,"enemies":"2 Louse","floor":1,"turns":3},{"damage":9,"enemies":"Cultist","floor":3,"turns":4},{"damage":0,"enemies":"Jaw Worm","floor":4,"turns":4},{"damage":36,"enemies":"Gremlin Nob","floor":6,"turns":5},{"damage":5,"enemies":"3 Sentries","floor":10,"turns":6},{"damage":0,"enemies":"2 Fungi Beasts","floor":12,"turns":3},{"damage":7,"enemies":"Exordium Wildlife","floor":14,"turns":3},{"damage":19,"enemies":"Hexaghost","floor":16,"turns":9},{"damage":17,"enemies":"2 Thieves","floor":18,"turns":4},{"damage":24,"enemies":"conspire:FuzzyDice","floor":20,"turns":5},{"damage":15,"enemies":"Nightmare","floor":24,"turns":7},{"damage":8,"enemies":"conspire:SneckoGhost","floor":27,"turns":8},{"damage":8,"enemies":"Shelled Parasite and Fungi","floor":29,"turns":6},{"damage":16,"enemies":"Book of Stabbing","floor":30,"turns":7},{"damage":43,"enemies":"Pondfish","floor":33,"turns":9}],"seed_played":"3822238710573654962","potions_obtained":[{"floor":1,"key":"FearPotion"},{"floor":12,"key":"Adrenaline Potion"},{"floor":14,"key":"Explosive Potion"},{"floor":18,"key":"LiquidBronze"},{"floor":20,"key":"Strength Potion"}],"is_trial":false,"path_per_floor":["M","?","M","M","?","E","R","$","T","E","R","M","$","M","R","B",null,"M","?","M","$","T","R","NM","R","T","E","?","M","E","?","R","B"],"character_chosen":"DEFECT","items_purchased":["jedi:blockon","Barrage","Rainbow"],"campfire_rested":3,"item_purchase_floors":[8,8,21],"current_hp_per_floor":[70,70,61,61,61,25,25,25,25,20,20,20,20,13,35,16,75,58,58,34,34,34,56,41,41,41,35,35,35,19,19,41,0,0],"gold":97,"neow_bonus":"THREE_CARDS","is_daily":false,"chose_seed":false,"campfire_upgraded":3,"win_rate":0.0,"timestamp":1608082317,"path_taken":["M","?","?","M","?","E","R","$","T","E","R","M","$","M","R","BOSS","M","?","M","$","?","R","NM","R","T","E","?","M","E","?","R","BOSS"],"items_purchased_type":["Card","Card","Card"],"build_version":"2020-12-13","purchased_purges":1,"victory":false,"max_hp_per_floor":[75,75,75,75,75,75,75,75,75,75,75,75,75,75,75,75,75,75,75,75,75,75,75,75,75,75,75,75,75,75,75,75,75,75],"card_choices":[{"not_picked":["Leap","Rebound"],"picked":"jedi:sharpshooter","floor":0},{"not_picked":["Rebound","Turbo"],"picked":"ReplayTheSpireMod:Calculation Training","floor":1},{"not_picked":["Consume","jedi:BurstLightning"],"picked":"jedi:overflow","floor":3},{"not_picked":["Go for the Eyes","BasicCrystalCard"],"picked":"Coolheaded","floor":4},{"not_picked":["Stack","ReplayTheSpireMod:Fabricate Wheel"],"picked":"Go for the Eyes","floor":6},{"not_picked":["Rebound","BootSequence"],"picked":"Chaos","floor":10},{"not_picked":["Turbo","jedi:BurstFrost"],"picked":"Ball Lightning","floor":12},{"not_picked":["Gash","Force Field"],"picked":"Leap","floor":14},{"not_picked":["Panic Button","Crystallizer"],"picked":"conspire:Rain","floor":18},{"not_picked":["Leap","Go for the Eyes+1"],"picked":"BasicCrystalCard","floor":20},{"not_picked":["ReplayTheSpireMod:Haul","infinitespire:Fortify"],"picked":"infinitespire:Oblivion","floor":24},{"not_picked":["Rebound","jedi:BurstFrost"],"picked":"Chill","floor":24},{"not_picked":["Coolheaded","FTL"],"picked":"Crystallizer+1","floor":27},{"not_picked":["Stack","jedi:BurstFrost"],"picked":"Cold Snap","floor":29},{"not_picked":["Go for the Eyes","DiskWipe","Undo+1"],"picked":"SKIP","floor":30}],"player_experience":452514,"relics_obtained":[{"floor":6,"key":"Counterbalance"},{"floor":9,"key":"jedi:bottledfury"},{"floor":10,"key":"jedi:paperfaux"},{"floor":22,"key":"Replay:Mystery Machine"},{"floor":24,"key":"Solar Panel"},{"floor":26,"key":"Toy Ornithopter"},{"floor":27,"key":"Vajra"},{"floor":30,"key":"Lantern"}],"event_choices":[{"damage_healed":0,"gold_gain":0,"player_choice":"Gave Potion","damage_taken":0,"relics_obtained":["Oddly Smooth Stone"],"max_hp_gain":0,"max_hp_loss":0,"event_name":"WeMeetAgain","floor":2,"gold_loss":0},{"damage_healed":0,"gold_gain":0,"player_choice":"Leave","damage_taken":0,"max_hp_gain":0,"max_hp_loss":0,"event_name":"conspire:Investor","floor":19,"gold_loss":0},{"cards_removed":["Strike_B"],"damage_healed":0,"gold_gain":0,"player_choice":"Gave Gold","damage_taken":0,"max_hp_gain":0,"max_hp_loss":0,"event_name":"Beggar","floor":28,"gold_loss":75}],"is_beta":false,"boss_relics":[{"not_picked":["Fusion Hammer","Replay:Drink Me"],"picked":"energizedSpire:OgreHead"}],"items_purged_floors":[13],"is_endless":false,"potions_floor_spawned":[1,12,14,18,20,29],"killed_by":"Pondfish","ascension_level":0}}