{"host":"a3oe3gstxz77c7qu","time":1608151717,"event":{"mods":["2.2 Compatiblity","Act Like it!","BaseMod","Bestiary","Better Altar","Better Match","Better Note","Better Sensory Stone","Better Skull","Better Third Choice","Block Reminder","Conspire","Curses Come First","Custom Start","Downfall","Friendly Minions","GifTheSpireLib","Infinite Spire","Lobotomy","LobotomyExtend","Marisa????????","Minty Spire (QoL Compilation)","Permanent Neow","Quick Restart","Relic Stats","Replay The Spire","Robot Space Explorer","StSLib","The Blue Laboratory","Uncapped","Wandering Minibosses"],"gold_per_floor":[118,132,132,22,22,57,69,69,95,114,142,142,142,155,155,226,226,166,166,166,166,166,166,166,166],"floor_reached":24,"playtime":927,"items_purged":["Pain"],"score":378,"play_id":"a08fa7ba-791c-4b72-903b-d39b5ddcca8e","local_time":"20201216204837","is_ascension_mode":true,"campfire_choices":[{"data":"Reprogram","floor":8.0,"key":"SMITH"},{"data":"ReplayGash","floor":13.0,"key":"SMITH"},{"floor":15.0,"key":"REST"},{"data":"Self Repair","floor":23,"key":"SMITH"}],"circlet_count":0,"master_deck":["AscendersBane","Strike_B","Strike_B","Strike_B","Defend_B","Defend_B","Defend_B","Defend_B","Zap","Dualcast","BootSequence","Gash","Scrape","Beam Cell","UniverseFragment","Reprogram+1","ReplayGash+1","Murderer","Echo Form","QueenOfHatred","Self Repair+1","Leap","BlackArmy"],"relics":["Cracked Core","CogitoBucket","RabbitCall","LetterFromLob","WarpedTongs","Blue Doll","ReplayTheSpireMod:Lightbulb","Question Card","SkinProphecy","Ectoplasm","betterThird:NestCultRelic"],"acts_visited":["Exordium","TheCity"],"potions_floor_usage":[16],"damage_taken":[{"damage":0.0,"enemies":"Small Slimes","floor":1.0,"turns":4.0},{"damage":5.0,"enemies":"Cultist","floor":2.0,"turns":5.0},{"damage":26.0,"enemies":"Replay:BlueRogue","floor":6.0,"turns":5.0},{"damage":0.0,"enemies":"2 Louse","floor":7.0,"turns":3.0},{"damage":0.0,"enemies":"2 Fungi Beasts","floor":10.0,"turns":3.0},{"damage":18.0,"enemies":"Gremlin Nob","floor":11.0,"turns":4.0},{"damage":8.0,"enemies":"Exordium Thugs","floor":14.0,"turns":5.0},{"damage":27,"enemies":"The Guardian","floor":16,"turns":11},{"damage":1,"enemies":"2 Thieves","floor":18,"turns":4},{"damage":24,"enemies":"Spheric Guardian","floor":22,"turns":6},{"damage":13,"enemies":"conspire:Head Lice","floor":24,"turns":2}],"seed_played":"-3648035126667381150","potions_obtained":[{"floor":1.0,"key":"Doom Potion"},{"floor":2.0,"key":"Swift Potion"},{"floor":22,"key":"SpeedPotion"}],"is_trial":false,"path_per_floor":["M","M","?","$","$","E","M","R","T","M","E","?","R","M","R","B",null,"M","?","?","?","M","R","E"],"character_chosen":"DEFECT","items_purchased":["Scrape"],"campfire_rested":1,"item_purchase_floors":[4],"current_hp_per_floor":[68,63,63,63,63,37,37,37,37,37,19,19,19,11,33,2,58,59,59,67,67,58,58,48,48],"gold":166,"neow_bonus":"","is_daily":false,"chose_seed":false,"campfire_upgraded":3,"win_rate":0.0,"timestamp":1608151717,"path_taken":["M","M","?","?","$","E","M","R","T","?","E","?","R","M","R","BOSS","M","?","?","?","M","R","E"],"items_purchased_type":["Card"],"build_version":"2020-12-13","purchased_purges":1,"victory":false,"max_hp_per_floor":[75,75,75,75,75,75,75,75,75,75,75,75,75,75,75,77,77,79,79,79,79,81,81,83,83],"relic_stats":{"counters":[12,52],"Ectoplasm":92,"Question Card":15,"obtain_stats":[{"RabbitCall":0,"CogitoBucket":0,"Blue Doll":6,"Ectoplasm":17,"betterThird:NestCultRelic":19,"LetterFromLob":1,"SkinProphecy":14,"Cracked Core":0,"ReplayTheSpireMod:Lightbulb":9,"Question Card":11,"WarpedTongs":3},{"RabbitCall":0,"CogitoBucket":0,"Blue Doll":3,"Ectoplasm":9,"betterThird:NestCultRelic":10,"LetterFromLob":1,"SkinProphecy":8,"Cracked Core":0,"ReplayTheSpireMod:Lightbulb":4,"Question Card":6,"WarpedTongs":2},{"RabbitCall":0,"CogitoBucket":0,"Blue Doll":14,"Ectoplasm":40,"betterThird:NestCultRelic":44,"LetterFromLob":4,"SkinProphecy":30,"Cracked Core":0,"ReplayTheSpireMod:Lightbulb":17,"Question Card":24,"WarpedTongs":9}],"WarpedTongs":[41]},"card_choices":[{"not_picked":["Go for the Eyes","Compile Driver"],"picked":"BootSequence","floor":1.0},{"not_picked":["CrumblingArmor","SingingMachine","Porccubus"],"picked":"Singing Bowl","floor":1.0},{"not_picked":["Cold Snap","Redo"],"picked":"Gash","floor":2.0},{"not_picked":["PunishingBird","WallGazer","Scorched"],"picked":"Singing Bowl","floor":2.0},{"not_picked":["Sweeping Beam","Undo"],"picked":"Beam Cell","floor":6.0},{"not_picked":["CrumblingArmor","SpiderBud"],"picked":"UniverseFragment","floor":6.0},{"not_picked":["Rebound","Barrage"],"picked":"Reprogram","floor":7.0},{"not_picked":["PunishingBird","MHz","CherryBlossoms"],"picked":"Singing Bowl","floor":7.0},{"not_picked":["Scorched","Scarecrow","PunishingBird"],"picked":"Singing Bowl","floor":10.0},{"not_picked":["Coolheaded","Beam Cell","Capacitor"],"picked":"SKIP","floor":10.0},{"not_picked":["Heatsinks","Genetic Algorithm"],"picked":"ReplayGash","floor":11.0},{"not_picked":["Wellcheers","Scorched","OldLady"],"picked":"Singing Bowl","floor":11.0},{"not_picked":["SnowQueen","OldLady","ShyLook"],"picked":"Singing Bowl","floor":14.0},{"not_picked":["Freischutz","FairyFestival"],"picked":"Murderer","floor":14.0},{"not_picked":["Beam Cell","Fission","ReplayTheSpireMod:Dual Polarity","Steam Power"],"picked":"SKIP","floor":14.0},{"not_picked":["Fission","Rainbow","Electrodynamics"],"picked":"Echo Form","floor":16},{"not_picked":["Bloodbath","Laetitia","BigBird"],"picked":"Singing Bowl","floor":16},{"not_picked":["NakedNest","BeautyBeast"],"picked":"QueenOfHatred","floor":16},{"not_picked":["Steam","Doom and Gloom","Conserve Battery"],"picked":"Self Repair","floor":18},{"not_picked":["PunishingBird","OSAHOGD","CherryBlossoms"],"picked":"Singing Bowl","floor":18},{"not_picked":["Conserve Battery","Steam","Crystallizer"],"picked":"Leap","floor":22},{"not_picked":["Variant","SingingMachine","GreedKing"],"picked":"Singing Bowl","floor":22},{"not_picked":["Rudolta","OSAHOGD"],"picked":"BlackArmy","floor":22}],"player_experience":816218,"relics_obtained":[{"floor":1.0,"key":"LetterFromLob"},{"floor":6.0,"key":"Blue Doll"},{"floor":9.0,"key":"ReplayTheSpireMod:Lightbulb"},{"floor":11.0,"key":"Question Card"}],"event_choices":[{"damage_healed":0.0,"max_hp_gain":0.0,"max_hp_loss":0.0,"gold_gain":0.0,"event_name":"Accursed Blacksmith","player_choice":"Rummage","floor":3.0,"gold_loss":0.0,"damage_taken":0.0,"relics_obtained":["WarpedTongs"],"cards_obtained":["Pain"]},{"cards_removed":["Strike_B"],"damage_healed":0.0,"max_hp_gain":0.0,"max_hp_loss":0.0,"gold_gain":0.0,"event_name":"Living Wall","player_choice":"Forget","floor":12.0,"gold_loss":0.0,"damage_taken":0.0},{"damage_healed":0,"gold_gain":0,"player_choice":"Madness","damage_taken":0,"relics_obtained":["betterThird:NestCultRelic"],"max_hp_gain":0,"max_hp_loss":0,"event_name":"betterThird:BetterNest","floor":19,"gold_loss":0},{"damage_healed":0,"gold_gain":0,"player_choice":"Leave","damage_taken":0,"max_hp_gain":0,"max_hp_loss":0,"event_name":"conspire:Investor","floor":21,"gold_loss":0}],"is_beta":false,"boss_relics":[{"not_picked":["Inserter","Astrolabe"],"picked":"Ectoplasm"}],"items_purged_floors":[4],"is_endless":false,"potions_floor_spawned":[1,2,6,7,22],"killed_by":"conspire:Head Lice","ascension_level":13}}