{"host":"vpa65ctvwhttzxlr","time":1608155733,"event":{"mods":["BaseMod","Minty Spire (QoL Compilation)","StSLib","The Bug Knight"],"gold_per_floor":[19,19,19,19,35,35,35,70,97,97,97,112,148,185,197,209,209],"floor_reached":16,"playtime":556,"items_purged":[],"score":108,"play_id":"c18b91c1-275c-48d7-a161-52957e853f6e","local_time":"20201216155533","is_ascension_mode":false,"campfire_choices":[{"floor":6,"key":"RECALL"},{"floor":15,"key":"REST"}],"circlet_count":0,"master_deck":["HollowMod:NailStrikeStart","HollowMod:NailStrikeStart","HollowMod:NailStrikeStart","HollowMod:NailStrikeStart","HollowMod:QuickDashStart","HollowMod:QuickDashStart","HollowMod:QuickDashStart","HollowMod:FocusHealStart","HollowMod:PogoStrike","HollowMod:HeavyBlow+1","HollowMod:CornifersMapStart","HollowMod:CrystalDash","Regret","HollowMod:PureVessel","HollowMod:PerfectDash","HollowMod:HeavyBlow","HollowMod:MantisMark"],"relics":["HollowMod:VesselMask","Mango","Lantern","Orichalcum","Golden Idol","Matryoshka","MawBank"],"acts_visited":["Exordium"],"potions_floor_usage":[13],"damage_taken":[{"damage":1,"enemies":"Jaw Worm","floor":1,"turns":3},{"damage":0,"enemies":"2 Louse","floor":5,"turns":2},{"damage":23,"enemies":"Gremlin Nob","floor":8,"turns":4},{"damage":0,"enemies":"Cultist","floor":12,"turns":3},{"damage":25,"enemies":"Lagavulin","floor":13,"turns":7},{"damage":6,"enemies":"Large Slime","floor":14,"turns":7},{"damage":37,"enemies":"Slime Boss","floor":16,"turns":6}],"seed_played":"-434816955012262878","potions_obtained":[{"floor":1,"key":"SpeedPotion"},{"floor":5,"key":"Block Potion"}],"is_trial":false,"path_per_floor":["M","?","?","$","M","R","?","E","T","?","?","M","E","M","R","B"],"character_chosen":"THE_BUGKNIGHT","items_purchased":[],"campfire_rested":1,"item_purchase_floors":[],"current_hp_per_floor":[89,89,89,89,89,89,89,66,66,44,26,26,1,5,31,0,0],"gold":209,"neow_bonus":"ONE_RARE_RELIC","is_daily":false,"chose_seed":false,"campfire_upgraded":0,"win_rate":0.0,"timestamp":1608155733,"path_taken":["M","?","?","$","?","R","?","E","T","?","?","M","E","M","R","BOSS"],"items_purchased_type":[],"build_version":"2020-12-13","purchased_purges":0,"victory":false,"max_hp_per_floor":[89,89,89,89,89,89,89,89,89,89,89,89,89,89,89,89,89],"card_choices":[{"not_picked":["HollowMod:PerfectDash","HollowMod:InfectedCysts"],"picked":"HollowMod:HeavyBlow","floor":1},{"not_picked":["HollowMod:NewJinnsSoul","HollowMod:InfectedAttack"],"picked":"HollowMod:CrystalDash","floor":5},{"not_picked":["HollowMod:ChannelNail","HollowMod:CornifersMapStart"],"picked":"HollowMod:PureVessel","floor":8},{"not_picked":["HollowMod:LifebloodCocoon","HollowMod:InfectedCysts"],"picked":"HollowMod:PerfectDash","floor":12},{"not_picked":["HollowMod:SoulEater","HollowMod:VengefulVoid"],"picked":"HollowMod:HeavyBlow","floor":13},{"not_picked":["HollowMod:SoulEater","HollowMod:CornifersMapStart"],"picked":"HollowMod:MantisMark","floor":14}],"player_experience":275255,"relics_obtained":[{"floor":8,"key":"Orichalcum"},{"floor":13,"key":"MawBank"}],"event_choices":[{"damage_healed":0,"gold_gain":0,"player_choice":"Grow","damage_taken":0,"max_hp_gain":0,"max_hp_loss":0,"event_name":"Living Wall","floor":2,"gold_loss":0,"cards_upgraded":["HollowMod:HeavyBlow"]},{"damage_healed":0,"gold_gain":0,"cards_transformed":["HollowMod:QuickDashStart"],"player_choice":"Transformed","damage_taken":0,"max_hp_gain":0,"max_hp_loss":0,"event_name":"Transmorgrifier","floor":3,"gold_loss":0,"cards_obtained":["HollowMod:CornifersMapStart"]},{"damage_healed":0,"gold_gain":0,"player_choice":"Box","damage_taken":0,"relics_obtained":["Lantern"],"max_hp_gain":0,"max_hp_loss":0,"event_name":"Big Fish","floor":7,"gold_loss":0,"cards_obtained":["Regret"]},{"damage_healed":0,"gold_gain":0,"player_choice":"Take Damage","damage_taken":22,"relics_obtained":["Golden Idol"],"max_hp_gain":0,"max_hp_loss":0,"event_name":"Golden Idol","floor":10,"gold_loss":0},{"damage_healed":0,"gold_gain":0,"player_choice":"Success","damage_taken":18,"relics_obtained":["Matryoshka"],"max_hp_gain":0,"max_hp_loss":0,"event_name":"Scrap Ooze","floor":11,"gold_loss":0}],"is_beta":false,"boss_relics":[],"items_purged_floors":[],"is_endless":false,"potions_floor_spawned":[1,5],"killed_by":"Slime Boss","ascension_level":0}}