{"host":"49c2zf0lajbcs427","time":1608085099,"event":{"mods":["AchievementEnabler","BaseMod","Colored Map","Colored Powertips","Highlight Path","Minty Spire (QoL Compilation)","Relic Stats","StSLib"],"gold_per_floor":[118,135,135,154,154,154,180,196,196,121,121,121,121,121],"floor_reached":13,"playtime":503,"items_purged":[],"score":205,"play_id":"aae050ad-3c69-4f8a-bcb0-b2ed23c5a48c","local_time":"20201216151819","is_ascension_mode":true,"campfire_choices":[{"data":"FlyingSleeves","floor":6,"key":"SMITH"}],"circlet_count":0,"master_deck":["AscendersBane","Strike_P","Strike_P","Strike_P","Strike_P","Defend_P","Defend_P","Defend_P","Eruption","Vigilance","FlyingSleeves+1","CutThroughFate","SpiritShield","TalkToTheHand+1","ThirdEye"],"relics":["Coffee Dripper","StoneCalendar","Calipers","Peace Pipe","Golden Idol"],"acts_visited":["Exordium"],"potions_floor_usage":[4,13],"damage_taken":[{"damage":0,"enemies":"Small Slimes","floor":1,"turns":4},{"damage":4,"enemies":"2 Louse","floor":2,"turns":4},{"damage":0,"enemies":"Cultist","floor":4,"turns":3},{"damage":0,"enemies":"Lagavulin","floor":7,"turns":5},{"damage":2,"enemies":"Blue Slaver","floor":8,"turns":4},{"damage":30,"enemies":"3 Sentries","floor":13,"turns":4}],"seed_played":"7531987651453139711","potions_obtained":[{"floor":2,"key":"StancePotion"},{"floor":4,"key":"Fruit Juice"}],"is_trial":false,"path_per_floor":["M","M","?","M","?","R","E","M","T","?","?","?","E"],"character_chosen":"WATCHER","items_purchased":[],"campfire_rested":0,"item_purchase_floors":[],"current_hp_per_floor":[61,57,22,27,51,51,51,49,49,49,49,24,0,0],"gold":121,"neow_bonus":"BOSS_RELIC","is_daily":false,"chose_seed":false,"campfire_upgraded":1,"win_rate":0.0,"timestamp":1608085099,"path_taken":["M","M","?","M","?","R","E","M","T","?","?","?","E"],"items_purchased_type":[],"build_version":"2020-12-13","purchased_purges":0,"victory":false,"max_hp_per_floor":[68,68,68,73,73,73,73,73,73,73,73,73,73,73],"relic_stats":{"Peace Pipe":0,"counters":[6,24],"Golden Idol":0,"StoneCalendar":[0],"obtain_stats":[{"Peace Pipe":9,"Calipers":7,"Golden Idol":12,"StoneCalendar":3,"Coffee Dripper":0,"PureWater":0},{"Peace Pipe":5,"Calipers":4,"Golden Idol":5,"StoneCalendar":2,"Coffee Dripper":0,"PureWater":0},{"Peace Pipe":20,"Calipers":16,"Golden Idol":20,"StoneCalendar":8,"Coffee Dripper":0,"PureWater":0}]},"card_choices":[{"not_picked":["Crescendo","Sanctity"],"picked":"FlyingSleeves","floor":1},{"not_picked":["Swivel","WaveOfTheHand"],"picked":"CutThroughFate","floor":2},{"not_picked":["SashWhip","BowlingBash"],"picked":"SpiritShield","floor":4},{"not_picked":["Prostrate","WaveOfTheHand"],"picked":"TalkToTheHand","floor":7},{"not_picked":["EmptyBody","Protect"],"picked":"ThirdEye","floor":8}],"player_experience":2097785,"relics_obtained":[{"floor":7,"key":"Calipers"},{"floor":9,"key":"Peace Pipe"}],"event_choices":[{"damage_healed":0,"gold_gain":0,"player_choice":"Success","damage_taken":35,"relics_obtained":["StoneCalendar"],"max_hp_gain":0,"max_hp_loss":0,"event_name":"Scrap Ooze","floor":3,"gold_loss":0},{"damage_healed":24,"gold_gain":0,"player_choice":"Banana","damage_taken":0,"max_hp_gain":0,"max_hp_loss":0,"event_name":"Big Fish","floor":5,"gold_loss":0},{"cards_removed":["Defend_P"],"damage_healed":0,"gold_gain":0,"player_choice":"Card Removal","damage_taken":0,"max_hp_gain":0,"max_hp_loss":0,"event_name":"The Cleric","floor":10,"gold_loss":75},{"damage_healed":0,"gold_gain":0,"player_choice":"Grow","damage_taken":0,"max_hp_gain":0,"max_hp_loss":0,"event_name":"Living Wall","floor":11,"gold_loss":0,"cards_upgraded":["TalkToTheHand"]},{"damage_healed":0,"gold_gain":0,"player_choice":"Take Damage","damage_taken":25,"relics_obtained":["Golden Idol"],"max_hp_gain":0,"max_hp_loss":0,"event_name":"Golden Idol","floor":12,"gold_loss":0}],"is_beta":false,"boss_relics":[],"items_purged_floors":[],"is_endless":false,"potions_floor_spawned":[2,4],"killed_by":"3 Sentries","ascension_level":18}}