{"host":"e87rn453naquue3h","time":1608097048,"event":{"mods":["AchievementEnabler","BaseMod","Minty Spire (QoL Compilation)","Relic Stats","StSLib"],"gold_per_floor":[119,119,139,153,166,166,204,204,253,403,478,502,522,565,565,661,661,705,750,158,83,127,183,183,183,183,183,210,210,242,283,283,361,361,435,435,435,435,445,445,9,9,34,66,66,85,105,116,116,116],"floor_reached":51,"playtime":3822,"items_purged":["Doubt","Defend_P"],"score":1583,"play_id":"3444607f-9117-439f-892d-561f0099117b","local_time":"20201216003728","is_ascension_mode":true,"campfire_choices":[{"data":"Eruption","floor":6,"key":"SMITH"},{"data":"Wallop","floor":8,"key":"SMITH"},{"floor":15,"key":"REST"},{"floor":24,"key":"REST"},{"data":"Wish","floor":27,"key":"SMITH"},{"data":"WheelKick","floor":32,"key":"SMITH"},{"data":"SandsOfTime","floor":40,"key":"SMITH"},{"data":"SandsOfTime","floor":42,"key":"SMITH"},{"data":"Wallop","floor":49,"key":"SMITH"}],"circlet_count":0,"master_deck":["AscendersBane","Strike_P","Strike_P","Strike_P","Defend_P","Defend_P","Defend_P","Eruption+1","Vigilance","WheelKick+1","Wallop+1","SandsOfTime+1","SandsOfTime+1","ThirdEye","Wallop+1","SpiritShield","Wish+1","WindmillStrike+1","Collect","Meditate","EmptyMind","Mind Blast","Worship","WheelKick+1","Doubt","Wallop"],"relics":["PureWater","Bloody Idol","Kunai","Happy Flower","Damaru","Snecko Eye","Bottled Lightning","Bag of Marbles","Frozen Egg 2","Ornamental Fan","Akabeko","White Beast Statue","Anchor","Cursed Key","Bag of Preparation","DollysMirror","PreservedInsect","Meat on the Bone"],"acts_visited":["Exordium","TheCity","TheBeyond"],"potions_floor_usage":[14,23,33,50,50],"damage_taken":[{"damage":0,"enemies":"Jaw Worm","floor":1,"turns":3},{"damage":0,"enemies":"2 Louse","floor":3,"turns":3},{"damage":0,"enemies":"Cultist","floor":4,"turns":3},{"damage":18,"enemies":"3 Louse","floor":5,"turns":4},{"damage":8,"enemies":"Lagavulin","floor":7,"turns":6},{"damage":1,"enemies":"Red Slaver","floor":12,"turns":5},{"damage":21,"enemies":"2 Fungi Beasts","floor":13,"turns":4},{"damage":0,"enemies":"3 Sentries","floor":14,"turns":3},{"damage":16,"enemies":"The Guardian","floor":16,"turns":11},{"damage":0,"enemies":"Spheric Guardian","floor":18,"turns":1},{"damage":0,"enemies":"Chosen","floor":19,"turns":3},{"damage":18,"enemies":"Centurion and Healer","floor":22,"turns":4},{"damage":0,"enemies":"Slavers","floor":23,"turns":4},{"damage":0,"enemies":"Gremlin Leader","floor":28,"turns":1},{"damage":0,"enemies":"Book of Stabbing","floor":30,"turns":3},{"damage":0,"enemies":"3 Cultists","floor":31,"turns":4},{"damage":18,"enemies":"Collector","floor":33,"turns":6},{"damage":1,"enemies":"3 Shapes","floor":35,"turns":3},{"damage":0,"enemies":"3 Darklings","floor":39,"turns":3},{"damage":0,"enemies":"Giant Head","floor":44,"turns":3},{"damage":10,"enemies":"Maw","floor":46,"turns":3},{"damage":0,"enemies":"Transient","floor":47,"turns":6},{"damage":0,"enemies":"Writhing Mass","floor":48,"turns":3},{"damage":31,"enemies":"Time Eater","floor":50,"turns":5}],"seed_played":"1241295168555151935","potions_obtained":[{"floor":1,"key":"BottledMiracle"},{"floor":3,"key":"SpeedPotion"},{"floor":5,"key":"SteroidPotion"},{"floor":16,"key":"Weak Potion"},{"floor":22,"key":"Strength Potion"},{"floor":30,"key":"Ancient Potion"},{"floor":31,"key":"Block Potion"},{"floor":33,"key":"LiquidMemories"}],"is_trial":false,"path_per_floor":["M","?","M","M","M","R","E","R","T","?","?","M","M","E","R","B",null,"M","M","$","?","M","E","R","?","T","R","E","T","E","M","R","B",null,"M","?","?","?","M","R","$","R","T","E","$","M","M","M","R","B",null],"character_chosen":"WATCHER","items_purchased":["Collect","Bottled Lightning","Bag of Marbles","Bag of Preparation","DollysMirror"],"campfire_rested":2,"item_purchase_floors":[20,20,20,41,41],"current_hp_per_floor":[67,67,67,67,49,49,41,41,41,41,30,29,8,8,28,12,53,53,53,53,53,35,35,55,55,55,55,60,60,65,67,67,54,64,67,67,57,57,62,62,62,62,64,64,64,59,64,64,64,33],"gold":116,"neow_bonus":"TEN_PERCENT_HP_BONUS","is_daily":false,"chose_seed":false,"campfire_upgraded":7,"win_rate":0.0,"timestamp":1608097048,"path_taken":["M","?","M","M","M","R","E","R","T","?","?","M","?","E","R","BOSS","M","M","$","?","M","E","R","?","T","R","E","?","E","M","R","BOSS","M","?","?","?","M","R","$","R","T","E","?","?","M","?","R","BOSS"],"items_purchased_type":["Card","Relic","Relic","Relic","Relic"],"build_version":"2020-12-13","purchased_purges":2,"victory":true,"max_hp_per_floor":[74,67,67,67,67,67,67,67,67,67,67,67,67,67,67,67,67,67,67,67,67,67,67,67,67,67,67,67,67,67,67,67,67,67,67,67,67,64,64,64,64,64,64,64,64,64,64,64,64,64],"relic_stats":{"Happy Flower":[25],"counters":[24,94],"Ornamental Fan":[100],"Bloody Idol":38,"Snecko Eye":[91,105,94,86],"PreservedInsect":130,"Bag of Preparation":[10],"Kunai":[33],"Cursed Key":1,"obtain_stats":[{"Happy Flower":9,"Golden Idol":2,"Damaru":14,"PreservedInsect":43,"Bag of Preparation":41,"Frozen Egg 2":23,"Cursed Key":34,"Akabeko":28,"White Beast Statue":29,"Anchor":30,"Ornamental Fan":26,"DollysMirror":41,"Bloody Idol":25,"Snecko Eye":17,"Bag of Marbles":20,"Kunai":7,"Bottled Lightning":20,"PureWater":0,"Meat on the Bone":44},{"Happy Flower":5,"Golden Idol":1,"Damaru":8,"PreservedInsect":19,"Bag of Preparation":19,"Frozen Egg 2":13,"Cursed Key":17,"Akabeko":14,"White Beast Statue":14,"Anchor":15,"Ornamental Fan":13,"DollysMirror":19,"Bloody Idol":13,"Snecko Eye":9,"Bag of Marbles":11,"Kunai":5,"Bottled Lightning":11,"PureWater":0,"Meat on the Bone":20},{"Happy Flower":19,"Golden Idol":3,"Damaru":31,"PreservedInsect":74,"Bag of Preparation":74,"Frozen Egg 2":54,"Cursed Key":68,"Akabeko":55,"White Beast Statue":55,"Anchor":58,"Ornamental Fan":54,"DollysMirror":74,"Bloody Idol":54,"Snecko Eye":42,"Bag of Marbles":46,"Kunai":19,"Bottled Lightning":46,"PureWater":0,"Meat on the Bone":77}],"Meat on the Bone":0},"card_choices":[{"not_picked":["FlyingSleeves","Fasting2"],"picked":"WheelKick","floor":1},{"not_picked":["CrushJoints","ThirdEye"],"picked":"Wallop","floor":3},{"not_picked":["EmptyFist","Alpha"],"picked":"SandsOfTime","floor":4},{"not_picked":["FlurryOfBlows","Crescendo"],"picked":"SandsOfTime","floor":5},{"not_picked":["FollowUp","Consecrate"],"picked":"ThirdEye","floor":7},{"not_picked":["Weave","ClearTheMind","Prostrate"],"picked":"SKIP","floor":12},{"not_picked":["Wireheading","FearNoEvil"],"picked":"Wallop","floor":13},{"not_picked":["Crescendo","ThirdEye"],"picked":"SpiritShield","floor":14},{"not_picked":["ConjureBlade","MasterReality"],"picked":"Wish","floor":16},{"not_picked":["Fasting2","FlurryOfBlows+1"],"picked":"WindmillStrike+1","floor":18},{"not_picked":["Crescendo","Prostrate","Wireheading"],"picked":"SKIP","floor":19},{"not_picked":["FlyingSleeves","Consecrate+1"],"picked":"Meditate","floor":22},{"not_picked":["JustLucky","BowlingBash+1","Evaluate"],"picked":"SKIP","floor":23},{"not_picked":["SignatureMove+1","Weave"],"picked":"EmptyMind","floor":28},{"not_picked":["Consecrate","PathToVictory","CutThroughFate"],"picked":"SKIP","floor":30},{"not_picked":["Indignation","WreathOfFlame","SignatureMove"],"picked":"SKIP","floor":31},{"not_picked":["ConjureBlade","Brilliance"],"picked":"Wish","floor":33},{"not_picked":["Sanctity","Prostrate+1","EmptyBody"],"picked":"SKIP","floor":35},{"not_picked":["Discovery","Panache+1"],"picked":"Mind Blast","floor":37},{"not_picked":["Wireheading+1","Prostrate"],"picked":"Worship","floor":39},{"not_picked":["LikeWater+1","SashWhip"],"picked":"Wallop","floor":44},{"not_picked":["Vengeance","Consecrate","Evaluate"],"picked":"SKIP","floor":46},{"not_picked":["CutThroughFate+1","Halt+1","CrushJoints"],"picked":"SKIP","floor":47},{"not_picked":["CutThroughFate","FlurryOfBlows","Crescendo"],"picked":"SKIP","floor":48}],"player_experience":2286918,"relics_obtained":[{"floor":7,"key":"Kunai"},{"floor":9,"key":"Happy Flower"},{"floor":14,"key":"Damaru"},{"floor":23,"key":"Frozen Egg 2"},{"floor":26,"key":"Ornamental Fan"},{"floor":28,"key":"Akabeko"},{"floor":29,"key":"White Beast Statue"},{"floor":30,"key":"Anchor"},{"floor":43,"key":"PreservedInsect"},{"floor":44,"key":"Meat on the Bone"}],"event_choices":[{"damage_healed":0,"gold_gain":0,"player_choice":"Lose Max HP","damage_taken":0,"relics_obtained":["Golden Idol"],"max_hp_gain":0,"max_hp_loss":7,"event_name":"Golden Idol","floor":2,"gold_loss":0},{"damage_healed":0,"gold_gain":150,"player_choice":"AGREE","damage_taken":0,"max_hp_gain":0,"max_hp_loss":0,"event_name":"Liars Game","floor":10,"gold_loss":0,"cards_obtained":["Doubt"]},{"damage_healed":0,"gold_gain":75,"player_choice":"Gather Gold","damage_taken":11,"max_hp_gain":0,"max_hp_loss":0,"event_name":"World of Goop","floor":11,"gold_loss":0},{"cards_removed":["Strike_P"],"damage_healed":0,"gold_gain":0,"player_choice":"Gave Gold","damage_taken":0,"max_hp_gain":0,"max_hp_loss":0,"event_name":"Beggar","floor":21,"gold_loss":75},{"damage_healed":0,"gold_gain":0,"player_choice":"Gave Idol","damage_taken":0,"relics_obtained":["Bloody Idol"],"max_hp_gain":0,"max_hp_loss":0,"event_name":"Forgotten Altar","floor":25,"relics_lost":["Golden Idol"],"gold_loss":0},{"cards_removed":["Wish"],"damage_healed":0,"gold_gain":0,"player_choice":"Removed Skill","damage_taken":0,"max_hp_gain":0,"max_hp_loss":0,"event_name":"Falling","floor":36,"gold_loss":0},{"damage_healed":0,"gold_gain":0,"player_choice":"Memory 3","damage_taken":10,"max_hp_gain":0,"max_hp_loss":0,"event_name":"SensoryStone","floor":37,"gold_loss":0},{"damage_healed":0,"gold_gain":0,"player_choice":"Max HP","damage_taken":0,"max_hp_gain":0,"max_hp_loss":3,"event_name":"Winding Halls","floor":38,"gold_loss":0}],"is_beta":false,"boss_relics":[{"not_picked":["Empty Cage","Runic Pyramid"],"picked":"Snecko Eye"},{"not_picked":["Black Star","Pandora\u0027s Box"],"picked":"Cursed Key"}],"items_purged_floors":[20,41],"is_endless":false,"potions_floor_spawned":[1,3,5,13,16,22,30,31,33,35,39,44,46,47,48],"ascension_level":18}}