{"host":"kag8mfq4or8nkqb2","time":1608087216,"event":{"mods":["2.2 Compatiblity","BaseMod","Downfall","Minty Spire (QoL Compilation)","StSLib"],"gold_per_floor":[99,99,199,233,233,233,233,243,168,194,223,67,87,187,200,297,297,297,309,309,326,340,340,391,403,328,356,375,388,54,64,79,183,183,108,125,184,195,195,195,218,245,257,291,291,291,301,38,48,48,48,82,10,10,10],"floor_reached":56,"playtime":3533,"items_purged":["Guardian:Strike_Guardian","Guardian:CrystalBeam","Guardian:ChargeCore","Guardian:EvasiveProtocol"],"score":2245,"play_id":"382af13d-9cae-42e6-a6ef-eda25216f891","local_time":"20201216025336","is_ascension_mode":true,"campfire_choices":[{"floor":1.0,"key":"RECALL"},{"data":"Guardian:PiercingHide","floor":9.0,"key":"SMITH"},{"data":"Guardian:PrismaticBeam","floor":18,"key":"SMITH"},{"data":"Guardian:ArmoredProtocol","floor":20,"key":"SMITH"},{"data":"Guardian:PiercingHide","floor":26,"key":"SMITH"},{"data":"Guardian:ArmoredProtocol","floor":35,"key":"SMITH"},{"data":"Guardian:FloatingOrbs","floor":39,"key":"SMITH"},{"data":"Guardian:StasisEngine","floor":54,"key":"SMITH"}],"circlet_count":0,"master_deck":["AscendersBane","Guardian:CurlUp","Guardian:TwinSlam","Guardian:PiercingHide+1","Guardian:FloatingOrbs+1","Guardian:ArmoredProtocol+1","Guardian:StasisField","Guardian:PiercingHide+1","Guardian:StasisStrike","Guardian:PrismaticBeam+1","Guardian:StasisEngine","Guardian:FloatingOrbs+1","Guardian:ArmoredProtocol+1","Guardian:Gem_White","Guardian:StasisEngine+1","Guardian:Gem_Fragmented","Guardian:Gem_Synthetic","Guardian:FloatingOrbs+1","Guardian:Gem_Red","Guardian:Incinerate+1","Finesse","Guardian:Gem_Crimson","Guardian:Gem_Yellow"],"relics":["Guardian:ModeShifterPlus","downfall:HeartsMalice","Tiny Chest","Pear","Happy Flower","downfall:HeartBlessingRed","MawBank","Pandora\u0027s Box","Strawberry","downfall:HeartBlessingBlue","Centennial Puzzle","Bag of Preparation","downfall:HeartBlessingGreen","Pen Nib","Dream Catcher","hexamod:BolsterEngine","HornCleat","Membership Card","Pantograph","Bronze Scales"],"acts_visited":["Exordium","TheCity","TheBeyond","TheEnding"],"potions_floor_usage":[16,22,27,33,55],"damage_taken":[{"damage":0.0,"enemies":"3 Sentries","floor":4.0,"turns":1.0},{"damage":0.0,"enemies":"Jaw Worm","floor":5.0,"turns":1.0},{"damage":0.0,"enemies":"2 Louse","floor":6.0,"turns":1.0},{"damage":1.0,"enemies":"Cultist","floor":8.0,"turns":4.0},{"damage":21.0,"enemies":"Gremlin Nob","floor":10.0,"turns":4.0},{"damage":1.0,"enemies":"2 Fungi Beasts","floor":11.0,"turns":4.0},{"damage":1.0,"enemies":"downfall:FleeingMerchant","floor":12.0,"turns":4.0},{"damage":11.0,"enemies":"Gremlin Gang","floor":13.0,"turns":5.0},{"damage":4.0,"enemies":"Large Slime","floor":15.0,"turns":7.0},{"damage":29,"enemies":"downfall:Ironclad","floor":16,"turns":15},{"damage":1,"enemies":"Shell Parasite","floor":19,"turns":4},{"damage":15,"enemies":"Snake Plant","floor":21,"turns":4},{"damage":0,"enemies":"3 Cultists","floor":22,"turns":5},{"damage":0,"enemies":"Centurion and Healer","floor":25,"turns":6},{"damage":4,"enemies":"Book of Stabbing","floor":27,"turns":4},{"damage":0,"enemies":"Chosen and Byrds","floor":28,"turns":4},{"damage":0,"enemies":"Snake Plant","floor":29,"turns":4},{"damage":0,"enemies":"downfall:FleeingMerchant","floor":30,"turns":4},{"damage":0,"enemies":"Centurion and Healer","floor":31,"turns":5},{"damage":13,"enemies":"Snecko","floor":32,"turns":4},{"damage":0,"enemies":"downfall:Defect","floor":33,"turns":4},{"damage":4,"enemies":"3 Shapes","floor":36,"turns":4},{"damage":0,"enemies":"downfall:FleeingMerchant","floor":37,"turns":4},{"damage":0,"enemies":"Orb Walker","floor":38,"turns":3},{"damage":0,"enemies":"Reptomancer","floor":42,"turns":3},{"damage":0,"enemies":"Maw","floor":43,"turns":3},{"damage":0,"enemies":"Giant Head","floor":44,"turns":4},{"damage":0,"enemies":"3 Darklings","floor":47,"turns":3},{"damage":5,"enemies":"4 Shapes","floor":49,"turns":3},{"damage":0,"enemies":"downfall:Silent","floor":50,"turns":2},{"damage":0,"enemies":"downfall:CharBossMerchant","floor":52,"turns":4},{"damage":0,"enemies":"downfall:NeowBoss","floor":55,"turns":9}],"seed_played":"-457282174719487295","potions_obtained":[{"floor":8.0,"key":"Weak Potion"},{"floor":11.0,"key":"Swift Potion"},{"floor":16,"key":"BlessingOfTheForge"},{"floor":19,"key":"Fire Potion"},{"floor":22,"key":"Slimebound:ThreeZeroPotion"},{"floor":28,"key":"PowerPotion"},{"floor":32,"key":"Dexterity Potion"},{"floor":33,"key":"GamblersBrew"},{"floor":43,"key":"SteroidPotion"}],"is_trial":false,"path_per_floor":["R","?","?","E","M","M","T","M","R","E","M","$","M","?","M","B",null,"R","M","R","M","M","T","T","M","R","E","M","M","$","M","M","B",null,"R","M","$","M","R","?","T","E","M","E","?","T","M","$","M","B",null,"E","$","R","B",null],"character_chosen":"GUARDIAN","items_purchased":["Guardian:Gem_Fragmented","Bag of Preparation","Guardian:ArmoredProtocol","Guardian:Gem_Synthetic","Membership Card","Finesse","Bronze Scales"],"campfire_rested":0,"item_purchase_floors":[12,30,30,37,48,48,53],"current_hp_per_floor":[72,69,69,79,79,79,79,78,78,57,56,55,44,44,40,11,70,70,69,69,54,54,54,61,61,71,67,67,67,67,67,54,54,94,94,90,90,90,90,90,90,90,90,90,90,90,90,90,85,85,102,102,102,102,107],"gold":10,"neow_bonus":"THREE_ENEMY_KILL","is_daily":false,"chose_seed":false,"campfire_upgraded":7,"win_rate":0.0,"timestamp":1608087216,"path_taken":["R","?","?","E","M","?","T","M","R","E","M","$","M","?","M","BOSS","R","M","R","M","M","?","T","M","R","E","M","M","$","M","M","BOSS","R","M","$","?","R","?","T","E","M","E","?","?","M","$","M","BOSS","E","$","R","BOSS"],"items_purchased_type":["Card","Relic","Card","Card","Relic","Card","Relic"],"build_version":"2020-12-13","purchased_purges":4,"victory":true,"max_hp_per_floor":[80,80,80,90,90,90,90,90,90,90,90,90,90,90,90,90,90,90,90,90,90,90,90,97,97,107,107,107,107,107,107,107,107,107,107,107,107,107,107,107,107,107,107,107,107,107,107,107,107,107,107,107,107,107,107],"card_choices":[{"not_picked":["Guardian:TemporalShield","Guardian:ShieldCharger"],"picked":"Guardian:PiercingHide","floor":4.0},{"not_picked":["Guardian:ShieldCharger","Guardian:TemporalShield","Guardian:Reroute"],"picked":"SKIP","floor":5.0},{"not_picked":["Guardian:VentSteam","Guardian:PrimingBeam","Guardian:TemporalStrike"],"picked":"SKIP","floor":6.0},{"not_picked":["Guardian:VentSteam","Guardian:Recover"],"picked":"Guardian:FloatingOrbs","floor":8.0},{"not_picked":["Guardian:TimeBomb","Guardian:RefractedBeam"],"picked":"Guardian:ArmoredProtocol","floor":10.0},{"not_picked":["Guardian:Gem_Cyan","Guardian:Reroute"],"picked":"Guardian:StasisField","floor":11.0},{"not_picked":["Guardian:Preprogram","Guardian:Suspension"],"picked":"Guardian:PiercingHide","floor":12.0},{"not_picked":["Guardian:TimeBomb","Guardian:MultiBeam"],"picked":"Guardian:Gem_Red","floor":13.0},{"not_picked":["Guardian:Repulse","Guardian:Harden"],"picked":"Guardian:EvasiveProtocol","floor":15.0},{"not_picked":["Guardian:GemFinder","Guardian:StasisEngine"],"picked":"Guardian:StasisStrike","floor":16},{"not_picked":["Guardian:ShieldSpikes","Guardian:WalkerClaw"],"picked":"Guardian:Gem_Red","floor":19},{"not_picked":["Guardian:PolyBeam","Guardian:VentSteam"],"picked":"Guardian:Gem_Fragmented","floor":21},{"not_picked":["Guardian:FuturePlans","Guardian:Gem_Cyan"],"picked":"Guardian:Gem_White","floor":22},{"not_picked":["Guardian:EvasiveProtocol","Guardian:CrystalBeam"],"picked":"Guardian:Gem_Fragmented","floor":25},{"not_picked":["Guardian:DecasProtection+1","Guardian:ShieldCharger"],"picked":"Guardian:Gem_Cyan","floor":27},{"not_picked":["Guardian:Incinerate","Guardian:TemporalShield","Guardian:Planning"],"picked":"SKIP","floor":28},{"not_picked":["Guardian:FastForward","Guardian:ChargeCore+1"],"picked":"Guardian:FloatingOrbs+1","floor":29},{"not_picked":["Guardian:PrimingBeam","Guardian:Reroute+1","Guardian:Gem_Green"],"picked":"SKIP","floor":30},{"not_picked":["Guardian:TemporalShield","Guardian:Recover","Guardian:Gem_Green"],"picked":"SKIP","floor":31},{"not_picked":["Guardian:Incinerate","Guardian:RollAttack"],"picked":"Guardian:Gem_White","floor":32},{"not_picked":["Guardian:HyperBeam_Guardian","Guardian:FierceBash"],"picked":"Guardian:StasisEngine","floor":33},{"not_picked":["Guardian:Suspension+1","Guardian:EvasiveProtocol"],"picked":"Guardian:Gem_Fragmented","floor":36},{"not_picked":["Guardian:ChargeCore+1","Guardian:ShieldCharger+1","Guardian:Planning"],"picked":"SKIP","floor":37},{"not_picked":["Guardian:Planning+1","Guardian:TemporalShield","Guardian:Clone+1"],"picked":"SKIP","floor":38},{"not_picked":["Guardian:Recover","Guardian:WalkerClaw","Guardian:GemFinder"],"picked":"SKIP","floor":42},{"not_picked":["Guardian:Gem_Green","Guardian:PiercingHide","Guardian:TemporalShield+1"],"picked":"SKIP","floor":43},{"not_picked":["Guardian:AncientConstruct","Guardian:PrimingBeam+1"],"picked":"Guardian:FloatingOrbs+1","floor":44},{"not_picked":["Guardian:CrystalBeam","Guardian:TemporalStrike"],"picked":"Guardian:Incinerate+1","floor":47},{"not_picked":["Guardian:Gem_Lightblue","Guardian:Harden"],"picked":"Guardian:Gem_Crimson","floor":49},{"not_picked":["Guardian:WalkerClaw","Guardian:Gem_Crimson"],"picked":"Guardian:Gem_Yellow","floor":52}],"player_experience":1026918,"relics_obtained":[{"floor":4.0,"key":"Pear"},{"floor":7.0,"key":"Happy Flower"},{"floor":10.0,"key":"MawBank"},{"floor":24,"key":"Strawberry"},{"floor":27,"key":"Centennial Puzzle"},{"floor":41,"key":"Pen Nib"},{"floor":42,"key":"Dream Catcher"},{"floor":44,"key":"hexamod:BolsterEngine"},{"floor":46,"key":"HornCleat"},{"floor":52,"key":"Pantograph"}],"event_choices":[{"damage_healed":0.0,"max_hp_gain":0.0,"max_hp_loss":0.0,"gold_gain":0.0,"event_name":"Scrap Ooze","player_choice":"Success","floor":2.0,"gold_loss":0.0,"damage_taken":3.0,"relics_obtained":["Tiny Chest"]},{"cards_removed":["Guardian:Recover"],"damage_healed":0,"gold_gain":0,"player_choice":"Removed Skill","damage_taken":0,"max_hp_gain":0,"max_hp_loss":0,"event_name":"Falling","floor":40,"gold_loss":0}],"is_beta":false,"boss_relics":[{"not_picked":["Empty Cage","SlaversCollar"],"picked":"Pandora\u0027s Box"},{"not_picked":["expansioncontent:StudyCardRelic","SacredBark"],"picked":"Guardian:ModeShifterPlus"}],"items_purged_floors":[12,30,37,48],"is_endless":false,"potions_floor_spawned":[8,11,13,16,19,21,22,28,32,33,42,43,44],"ascension_level":11}}