{"host":"cccop0r9ue4xv1s4","time":1608145625,"event":{"mods":["AchievementEnabler","BaseMod","Downfall","Minty Spire (QoL Compilation)","Quick Restart","Shop Mod","StSLib","SuperFastMode","The Servant 0.9.4"],"gold_per_floor":[118,137,137,148,176,176,201,126,226,254,273,283,21,121,121,216,216,234,251,9,22,7,24,48,48,59,59,70,70,86,114,114,214,214,233,244,258,258,258,258,258],"floor_reached":40,"playtime":3017,"items_purged":[],"score":492,"play_id":"2203f9ed-85d6-4447-905e-c4a71381a6f9","local_time":"20201217030705","is_ascension_mode":true,"campfire_choices":[{"floor":6.0,"key":"RECALL"},{"data":"hexamod:NecessarySacrifice","floor":8.0,"key":"SMITH"},{"data":"hexamod:EmpoweredFlame","floor":15.0,"key":"SMITH"},{"data":"1","floor":27.0,"key":"LIFT"},{"floor":29.0,"key":"REST"},{"data":"2","floor":32.0,"key":"LIFT"},{"data":"3","floor":39.0,"key":"LIFT"}],"circlet_count":0,"master_deck":["hexamod:Strike","hexamod:Strike","hexamod:Strike","hexamod:Strike","hexamod:Defend","hexamod:Defend","hexamod:Defend","hexamod:Sear","hexamod:Float","hexamod:NecessarySacrifice+1","hexamod:Haunt","hexamod:AdvancingGuard","hexamod:SpectralAdrenaline","hexamod:Firestarter+1","hexamod:EmpoweredFlame+1","hexamod:TimeOfNeed","hexamod:PowerFromBeyond","hexamod:ChargedBarrage","Regret","hexamod:EmpoweringStance","hexamod:SpectersWail+1","hexamod:Hexaguard+1","hexamod:StepThrough+1"],"relics":["hexamod:SpiritBrand","Smiling Mask","Regal Pillow","downfall:HeartBlessingRed","Molten Egg 2","Membership Card","Happy Flower","Cursed Key","Girya","Centennial Puzzle","Omamori","Pear","hexamod:IceCube"],"acts_visited":["Exordium","TheCity","TheBeyond"],"potions_floor_usage":[],"damage_taken":[{"damage":2.0,"enemies":"2 Louse","floor":1.0,"turns":3.0},{"damage":1.0,"enemies":"Jaw Worm","floor":2.0,"turns":3.0},{"damage":0.0,"enemies":"Small Slimes","floor":4.0,"turns":3.0},{"damage":16.0,"enemies":"Lagavulin","floor":5.0,"turns":5.0},{"damage":2.0,"enemies":"Gremlin Nob","floor":10.0,"turns":3.0},{"damage":1.0,"enemies":"Blue Slaver","floor":11.0,"turns":3.0},{"damage":2.0,"enemies":"Red Slaver","floor":12.0,"turns":4.0},{"damage":0.0,"enemies":"downfall:FleeingMerchant","floor":13.0,"turns":4.0},{"damage":35.0,"enemies":"downfall:Defect","floor":16.0,"turns":6.0},{"damage":6.0,"enemies":"Shell Parasite","floor":18.0,"turns":5.0},{"damage":0.0,"enemies":"3 Byrds","floor":19.0,"turns":3.0},{"damage":0.0,"enemies":"downfall:FleeingMerchant","floor":20.0,"turns":4.0},{"damage":9.0,"enemies":"Snecko","floor":21.0,"turns":4.0},{"damage":9.0,"enemies":"downfall:FleeingMerchant","floor":22.0,"turns":4.0},{"damage":5.0,"enemies":"Chosen and Byrds","floor":23.0,"turns":5.0},{"damage":11.0,"enemies":"Sentry and Sphere","floor":26.0,"turns":5.0},{"damage":13.0,"enemies":"Centurion and Healer","floor":28.0,"turns":6.0},{"damage":9.0,"enemies":"Snecko","floor":30.0,"turns":5.0},{"damage":1.0,"enemies":"Slavers","floor":31.0,"turns":4.0},{"damage":14.0,"enemies":"downfall:Watcher","floor":33.0,"turns":8.0},{"damage":0.0,"enemies":"3 Shapes","floor":35.0,"turns":5.0},{"damage":25.0,"enemies":"3 Darklings","floor":36.0,"turns":4.0},{"damage":2.0,"enemies":"Jaw Worm Horde","floor":37.0,"turns":4.0},{"damage":69,"enemies":"Nemesis","floor":40,"turns":5}],"seed_played":"7395849516167524831","potions_obtained":[{"floor":2.0,"key":"champ:CounterPotion"},{"floor":4.0,"key":"Dexterity Potion"},{"floor":11.0,"key":"Explosive Potion"},{"floor":12.0,"key":"champ:CounterPotion"},{"floor":18.0,"key":"Fire Potion"},{"floor":23.0,"key":"SteroidPotion"},{"floor":28.0,"key":"EssenceOfSteel"},{"floor":31.0,"key":"Regen Potion"},{"floor":33.0,"key":"Strength Potion"},{"floor":35.0,"key":"SteroidPotion"}],"is_trial":false,"path_per_floor":["M","M","?","M","E","R","T","R","?","E","M","M","$","?","R","B",null,"M","M","$","M","$","M","T","?","M","R","M","R","M","E","R","B",null,"M","M","M","?","R","E"],"character_chosen":"THE_SPIRIT","items_purchased":["Membership Card","Happy Flower","hexamod:EmpoweredFlame","Girya","Centennial Puzzle"],"campfire_rested":1,"item_purchase_floors":[13,13,13,20,20],"current_hp_per_floor":[75,74,74,74,58,58,58,58,58,56,55,53,53,53,53,18,77,71,71,71,62,53,48,48,48,37,37,24,62,53,62,62,63,87,87,62,60,60,60,0,0],"gold":258,"neow_bonus":"TEN_PERCENT_HP_BONUS","is_daily":false,"chose_seed":false,"campfire_upgraded":2,"win_rate":0.0,"timestamp":1608145625,"path_taken":["M","M","?","M","E","R","T","R","?","E","M","M","?","?","R","BOSS","M","M","$","M","?","?","T","?","M","R","M","R","?","E","R","BOSS","M","M","M","?","R","E"],"items_purchased_type":["Relic","Relic","Card","Relic","Relic"],"build_version":"2020-12-13","purchased_purges":0,"victory":false,"max_hp_per_floor":[77,77,77,77,77,77,77,77,77,77,77,77,77,77,77,77,77,77,77,77,77,77,77,77,77,77,77,77,77,77,87,87,87,87,87,87,87,87,87,87,87],"card_choices":[{"not_picked":["hexamod:BacktrackSmack","hexamod:RainOfEmbers"],"picked":"hexamod:NecessarySacrifice","floor":1.0},{"not_picked":["hexamod:HeatShield","hexamod:HauntingEcho","hexamod:FastForward"],"picked":"SKIP","floor":2.0},{"not_picked":["hexamod:NightmareGuise","hexamod:HeatCrush","hexamod:FirstSeal"],"picked":"SKIP","floor":4.0},{"not_picked":["hexamod:NecessarySacrifice","hexamod:ShieldOfDarkness"],"picked":"hexamod:Haunt","floor":5.0},{"not_picked":["hexamod:GhostShield","hexamod:ShieldOfDarkness"],"picked":"hexamod:AdvancingGuard","floor":10.0},{"not_picked":["hexamod:GhostLash+1","hexamod:ThermalTransfer+1"],"picked":"hexamod:SpectralAdrenaline","floor":11.0},{"not_picked":["hexamod:NecessarySacrifice","hexamod:SpectralSpark"],"picked":"hexamod:Firestarter+1","floor":12.0},{"not_picked":["hexamod:SkipABeat","hexamod:BacktrackSmack+1","hexamod:RainOfEmbers+1"],"picked":"SKIP","floor":13.0},{"not_picked":["hexamod:FifthSeal","hexamod:CrushingStance+1"],"picked":"hexamod:TimeOfNeed","floor":16.0},{"not_picked":["hexamod:BurningTouch","hexamod:FastForward","hexamod:BacktrackSmack+1"],"picked":"SKIP","floor":18.0},{"not_picked":["hexamod:Haunt","hexamod:Firestarter+1"],"picked":"hexamod:PowerFromBeyond","floor":19.0},{"not_picked":["hexamod:HauntingEcho+1","hexamod:Firestarter+1","hexamod:FourthSeal"],"picked":"SKIP","floor":20.0},{"not_picked":["hexamod:InspiringFlames","hexamod:HauntingEcho+1","hexamod:CatchUp"],"picked":"SKIP","floor":21.0},{"not_picked":["hexamod:PhantomFireball+1","hexamod:GhostLash+1","hexamod:Rewind+1"],"picked":"SKIP","floor":22.0},{"not_picked":["hexamod:GhostflameBarrier+1","hexamod:HauntingEcho+1"],"picked":"hexamod:ChargedBarrage","floor":23.0},{"not_picked":["hexamod:GhostShield+1","hexamod:SwordOfDarkness+1","hexamod:HauntingEcho+1"],"picked":"SKIP","floor":26.0},{"not_picked":["hexamod:SoulSteal","hexamod:HeatCrush+1"],"picked":"hexamod:SpectersWail+1","floor":28.0},{"not_picked":["hexamod:PhantomFireball+1","hexamod:Again","hexamod:GhostflameBarrier"],"picked":"SKIP","floor":30.0},{"not_picked":["hexamod:Firestarter+1","hexamod:HauntingEcho+1"],"picked":"hexamod:Hexaguard+1","floor":31.0},{"not_picked":["hexamod:BurningTouch+1","hexamod:ShieldOfDarkness","hexamod:FirstSeal"],"picked":"SKIP","floor":35.0},{"not_picked":["hexamod:PhantomCloak","hexamod:AdvancingGuard"],"picked":"hexamod:StepThrough+1","floor":36.0},{"not_picked":["hexamod:ShieldOfDarkness+1","hexamod:AdvancingGuard","hexamod:RetreatToShadows+1"],"picked":"SKIP","floor":37.0}],"player_experience":275073,"relics_obtained":[{"floor":5.0,"key":"Smiling Mask"},{"floor":7.0,"key":"Regal Pillow"},{"floor":10.0,"key":"Molten Egg 2"},{"floor":24.0,"key":"Omamori"},{"floor":31.0,"key":"Pear"}],"event_choices":[{"damage_healed":0.0,"max_hp_gain":0.0,"max_hp_loss":0.0,"gold_gain":0.0,"cards_transformed":["hexamod:Defend"],"event_name":"Transmorgrifier","player_choice":"Transformed","floor":25.0,"gold_loss":0.0,"damage_taken":0.0,"cards_obtained":["hexamod:EmpoweringStance"]},{"damage_healed":0.0,"max_hp_gain":0.0,"max_hp_loss":0.0,"gold_gain":0.0,"event_name":"Transmorgrifier","player_choice":"Ignored","floor":38.0,"gold_loss":0.0,"damage_taken":0.0}],"is_beta":false,"boss_relics":[{"not_picked":["Sozu","Fusion Hammer"],"picked":"Cursed Key"},{"not_picked":["Busted Crown","Empty Cage"],"picked":"hexamod:IceCube"}],"items_purged_floors":[],"is_endless":false,"potions_floor_spawned":[2,4,11,12,18,23,28,31,33,35],"killed_by":"Nemesis","ascension_level":1}}