{"host":"eckg3lzugnpjvwsg","time":1608078333,"event":{"mods":["Act Like it!","BaseMod","Bestiary","Better Third Choice","Filter the Spire","Hermit","Minty Spire (QoL Compilation)","Replay The Spire","StSLib","The Jungle","The Mystic","The Necromancer","The Poker Player","The Runesmith"],"gold_per_floor":[12,29,46,106,117,148,148,148,148,148,167,200,200,200,200,300,300,320,320,333,344,358,389,389,405,405,416,416,435,435,360,360,461,461,477,490,36,54,54,82,92,92,116,128,140,163,193,234,246,258],"floor_reached":51,"playtime":8686,"items_purged":[],"score":816,"play_id":"459e6f87-7d3b-4ee3-a95d-900b6cf48297","local_time":"20201215222533","is_ascension_mode":false,"campfire_choices":[{"data":"Runesmith:HeatExchange","floor":8,"key":"SMITH"},{"data":"Runesmith:EnergizedChisel","floor":10,"key":"SMITH"},{"data":"Runesmith:Refine","floor":13,"key":"SMITH"},{"data":"ReplayTheSpireMod:Armaments MK-II-B","floor":15,"key":"SMITH"},{"data":"Runesmith:CreatorForm","floor":24,"key":"SMITH"},{"data":"Runesmith:Refine","floor":28,"key":"SMITH"},{"data":"Runesmith:CraftObretio","floor":32,"key":"SMITH"},{"data":"Runesmith:CraftPrismatica","floor":42,"key":"SMITH"},{"data":"Runesmith:FrozenChisel","floor":44,"key":"SMITH"},{"floor":49,"key":"REST"}],"circlet_count":0,"master_deck":["Runesmith:Defend_RS","Runesmith:Defend_RS","Runesmith:Defend_RS","Runesmith:Fortify","Runesmith:ChaoticBlast","Runesmith:HeatExchange+1","Runesmith:HeatedChisel","Runesmith:EnergizedChisel+1","Runesmith:StaticCage","Runesmith:CraftProtectio","Runesmith:FrozenChisel+1","Runesmith:EarthShield","Runesmith:Supernova","Runesmith:WhiteBalance","Runesmith:Refine+1","ReplayTheSpireMod:Armaments MK-II-B+1","Runesmith:CreatorForm+1","Runesmith:Empowerment","Runesmith:HammerThrow","Runesmith:Refine+1","Runesmith:CraftObretio+1","Runesmith:CraftProtectio","Runesmith:CraftIncendium","Runesmith:Accelerate","Runesmith:Refine+1","Bite","Bite","Bite","Bite","Bite","Runesmith:CraftPrismatica+1","Runesmith:Retool+1","Runesmith:Grindstone","Runesmith:Firestorm","Runesmith:NanitesCloud","CommonCold","Runesmith:Reinforce","Runesmith:HammerThrow","Runesmith:CraftObretio+1","Runesmith:ChiselStab+1","Runesmith:EnergizedChisel","Runesmith:ShiftingStrike+1"],"relics":["Iron Hammer","ReplayFunnel","Garlic","m_RuneBlood","Painkiller Herb","Replay:Towering Pillar of Hats","Boot","TungstenRod","Snecko Eye","Mummified Hand","Oddly Smooth Stone","ReplayTheSpireMod:Ring of Addiction","White Beast Statue","Potion Belt","Pear","MawBank","Frozen Egg 2"],"acts_visited":["Exordium","TheCity","TheBeyond"],"potions_floor_usage":[21,33,47,48,50,50,50,50,50],"damage_taken":[{"damage":12,"enemies":"2 Louse","floor":1,"turns":3},{"damage":0,"enemies":"Cultist","floor":2,"turns":3},{"damage":5,"enemies":"Jaw Worm","floor":3,"turns":2},{"damage":9,"enemies":"3 Louse","floor":5,"turns":3},{"damage":12,"enemies":"Lagavulin","floor":6,"turns":7},{"damage":20,"enemies":"Exordium Thugs","floor":11,"turns":6},{"damage":0,"enemies":"3 Sentries","floor":12,"turns":3},{"damage":0,"enemies":"Hexaghost","floor":16,"turns":12},{"damage":0,"enemies":"Spheric Guardian","floor":18,"turns":5},{"damage":0,"enemies":"Chosen","floor":20,"turns":4},{"damage":15,"enemies":"3 Cultists","floor":21,"turns":5},{"damage":17,"enemies":"Sentry and Sphere","floor":22,"turns":9},{"damage":43,"enemies":"Gremlin Leader","floor":23,"turns":7},{"damage":0,"enemies":"Cultist and Chosen","floor":25,"turns":10},{"damage":0,"enemies":"Chosen and Byrds","floor":27,"turns":6},{"damage":3,"enemies":"Shelled Parasite and Fungi","floor":29,"turns":7},{"damage":22,"enemies":"Automaton","floor":33,"turns":13},{"damage":25,"enemies":"Orb Walker","floor":35,"turns":4},{"damage":0,"enemies":"3 Shapes","floor":36,"turns":10},{"damage":0,"enemies":"Sphere and 2 Shapes","floor":38,"turns":3},{"damage":25,"enemies":"Nemesis","floor":40,"turns":11},{"damage":0,"enemies":"Transient","floor":41,"turns":5},{"damage":0,"enemies":"3 Darklings","floor":46,"turns":7},{"damage":58,"enemies":"4 Shapes","floor":47,"turns":8},{"damage":17,"enemies":"Reptomancer","floor":48,"turns":7},{"damage":26,"enemies":"Awakened One","floor":50,"turns":14}],"seed_played":"309119642693728956","potions_obtained":[{"floor":2,"key":"Doom Potion"},{"floor":5,"key":"Energy Potion"},{"floor":12,"key":"EssenceOfSteel"},{"floor":21,"key":"ColorlessPotion"},{"floor":35,"key":"Reflective Coating"},{"floor":39,"key":"Languid Potion"},{"floor":39,"key":"Strength Potion"},{"floor":47,"key":"Weak Potion"},{"floor":48,"key":"AttackPotion"}],"is_trial":false,"path_per_floor":["M","M","M","?","M","E","?","R","T","R","M","E","R","?","R","B",null,"?","?","?","?","?","E","T","?","T","?","T","?","?","?","T","B",null,"?","?","T","?","?","E","?","T","T","T","?","?","?","E","T","B",null],"character_chosen":"RUNESMITH_CLASS","items_purchased":["Mummified Hand","Runesmith:Firestorm","Oddly Smooth Stone"],"campfire_rested":1,"item_purchase_floors":[37,37,37],"current_hp_per_floor":[58,58,53,25,16,4,21,21,21,21,3,5,5,5,5,10,70,70,70,70,58,46,8,8,13,13,18,18,20,20,20,20,13,67,49,60,60,67,67,67,77,77,75,75,75,73,18,7,28,24],"gold":270,"neow_bonus":"TRANSFORM_TWO_CARDS","is_daily":false,"chose_seed":false,"campfire_upgraded":9,"win_rate":0.0,"timestamp":1608078333,"path_taken":["M","M","M","?","?","E","?","R","T","R","M","E","R","?","R","BOSS","?","?","?","?","?","E","T","?","T","?","T","?","?","?","T","BOSS","?","?","T","?","?","E","?","T","T","T","?","?","?","E","T","BOSS"],"items_purchased_type":["Relic","Card","Relic"],"build_version":"2020-12-13","purchased_purges":0,"victory":true,"max_hp_per_floor":[70,70,70,70,70,70,70,70,70,70,70,70,70,70,70,70,70,70,70,70,70,70,70,70,70,70,70,70,70,70,67,67,67,67,67,67,67,67,67,77,77,77,75,75,75,73,73,73,73,73],"card_choices":[{"not_picked":["Runesmith:ShiftingStrike","Runesmith:Prism"],"picked":"Runesmith:HeatedChisel","floor":1},{"not_picked":["Runesmith:RunicBlueprint","Runesmith:Terraform"],"picked":"Runesmith:EnergizedChisel","floor":2},{"not_picked":["Runesmith:HeatExchange","Runesmith:Terraform"],"picked":"Runesmith:StaticCage","floor":3},{"not_picked":["Runesmith:Malloc","Runesmith:NegativeSpace"],"picked":"Runesmith:CraftProtectio","floor":4},{"not_picked":["Runesmith:Electrocute","Runesmith:BackupBattery"],"picked":"Runesmith:FrozenChisel","floor":4},{"not_picked":["Runesmith:MakeshiftArmor","Runesmith:ChiselStab"],"picked":"Runesmith:EarthShield","floor":5},{"not_picked":["Runesmith:HeatExchange","Runesmith:Overpower"],"picked":"Runesmith:Supernova","floor":6},{"not_picked":["Runesmith:BackupBattery","Runesmith:HeatedChisel"],"picked":"Runesmith:WhiteBalance","floor":11},{"not_picked":["Runesmith:UnstableHammer","Runesmith:Discharge"],"picked":"Runesmith:Refine","floor":12},{"not_picked":["Runesmith:LastStand","Runesmith:LightningRod"],"picked":"Runesmith:CreatorForm","floor":16},{"not_picked":["Runesmith:EarthShield+1","Runesmith:Terraform"],"picked":"Runesmith:Empowerment","floor":18},{"not_picked":["Runesmith:WhiteBalance+1","Runesmith:Refine+1"],"picked":"Runesmith:HammerThrow","floor":20},{"not_picked":["Runesmith:EnergizedChisel","Runesmith:Overpower+1"],"picked":"Runesmith:Refine","floor":21},{"not_picked":["Runesmith:HammerThrow","Runesmith:Grindstone"],"picked":"Runesmith:CraftObretio","floor":22},{"not_picked":["Runesmith:StaticCage","Runesmith:ShiftingStrike"],"picked":"Runesmith:CraftProtectio","floor":23},{"not_picked":["Runesmith:Superposition","Runesmith:StaticCage"],"picked":"Runesmith:CraftIncendium","floor":25},{"not_picked":["Runesmith:Supernova","Runesmith:HeatedChisel"],"picked":"Runesmith:Accelerate","floor":27},{"not_picked":["Runesmith:BackupBattery","Runesmith:Augment"],"picked":"Runesmith:Refine+1","floor":29},{"not_picked":["Runesmith:GenerateForcefield","Runesmith:Supernova"],"picked":"Runesmith:CraftPrismatica","floor":33},{"not_picked":["Runesmith:PerfectChisel+1","Runesmith:UnstableHammer+1"],"picked":"Runesmith:Retool+1","floor":35},{"not_picked":["Runesmith:Reinforce+1","Runesmith:ShiftingStrike"],"picked":"Runesmith:Grindstone","floor":36},{"not_picked":["Runesmith:UnstableHammer","Runesmith:Reinforce"],"picked":"Runesmith:NanitesCloud","floor":38},{"not_picked":["Runesmith:Augment","Runesmith:OneForEveryone"],"picked":"Runesmith:Reinforce","floor":40},{"not_picked":["Runesmith:Overpower","Runesmith:UnstableHammer"],"picked":"Runesmith:HammerThrow","floor":41},{"not_picked":["Runesmith:HeatExchange","Runesmith:CraftProtectio"],"picked":"Runesmith:ChiselStab+1","floor":46},{"not_picked":["Runesmith:HammerThrow+1","Runesmith:Repurpose"],"picked":"Runesmith:EnergizedChisel","floor":47},{"not_picked":["Runesmith:Grindstone","Runesmith:Supernova"],"picked":"Runesmith:ShiftingStrike+1","floor":48}],"player_experience":7307,"relics_obtained":[{"floor":4,"key":"Iron Hammer"},{"floor":6,"key":"Blood Vial"},{"floor":9,"key":"ReplayFunnel"},{"floor":12,"key":"Garlic"},{"floor":23,"key":"Boot"},{"floor":26,"key":"TungstenRod"},{"floor":39,"key":"ReplayTheSpireMod:Ring of Addiction"},{"floor":39,"key":"White Beast Statue"},{"floor":39,"key":"Potion Belt"},{"floor":40,"key":"Pear"},{"floor":43,"key":"MawBank"},{"floor":48,"key":"Frozen Egg 2"}],"event_choices":[{"damage_healed":17,"gold_gain":0,"player_choice":"Healed and dodged fight","damage_taken":0,"max_hp_gain":0,"max_hp_loss":0,"event_name":"Mushrooms","floor":7,"gold_loss":0,"cards_obtained":["Parasite"]},{"damage_healed":0,"gold_gain":0,"player_choice":"Became a vampire (Vial)","damage_taken":0,"max_hp_gain":0,"max_hp_loss":0,"event_name":"Vampires","floor":30,"relics_lost":["Blood Vial"],"gold_loss":0,"cards_obtained":["Bite","Bite","Bite","Bite","Bite"]},{"cards_removed":["Parasite"],"damage_healed":0,"gold_gain":0,"player_choice":"Gave Gold","damage_taken":0,"max_hp_gain":0,"max_hp_loss":0,"event_name":"Beggar","floor":31,"gold_loss":75},{"damage_healed":0,"gold_gain":0,"player_choice":"Copied","damage_taken":0,"max_hp_gain":0,"max_hp_loss":0,"event_name":"Duplicator","floor":45,"gold_loss":0,"cards_obtained":["Runesmith:CraftObretio"]}],"is_beta":false,"boss_relics":[{"not_picked":["Replay:Drink Me","Runesmith:UraniumAnvil"],"picked":"Painkiller Herb"},{"not_picked":["Runesmith:PocketReactor","Calling Bell"],"picked":"Snecko Eye"}],"items_purged_floors":[],"is_endless":false,"potions_floor_spawned":[2,5,12,21,25,27,35,38,40,41,46,47,48],"ascension_level":0}}