{"host":"nn0usk9aafse27ii","time":1608078919,"event":{"mods":["Act Like it!","BaseMod","Colored Map","Highlight Path","Minty Spire (QoL Compilation)","Replay The Spire","Shop Mod","StSLib"],"gold_per_floor":[114,130,80,255,273,303,6,6,29,40,52,69,69,69,69,69,69,174,174,189,114,39,36,49,74,74,74,74],"floor_reached":27,"playtime":3065,"items_purged":["Strike_G"],"score":233,"play_id":"5c2b2cb1-3a8f-446a-af9e-224fb0353fcb","local_time":"20201215163519","is_ascension_mode":false,"campfire_choices":[{"data":"Phantasmal Killer","floor":8,"key":"SMITH"},{"data":"Doubt","floor":17,"key":"PURGE"},{"floor":26,"key":"REST"}],"circlet_count":0,"master_deck":["Strike_G","Defend_G","Defend_G","Defend_G","Defend_G","Defend_G","Survivor","Neutralize","Phantasmal Killer+1","Cloak And Dagger","Cloak And Dagger","Replay:Bag of Tricks","Infinite Blades","Expertise","Deflect","Sneak Up","A Thousand Cuts","Cloak And Dagger","Outmaneuver+1","Distraction","Blur+1"],"relics":["Ring of the Snake","Anchor","Medical Kit","Tiny Chest","Potion Belt","Ring of Fury","Ring of Peace","ReplayTheSpireMod:DimensionalGlitch","FossilizedHelix"],"acts_visited":["Exordium","TheCity"],"potions_floor_usage":[6,6,18,24,25],"damage_taken":[{"damage":0,"enemies":"Jaw Worm","floor":1,"turns":4},{"damage":7,"enemies":"2 Louse","floor":2,"turns":3},{"damage":0,"enemies":"Small Slimes","floor":5,"turns":3},{"damage":6,"enemies":"Lagavulin","floor":6,"turns":6},{"damage":0,"enemies":"Looter","floor":10,"turns":4},{"damage":3,"enemies":"Gremlin Gang","floor":11,"turns":6},{"damage":0,"enemies":"2 Fungi Beasts","floor":12,"turns":5},{"damage":16,"enemies":"Fading Forest","floor":18,"turns":11},{"damage":4,"enemies":"3 Byrds","floor":20,"turns":6},{"damage":5,"enemies":"2 Thieves","floor":23,"turns":5},{"damage":0,"enemies":"Centurion and Healer","floor":24,"turns":6},{"damage":36,"enemies":"Replay:Snechameleon","floor":25,"turns":8},{"damage":48,"enemies":"Cultist and Chosen","floor":27,"turns":8}],"seed_played":"6509237932257573678","potions_obtained":[{"floor":2,"key":"Fire Potion"},{"floor":5,"key":"Swift Potion"},{"floor":6,"key":"CultistPotion"},{"floor":11,"key":"Dexterity Potion"},{"floor":23,"key":"SneckoOil"}],"is_trial":false,"path_per_floor":["M","M","?","?","M","E","$","R","T","M","M","M","?","PTL","PTL","?","R_BF","B",null,"M","?","$","M","M","E","R","M"],"character_chosen":"THE_SILENT","items_purchased":["Medical Kit","Tiny Chest"],"campfire_rested":1,"item_purchase_floors":[7,7],"current_hp_per_floor":[70,63,63,63,63,57,57,57,57,57,54,54,54,54,54,54,54,60,70,66,66,66,61,61,25,46,0,0],"gold":74,"neow_bonus":"TRANSFORM_CARD","is_daily":false,"chose_seed":false,"campfire_upgraded":1,"win_rate":0.0,"timestamp":1608078919,"path_taken":["M","M","?","?","M","E","$","R","T","M","M","M","?","PTL","PTL","?","R_BF","BOSS","M","?","$","M","M","E","R","M"],"items_purchased_type":["Relic","Relic"],"build_version":"2020-12-13","purchased_purges":1,"victory":false,"max_hp_per_floor":[70,70,70,70,70,70,70,70,70,70,70,70,70,70,70,70,70,70,70,70,70,70,70,70,70,70,70,70],"card_choices":[{"not_picked":["Bane","Finisher"],"picked":"Cloak And Dagger","floor":1},{"not_picked":["Bane","Acrobatics"],"picked":"Cloak And Dagger","floor":2},{"not_picked":["Hidden Blade","Deadly Poison"],"picked":"Replay:Bag of Tricks","floor":5},{"not_picked":["Prepared","Underhanded Strike"],"picked":"Infinite Blades","floor":6},{"not_picked":["Backstab","Dagger Spray"],"picked":"Expertise","floor":10},{"not_picked":["Dagger Spray","Leg Sweep"],"picked":"Deflect","floor":11},{"not_picked":["Quick Slash","Bane"],"picked":"Sneak Up","floor":12},{"not_picked":["Burst","Glass Knife"],"picked":"A Thousand Cuts","floor":18},{"not_picked":["PiercingWail","Sucker Punch"],"picked":"Cloak And Dagger","floor":20},{"not_picked":["Calculated Gamble","Sucker Punch"],"picked":"Outmaneuver+1","floor":23},{"not_picked":["Acrobatics","Bane"],"picked":"Distraction","floor":24},{"not_picked":["Underhanded Strike+1","Slice"],"picked":"Blur+1","floor":25}],"player_experience":287946,"relics_obtained":[{"floor":6,"key":"Anchor"},{"floor":9,"key":"Potion Belt"},{"floor":13,"key":"Ring of Fury"},{"floor":13,"key":"Ring of Peace"},{"floor":25,"key":"FossilizedHelix"}],"event_choices":[{"cards_removed":["Strike_G"],"damage_healed":0,"gold_gain":0,"player_choice":"Card Removal","damage_taken":0,"max_hp_gain":0,"max_hp_loss":0,"event_name":"The Cleric","floor":3,"gold_loss":50},{"damage_healed":0,"gold_gain":175,"player_choice":"AGREE","damage_taken":0,"max_hp_gain":0,"max_hp_loss":0,"event_name":"Liars Game","floor":4,"gold_loss":0,"cards_obtained":["Doubt"]},{"cards_removed":["Overencumbered"],"damage_healed":0,"gold_gain":0,"player_choice":"Forget","damage_taken":0,"max_hp_gain":0,"max_hp_loss":0,"event_name":"Living Wall","floor":16,"gold_loss":0},{"cards_removed":["Strike_G"],"damage_healed":0,"gold_gain":0,"player_choice":"Gave Gold","damage_taken":0,"max_hp_gain":0,"max_hp_loss":0,"event_name":"Beggar","floor":21,"gold_loss":75}],"is_beta":false,"boss_relics":[{"not_picked":["Replay:Wanted Poster","WristBlade"],"picked":"ReplayTheSpireMod:DimensionalGlitch"}],"items_purged_floors":[22],"is_endless":false,"potions_floor_spawned":[2,5,6,11,23],"killed_by":"Cultist and Chosen","ascension_level":0}}