{"host":"jw4qy1ihmjslahm8","time":1608106358,"event":{"mods":["Act Like it!","BaseMod","Colored Map","Downfall","Gensokyo","HololiveMod","Infinite Spire","MarisaÅiñ∂âJÅ@ñÇóùçπÅj","Minty Spire (QoL Compilation)","Replay The Spire","StSLib","The Animator"],"gold_per_floor":[99,110,95,545,545,583,583,583,583,583,612,612,626,400,500,563,583,583,583],"floor_reached":18,"playtime":1152,"items_purged":[],"score":110,"play_id":"67ff1427-3250-4205-a0aa-b8a328220c63","local_time":"20201216001238","is_ascension_mode":false,"campfire_choices":[{"data":"animator:DwarfShaman","floor":5,"key":"SMITH"},{"floor":8,"key":"REST"},{"data":"animator:Layla","floor":12,"key":"SMITH"}],"circlet_count":0,"master_deck":["animator:Strike_GoblinSlayer","animator:Defend_GoblinSlayer","animator:Strike","animator:Strike","animator:Defend","animator:Defend","animator:Defend","animator:LizardPriest","animator:DwarfShaman+1","animator:OrikoMikuni","animator:Layla+1","animator:Layla","Slimebound:Icky","Slimebound:Icky","Slimebound:Icky","animator:Archer","animator:Spearman","animator:Yoichi","animator:Boros","animator:HououinKyouma","animator:Verdia","animator:YuiTsuruno","animator:OrikoMikuni","animator:Layla"],"relics":["animator:TheMissingPiece","animator:PurgingStone","Busted Crown","Paper Frog","MealTicket","downfall:CloakOfManyFaces","CultistMask","FaceOfCleric","NlothsMask","GremlinMask","SsserpentHead"],"acts_visited":["Exordium"],"potions_floor_usage":[18,18,18],"damage_taken":[{"damage":2,"enemies":"Jaw Worm","floor":2,"turns":5},{"damage":0,"enemies":"downfall:FleeingMerchant","floor":3,"turns":4},{"damage":28,"enemies":"3 Sentries","floor":6,"turns":9},{"damage":0,"enemies":"Cultist","floor":11,"turns":3},{"damage":13,"enemies":"Small Slimes","floor":13,"turns":3},{"damage":8,"enemies":"downfall:FleeingMerchant","floor":14,"turns":4},{"damage":27,"enemies":"downfall:FaceTrader","floor":15,"turns":7},{"damage":12,"enemies":"Blue Slaver","floor":16,"turns":3},{"damage":12,"enemies":"Exordium Thugs","floor":17,"turns":5},{"damage":12,"enemies":"downfall:Watcher","floor":18,"turns":5}],"seed_played":"7948614238519808302","potions_obtained":[{"floor":11,"key":"sneckomod:MuddlingPotion"},{"floor":13,"key":"AttackPotion"},{"floor":15,"key":"Weak Potion"},{"floor":16,"key":"Swift Potion"}],"is_trial":false,"path_per_floor":["R_BF","M","$","?","R","E","T","R","PTL","PTL","M","R","M","$","?","M","M","B"],"character_chosen":"THE_ANIMATOR","items_purchased":["animator:HououinKyouma","animator:Verdia"],"campfire_rested":1,"item_purchase_floors":[14,14],"current_hp_per_floor":[66,64,64,64,64,36,36,55,55,55,55,55,42,49,28,17,12,0,0],"gold":583,"neow_bonus":"BOSS_RELIC","is_daily":false,"chose_seed":false,"campfire_upgraded":2,"win_rate":0.0,"timestamp":1608106358,"path_taken":["R_BF","M","$","?","R","E","T","R","PTL","PTL","M","R","M","$","?","?","M","BOSS"],"items_purchased_type":["Card","Card"],"build_version":"2020-12-13","purchased_purges":0,"victory":false,"max_hp_per_floor":[66,66,66,66,66,66,66,66,66,66,66,66,66,66,66,67,68,68,68],"card_choices":[{"not_picked":[],"picked":"animator:Layla","floor":2},{"not_picked":[],"picked":"animator:Layla","floor":3},{"not_picked":[],"picked":"animator:Archer","floor":6},{"not_picked":[],"picked":"animator:Spearman","floor":11},{"not_picked":[],"picked":"animator:Yoichi","floor":13},{"not_picked":[],"picked":"animator:Boros","floor":14},{"not_picked":[],"picked":"animator:YuiTsuruno","floor":15},{"not_picked":[],"picked":"animator:OrikoMikuni","floor":16},{"not_picked":[],"picked":"animator:Layla","floor":17}],"player_experience":26605,"relics_obtained":[{"floor":6,"key":"Paper Frog"},{"floor":7,"key":"MealTicket"},{"floor":15,"key":"downfall:CloakOfManyFaces"}],"event_choices":[],"is_beta":false,"boss_relics":[],"items_purged_floors":[],"is_endless":false,"potions_floor_spawned":[11,13,15,16],"killed_by":"downfall:Watcher","ascension_level":0}}