{"host":"msepye59htvs4aw4","time":1608149144,"event":{"mods":["BaseMod","Colored Map","DeckTracker","Highlight Path","Minty Spire (QoL Compilation)","Shop Mod","StSLib","SuperFastMode"],"gold_per_floor":[114,264,264,264,283,283,294,294,294,294,308,308,328,340,340,340,340],"floor_reached":16,"playtime":651,"items_purged":[],"score":161,"play_id":"d6b7f234-4826-4e2f-9471-2a7500cf0a66","local_time":"20201216210544","is_ascension_mode":true,"campfire_choices":[{"data":"Leg Sweep","floor":6,"key":"SMITH"},{"data":"Dagger Spray","floor":8,"key":"SMITH"},{"data":"Sadistic Nature","floor":10,"key":"SMITH"},{"floor":12,"key":"REST"},{"data":"Blur","floor":15,"key":"SMITH"}],"circlet_count":0,"master_deck":["AscendersBane","Strike_G","Strike_G","Strike_G","Strike_G","Strike_G","Defend_G","Defend_G","Defend_G","Defend_G","Defend_G","Survivor","Neutralize","Sadistic Nature+1","Backflip+1","Doubt","Leg Sweep+1","Dagger Spray+1","Catalyst","Catalyst","Blur+1"],"relics":["Ring of the Snake","Bottled Tornado"],"acts_visited":["Exordium"],"potions_floor_usage":[11,16],"damage_taken":[{"damage":4,"enemies":"Cultist","floor":1,"turns":6},{"damage":2,"enemies":"Small Slimes","floor":5,"turns":4},{"damage":0,"enemies":"Jaw Worm","floor":7,"turns":6},{"damage":9,"enemies":"Exordium Thugs","floor":11,"turns":5},{"damage":0,"enemies":"Looter","floor":13,"turns":3},{"damage":15,"enemies":"Lots of Slimes","floor":14,"turns":5},{"damage":5,"enemies":"The Guardian","floor":16,"turns":5}],"seed_played":"487672696993228125","potions_obtained":[{"floor":7,"key":"LiquidBronze"},{"floor":14,"key":"Weak Potion"}],"is_trial":false,"path_per_floor":["M","?","?","?","M","R","M","R","T","R","M","R","M","M","R","B"],"character_chosen":"THE_SILENT","items_purchased":[],"campfire_rested":1,"item_purchase_floors":[],"current_hp_per_floor":[55,55,60,60,58,58,58,58,58,58,49,65,65,50,50,45,45],"gold":340,"neow_bonus":"RANDOM_COLORLESS_2","is_daily":false,"chose_seed":false,"campfire_upgraded":4,"win_rate":0.0,"timestamp":1608149144,"path_taken":["M","?","?","?","M","R","M","R","T","R","M","R","M","?","R","BOSS"],"items_purchased_type":[],"build_version":"2020-12-13","purchased_purges":0,"victory":false,"max_hp_per_floor":[60,60,65,65,65,65,65,65,65,65,65,65,65,65,65,65,65],"card_choices":[{"not_picked":["Metamorphosis","Magnetism"],"picked":"Sadistic Nature","floor":0},{"not_picked":["Calculated Gamble","PiercingWail"],"picked":"Backflip","floor":1},{"not_picked":["Sucker Punch","Flechettes"],"picked":"Leg Sweep","floor":5},{"not_picked":["Deflect","Sucker Punch"],"picked":"Dagger Spray","floor":7},{"not_picked":["Heel Hook","PiercingWail"],"picked":"Catalyst","floor":11},{"not_picked":["Poisoned Stab","Slice"],"picked":"Catalyst","floor":13},{"not_picked":["Dagger Throw","Outmaneuver"],"picked":"Blur","floor":14}],"player_experience":1591229,"relics_obtained":[{"floor":9,"key":"Bottled Tornado"}],"event_choices":[{"damage_healed":0,"gold_gain":150,"player_choice":"AGREE","damage_taken":0,"max_hp_gain":0,"max_hp_loss":0,"event_name":"Liars Game","floor":2,"gold_loss":0,"cards_obtained":["Doubt"]},{"damage_healed":0,"gold_gain":0,"player_choice":"Donut","damage_taken":0,"max_hp_gain":5,"max_hp_loss":0,"event_name":"Big Fish","floor":3,"gold_loss":0},{"damage_healed":0,"gold_gain":0,"player_choice":"Grow","damage_taken":0,"max_hp_gain":0,"max_hp_loss":0,"event_name":"Living Wall","floor":4,"gold_loss":0,"cards_upgraded":["Backflip"]}],"is_beta":false,"boss_relics":[],"items_purged_floors":[],"is_endless":false,"potions_floor_spawned":[7,14],"killed_by":"The Guardian","ascension_level":15}}