{"host":"5u4m3sklrpw6xc20","time":1608091826,"event":{"mods":["2.2 Compatiblity","BaseMod","Better Third Choice","CapriCore","Colored Map","Hubris","Infinite Spire","Minty Spire (QoL Compilation)","Permanent Neow","Replay The Spire","Robot Space Explorer","Spicy Shops","StSLib","SuperFastMode","The Cursed","The Disciple","The Dragon Tamer","The Gatherer","The Immortal","The Runesmith"],"gold_per_floor":[10100097,10100097,10100097,10098831,10098831,10098831,10098831,10097794,10097794,10097794,10097794,10097794,10097794,10097064,10097064,10097064,10097064,10097064,10097064,10096039,10096039,10096039,10096039,10096039,10096039,10096039,10096039,10094814,10094814,10094814,10094814,10094814,10094814,10094814,10094814,10094814],"floor_reached":35,"playtime":1329,"items_purged":["Strike_P+1","Strike_P+1","Vengeance+1","Strike_P+1","Defend_P+1"],"score":800,"play_id":"55b122aa-9d72-405b-b468-16ad7bd181af","local_time":"20201215221026","is_ascension_mode":false,"campfire_choices":[{"floor":6,"key":"RECALL"},{"data":"Defend_P+1","floor":15,"key":"PURGE"}],"circlet_count":0,"master_deck":["Defend_P+1","Defend_P+1","Eruption+1","Vigilance+1","EmptyFist+1","Replay:BluntJabs+1","hubris:DuctTapeCard"],"relics":["PureWater","Toxic Egg 2","Molten Egg 2","Frozen Egg 2","Quantum Egg","Ectoplasm","Sozu","Frozen Eye","ReplayTheSpireMod:Lightbulb","infinitespire:BottledMercury","Strawberry","ClockworkSouvenir","hubris:CuriousFeather","Iron Hammer","War Paint","Sling","Chemical X","infinitespire:PuzzleCube","Bottled Flame","infinitespire:CursedDice","Tiny Chest","Potion Belt","Replay:Mystery Machine","Coffee Dripper","hubris:Towel","PreservedInsect","Omamori","Replay:Rubber Ducky","hubris:DuctTape","OrangePellets","Ice Cream","Replay:Ringing Soul","Anchor","WingedGreaves","hubris:EmptyBottle","Prayer Wheel","infinitespire:Satchel","Torii","infinitespire:CheckeredPen","TheAbacus","Akabeko"],"acts_visited":["Exordium","TheCity","TheBeyond"],"potions_floor_usage":[],"damage_taken":[{"damage":0,"enemies":"2 Louse","floor":1,"turns":2},{"damage":0,"enemies":"Cultist","floor":2,"turns":2},{"damage":0,"enemies":"Small Slimes","floor":5,"turns":2},{"damage":2,"enemies":"Lagavulin","floor":7,"turns":3},{"damage":1,"enemies":"Red Slaver","floor":10,"turns":2},{"damage":0,"enemies":"3 Louse","floor":12,"turns":2},{"damage":0,"enemies":"Large Slime","floor":13,"turns":2},{"damage":24,"enemies":"The Guardian","floor":16,"turns":4},{"damage":0,"enemies":"Spheric Guardian","floor":18,"turns":2},{"damage":0,"enemies":"3 Byrds","floor":22,"turns":2},{"damage":0,"enemies":"Gremlin Leader","floor":23,"turns":2},{"damage":0,"enemies":"3 Cultists","floor":30,"turns":2},{"damage":0,"enemies":"Pondfish","floor":33,"turns":6},{"damage":0,"enemies":"Orb Walker","floor":35,"turns":1}],"seed_played":"-8321236253678202455","potions_obtained":[],"is_trial":false,"path_per_floor":["M","M","?","$","M","R","E","$","T","M","?","M","M","$","R_BF","B",null,"M","?","$","?","M","E","R","?","T","T","$","?","M","T","R","B",null,"M"],"character_chosen":"WATCHER","items_purchased":["Frozen Eye","ReplayTheSpireMod:Lightbulb","infinitespire:BottledMercury","Strawberry","ClockworkSouvenir","hubris:CuriousFeather","War Paint","Sling","Chemical X","infinitespire:PuzzleCube","Bottled Flame","infinitespire:CursedDice","Tiny Chest","Potion Belt","Replay:Mystery Machine","PreservedInsect","Omamori","Replay:Rubber Ducky","hubris:DuctTape","OrangePellets","hubris:EmptyBottle","Prayer Wheel","infinitespire:Satchel","Torii","infinitespire:CheckeredPen","TheAbacus"],"campfire_rested":0,"item_purchase_floors":[4,4,4,4,4,4,8,8,8,8,8,8,14,14,14,20,20,20,20,20,28,28,28,28,28,28],"current_hp_per_floor":[72,72,72,79,79,79,77,77,77,76,76,76,76,76,76,52,79,79,79,79,79,79,79,79,79,79,79,79,79,79,79,79,79,79,79,79],"gold":10094814,"neow_bonus":"TRANSFORM_CARD","is_daily":false,"chose_seed":false,"campfire_upgraded":0,"win_rate":0.0,"timestamp":1608091826,"path_taken":["M","M","?","$","?","R","E","?","T","?","?","?","M","?","R_BF","BOSS","M","?","$","?","M","E","R","?","T","?","?","?","?","?","R","BOSS","M"],"items_purchased_type":["Relic","Relic","Relic","Relic","Relic","Relic","Relic","Relic","Relic","Relic","Relic","Relic","Relic","Relic","Relic","Relic","Relic","Relic","Relic","Relic","Relic","Relic","Relic","Relic","Relic","Relic"],"build_version":"2020-12-13","purchased_purges":5,"victory":false,"max_hp_per_floor":[72,72,72,79,79,79,79,79,79,79,79,79,79,79,79,79,79,79,79,79,79,79,79,79,79,79,79,79,79,79,79,79,79,79,79,79],"card_choices":[{"not_picked":["EmptyFist+1","FlurryOfBlows+1","EmptyBody+1"],"picked":"SKIP","floor":1},{"not_picked":["BowlingBash+1","FollowUp+1"],"picked":"Replay:BluntJabs+1","floor":2},{"not_picked":["Prostrate+1","DeusExMachina+1"],"picked":"Tantrum+1","floor":5},{"not_picked":["Wish+1","Evaluate+1"],"picked":"Vengeance+1","floor":7},{"not_picked":["Evaluate+1","CrushJoints+1","Sanctity+1"],"picked":"SKIP","floor":10},{"not_picked":["Halt+1","Evaluate+1","BowlingBash+1"],"picked":"SKIP","floor":12},{"not_picked":["Replay:Battleflow+1","MentalFortress+1"],"picked":"Replay:BluntJabs+1","floor":13},{"not_picked":["SashWhip+1","Consecrate+1","WindmillStrike+1"],"picked":"SKIP","floor":18},{"not_picked":["ClearTheMind+1","FlurryOfBlows+1","Vengeance+1"],"picked":"SKIP","floor":22},{"not_picked":["Conclude+1","Consecrate+1","Replay:AtTheReady+1"],"picked":"SKIP","floor":23},{"not_picked":["WaveOfTheHand+1","JustLucky+1","Weave+1"],"picked":"SKIP","floor":30},{"not_picked":["EmptyBody+1","Replay:BluntJabs+1","Replay:Vibes+1"],"picked":"SKIP","floor":30}],"player_experience":247322,"relics_obtained":[{"floor":7,"key":"Iron Hammer"},{"floor":23,"key":"Replay:Ringing Soul"},{"floor":26,"key":"Anchor"},{"floor":27,"key":"WingedGreaves"},{"floor":31,"key":"Akabeko"}],"event_choices":[{"damage_healed":0,"gold_gain":0,"player_choice":"Upgrade","damage_taken":0,"relics_obtained":["Mark of the Bloom"],"max_hp_gain":0,"max_hp_loss":0,"event_name":"MindBloom","floor":0,"gold_loss":0,"cards_upgraded":["Strike_P","Strike_P","Strike_P","Defend_P","Defend_P","Defend_P","Defend_P","Eruption","Vigilance"]},{"damage_healed":0,"gold_gain":0,"player_choice":"Ignored","damage_taken":0,"max_hp_gain":0,"max_hp_loss":0,"event_name":"Upgrade Shrine","floor":3,"gold_loss":0},{"damage_healed":0,"gold_gain":0,"player_choice":"Ignored","damage_taken":0,"max_hp_gain":0,"max_hp_loss":0,"event_name":"NoteForYourself","floor":11,"gold_loss":0},{"damage_healed":0,"gold_gain":0,"player_choice":"Opened","damage_taken":0,"relics_obtained":["Ice Cream"],"max_hp_gain":0,"max_hp_loss":0,"event_name":"The Mausoleum","floor":21,"gold_loss":0},{"damage_healed":0,"gold_gain":99,"player_choice":"Steal","damage_taken":0,"max_hp_gain":0,"max_hp_loss":0,"event_name":"betterThird:BetterNest","floor":25,"gold_loss":0},{"damage_healed":0,"gold_gain":0,"player_choice":"Ignored","damage_taken":0,"max_hp_gain":0,"max_hp_loss":0,"event_name":"Vampires","floor":29,"gold_loss":0}],"is_beta":false,"boss_relics":[{"not_picked":["hubris:ScarierMask","hubris:RunicObelisk"],"picked":"Coffee Dripper"},{"not_picked":["Velvet Choker","Cursed Key","Pandora\u0027s Box"]}],"items_purged_floors":[4,8,14,14,20],"is_endless":false,"potions_floor_spawned":[2,5,13,22,23,33],"killed_by":"Orb Walker","ascension_level":0}}