{"host":"hszimsrtxxc2k25w","time":1608145713,"event":{"mods":["AchievementEnabler","BaseMod","Colored Map","DeckTracker","Minty Spire (QoL Compilation)","Rare Cards Sparkle","SuperFastMode"],"gold_per_floor":[115,133,61,71,71,71,104,104,159,174,193,193,210,210,210,210,210],"floor_reached":16,"playtime":554,"items_purged":[],"score":163,"play_id":"7194d01f-ea50-409d-bb30-5bcc30d031e1","local_time":"20201217040833","is_ascension_mode":true,"campfire_choices":[{"data":"Eruption","floor":6.0,"key":"SMITH"},{"data":"Adaptation","floor":8.0,"key":"SMITH"},{"data":"Vault","floor":12.0,"key":"SMITH"},{"floor":15.0,"key":"REST"}],"circlet_count":0,"master_deck":["AscendersBane","Strike_P","Strike_P","Strike_P","Strike_P","Defend_P","Defend_P","Defend_P","Defend_P","Eruption+1","Vigilance","Vault+1","Sanctity","Adaptation+1","EmptyFist","MentalFortress","EmptyBody"],"relics":["PureWater","Bag of Preparation","MealTicket"],"acts_visited":["Exordium"],"potions_floor_usage":[16],"damage_taken":[{"damage":0.0,"enemies":"Cultist","floor":1.0,"turns":4.0},{"damage":7.0,"enemies":"Jaw Worm","floor":2.0,"turns":8.0},{"damage":0.0,"enemies":"Small Slimes","floor":4.0,"turns":3.0},{"damage":41.0,"enemies":"3 Sentries","floor":7.0,"turns":8.0},{"damage":9.0,"enemies":"2 Fungi Beasts","floor":10.0,"turns":3.0},{"damage":8.0,"enemies":"Blue Slaver","floor":11.0,"turns":4.0},{"damage":8.0,"enemies":"Gremlin Gang","floor":13.0,"turns":6.0},{"damage":30,"enemies":"The Guardian","floor":16,"turns":17}],"seed_played":"-1251356218164517840","potions_obtained":[{"floor":1.0,"key":"FairyPotion"},{"floor":4.0,"key":"SteroidPotion"},{"floor":11.0,"key":"DistilledChaos"}],"is_trial":false,"path_per_floor":["M","M","$","M","$","R","E","R","T","M","M","R","M","T","R","B"],"character_chosen":"WATCHER","items_purchased":["Adaptation"],"campfire_rested":1,"item_purchase_floors":[3],"current_hp_per_floor":[65,58,58,58,58,58,17,17,17,8,19,19,11,11,30,0,0],"gold":210,"neow_bonus":"THREE_RARE_CARDS","is_daily":false,"chose_seed":false,"campfire_upgraded":3,"win_rate":0.0,"timestamp":1608145713,"path_taken":["M","M","$","M","$","R","E","R","T","M","?","R","M","?","R","BOSS"],"items_purchased_type":["Card"],"build_version":"2020-12-13","purchased_purges":0,"victory":false,"max_hp_per_floor":[65,65,65,65,65,65,65,65,65,65,65,65,65,65,65,65,65],"card_choices":[{"not_picked":["SpiritShield","Devotion"],"picked":"Vault","floor":0.0},{"not_picked":["Pray","FlyingSleeves","Evaluate"],"picked":"SKIP","floor":1.0},{"not_picked":["EmptyBody","FlyingSleeves"],"picked":"Sanctity","floor":2.0},{"not_picked":["JustLucky","Prostrate","PathToVictory"],"picked":"SKIP","floor":4.0},{"not_picked":["JustLucky","Protect"],"picked":"EmptyFist","floor":7.0},{"not_picked":["Vengeance","DevaForm","Crescendo"],"picked":"SKIP","floor":10.0},{"not_picked":["Crescendo","Halt"],"picked":"MentalFortress","floor":11.0},{"not_picked":["EmptyFist","Sanctity"],"picked":"EmptyBody","floor":13.0}],"player_experience":590296,"relics_obtained":[{"floor":7.0,"key":"Bag of Preparation"},{"floor":9.0,"key":"MealTicket"}],"event_choices":[],"is_beta":false,"boss_relics":[],"items_purged_floors":[],"is_endless":false,"potions_floor_spawned":[1,4,11],"killed_by":"The Guardian","ascension_level":12}}