{"host":"03jd0k347uuzjnun","time":1608135008,"event":{"mods":["BaseMod","Bestiary","Minty Spire (QoL Compilation)","Permanent Neow","Relic Stats"],"gold_per_floor":[109,109,159,209,222,257,257,326,326,326,376,411,411,182,182,307,307,323,373,388,488,512,545,398,467,467,68,86,136,161,194,194,325,325,340,365,478,528,558,558,599,620,620,660,728,778,852,876,876,876,876,876,375,415,415],"floor_reached":56,"playtime":5659,"items_purged":["Dash","Corpse Explosion+1"],"score":1869,"play_id":"5b70bd64-6350-4553-9956-e161570a02b1","local_time":"20201216171008","is_ascension_mode":true,"campfire_choices":[{"data":"Crippling Poison","floor":7.0,"key":"SMITH"},{"data":"Calculated Gamble","floor":10.0,"key":"SMITH"},{"data":"Well Laid Plans","floor":13.0,"key":"SMITH"},{"floor":15.0,"key":"REST"},{"data":"Corpse Explosion","floor":32,"key":"SMITH"},{"floor":40,"key":"RECALL"},{"data":"Adrenaline","floor":49,"key":"SMITH"},{"data":"Footwork","floor":52,"key":"SMITH"}],"circlet_count":0,"master_deck":["Survivor","Reflex","Tactician+1","Well Laid Plans+1","Crippling Poison+1","Footwork+1","Calculated Gamble+1","Concentrate+1","Grand Finale","Escape Plan","Grand Finale","Malaise+1","Heel Hook+1","Acrobatics+1","Backflip","Heel Hook+1","Escape Plan","Adrenaline+1","Well Laid Plans","Escape Plan+1","Footwork","Backflip"],"relics":["Pandora\u0027s Box","SsserpentHead","Mummified Hand","War Paint","Golden Idol","HornCleat","Astrolabe","Oddly Smooth Stone","Pantograph","FossilizedHelix","Toy Ornithopter","SacredBark","Thread and Needle","Orichalcum","CeramicFish","Sling","Centennial Puzzle","Nunchaku"],"acts_visited":["Exordium","TheCity","TheBeyond","TheEnding"],"potions_floor_usage":[31,33,55,55],"damage_taken":[{"damage":0.0,"enemies":"2 Louse","floor":1.0,"turns":1.0},{"damage":0.0,"enemies":"Cultist","floor":5.0,"turns":3.0},{"damage":21.0,"enemies":"Gremlin Nob","floor":6.0,"turns":5.0},{"damage":7.0,"enemies":"Small Slimes","floor":8.0,"turns":3.0},{"damage":15.0,"enemies":"Lagavulin","floor":12.0,"turns":5.0},{"damage":13.0,"enemies":"The Guardian","floor":16.0,"turns":6.0},{"damage":14.0,"enemies":"Chosen","floor":18.0,"turns":6.0},{"damage":0.0,"enemies":"3 Byrds","floor":20.0,"turns":2.0},{"damage":0.0,"enemies":"Snake Plant","floor":22.0,"turns":3.0},{"damage":10.0,"enemies":"Slavers","floor":23.0,"turns":2.0},{"damage":0.0,"enemies":"Snecko","floor":25.0,"turns":2.0},{"damage":0,"enemies":"Sentry and Sphere","floor":28,"turns":2},{"damage":0,"enemies":"Snake Plant","floor":30,"turns":2},{"damage":12,"enemies":"Gremlin Leader","floor":31,"turns":3},{"damage":0,"enemies":"Champ","floor":33,"turns":3},{"damage":0,"enemies":"3 Darklings","floor":35,"turns":2},{"damage":0,"enemies":"Orb Walker","floor":36,"turns":3},{"damage":0,"enemies":"Mind Bloom Boss Battle","floor":37,"turns":2},{"damage":0,"enemies":"Giant Head","floor":41,"turns":2},{"damage":0,"enemies":"Writhing Mass","floor":42,"turns":2},{"damage":0,"enemies":"Reptomancer","floor":44,"turns":2},{"damage":0,"enemies":"Transient","floor":45,"turns":2},{"damage":0,"enemies":"Spire Growth","floor":47,"turns":3},{"damage":0,"enemies":"4 Shapes","floor":48,"turns":2},{"damage":0,"enemies":"Awakened One","floor":50,"turns":4},{"damage":0,"enemies":"Shield and Spear","floor":54,"turns":2},{"damage":0,"enemies":"The Heart","floor":55,"turns":4}],"seed_played":"-164913542476991251","potions_obtained":[{"floor":5.0,"key":"ColorlessPotion"},{"floor":8.0,"key":"Fire Potion"},{"floor":18.0,"key":"Explosive Potion"},{"floor":23.0,"key":"GamblersBrew"},{"floor":25.0,"key":"FairyPotion"},{"floor":30,"key":"Ancient Potion"},{"floor":31,"key":"Swift Potion"},{"floor":35,"key":"SkillPotion"},{"floor":44,"key":"GamblersBrew"}],"is_trial":false,"path_per_floor":["M","?","$","?","M","E","R","M","T","R","?","E","R","$","R","B",null,"M","?","M","?","M","E","$","M","T","$","M","?","M","E","R","B",null,"M","M","?","?","?","R","E","M","T","E","M","?","M","M","R","B",null,"R","$","E","B",null],"character_chosen":"THE_SILENT","items_purchased":["Grand Finale","Escape Plan","Escape Plan","Adrenaline","FossilizedHelix","Footwork","Backflip","Sling","Centennial Puzzle"],"campfire_rested":1,"item_purchase_floors":[14,14,24,27,27,53,53,53,53],"current_hp_per_floor":[70,70,70,70,70,49,49,42,42,42,25,10,10,10,31,18,57,43,43,43,43,43,33,33,33,33,33,33,33,33,21,21,51,65,65,65,70,70,70,70,70,70,70,70,70,70,70,70,70,70,70,70,70,70,70],"gold":415,"neow_bonus":"BOSS_RELIC","is_daily":false,"chose_seed":false,"campfire_upgraded":6,"win_rate":0.0,"timestamp":1608135008,"path_taken":["M","?","?","?","M","E","R","?","T","R","?","E","R","$","R","BOSS","M","?","M","?","M","E","$","?","T","?","M","?","M","E","R","BOSS","M","M","?","?","?","R","E","M","T","E","?","?","?","M","R","BOSS","R","$","E","BOSS"],"items_purchased_type":["Card","Card","Card","Card","Relic","Card","Card","Relic","Relic"],"build_version":"2020-12-13","purchased_purges":2,"victory":true,"max_hp_per_floor":[70,70,70,70,70,70,70,70,70,70,70,70,70,70,70,70,70,70,70,70,70,70,70,70,70,70,70,70,70,70,70,70,70,70,70,70,70,70,70,70,70,70,70,70,70,70,70,70,70,70,70,70,70,70,70],"relic_stats":{"counters":[27,78],"Golden Idol":205,"Astrolabe":["Poisoned Stab","Malaise","Heel Hook"],"CeramicFish":36,"War Paint":["Concentrate","Tactician"],"Orichalcum":[6],"SsserpentHead":750,"Centennial Puzzle":[0],"Nunchaku":[3],"Mummified Hand":[68],"Pantograph":30,"Pandora\u0027s Box":["Corpse Explosion","Choke","Backstab","Poisoned Stab","Reflex","Tactician","Well Laid Plans","Crippling Poison","Dash","Footwork"],"obtain_stats":[{"Golden Idol":11,"Astrolabe":17,"SacredBark":34,"CeramicFish":44,"Oddly Smooth Stone":23,"Thread and Needle":37,"War Paint":9,"Orichalcum":41,"Sling":53,"SsserpentHead":2,"Centennial Puzzle":53,"Nunchaku":54,"HornCleat":12,"Mummified Hand":6,"Pantograph":26,"Pandora\u0027s Box":0,"FossilizedHelix":27,"Toy Ornithopter":31,"Ring of the Snake":0},{"Golden Idol":4,"Astrolabe":6,"SacredBark":15,"CeramicFish":21,"Oddly Smooth Stone":10,"Thread and Needle":18,"War Paint":4,"Orichalcum":19,"Sling":25,"SsserpentHead":1,"Centennial Puzzle":25,"Nunchaku":26,"HornCleat":5,"Mummified Hand":3,"Pantograph":11,"Pandora\u0027s Box":0,"FossilizedHelix":11,"Toy Ornithopter":14,"Ring of the Snake":0},{"Golden Idol":12,"Astrolabe":23,"SacredBark":48,"CeramicFish":61,"Oddly Smooth Stone":36,"Thread and Needle":55,"War Paint":12,"Orichalcum":57,"Sling":72,"SsserpentHead":1,"Centennial Puzzle":72,"Nunchaku":74,"HornCleat":17,"Mummified Hand":9,"Pantograph":38,"Pandora\u0027s Box":0,"FossilizedHelix":38,"Toy Ornithopter":45,"Ring of the Snake":0}],"Toy Ornithopter":5},"card_choices":[{"not_picked":["Acrobatics","Dagger Spray"],"picked":"Calculated Gamble","floor":1.0},{"not_picked":["Outmaneuver","Bane","Cloak And Dagger"],"picked":"SKIP","floor":5.0},{"not_picked":["Sucker Punch","Backflip"],"picked":"Concentrate","floor":6.0},{"not_picked":["Bouncing Flask","Quick Slash","Deadly Poison"],"picked":"SKIP","floor":8.0},{"not_picked":["Masterful Stab","Dodge and Roll","Deflect"],"picked":"SKIP","floor":12.0},{"not_picked":["Bullet Time","Venomology"],"picked":"Grand Finale","floor":16.0},{"not_picked":["Distraction","Endless Agony","Quick Slash"],"picked":"SKIP","floor":18.0},{"not_picked":["Crippling Poison","Cloak And Dagger"],"picked":"Acrobatics+1","floor":20.0},{"not_picked":["Underhanded Strike+1","Masterful Stab"],"picked":"Backflip","floor":22.0},{"not_picked":["Acrobatics","Poisoned Stab"],"picked":"Heel Hook+1","floor":23.0},{"not_picked":["Deflect","Concentrate","Predator"],"picked":"SKIP","floor":25.0},{"not_picked":["Bane","PiercingWail","Corpse Explosion"],"picked":"SKIP","floor":28},{"not_picked":["Dagger Spray","Endless Agony","Calculated Gamble"],"picked":"SKIP","floor":30},{"not_picked":["Catalyst","Flying Knee","Poisoned Stab+1"],"picked":"SKIP","floor":31},{"not_picked":["Cloak And Dagger","Expertise","Dagger Spray"],"picked":"SKIP","floor":35},{"not_picked":["Deadly Poison","Choke","Skewer+1"],"picked":"SKIP","floor":36},{"not_picked":["Dodge and Roll+1","Sucker Punch+1","Deadly Poison"],"picked":"SKIP","floor":41},{"not_picked":["Backflip+1","Backstab+1","Sucker Punch+1"],"picked":"SKIP","floor":42},{"not_picked":["Predator","Tactician+1"],"picked":"Well Laid Plans","floor":44},{"not_picked":["Underhanded Strike","Sucker Punch+1","Quick Slash+1"],"picked":"SKIP","floor":45},{"not_picked":["Well Laid Plans+1","Dagger Spray","Underhanded Strike+1"],"picked":"SKIP","floor":47},{"not_picked":["Corpse Explosion","Bane"],"picked":"Escape Plan+1","floor":48},{"not_picked":["Well Laid Plans+1","Cloak And Dagger","Dagger Spray+1"],"picked":"SKIP","floor":54},{"not_picked":["Well Laid Plans+1","Cloak And Dagger","Dagger Spray+1"],"picked":"SKIP","floor":54}],"player_experience":1167349,"relics_obtained":[{"floor":6.0,"key":"Mummified Hand"},{"floor":9.0,"key":"War Paint"},{"floor":12.0,"key":"HornCleat"},{"floor":23.0,"key":"Oddly Smooth Stone"},{"floor":26.0,"key":"Pantograph"},{"floor":31,"key":"Toy Ornithopter"},{"floor":37,"key":"Thread and Needle"},{"floor":41,"key":"Orichalcum"},{"floor":44,"key":"CeramicFish"},{"floor":54,"key":"Nunchaku"}],"event_choices":[{"damage_healed":0.0,"max_hp_gain":0.0,"max_hp_loss":0.0,"gold_gain":0.0,"event_name":"FaceTrader","player_choice":"Trade","floor":2.0,"gold_loss":0.0,"damage_taken":0.0,"relics_obtained":["SsserpentHead"]},{"cards_removed":["Choke"],"damage_healed":0.0,"max_hp_gain":0.0,"max_hp_loss":0.0,"gold_gain":0.0,"event_name":"Bonfire Elementals","player_choice":"Offered Uncommon","floor":4.0,"gold_loss":0.0,"damage_taken":0.0},{"damage_healed":0.0,"max_hp_gain":0.0,"max_hp_loss":0.0,"gold_gain":0.0,"event_name":"Golden Idol","player_choice":"Take Damage","floor":11.0,"gold_loss":0.0,"damage_taken":17.0,"relics_obtained":["Golden Idol"]},{"cards_removed":["Poisoned Stab"],"damage_healed":0.0,"max_hp_gain":0.0,"max_hp_loss":0.0,"gold_gain":0.0,"event_name":"Back to Basics","player_choice":"Elegance","floor":19.0,"gold_loss":0.0,"damage_taken":0.0},{"damage_healed":0.0,"max_hp_gain":0.0,"max_hp_loss":0.0,"gold_gain":100.0,"event_name":"The Joust","player_choice":"Bet on Murderer","floor":21.0,"gold_loss":50.0,"damage_taken":0.0},{"damage_healed":0,"gold_gain":0,"player_choice":"Ignored","damage_taken":0,"max_hp_gain":0,"max_hp_loss":0,"event_name":"The Mausoleum","floor":29,"gold_loss":0},{"damage_healed":0,"gold_gain":0,"player_choice":"Fight","damage_taken":0,"max_hp_gain":0,"max_hp_loss":0,"event_name":"MindBloom","floor":37,"gold_loss":0},{"damage_healed":0,"gold_gain":0,"player_choice":"Memory 1","damage_taken":0,"max_hp_gain":0,"max_hp_loss":0,"event_name":"SensoryStone","floor":38,"gold_loss":0},{"damage_healed":0,"gold_gain":0,"player_choice":"Bought 1 Potion","damage_taken":0,"max_hp_gain":0,"max_hp_loss":0,"event_name":"The Woman in Blue","floor":39,"gold_loss":0},{"damage_healed":0,"gold_gain":0,"player_choice":"Got Potions","damage_taken":0,"max_hp_gain":0,"max_hp_loss":0,"event_name":"Lab","floor":46,"gold_loss":0}],"is_beta":false,"boss_relics":[{"not_picked":["Coffee Dripper","Philosopher\u0027s Stone"],"picked":"Astrolabe"},{"not_picked":["Busted Crown","Runic Dome"],"picked":"SacredBark"}],"items_purged_floors":[24,53],"is_endless":false,"potions_floor_spawned":[5,8,18,22,23,25,30,31,35,44,45,47],"ascension_level":5}}