{"host":"m6aaltr68g9tvoay","time":1608087021,"event":{"mods":["AchievementEnabler","BaseMod","Colored Map","Minty Spire (QoL Compilation)","StSLib"],"gold_per_floor":[114,60,60,80,80,80,101,101,128,146,160,160,45,55,55,55,55],"floor_reached":16,"playtime":463,"items_purged":["Decay"],"score":176,"play_id":"3412ec4a-4e31-4318-be0d-6f2aa6375624","local_time":"20201215185021","is_ascension_mode":true,"campfire_choices":[{"floor":6,"key":"REST"},{"floor":8,"key":"REST"},{"floor":12,"key":"REST"},{"data":"Flechettes","floor":15,"key":"SMITH"}],"circlet_count":0,"master_deck":["AscendersBane","Strike_G","Strike_G","Strike_G","Strike_G","Strike_G","Defend_G+1","Defend_G","Defend_G","Defend_G+1","Defend_G","Survivor","Neutralize","Flechettes+1","Dagger Spray","PiercingWail","Slice","Flying Knee","Blade Dance","Footwork","Endless Agony"],"relics":["Ring of the Snake","Odd Mushroom","Blood Vial"],"acts_visited":["Exordium"],"potions_floor_usage":[14,16],"damage_taken":[{"damage":11,"enemies":"Cultist","floor":1,"turns":5},{"damage":12,"enemies":"Jaw Worm","floor":4,"turns":4},{"damage":39,"enemies":"The Mushroom Lair","floor":7,"turns":5},{"damage":4,"enemies":"Small Slimes","floor":10,"turns":3},{"damage":5,"enemies":"Blue Slaver","floor":11,"turns":4},{"damage":11,"enemies":"3 Louse","floor":14,"turns":2},{"damage":49,"enemies":"Hexaghost","floor":16,"turns":11}],"seed_played":"-8408798786009408992","potions_obtained":[{"floor":7,"key":"Regen Potion"},{"floor":10,"key":"SmokeBomb"},{"floor":14,"key":"SkillPotion"}],"is_trial":false,"path_per_floor":["M","$","?","M","?","R","?","R","T","M","M","R","$","M","R","B"],"character_chosen":"THE_SILENT","items_purchased":["Dagger Spray","Footwork"],"campfire_rested":3,"item_purchase_floors":[2,13],"current_hp_per_floor":[60,60,37,25,25,48,9,32,32,30,27,50,50,46,46,0,0],"gold":55,"neow_bonus":"TWENTY_PERCENT_HP_BONUS","is_daily":false,"chose_seed":false,"campfire_upgraded":1,"win_rate":0.0,"timestamp":1608087021,"path_taken":["M","$","?","M","?","R","?","R","T","M","M","R","?","M","R","BOSS"],"items_purchased_type":["Card","Card"],"build_version":"2020-12-13","purchased_purges":1,"victory":false,"max_hp_per_floor":[78,78,78,78,78,78,78,78,78,78,78,78,78,78,78,78,78],"card_choices":[{"not_picked":["Catalyst","Leg Sweep"],"picked":"Flechettes","floor":1},{"not_picked":["Choke","Predator"],"picked":"PiercingWail","floor":4},{"not_picked":["Footwork","Escape Plan"],"picked":"Slice","floor":7},{"not_picked":["Setup","Predator"],"picked":"Flying Knee","floor":10},{"not_picked":["All Out Attack","Sucker Punch"],"picked":"Blade Dance","floor":11},{"not_picked":["Bane","Poisoned Stab"],"picked":"Endless Agony","floor":14}],"player_experience":1239647,"relics_obtained":[{"floor":7,"key":"Odd Mushroom"},{"floor":9,"key":"Blood Vial"}],"event_choices":[{"damage_healed":0,"gold_gain":0,"player_choice":"Entered Light","damage_taken":23,"max_hp_gain":0,"max_hp_loss":0,"event_name":"Shining Light","floor":3,"gold_loss":0,"cards_upgraded":["Defend_G","Defend_G"]},{"damage_healed":0,"gold_gain":0,"player_choice":"Ignored","damage_taken":0,"max_hp_gain":0,"max_hp_loss":0,"event_name":"Golden Wing","floor":5,"gold_loss":0},{"damage_healed":0,"gold_gain":0,"player_choice":"Fought Mushrooms","damage_taken":0,"max_hp_gain":0,"max_hp_loss":0,"event_name":"Mushrooms","floor":7,"gold_loss":0}],"is_beta":false,"boss_relics":[],"items_purged_floors":[13],"is_endless":false,"potions_floor_spawned":[7,10,11,14],"killed_by":"Hexaghost","ascension_level":19}}