{"host":"tyn27qd7gau91f81","time":1608099495,"event":{"mods":["BaseMod","Colored Map","Minty Spire (QoL Compilation)","Permanent Neow","Relic Stats","StSLib","everything is the same but u backflip on backflip"],"gold_per_floor":[109,59,59,59,59,94,94,108,108,149,178,178,198,213,213,326,326,281,281,281,281,23,23,23,23,23,23,23,23,23,23,23,23,23,23,23,23,23,23,23,23,23,23,23,23,23,23,0,0,0,0,0,0,0,0,0],"floor_reached":55,"playtime":5030,"items_purged":[],"score":791,"play_id":"b98790ca-41fb-44fe-9627-0cae81b5d14d","local_time":"20201215221815","is_ascension_mode":false,"campfire_choices":[{"data":"Bash","floor":7,"key":"SMITH"},{"data":"Whirlwind","floor":12,"key":"SMITH"},{"data":"Spot Weakness","floor":15,"key":"SMITH"},{"data":"Uppercut","floor":23,"key":"SMITH"},{"data":"Fiend Fire","floor":25,"key":"SMITH"},{"data":"Shrug It Off","floor":32,"key":"SMITH"},{"floor":42,"key":"RECALL"},{"data":"Heavy Blade","floor":44,"key":"SMITH"},{"data":"1","floor":49,"key":"LIFT"},{"data":"2","floor":52,"key":"LIFT"}],"circlet_count":0,"master_deck":["Defend_R","Defend_R","Bash+1","Pommel Strike","Spot Weakness+1","Whirlwind+1","Uppercut+1","Fiend Fire+1","Intimidate+1","Shrug It Off+1","Bite","Bite","Bite","Bite","Bite","Shrug It Off+1","Necronomicurse","Reaper","Dual Wield+1","Whirlwind","Spot Weakness+1","Heavy Blade+1"],"relics":["Burning Blood","NeowsBlessing","CeramicFish","Sundial","Eternal Feather","Ectoplasm","Gremlin Horn","Toy Ornithopter","Question Card","White Beast Statue","Mummified Hand","Necronomicon","Snecko Eye","Girya","StrikeDummy","Lantern","Red Mask","Blue Candle"],"acts_visited":["Exordium","TheCity","TheBeyond","TheEnding"],"potions_floor_usage":[10,10,20,29,29,29,29,33,37,40,55,55,55,55,55],"damage_taken":[{"damage":0,"enemies":"Jaw Worm","floor":1,"turns":1},{"damage":0,"enemies":"Lagavulin","floor":6,"turns":1},{"damage":0,"enemies":"2 Louse","floor":8,"turns":1},{"damage":8,"enemies":"Gremlin Nob","floor":10,"turns":4},{"damage":5,"enemies":"Small Slimes","floor":11,"turns":3},{"damage":0,"enemies":"3 Louse","floor":13,"turns":1},{"damage":7,"enemies":"Looter","floor":14,"turns":2},{"damage":39,"enemies":"The Guardian","floor":16,"turns":8},{"damage":30,"enemies":"2 Thieves","floor":18,"turns":3},{"damage":0,"enemies":"3 Byrds","floor":19,"turns":3},{"damage":33,"enemies":"Snake Plant","floor":20,"turns":4},{"damage":33,"enemies":"Book of Stabbing","floor":24,"turns":4},{"damage":27,"enemies":"Gremlin Leader","floor":27,"turns":5},{"damage":22,"enemies":"Slavers","floor":29,"turns":3},{"damage":1,"enemies":"Cultist and Chosen","floor":31,"turns":3},{"damage":32,"enemies":"Champ","floor":33,"turns":7},{"damage":0,"enemies":"Orb Walker","floor":35,"turns":2},{"damage":23,"enemies":"3 Shapes","floor":37,"turns":2},{"damage":0,"enemies":"Jaw Worm Horde","floor":39,"turns":2},{"damage":13,"enemies":"Nemesis","floor":40,"turns":3},{"damage":7,"enemies":"Reptomancer","floor":45,"turns":2},{"damage":30,"enemies":"Sphere and 2 Shapes","floor":46,"turns":3},{"damage":27,"enemies":"Donu and Deca","floor":50,"turns":4},{"damage":14,"enemies":"Shield and Spear","floor":54,"turns":3},{"damage":86,"enemies":"The Heart","floor":55,"turns":5}],"seed_played":"4856250319051821599","potions_obtained":[{"floor":6,"key":"EntropicBrew"},{"floor":10,"key":"BloodPotion"},{"floor":16,"key":"Explosive Potion"},{"floor":20,"key":"ElixirPotion"},{"floor":27,"key":"Ancient Potion"},{"floor":29,"key":"Block Potion"},{"floor":31,"key":"SkillPotion"},{"floor":33,"key":"EntropicBrew"},{"floor":35,"key":"Swift Potion"},{"floor":37,"key":"GamblersBrew"},{"floor":40,"key":"AttackPotion"},{"floor":45,"key":"LiquidBronze"}],"is_trial":false,"path_per_floor":["M","?","?","T","?","E","R","M","T","E","M","R","M","M","R","B",null,"M","M","M","?","$","R","E","R","T","E","?","E","?","M","R","B",null,"M","?","M","?","M","E","$","R","T","R","E","M","$","?","R","B",null,"R","$","E","B"],"character_chosen":"IRONCLAD","items_purchased":["Gremlin Horn"],"campfire_rested":0,"item_purchase_floors":[22],"current_hp_per_floor":[80,80,85,85,78,84,84,85,85,83,84,85,85,84,85,52,85,61,67,57,57,57,66,39,48,48,27,27,41,25,34,43,38,59,59,59,42,42,52,56,56,56,56,56,56,34,34,34,46,48,56,56,56,56,0,0],"gold":0,"neow_bonus":"THREE_ENEMY_KILL","is_daily":false,"chose_seed":false,"campfire_upgraded":7,"win_rate":0.0,"timestamp":1608099495,"path_taken":["M","?","?","?","?","E","R","?","T","E","M","R","M","M","R","BOSS","M","M","M","?","$","R","E","R","T","E","?","E","?","M","R","BOSS","M","?","M","?","M","E","$","R","T","R","E","M","?","?","R","BOSS","R","$","E","BOSS"],"items_purchased_type":["Relic"],"build_version":"2020-12-13","purchased_purges":0,"victory":false,"max_hp_per_floor":[80,80,85,85,85,85,85,85,85,85,85,85,85,85,85,85,85,85,85,85,85,85,85,85,85,85,85,59,59,59,59,59,59,59,59,59,59,56,56,56,56,56,56,56,56,56,56,56,56,56,56,56,56,56,56,56],"relic_stats":{"Gremlin Horn":[17,17],"counters":[25,79],"CeramicFish":36,"Blue Candle":[0],"Eternal Feather":41,"Question Card":11,"Burning Blood":109,"Sundial":[14],"Mummified Hand":[0],"Snecko Eye":[47,44,47,46],"Ectoplasm":664,"Necronomicon":[29],"obtain_stats":[{"Girya":40,"Lantern":45,"NeowsBlessing":0,"Gremlin Horn":22,"CeramicFish":6,"Blue Candle":54,"Eternal Feather":10,"Question Card":26,"Burning Blood":0,"White Beast Statue":27,"Sundial":9,"Mummified Hand":29,"Snecko Eye":34,"Ectoplasm":17,"Necronomicon":30,"Red Mask":48,"StrikeDummy":43,"Toy Ornithopter":24},{"Girya":20,"Lantern":21,"NeowsBlessing":0,"Gremlin Horn":11,"CeramicFish":2,"Blue Candle":24,"Eternal Feather":4,"Question Card":12,"Burning Blood":0,"White Beast Statue":13,"Sundial":3,"Mummified Hand":14,"Snecko Eye":16,"Ectoplasm":8,"Necronomicon":14,"Red Mask":22,"StrikeDummy":20,"Toy Ornithopter":12},{"Girya":62,"Lantern":64,"NeowsBlessing":0,"Gremlin Horn":31,"CeramicFish":2,"Blue Candle":74,"Eternal Feather":7,"Question Card":35,"Burning Blood":0,"White Beast Statue":40,"Sundial":3,"Mummified Hand":43,"Snecko Eye":53,"Ectoplasm":21,"Necronomicon":43,"Red Mask":67,"StrikeDummy":62,"Toy Ornithopter":35}],"Toy Ornithopter":35},"card_choices":[{"not_picked":["Armaments","Iron Wave"],"picked":"Pommel Strike","floor":1},{"not_picked":["Havoc","Evolve","Hemokinesis"],"picked":"SKIP","floor":6},{"not_picked":["Havoc","Body Slam","Pummel"],"picked":"SKIP","floor":8},{"not_picked":["Hemokinesis","Burning Pact"],"picked":"Spot Weakness","floor":10},{"not_picked":["Combust","Entrench"],"picked":"Whirlwind","floor":11},{"not_picked":["Thunderclap","Headbutt"],"picked":"Uppercut","floor":13},{"not_picked":["Warcry","Rupture","Flex"],"picked":"SKIP","floor":14},{"not_picked":["Double Tap","Feed"],"picked":"Fiend Fire","floor":16},{"not_picked":["Iron Wave","Whirlwind"],"picked":"Intimidate+1","floor":18},{"not_picked":["Body Slam","Sentinel+1","Heavy Blade"],"picked":"SKIP","floor":19},{"not_picked":["Warcry","Evolve"],"picked":"Shrug It Off+1","floor":20},{"not_picked":["Fiend Fire","Fire Breathing","Armaments"],"picked":"SKIP","floor":24},{"not_picked":["Body Slam","Cleave","Evolve","Hemokinesis+1"],"picked":"SKIP","floor":27},{"not_picked":["Bloodletting","Sentinel","Iron Wave+1"],"picked":"Shrug It Off","floor":29},{"not_picked":["Flex","Entrench","Metallicize","Combust"],"picked":"SKIP","floor":31},{"not_picked":["Offering","Bludgeon","Double Tap"],"picked":"Reaper","floor":33},{"not_picked":["Pommel Strike","Clothesline","Rage"],"picked":"Dual Wield+1","floor":35},{"not_picked":["Clothesline","Perfected Strike+1","Flex"],"picked":"Whirlwind","floor":37},{"not_picked":["True Grit+1","Thunderclap+1","Wild Strike+1"],"picked":"Spot Weakness+1","floor":39},{"not_picked":["Warcry","Searing Blow+1","Perfected Strike"],"picked":"Heavy Blade","floor":40},{"not_picked":["Flex","Dual Wield+1","Immolate","Blood for Blood+1"],"picked":"SKIP","floor":45},{"not_picked":["Evolve","Perfected Strike","Anger","Havoc+1"],"picked":"SKIP","floor":46},{"not_picked":["Warcry","Feel No Pain","Hemokinesis","Perfected Strike"],"picked":"SKIP","floor":54}],"player_experience":2176999,"relics_obtained":[{"floor":6,"key":"CeramicFish"},{"floor":9,"key":"Sundial"},{"floor":10,"key":"Eternal Feather"},{"floor":24,"key":"Toy Ornithopter"},{"floor":26,"key":"Question Card"},{"floor":27,"key":"White Beast Statue"},{"floor":29,"key":"Mummified Hand"},{"floor":30,"key":"Necronomicon"},{"floor":40,"key":"Girya"},{"floor":43,"key":"StrikeDummy"},{"floor":45,"key":"Lantern"},{"floor":54,"key":"Blue Candle"}],"event_choices":[{"cards_removed":["Strike_R"],"damage_healed":0,"gold_gain":0,"player_choice":"Card Removal","damage_taken":0,"max_hp_gain":0,"max_hp_loss":0,"event_name":"The Cleric","floor":2,"gold_loss":50},{"damage_healed":0,"gold_gain":0,"player_choice":"Donut","damage_taken":0,"max_hp_gain":5,"max_hp_loss":0,"event_name":"Big Fish","floor":3,"gold_loss":0},{"cards_removed":["Defend_R"],"damage_healed":0,"gold_gain":0,"player_choice":"Card Removal","damage_taken":7,"max_hp_gain":0,"max_hp_loss":0,"event_name":"Golden Wing","floor":5,"gold_loss":0},{"damage_healed":0,"gold_gain":0,"player_choice":"Ignored","damage_taken":0,"max_hp_gain":0,"max_hp_loss":0,"event_name":"The Mausoleum","floor":21,"gold_loss":0},{"damage_healed":0,"gold_gain":0,"player_choice":"Became a vampire","damage_taken":0,"max_hp_gain":0,"max_hp_loss":26,"event_name":"Vampires","floor":28,"gold_loss":0,"cards_obtained":["Bite","Bite","Bite","Bite","Bite"]},{"damage_healed":0,"gold_gain":0,"player_choice":"Obtained Book","damage_taken":16,"max_hp_gain":0,"max_hp_loss":0,"event_name":"Cursed Tome","floor":30,"gold_loss":0},{"cards_removed":["Defend_R"],"damage_healed":0,"gold_gain":0,"player_choice":"Removed Skill","damage_taken":0,"max_hp_gain":0,"max_hp_loss":0,"event_name":"Falling","floor":36,"gold_loss":0},{"damage_healed":0,"gold_gain":0,"player_choice":"Max HP","damage_taken":0,"max_hp_gain":0,"max_hp_loss":3,"event_name":"Winding Halls","floor":38,"gold_loss":0},{"damage_healed":0,"gold_gain":0,"player_choice":"Paid","damage_taken":0,"relics_obtained":["Red Mask"],"max_hp_gain":0,"max_hp_loss":0,"event_name":"Tomb of Lord Red Mask","floor":48,"gold_loss":23}],"is_beta":false,"boss_relics":[{"not_picked":["Philosopher\u0027s Stone","Runic Dome"],"picked":"Ectoplasm"},{"not_picked":["Coffee Dripper","Sozu"],"picked":"Snecko Eye"}],"items_purged_floors":[],"is_endless":false,"potions_floor_spawned":[6,10,13,16,20,27,29,31,33,35,37,39,40,45,46,54],"killed_by":"The Heart","ascension_level":0}}