{"host":"2brg86hfzr3u5cix","time":1608106242,"event":{"mods":["AchievementEnabler","Ascension Unlocker","BaseMod","CapriCore","DeckTracker","Hermit","Highlight Path","Keyboard Shortcuts","Minty Spire (QoL Compilation)","Permanent Neow","Relic Stats","Replay The Spire","StSLib","The Cursed","Twitch Utils","Uncapped","UnlockEverythingMod"],"gold_per_floor":[118,137,154,79,91,91,91,91,101,118,164,164,164],"floor_reached":12,"playtime":332,"items_purged":["hermit:Strike_Hermit"],"score":72,"play_id":"e82a3aec-29df-4e04-8f84-0ac961030744","local_time":"20201216171042","is_ascension_mode":false,"campfire_choices":[{"data":"hermit:Manifest","floor":6,"key":"SMITH"}],"circlet_count":0,"master_deck":["hermit:Strike_Hermit+1","hermit:Strike_Hermit","hermit:Strike_Hermit+1","hermit:Defend_Hermit","hermit:Defend_Hermit","hermit:Defend_Hermit","hermit:Defend_Hermit","hermit:Snapshot","hermit:Covet","Dramatic Entrance","hermit:Malice","hermit:Manifest+1","hermit:Snipe","hermit:Brawl","hermit:LowProfile"],"relics":["hermit:Momento","Whetstone"],"acts_visited":["Exordium"],"potions_floor_usage":[],"damage_taken":[{"damage":0,"enemies":"2 Louse","floor":1,"turns":1},{"damage":0,"enemies":"Cultist","floor":2,"turns":3},{"damage":0,"enemies":"Small Slimes","floor":3,"turns":3},{"damage":8,"enemies":"Red Slaver","floor":5,"turns":3},{"damage":5,"enemies":"Looter","floor":9,"turns":3},{"damage":0,"enemies":"3 Louse","floor":10,"turns":2},{"damage":19,"enemies":"3 Sentries","floor":12,"turns":4}],"seed_played":"655813454176777050","potions_obtained":[{"floor":2,"key":"SpeedPotion"},{"floor":3,"key":"SpeedPotion"},{"floor":5,"key":"SmokeBomb"},{"floor":10,"key":"FearPotion"}],"is_trial":false,"path_per_floor":["M","M","M","$","M","R","PTL","PTL","M","M","T","E"],"character_chosen":"HERMIT","items_purchased":[],"campfire_rested":0,"item_purchase_floors":[],"current_hp_per_floor":[75,75,75,75,67,67,67,67,62,62,62,43,43],"gold":164,"neow_bonus":"RANDOM_COLORLESS","is_daily":false,"chose_seed":false,"campfire_upgraded":1,"win_rate":0.0,"timestamp":1608106242,"path_taken":["M","M","M","$","M","R","PTL","PTL","M","M","T","E"],"items_purchased_type":[],"build_version":"2020-12-13","purchased_purges":1,"victory":false,"max_hp_per_floor":[75,75,75,75,75,75,75,75,75,75,75,75,75],"relic_stats":{"counters":[7,19],"Whetstone":["hermit:Strike_Hermit","hermit:Strike_Hermit"],"obtain_stats":[{"Whetstone":11,"hermit:Momento":0},{"Whetstone":6,"hermit:Momento":0},{"Whetstone":15,"hermit:Momento":0}]},"card_choices":[{"not_picked":["Impatience","Flash of Steel"],"picked":"Dramatic Entrance","floor":0},{"not_picked":["hermit:Feint","hermit:Virtue"],"picked":"hermit:Malice","floor":1},{"not_picked":["hermit:Spite","hermit:LowProfile"],"picked":"hermit:Manifest","floor":2},{"not_picked":["hermit:Desperado","hermit:Malice"],"picked":"hermit:Snipe","floor":3},{"not_picked":["hermit:WideOpen","hermit:Glare"],"picked":"hermit:Brawl","floor":5},{"not_picked":["hermit:Brawl","hermit:Coalescence"],"picked":"hermit:LowProfile","floor":9},{"not_picked":["hermit:Virtue","hermit:CursedWeapon","hermit:Roulette"],"picked":"SKIP","floor":10}],"player_experience":340556,"relics_obtained":[{"floor":11,"key":"Whetstone"}],"event_choices":[],"is_beta":false,"boss_relics":[],"items_purged_floors":[4],"is_endless":false,"potions_floor_spawned":[2,3,5,10],"killed_by":"3 Sentries","ascension_level":0}}