{"host":"6xsbn6ynqlzwllfm","time":1608117327,"event":{"mods":["2.2 Compatiblity","BaseMod","Bestiary","Colored Map","Colored Powertips","Downfall","Googly Eyes","Highlight Path","Minty Spire (QoL Compilation)","Relic Stats","Slay the Relics Exporter","StSLib"],"gold_per_floor":[114,127,127,147,147,147,158,184,207,207,224,243,275,289,289,388,388,408,418,435,46,83,83,133,133,133,172,186,186,239,36,36,157,157,187,85,85,118,136,136,50,83,109,140,140,172,208,81,81,81,81],"floor_reached":50,"playtime":3194,"items_purged":["Guardian:Strike_Guardian","Guardian:Strike_Guardian","Guardian:Strike_Guardian","Guardian:Defend_Guardian","Guardian:Defend_Guardian"],"score":915,"play_id":"faf7a70b-0bfa-4462-812c-2852e2df027d","local_time":"20201216061527","is_ascension_mode":true,"campfire_choices":[{"data":"Guardian:EvasiveProtocol","floor":6.0,"key":"SMITH"},{"data":"Guardian:PiercingHide","floor":10,"key":"SMITH"},{"data":"Guardian:StasisStrike","floor":15,"key":"SMITH"},{"floor":23,"key":"REST"},{"floor":25,"key":"REST"},{"data":"Guardian:Orbwalk","floor":29,"key":"SMITH"},{"floor":32,"key":"REST"},{"floor":40,"key":"REST"},{"floor":45,"key":"REST"},{"data":"Guardian:SphericShield","floor":49,"key":"SMITH"}],"circlet_count":0,"master_deck":["Guardian:Defend_Guardian+1","Guardian:Defend_Guardian+1","Guardian:CurlUp","Guardian:TwinSlam","Guardian:EvasiveProtocol+1","Guardian:PiercingHide+1","Guardian:Incinerate","Guardian:StasisStrike+1","Guardian:Recover","Guardian:AncientConstruct","Guardian:Suspension+1","HandOfGreed","Guardian:TemporalShield","Guardian:Orbwalk+1","Guardian:Reroute","Guardian:TemporalShield","hexamod:Haunted","Guardian:Preprogram","Guardian:Repulse+1","Guardian:SphericShield+1","Guardian:RevengeProtocol+1","Guardian:Planning+1","Guardian:TemporalShield","Guardian:SpikerProtocol+1","Guardian:StasisField","Regret","Guardian:Incinerate+1","Guardian:ShieldSpikes"],"relics":["Guardian:ModeShifter","Du-Vu Doll","Smiling Mask","Pen Nib","Orichalcum","Cursed Key","Frozen Egg 2","StoneCalendar","Busted Crown","Lantern","Ancient Tea Set","Strawberry"],"acts_visited":["Exordium","TheCity","TheBeyond"],"potions_floor_usage":[14,16,16,22,33,33,39,44,44,44,44,47],"damage_taken":[{"damage":0.0,"enemies":"Small Slimes","floor":1.0,"turns":4.0},{"damage":0.0,"enemies":"2 Louse","floor":2.0,"turns":2.0},{"damage":6.0,"enemies":"Jaw Worm","floor":4.0,"turns":4.0},{"damage":3.0,"enemies":"Lots of Slimes","floor":7.0,"turns":4.0},{"damage":0,"enemies":"Looter","floor":11,"turns":4},{"damage":3,"enemies":"Exordium Thugs","floor":12,"turns":4},{"damage":4,"enemies":"3 Sentries","floor":13,"turns":12},{"damage":0,"enemies":"Large Slime","floor":14,"turns":7},{"damage":0,"enemies":"Hexaghost","floor":16,"turns":9},{"damage":0,"enemies":"Spheric Guardian","floor":18,"turns":5},{"damage":0,"enemies":"Shell Parasite","floor":19,"turns":5},{"damage":29,"enemies":"Cultist and Chosen","floor":20,"turns":10},{"damage":17,"enemies":"Snecko","floor":22,"turns":8},{"damage":22,"enemies":"Gremlin Leader","floor":24,"turns":7},{"damage":4,"enemies":"Centurion and Healer","floor":27,"turns":8},{"damage":6,"enemies":"Snake Plant","floor":28,"turns":6},{"damage":3,"enemies":"3 Cultists","floor":30,"turns":7},{"damage":14,"enemies":"Collector","floor":33,"turns":10},{"damage":9,"enemies":"Orb Walker","floor":35,"turns":3},{"damage":0,"enemies":"3 Shapes","floor":38,"turns":6},{"damage":42,"enemies":"Transient","floor":39,"turns":5},{"damage":0,"enemies":"Giant Head","floor":42,"turns":8},{"damage":22,"enemies":"Reptomancer","floor":44,"turns":9},{"damage":9,"enemies":"Giant Head","floor":46,"turns":9},{"damage":10,"enemies":"4 Shapes","floor":47,"turns":6},{"damage":52,"enemies":"Awakened One","floor":50,"turns":3}],"seed_played":"-4946824757921728624","potions_obtained":[{"floor":4.0,"key":"ColorlessPotion"},{"floor":7.0,"key":"SpeedPotion"},{"floor":11,"key":"SteroidPotion"},{"floor":12,"key":"Guardian:DefensiveModePotion"},{"floor":19,"key":"SmokeBomb"},{"floor":20,"key":"AttackPotion"},{"floor":24,"key":"SkillPotion"},{"floor":27,"key":"ColorlessPotion"},{"floor":33,"key":"SteroidPotion"},{"floor":37,"key":"Swift Potion"},{"floor":38,"key":"EntropicBrew"},{"floor":42,"key":"Weak Potion"},{"floor":44,"key":"SteroidPotion"}],"is_trial":false,"path_per_floor":["M","M","?","M","?","R","M","T","T","R","M","M","E","M","R","B",null,"M","M","M","$","M","R","E","R","T","M","M","R","M","$","R","B",null,"M","$","?","M","M","R","$","E","T","E","R","E","M","$","R","B"],"character_chosen":"GUARDIAN","items_purchased":["HandOfGreed","Guardian:TemporalShield","Guardian:Gem_Crimson","Guardian:Orbwalk","Guardian:SphericShield","Guardian:TemporalShield","Guardian:SpikerProtocol+1","Guardian:ShieldSpikes"],"campfire_rested":5,"item_purchase_floors":[21,21,21,21,31,36,41,48],"current_hp_per_floor":[51,51,51,45,29,29,26,26,26,26,26,23,19,19,19,19,65,65,65,36,36,19,43,21,45,45,41,35,35,32,32,56,42,71,62,62,62,62,20,44,44,44,44,37,61,59,49,49,49,0,0],"gold":81,"neow_bonus":"ONE_RARE_RELIC","is_daily":false,"chose_seed":false,"campfire_upgraded":5,"win_rate":0.0,"timestamp":1608117327,"path_taken":["M","M","?","M","?","R","M","?","T","R","M","M","E","M","R","BOSS","M","?","M","$","M","R","E","R","T","M","M","R","M","$","R","BOSS","M","$","?","M","M","R","$","E","T","E","R","E","M","?","R","BOSS"],"items_purchased_type":["Card","Card","Card","Card","Card","Card","Card","Card"],"build_version":"2020-12-13","purchased_purges":5,"victory":false,"max_hp_per_floor":[80,80,80,80,80,80,80,80,80,80,80,80,80,80,80,80,80,80,80,80,80,80,80,80,80,80,80,80,80,80,80,80,80,80,80,80,80,80,80,80,80,80,80,80,80,87,87,87,87,87,87],"relic_stats":{"Busted Crown":14,"counters":[26,165],"StoneCalendar":[280],"Pen Nib":[24],"Orichalcum":[30],"Smiling Mask":375,"Cursed Key":2,"obtain_stats":[{"Du-Vu Doll":0,"Lantern":42,"Busted Crown":34,"Strawberry":46,"Guardian:ModeShifter":0,"StoneCalendar":26,"Pen Nib":9,"Orichalcum":13,"Frozen Egg 2":24,"Smiling Mask":8,"Cursed Key":17,"Ancient Tea Set":44},{"Du-Vu Doll":0,"Lantern":22,"Busted Crown":18,"Strawberry":24,"Guardian:ModeShifter":0,"StoneCalendar":14,"Pen Nib":4,"Orichalcum":7,"Frozen Egg 2":14,"Smiling Mask":4,"Cursed Key":9,"Ancient Tea Set":23},{"Du-Vu Doll":0,"Lantern":138,"Busted Crown":116,"Strawberry":156,"Guardian:ModeShifter":0,"StoneCalendar":85,"Pen Nib":14,"Orichalcum":34,"Frozen Egg 2":85,"Smiling Mask":14,"Cursed Key":50,"Ancient Tea Set":147}]},"card_choices":[{"not_picked":["Guardian:Gem_Red","Guardian:RollAttack"],"picked":"Guardian:Gem_Crimson","floor":1.0},{"not_picked":["Guardian:TimeCapacitor","Guardian:Suspension"],"picked":"Guardian:EvasiveProtocol","floor":2.0},{"not_picked":["Guardian:Gem_Green","Guardian:DonusPower"],"picked":"Guardian:Gem_Cyan","floor":4.0},{"not_picked":["Guardian:Emergency","Guardian:HyperBeam_Guardian"],"picked":"Guardian:PiercingHide","floor":7.0},{"not_picked":["Guardian:Gem_Green","Guardian:ShieldCharger"],"picked":"Guardian:Incinerate","floor":11},{"not_picked":["Guardian:Clone","Guardian:SentryBeam"],"picked":"Guardian:Gem_Blue","floor":12},{"not_picked":["Guardian:SentryBeam","Guardian:StasisField"],"picked":"Guardian:StasisStrike","floor":13},{"not_picked":["Guardian:Gem_Red","Guardian:TemporalShield"],"picked":"Guardian:Recover","floor":14},{"not_picked":["Guardian:HyperBeam_Guardian","Guardian:SphericShield"],"picked":"Guardian:AncientConstruct","floor":16},{"not_picked":["Guardian:GuardianWhirl+1","Guardian:RefractedBeam"],"picked":"Guardian:Gem_White","floor":18},{"not_picked":["Guardian:Orbwalk","Guardian:ChargeUp"],"picked":"Guardian:Gem_Purple","floor":19},{"not_picked":["Guardian:ChargeCore","Guardian:CrystalBeam"],"picked":"Guardian:Suspension+1","floor":20},{"not_picked":["Guardian:BaubleBeam","Guardian:WalkerClaw+1"],"picked":"Guardian:Reroute","floor":22},{"not_picked":["Guardian:ShieldCharger","Guardian:Gem_Crimson"],"picked":"Guardian:TemporalShield","floor":24},{"not_picked":["Guardian:WalkerClaw","Guardian:Emergency"],"picked":"Guardian:Preprogram","floor":27},{"not_picked":["Guardian:Suspension","Guardian:RefractedBeam"],"picked":"Guardian:Repulse+1","floor":28},{"not_picked":["Guardian:Planning","Guardian:Emergency"],"picked":"Guardian:Gem_Red","floor":30},{"not_picked":["Guardian:AncientConstruct+1","Guardian:BaubleBeam"],"picked":"Guardian:RevengeProtocol+1","floor":33},{"not_picked":[],"picked":"Guardian:Planning+1","floor":35},{"not_picked":["Guardian:VentSteam+1"],"picked":"SKIP","floor":38},{"not_picked":["Guardian:Gem_Lightblue"],"picked":"SKIP","floor":39},{"not_picked":[],"picked":"Guardian:StasisField","floor":42},{"not_picked":[],"picked":"Guardian:Incinerate+1","floor":44},{"not_picked":["Guardian:Reroute"],"picked":"SKIP","floor":46},{"not_picked":["Guardian:Recover+1"],"picked":"SKIP","floor":47}],"player_experience":1201892,"relics_obtained":[{"floor":8.0,"key":"Smiling Mask"},{"floor":9.0,"key":"Pen Nib"},{"floor":13,"key":"Orichalcum"},{"floor":24,"key":"Frozen Egg 2"},{"floor":26,"key":"StoneCalendar"},{"floor":42,"key":"Lantern"},{"floor":44,"key":"Ancient Tea Set"},{"floor":46,"key":"Strawberry"}],"event_choices":[{"damage_healed":0.0,"max_hp_gain":0.0,"max_hp_loss":0.0,"gold_gain":0.0,"event_name":"Shining Light","player_choice":"Entered Light","floor":5.0,"gold_loss":0.0,"damage_taken":16.0,"cards_upgraded":["Guardian:Defend_Guardian","Guardian:Defend_Guardian"]},{"damage_healed":0,"gold_gain":0,"player_choice":"Got Potions","damage_taken":0,"max_hp_gain":0,"max_hp_loss":0,"event_name":"Lab","floor":37,"gold_loss":0}],"is_beta":false,"boss_relics":[{"not_picked":["Astrolabe","Guardian:StasisSlotReductionRelic"],"picked":"Cursed Key"},{"not_picked":["Velvet Choker","SacredBark"],"picked":"Busted Crown"}],"items_purged_floors":[21,31,36,41,48],"is_endless":false,"potions_floor_spawned":[4,7,11,12,19,20,24,27,33,38,42,44],"killed_by":"Awakened One","ascension_level":9}}