{"host":"nox","time":1608137738,"event":{"mods":["BaseMod","Colored Powertips","Minty Spire (QoL Compilation)","Quick Restart","Replay The Spire","StSLib"],"gold_per_floor":[116,116,41,41,41,41,51,84,107,122,147,147,161,161,161,265,265,281,292,309,325,325,325,352,352,376,148,163,141,151,169,169,267,267,284,284,286,286,298,324,338,338,338,438,134,146,165,184,184,184,184],"floor_reached":50,"playtime":2581,"items_purged":["Pain","Sickly"],"score":706,"play_id":"ed9955ee-6848-4eca-8ad6-5eee4b0341c9","local_time":"20201216235538","is_ascension_mode":true,"campfire_choices":[{"floor":6.0,"key":"RECALL"},{"data":"Bash","floor":12.0,"key":"SMITH"},{"data":"Defend_R","floor":15.0,"key":"SMITH"},{"data":"Barricade","floor":23.0,"key":"SMITH"},{"data":"Burning Pact","floor":25.0,"key":"SMITH"},{"data":"Searing Blow+1","floor":32.0,"key":"SMITH"},{"floor":42.0,"key":"REST"},{"floor":49,"key":"REST"}],"circlet_count":0,"master_deck":["Defend_R","Defend_R","Defend_R+1","Bash+1","Headbutt+1","Body Slam+1","Barricade+1","Amnesia","Amnesia","Burning Pact+1","Shrug It Off+1","Shrug It Off","Searing Blow+2","ReplayTheSpireMod:Strike From Hell+1","Armaments","Impervious","AbeCurse","True Grit","Survey Options","True Grit","Madness","Madness","Feel No Pain","Parasite"],"relics":["Burning Blood","WarpedTongs","Molten Egg 2","Bronze Scales","Kintsugi","HornCleat","Bag of Marbles","Medical Kit","Abe\u0027s Treasure","ReplayTheSpireMod:CursedCoin","Oddly Smooth Stone","Self Forming Clay","Replay:Kaleidoscope"],"acts_visited":["Exordium","TheCity","TheBeyond"],"potions_floor_usage":[48,50,50],"damage_taken":[{"damage":2.0,"enemies":"2 Louse","floor":1.0,"turns":3.0},{"damage":6.0,"enemies":"Cultist","floor":7.0,"turns":3.0},{"damage":22.0,"enemies":"Gremlin Nob","floor":8.0,"turns":4.0},{"damage":12.0,"enemies":"Small Slimes","floor":10.0,"turns":3.0},{"damage":23.0,"enemies":"3 Sentries","floor":11.0,"turns":12.0},{"damage":0.0,"enemies":"Gremlin Gang","floor":13.0,"turns":5.0},{"damage":38.0,"enemies":"The Guardian","floor":16.0,"turns":11.0},{"damage":1.0,"enemies":"Shell Parasite","floor":18.0,"turns":5.0},{"damage":9.0,"enemies":"3 Byrds","floor":19.0,"turns":4.0},{"damage":14.0,"enemies":"3 Cultists","floor":20.0,"turns":7.0},{"damage":0.0,"enemies":"Cultist and Chosen","floor":21.0,"turns":5.0},{"damage":6.0,"enemies":"Book of Stabbing","floor":24.0,"turns":6.0},{"damage":0.0,"enemies":"Centurion and Healer","floor":28.0,"turns":5.0},{"damage":0.0,"enemies":"3 Cultists","floor":30.0,"turns":5.0},{"damage":0.0,"enemies":"Cultist and Chosen","floor":31.0,"turns":7.0},{"damage":69.0,"enemies":"Collector","floor":33.0,"turns":11.0},{"damage":20.0,"enemies":"3 Shapes","floor":35.0,"turns":4.0},{"damage":8.0,"enemies":"Orb Walker","floor":39.0,"turns":3.0},{"damage":37.0,"enemies":"Reptomancer","floor":40.0,"turns":9.0},{"damage":11.0,"enemies":"Writhing Mass","floor":41.0,"turns":6.0},{"damage":6,"enemies":"Jaw Worm Horde","floor":46,"turns":5},{"damage":12,"enemies":"Spire Growth","floor":47,"turns":5},{"damage":14,"enemies":"4 Shapes","floor":48,"turns":6},{"damage":53,"enemies":"Time Eater","floor":50,"turns":8}],"seed_played":"3841927599535214160","potions_obtained":[{"floor":1.0,"key":"ColorlessPotion"},{"floor":4.0,"key":"Block Potion"},{"floor":4.0,"key":"BlessingOfTheForge"},{"floor":4.0,"key":"SkillPotion"},{"floor":8.0,"key":"Swift Potion"},{"floor":11.0,"key":"Flashbang"},{"floor":16.0,"key":"Fruit Juice"},{"floor":20.0,"key":"Block Potion"},{"floor":28.0,"key":"Energy Potion"},{"floor":33.0,"key":"Death Potion"},{"floor":35.0,"key":"Weak Potion"},{"floor":41.0,"key":"Weak Potion"},{"floor":46,"key":"Toxic Potion"},{"floor":48,"key":"EssenceOfSteel"}],"is_trial":false,"path_per_floor":["M","?","$","?","$","R","M","E","T","M","E","R","M","?","R","B",null,"M","M","M","M","?","R","E","R","T","$","M","$","M","M","R","B",null,"M","?","$","?","M","E","M","R","T","?","$","M","M","M","R","B"],"character_chosen":"IRONCLAD","items_purchased":["Searing Blow+1","Medical Kit","Armaments","ReplayTheSpireMod:CursedCoin","True Grit","Replay:Kaleidoscope"],"campfire_rested":2,"item_purchase_floors":[27,27,29,37,37,45],"current_hp_per_floor":[84,84,84,84,84,84,84,68,68,62,45,45,51,51,51,24,76,81,78,70,76,76,76,76,76,76,76,82,82,88,93,93,30,77,63,63,63,51,49,18,13,40,40,40,40,40,34,26,53,0,0],"gold":184,"neow_bonus":"TEN_PERCENT_HP_BONUS","is_daily":false,"chose_seed":false,"campfire_upgraded":5,"win_rate":0.0,"timestamp":1608137738,"path_taken":["M","?","?","?","$","R","M","E","T","?","E","R","M","?","R","BOSS","M","M","?","?","?","R","E","R","T","$","M","$","M","M","R","BOSS","M","?","$","?","M","E","M","R","T","?","$","M","M","?","R","BOSS"],"items_purchased_type":["Card","Relic","Card","Relic","Card","Relic"],"build_version":"2020-11-17","purchased_purges":2,"victory":false,"max_hp_per_floor":[88,88,88,88,88,88,88,88,88,88,88,88,88,88,88,93,93,93,93,93,93,93,93,93,93,93,93,93,93,93,93,93,93,93,93,93,93,93,93,93,93,93,93,93,93,93,93,93,93,93,93],"card_choices":[{"not_picked":["Rage","Combust","Cleave"],"picked":"SKIP","floor":1.0},{"not_picked":["ReplayTheSpireMod:Muscle Training","Power Through","Havoc"],"picked":"SKIP","floor":7.0},{"not_picked":["ReplayTheSpireMod:Muscle Training","Pommel Strike+1","Double Tap"],"picked":"SKIP","floor":8.0},{"not_picked":["Anger+1","Warcry","Flex"],"picked":"SKIP","floor":10.0},{"not_picked":["Havoc","Second Wind"],"picked":"Headbutt+1","floor":11.0},{"not_picked":["Flex","Perfected Strike+1"],"picked":"Body Slam+1","floor":13.0},{"not_picked":["Juggernaut","Replay:Many Hands"],"picked":"Barricade","floor":16.0},{"not_picked":["Intimidate","Heavy Blade+1","Hemokinesis+1"],"picked":"SKIP","floor":18.0},{"not_picked":["Carnage+1","Cleave+1","Rupture"],"picked":"SKIP","floor":19.0},{"not_picked":["Armaments","Thunderclap+1"],"picked":"Burning Pact","floor":20.0},{"not_picked":["Warcry","Anger+1"],"picked":"Shrug It Off+1","floor":21.0},{"not_picked":["Searing Blow+1","Clothesline+1"],"picked":"Shrug It Off","floor":24.0},{"not_picked":["Corruption","Combust"],"picked":"ReplayTheSpireMod:Strike From Hell+1","floor":28.0},{"not_picked":["Havoc","Thunderclap+1","ReplayTheSpireMod:Limb From Limb+1"],"picked":"SKIP","floor":30.0},{"not_picked":["Bloodletting","Clash+1","Life Link"],"picked":"SKIP","floor":31.0},{"not_picked":["Replay:Many Hands","Offering"],"picked":"Impervious","floor":33.0},{"not_picked":["Warcry+1","Shrug It Off"],"picked":"True Grit","floor":35.0},{"not_picked":["Apotheosis","Good Instincts"],"picked":"Survey Options","floor":36.0},{"not_picked":["ReplayTheSpireMod:Muscle Training+1","Burning Pact+1","Iron Wave+1"],"picked":"SKIP","floor":39.0},{"not_picked":["Clash+1","Cleave+1"],"picked":"Feel No Pain","floor":40.0},{"not_picked":["Barricade","Armaments","Sword Boomerang+1"],"picked":"SKIP","floor":41.0},{"not_picked":["Pummel+1","Heavy Blade+1","Warcry+1"],"picked":"SKIP","floor":46},{"not_picked":["Clash+1","Massacre+1","Thunderclap+1"],"picked":"SKIP","floor":47},{"not_picked":["Cleave+1","Intimidate","Twin Strike+1"],"picked":"SKIP","floor":48}],"player_experience":146201,"relics_obtained":[{"floor":8.0,"key":"Molten Egg 2"},{"floor":11.0,"key":"Bronze Scales"},{"floor":24.0,"key":"HornCleat"},{"floor":26.0,"key":"Bag of Marbles"},{"floor":40.0,"key":"Oddly Smooth Stone"},{"floor":43.0,"key":"Self Forming Clay"}],"event_choices":[{"damage_healed":0.0,"max_hp_gain":0.0,"max_hp_loss":0.0,"gold_gain":0.0,"event_name":"Accursed Blacksmith","player_choice":"Rummage","floor":2.0,"gold_loss":0.0,"damage_taken":0.0,"relics_obtained":["WarpedTongs"],"cards_obtained":["Pain"]},{"damage_healed":0.0,"max_hp_gain":0.0,"max_hp_loss":0.0,"gold_gain":0.0,"event_name":"Lab","player_choice":"Got Potions","floor":4.0,"gold_loss":0.0,"damage_taken":0.0},{"cards_removed":["Strike_R"],"damage_healed":0.0,"max_hp_gain":0.0,"max_hp_loss":0.0,"gold_gain":0.0,"event_name":"Bonfire Elementals","player_choice":"Offered Basic","floor":14.0,"gold_loss":0.0,"damage_taken":0.0},{"damage_healed":0.0,"max_hp_gain":0.0,"max_hp_loss":0.0,"gold_gain":0.0,"event_name":"Ghosts","player_choice":"Ignored","floor":22.0,"gold_loss":0.0,"damage_taken":0.0},{"damage_healed":0.0,"max_hp_gain":0.0,"max_hp_loss":0.0,"gold_gain":0.0,"event_name":"SensoryStone","player_choice":"Memory 1","floor":36.0,"gold_loss":0.0,"damage_taken":0.0},{"damage_healed":0.0,"max_hp_gain":0.0,"max_hp_loss":0.0,"gold_gain":0.0,"event_name":"Winding Halls","player_choice":"Embrace Madness","floor":38.0,"gold_loss":0.0,"damage_taken":12.0,"cards_obtained":["Madness","Madness"]},{"damage_healed":0.0,"max_hp_gain":0.0,"max_hp_loss":0.0,"gold_gain":100.0,"event_name":"Golden Shrine","player_choice":"Pray","floor":44.0,"gold_loss":0.0,"damage_taken":0.0}],"is_beta":true,"boss_relics":[{"not_picked":["Fusion Hammer","Calling Bell"],"picked":"Kintsugi"},{"not_picked":["Snecko Eye","ChewingGum"],"picked":"Abe\u0027s Treasure"}],"items_purged_floors":[3,37],"is_endless":false,"potions_floor_spawned":[1,8,11,16,20,28,33,35,41,46,48],"killed_by":"Time Eater","ascension_level":8}}