{"host":"h0xw20cia6ppa69g","time":1608113132,"event":{"mods":["AchievementEnabler","BaseMod","Colored Map","Filter the Spire","Googly Eyes","Minty Spire (QoL Compilation)","Relic Stats","StSLib","The Awakened One except there are too many feathers","everything is the same but u backflip on backflip"],"gold_per_floor":[109,109,109,122,135,175,188,227,280,324,54,54,69,108,108,231,231,255,255,273,273,297,297,330,330,330,374,374,374,407,426,426,549,549,568,439,458,458,458,497,511,549,549,574,574,588,33,77,77,77,77,77,29,69,69,69],"floor_reached":55,"playtime":2829,"items_purged":["Twin Strike","Pain"],"score":1038,"play_id":"a77e0045-38f2-4011-8856-109094726699","local_time":"20201216040532","is_ascension_mode":true,"campfire_choices":[{"data":"Limit Break","floor":15.0,"key":"SMITH"},{"data":"Armaments","floor":23.0,"key":"SMITH"},{"data":"Whirlwind","floor":25.0,"key":"SMITH"},{"data":"Disarm","floor":28.0,"key":"SMITH"},{"data":"Inflame","floor":32.0,"key":"SMITH"},{"floor":49,"key":"RECALL"},{"data":"Discovery","floor":52,"key":"SMITH"}],"circlet_count":0,"master_deck":["Corruption","Sword Boomerang","Shockwave","Reaper","Cleave","Whirlwind+1","Dual Wield+1","Armaments+1","Limit Break+1","Power Through","Shrug It Off","Limit Break","Spot Weakness","Headbutt","True Grit","Corruption","Disarm+1","Shockwave","Limit Break","Inflame+1","Writhe","Evolve","Writhe","Limit Break","Fiend Fire+1","Pommel Strike+1","Blood for Blood+1","Disarm","Sever Soul","Shrug It Off","Evolve","Second Wind+1","Power Through","Double Tap+1","True Grit","Feel No Pain","Battle Trance","Discovery+1","Demon Form","Heavy Blade+1"],"relics":["Pandora\u0027s Box","Golden Idol","Thread and Needle","Paper Frog","Anchor","Tiny Chest","Orrery","Ancient Tea Set","Cursed Key","Darkstone Periapt","StrikeDummy","Lantern","Ornamental Fan","Astrolabe","Potion Belt","Pen Nib","Prayer Wheel","Strange Spoon","Art of War","Strawberry","FossilizedHelix"],"acts_visited":["Exordium","TheCity","TheBeyond","TheEnding"],"potions_floor_usage":[48,50,55,55],"damage_taken":[{"damage":11.0,"enemies":"Jaw Worm","floor":1.0,"turns":3.0},{"damage":8.0,"enemies":"2 Louse","floor":4.0,"turns":2.0},{"damage":4.0,"enemies":"Cultist","floor":5.0,"turns":3.0},{"damage":31.0,"enemies":"3 Sentries","floor":6.0,"turns":4.0},{"damage":1.0,"enemies":"Blue Slaver","floor":7.0,"turns":2.0},{"damage":20.0,"enemies":"Gremlin Nob","floor":8.0,"turns":4.0},{"damage":3.0,"enemies":"Lagavulin","floor":10.0,"turns":5.0},{"damage":0.0,"enemies":"Gremlin Gang","floor":13.0,"turns":2.0},{"damage":19.0,"enemies":"Gremlin Nob","floor":14.0,"turns":5.0},{"damage":0.0,"enemies":"Slime Boss","floor":16.0,"turns":6.0},{"damage":11.0,"enemies":"3 Byrds","floor":18.0,"turns":6.0},{"damage":2.0,"enemies":"2 Thieves","floor":20.0,"turns":5.0},{"damage":41.0,"enemies":"Chosen and Byrds","floor":22.0,"turns":12.0},{"damage":20.0,"enemies":"Gremlin Leader","floor":24.0,"turns":5.0},{"damage":37.0,"enemies":"Slavers","floor":27.0,"turns":6.0},{"damage":31.0,"enemies":"Book of Stabbing","floor":30.0,"turns":8.0},{"damage":38.0,"enemies":"Centurion and Healer","floor":31.0,"turns":9.0},{"damage":48.0,"enemies":"Collector","floor":33.0,"turns":9.0},{"damage":73.0,"enemies":"3 Darklings","floor":35.0,"turns":8.0},{"damage":17.0,"enemies":"Orb Walker","floor":37.0,"turns":5.0},{"damage":34.0,"enemies":"Reptomancer","floor":40.0,"turns":8.0},{"damage":35.0,"enemies":"Maw","floor":41.0,"turns":10.0},{"damage":94.0,"enemies":"Giant Head","floor":42.0,"turns":11.0},{"damage":35.0,"enemies":"Sphere and 2 Shapes","floor":44.0,"turns":6.0},{"damage":23.0,"enemies":"Spire Growth","floor":46.0,"turns":5.0},{"damage":0,"enemies":"Nemesis","floor":48,"turns":13},{"damage":77,"enemies":"Awakened One","floor":50,"turns":11},{"damage":61,"enemies":"Shield and Spear","floor":54,"turns":5},{"damage":125,"enemies":"The Heart","floor":55,"turns":8}],"seed_played":"-8976769656165118402","potions_obtained":[{"floor":1.0,"key":"FearPotion"},{"floor":4.0,"key":"CultistPotion"},{"floor":5.0,"key":"Weak Potion"},{"floor":8.0,"key":"HeartOfIron"},{"floor":14.0,"key":"AttackPotion"},{"floor":20.0,"key":"Energy Potion"},{"floor":27.0,"key":"SteroidPotion"},{"floor":37.0,"key":"Ancient Potion"},{"floor":41.0,"key":"Explosive Potion"},{"floor":42.0,"key":"SkillPotion"},{"floor":46.0,"key":"SkillPotion"}],"is_trial":false,"path_per_floor":["M","?","?","M","M","E","M","E","T","E","$","?","M","E","R","B",null,"M","?","M","T","M","R","E","R","T","E","R","?","E","M","R","B",null,"M","$","M","?","T","E","M","E","T","M","?","M","$","E","R","B",null,"R","$","E","B"],"character_chosen":"IRONCLAD","items_purchased":["Orrery","True Grit","Sever Soul","Shrug It Off","Strange Spoon","Art of War","Battle Trance","Discovery","BloodPotion"],"campfire_rested":0,"item_purchase_floors":[11,11,36,36,47,47,47,47,53],"current_hp_per_floor":[70,54,34,44,52,21,20,7,7,29,29,29,29,10,10,55,80,71,71,69,69,28,28,80,80,86,86,86,86,86,86,86,86,86,86,86,86,86,92,92,92,40,40,25,25,2,2,82,82,99,99,99,99,99,0,0],"gold":69,"neow_bonus":"BOSS_RELIC","is_daily":false,"chose_seed":false,"campfire_upgraded":6,"win_rate":0.0,"timestamp":1608113132,"path_taken":["M","?","?","M","M","E","M","E","T","E","$","?","?","E","R","BOSS","M","?","M","?","?","R","E","R","T","E","R","?","E","M","R","BOSS","M","$","M","?","?","E","M","E","T","?","?","M","$","E","R","BOSS","R","$","E","BOSS"],"items_purchased_type":["Relic","Card","Card","Card","Relic","Relic","Card","Card","Potion"],"build_version":"2020-12-13","purchased_purges":2,"victory":false,"max_hp_per_floor":[80,80,80,80,80,80,80,80,80,80,80,80,80,80,80,80,80,80,80,80,80,80,80,80,80,86,86,86,86,86,86,86,86,86,86,86,86,86,92,92,92,92,92,92,92,92,92,99,99,99,99,99,99,99,99,99],"relic_stats":{"Darkstone Periapt":12,"counters":[29,186],"Golden Idol":214,"Astrolabe":["Fiend Fire","Pommel Strike","Blood for Blood"],"Pen Nib":[6],"Cursed Key":3,"Strange Spoon":[22],"Ornamental Fan":[16],"Pandora\u0027s Box":["Corruption","Twin Strike","Sword Boomerang","Shockwave","Reaper","Cleave","Twin Strike","Whirlwind","Flex"],"Tiny Chest":2,"Prayer Wheel":2,"Art of War":[14],"obtain_stats":[{"Darkstone Periapt":24,"Potion Belt":39,"Lantern":27,"Golden Idol":3,"Astrolabe":34,"Thread and Needle":6,"Pen Nib":40,"Ancient Tea Set":14,"Cursed Key":17,"Burning Blood":0,"Strange Spoon":47,"Anchor":9,"Ornamental Fan":30,"Strawberry":48,"Orrery":11,"Pandora\u0027s Box":0,"Tiny Chest":10,"Prayer Wheel":42,"Art of War":47,"StrikeDummy":26,"FossilizedHelix":54,"Paper Frog":8},{"Darkstone Periapt":14,"Potion Belt":20,"Lantern":15,"Golden Idol":1,"Astrolabe":18,"Thread and Needle":4,"Pen Nib":21,"Ancient Tea Set":9,"Cursed Key":10,"Burning Blood":0,"Strange Spoon":25,"Anchor":6,"Ornamental Fan":16,"Strawberry":26,"Orrery":7,"Pandora\u0027s Box":0,"Tiny Chest":7,"Prayer Wheel":23,"Art of War":25,"StrikeDummy":14,"FossilizedHelix":28,"Paper Frog":6},{"Darkstone Periapt":64,"Potion Belt":109,"Lantern":70,"Golden Idol":3,"Astrolabe":96,"Thread and Needle":12,"Pen Nib":117,"Ancient Tea Set":30,"Cursed Key":36,"Burning Blood":0,"Strange Spoon":149,"Anchor":18,"Ornamental Fan":78,"Strawberry":162,"Orrery":23,"Pandora\u0027s Box":0,"Tiny Chest":23,"Prayer Wheel":138,"Art of War":149,"StrikeDummy":64,"FossilizedHelix":178,"Paper Frog":18}]},"card_choices":[{"not_picked":["Warcry","True Grit"],"picked":"Dual Wield","floor":1.0},{"not_picked":["Perfected Strike","Thunderclap"],"picked":"Armaments","floor":4.0},{"not_picked":["Twin Strike","Havoc"],"picked":"Limit Break","floor":5.0},{"not_picked":["Perfected Strike","Cleave","Havoc"],"picked":"SKIP","floor":6.0},{"not_picked":["Reckless Charge","Clothesline"],"picked":"Power Through","floor":7.0},{"not_picked":["Carnage","Iron Wave"],"picked":"Flex","floor":8.0},{"not_picked":["Sever Soul","Clothesline"],"picked":"Shrug It Off","floor":10.0},{"not_picked":["Warcry","Rampage"],"picked":"Limit Break","floor":11.0},{"not_picked":["Warcry","Bloodletting"],"picked":"Spot Weakness","floor":11.0},{"not_picked":["Flex","Seeing Red"],"picked":"Headbutt","floor":11.0},{"not_picked":["Cleave","Spot Weakness"],"picked":"Disarm","floor":13.0},{"not_picked":["Reckless Charge","Uppercut"],"picked":"Shockwave","floor":14.0},{"not_picked":["Brutality","Berserk"],"picked":"Limit Break","floor":16.0},{"not_picked":["Clash","Rupture","Havoc"],"picked":"SKIP","floor":18.0},{"not_picked":["Havoc+1","Clothesline"],"picked":"Inflame","floor":20.0},{"not_picked":["Perfected Strike+1","Bludgeon"],"picked":"Evolve","floor":22.0},{"not_picked":["Whirlwind","Carnage+1","Heavy Blade"],"picked":"SKIP","floor":24.0},{"not_picked":["Dropkick","Warcry","Cleave"],"picked":"SKIP","floor":27.0},{"not_picked":["Clash+1","Headbutt","Twin Strike+1"],"picked":"SKIP","floor":30.0},{"not_picked":["Headbutt+1","Havoc","Uppercut"],"picked":"SKIP","floor":31.0},{"not_picked":["Berserk","Corruption"],"picked":"Limit Break","floor":33.0},{"not_picked":["Armaments","Intimidate+1"],"picked":"Disarm","floor":35.0},{"not_picked":["Flex","Armaments"],"picked":"Evolve","floor":37.0},{"not_picked":["Armaments","Power Through"],"picked":"Second Wind+1","floor":40.0},{"not_picked":["Anger+1","Evolve+1"],"picked":"Power Through","floor":41.0},{"not_picked":["Perfected Strike","Anger+1","Body Slam"],"picked":"SKIP","floor":42.0},{"not_picked":["Rampage+1","Armaments+1"],"picked":"Double Tap","floor":44.0},{"not_picked":["Headbutt+1","Warcry+1","Heavy Blade+1"],"picked":"SKIP","floor":44.0},{"not_picked":["Wild Strike","Intimidate"],"picked":"True Grit","floor":46.0},{"not_picked":["Flex+1","Juggernaut"],"picked":"Feel No Pain","floor":46.0},{"not_picked":["Clothesline","Heavy Blade"],"picked":"Demon Form","floor":48},{"not_picked":["Rampage","Thunderclap+1"],"picked":"Heavy Blade+1","floor":54}],"player_experience":3519308,"relics_obtained":[{"floor":6.0,"key":"Thread and Needle"},{"floor":8.0,"key":"Paper Frog"},{"floor":9.0,"key":"Anchor"},{"floor":10.0,"key":"Tiny Chest"},{"floor":14.0,"key":"Ancient Tea Set"},{"floor":24.0,"key":"Darkstone Periapt"},{"floor":26.0,"key":"StrikeDummy"},{"floor":27.0,"key":"Lantern"},{"floor":30.0,"key":"Ornamental Fan"},{"floor":39.0,"key":"Potion Belt"},{"floor":40.0,"key":"Pen Nib"},{"floor":42.0,"key":"Prayer Wheel"},{"floor":48,"key":"Strawberry"},{"floor":54,"key":"FossilizedHelix"}],"event_choices":[{"damage_healed":0.0,"max_hp_gain":0.0,"max_hp_loss":0.0,"gold_gain":0.0,"event_name":"Shining Light","player_choice":"Entered Light","floor":2.0,"gold_loss":0.0,"damage_taken":16.0,"cards_upgraded":["Dual Wield","Twin Strike"]},{"damage_healed":0.0,"max_hp_gain":0.0,"max_hp_loss":0.0,"gold_gain":0.0,"event_name":"Golden Idol","player_choice":"Take Damage","floor":3.0,"gold_loss":0.0,"damage_taken":20.0,"relics_obtained":["Golden Idol"]},{"damage_healed":0.0,"max_hp_gain":0.0,"max_hp_loss":0.0,"gold_gain":0.0,"cards_transformed":["Flex"],"event_name":"Transmorgrifier","player_choice":"Transformed","floor":12.0,"gold_loss":0.0,"damage_taken":0.0,"cards_obtained":["Corruption"]},{"damage_healed":0.0,"max_hp_gain":0.0,"max_hp_loss":0.0,"gold_gain":0.0,"event_name":"Match and Keep!","player_choice":"0 cards matched","floor":19.0,"gold_loss":0.0,"damage_taken":0.0,"cards_obtained":[]},{"damage_healed":0.0,"max_hp_gain":0.0,"max_hp_loss":0.0,"gold_gain":0.0,"event_name":"Vampires","player_choice":"Ignored","floor":29.0,"gold_loss":0.0,"damage_taken":0.0},{"damage_healed":0.0,"max_hp_gain":0.0,"max_hp_loss":0.0,"gold_gain":0.0,"event_name":"Tomb of Lord Red Mask","player_choice":"Ignored","floor":38.0,"gold_loss":0.0,"damage_taken":0.0},{"damage_healed":0.0,"max_hp_gain":0.0,"max_hp_loss":0.0,"gold_gain":0.0,"event_name":"Upgrade Shrine","player_choice":"Upgraded","floor":45.0,"gold_loss":0.0,"damage_taken":0.0,"cards_upgraded":["Double Tap"]}],"is_beta":false,"boss_relics":[{"not_picked":["Ectoplasm","Sozu"],"picked":"Cursed Key"},{"not_picked":["Mark of Pain","SacredBark"],"picked":"Astrolabe"}],"items_purged_floors":[11,47],"is_endless":false,"potions_floor_spawned":[1,4,5,8,14,20,27,30,33,37,41,42,46],"killed_by":"The Heart","ascension_level":1}}