{"host":"922zt4fjsmmy4kg9","time":1608102295,"event":{"mods":["A Magickal Journey","Act Like it!","BaseMod","Better Third Choice","Downfall","Friendly Minions","Hermit","HololiveMod","Hubris","Jorbs\u0027s Wanderer Trilogy","Kiyohime????","Koishi","Marisa????????","Minty Spire (QoL Compilation)","Quick Restart","Reimu??????","Shop Mod","Spicy Shops","StSLib","SuperFastMode","The Animator","The Disciple","The Runesmith"],"gold_per_floor":[99,99,374,403,403,20,74,88,88,113,124,574,139,152,165,165,165],"floor_reached":16,"playtime":612,"items_purged":["Regret","Slimebound:Icky"],"score":140,"play_id":"97bf9f73-955c-47ed-926f-0cbcfb6ac302","local_time":"20201216180455","is_ascension_mode":true,"campfire_choices":[{"data":"hexamod:Sear","floor":1,"key":"SMITH"},{"data":"hexamod:SearingWound","floor":9,"key":"SMITH"}],"circlet_count":0,"master_deck":["hexamod:Strike","hexamod:Strike","hexamod:Strike","hexamod:Strike","hexamod:Defend","hexamod:Defend","hexamod:Defend","hexamod:Defend","hexamod:Sear+1","hexamod:Float","hexamod:Again","hexamod:HauntingEcho","hexamod:BurningTouch","hexamod:CrushingStance","hexamod:SearingWound+1","hexamod:ThermalTransfer","hexamod:InspiringFlames","hexamod:GhostflameInferno","Slimebound:Icky","Slimebound:Icky","hexamod:CrushingStance","hexamod:ExtraCrispy","hexamod:SoulSteal","hexamod:HeatShield"],"relics":["hexamod:SpiritBrand","downfall:HeartsMalice","Bottled Lightning","HandDrill","Guardian:PocketSentry","Art of War","hubris:DisguiseKit"],"acts_visited":["Exordium"],"potions_floor_usage":[13,14,16,16],"damage_taken":[{"damage":0,"enemies":"Cultist","floor":2,"turns":1},{"damage":0,"enemies":"3 Sentries","floor":4,"turns":1},{"damage":0,"enemies":"2 Louse","floor":5,"turns":1},{"damage":8,"enemies":"downfall:FleeingMerchant","floor":6,"turns":4},{"damage":0,"enemies":"Small Slimes","floor":8,"turns":2},{"damage":6,"enemies":"Gremlin Nob","floor":10,"turns":3},{"damage":10,"enemies":"2 Fungi Beasts","floor":11,"turns":3},{"damage":0,"enemies":"downfall:FleeingMerchant","floor":13,"turns":4},{"damage":6,"enemies":"Gremlin Gang","floor":14,"turns":2},{"damage":8,"enemies":"Lots of Slimes","floor":15,"turns":4},{"damage":33,"enemies":"downfall:Defect","floor":16,"turns":5}],"seed_played":"6982406849177642223","potions_obtained":[{"floor":8,"key":"Ancient Potion"},{"floor":10,"key":"Explosive Potion"},{"floor":14,"key":"GamblersBrew"},{"floor":15,"key":"BlessingOfTheForge"}],"is_trial":false,"path_per_floor":["R","M","?","E","M","$","T","M","R","E","M","?","$","M","M","B"],"character_chosen":"THE_SPIRIT","items_purchased":["HandDrill","hexamod:SearingWound","hubris:DisguiseKit","hexamod:ExtraCrispy"],"campfire_rested":0,"item_purchase_floors":[6,6,13,13],"current_hp_per_floor":[70,70,70,70,70,62,62,62,62,56,46,46,46,40,32,0,0],"gold":165,"neow_bonus":"THREE_ENEMY_KILL","is_daily":false,"chose_seed":false,"campfire_upgraded":2,"win_rate":0.0,"timestamp":1608102295,"path_taken":["R","?","?","E","M","$","T","M","R","E","?","?","$","M","M","BOSS"],"items_purchased_type":["Relic","Card","Relic","Card"],"build_version":"2020-12-13","purchased_purges":2,"victory":false,"max_hp_per_floor":[70,70,70,70,70,70,70,70,70,70,70,70,70,70,70,70,70],"card_choices":[{"not_picked":["hexamod:SkipABeat","hexamod:NightmareStrike"],"picked":"hexamod:Again","floor":2},{"not_picked":["hexamod:FastForward","hexamod:GhostLash"],"picked":"hexamod:HauntingEcho","floor":4},{"not_picked":["hexamod:Again","hexamod:SpectersWail"],"picked":"hexamod:BurningTouch","floor":5},{"not_picked":["hexamod:SpectersWail","hexamod:InspiringFlames"],"picked":"hexamod:CrushingStance","floor":6},{"not_picked":["hexamod:Firestarter","hexamod:InspiringFlames"],"picked":"hexamod:ThermalTransfer","floor":8},{"not_picked":["hexamod:Hexaguard","hexamod:RainOfEmbers"],"picked":"hexamod:InspiringFlames","floor":10},{"not_picked":["hexamod:BurningTouch","hexamod:DynamicBlow"],"picked":"hexamod:GhostflameInferno","floor":11},{"not_picked":["hexamod:SpectralAdrenaline","hexamod:Firestarter"],"picked":"hexamod:CrushingStance","floor":13},{"not_picked":["hexamod:AdvancingGuard","hexamod:HauntingEcho","StarlightTyphoon"],"picked":"hexamod:SoulSteal","floor":14},{"not_picked":["hexamod:NightmareStrike","hexamod:RainOfEmbers","ChargingUp"],"picked":"hexamod:HeatShield","floor":15}],"player_experience":1289480,"relics_obtained":[{"floor":4,"key":"Bottled Lightning"},{"floor":7,"key":"Guardian:PocketSentry"},{"floor":10,"key":"Art of War"}],"event_choices":[],"is_beta":false,"boss_relics":[],"items_purged_floors":[6,13],"is_endless":false,"potions_floor_spawned":[8,10,14,15],"killed_by":"downfall:Defect","ascension_level":1}}