{"host":"90jl2h70xtuoeg0i","time":1608102185,"event":{"mods":["AchievementEnabler","BaseMod","Colored Map","Colored Powertips","Minty Spire (QoL Compilation)","Relic Stats","ojb\u0027s Better Paths Mod","ojb\u0027s Info Mod"],"gold_per_floor":[110,120,137,150,150,202,202,202,228,228,278,203,236,271,271,271,271],"floor_reached":16,"playtime":1459,"items_purged":[],"score":234,"play_id":"ddb220fb-a356-4a6f-b615-62b914662eb3","local_time":"20201216020305","is_ascension_mode":true,"campfire_choices":[{"data":"All Out Attack","floor":7,"key":"SMITH"},{"floor":10,"key":"REST"},{"data":"Grand Finale","floor":15,"key":"SMITH"}],"circlet_count":0,"master_deck":["AscendersBane","Strike_G","Strike_G","Strike_G","Defend_G","Defend_G","Defend_G","Defend_G","Survivor","Neutralize","All Out Attack+1","Quick Slash","Poisoned Stab","Grand Finale+1","Prepared","Reflex"],"relics":["Empty Cage","Golden Idol","CeramicFish","Oddly Smooth Stone","PreservedInsect","Pear"],"acts_visited":["Exordium"],"potions_floor_usage":[6,6,11,16],"damage_taken":[{"damage":6,"enemies":"2 Louse","floor":1,"turns":4},{"damage":8,"enemies":"Small Slimes","floor":2,"turns":3},{"damage":2,"enemies":"Jaw Worm","floor":3,"turns":5},{"damage":6,"enemies":"Lots of Slimes","floor":4,"turns":2},{"damage":17,"enemies":"3 Sentries","floor":6,"turns":9},{"damage":14,"enemies":"Lagavulin","floor":11,"turns":6},{"damage":5,"enemies":"Red Slaver","floor":13,"turns":3},{"damage":1,"enemies":"3 Sentries","floor":14,"turns":3},{"damage":36,"enemies":"Hexaghost","floor":16,"turns":9}],"seed_played":"7987027102162371966","potions_obtained":[{"floor":1,"key":"Block Potion"},{"floor":2,"key":"Weak Potion"},{"floor":6,"key":"GamblersBrew"},{"floor":13,"key":"Fruit Juice"}],"is_trial":false,"path_per_floor":["M","M","M","M","?","E","R","?","T","R","E","?","M","E","R","B"],"character_chosen":"THE_SILENT","items_purchased":[],"campfire_rested":1,"item_purchase_floors":[],"current_hp_per_floor":[53,45,43,37,37,20,20,20,20,38,24,24,19,28,28,0,0],"gold":271,"neow_bonus":"BOSS_RELIC","is_daily":false,"chose_seed":false,"campfire_upgraded":2,"win_rate":0.0,"timestamp":1608102185,"path_taken":["M","M","M","M","?","E","R","?","T","R","E","?","M","E","R","BOSS"],"items_purchased_type":[],"build_version":"2020-12-13","purchased_purges":0,"victory":false,"max_hp_per_floor":[66,66,66,66,60,60,60,60,60,60,60,60,60,70,70,75,75],"relic_stats":{"counters":[9,44],"Golden Idol":29,"CeramicFish":27,"PreservedInsect":33,"obtain_stats":[{"Pear":14,"Golden Idol":5,"CeramicFish":6,"Oddly Smooth Stone":9,"PreservedInsect":11,"Empty Cage":0,"Ring of the Snake":0},{"Pear":8,"Golden Idol":4,"CeramicFish":5,"Oddly Smooth Stone":5,"PreservedInsect":6,"Empty Cage":0,"Ring of the Snake":0},{"Pear":35,"Golden Idol":14,"CeramicFish":23,"Oddly Smooth Stone":23,"PreservedInsect":29,"Empty Cage":0,"Ring of the Snake":0}]},"card_choices":[{"not_picked":["Dash","Deadly Poison"],"picked":"All Out Attack","floor":1},{"not_picked":["Tactician","Acrobatics","Outmaneuver"],"picked":"SKIP","floor":2},{"not_picked":["Cloak And Dagger","Expertise"],"picked":"Quick Slash","floor":3},{"not_picked":["Infinite Blades","Caltrops"],"picked":"Poisoned Stab","floor":4},{"not_picked":["Blade Dance","Masterful Stab"],"picked":"Grand Finale","floor":6},{"not_picked":["Outmaneuver","Storm of Steel"],"picked":"Prepared","floor":11},{"not_picked":["Outmaneuver","Leg Sweep"],"picked":"Reflex","floor":13},{"not_picked":["Sucker Punch","Catalyst","Bane"],"picked":"SKIP","floor":14}],"player_experience":1298315,"relics_obtained":[{"floor":6,"key":"CeramicFish"},{"floor":9,"key":"Oddly Smooth Stone"},{"floor":11,"key":"PreservedInsect"},{"floor":14,"key":"Pear"}],"event_choices":[{"damage_healed":0,"gold_gain":0,"player_choice":"Lose Max HP","damage_taken":0,"relics_obtained":["Golden Idol"],"max_hp_gain":0,"max_hp_loss":6,"event_name":"Golden Idol","floor":5,"gold_loss":0},{"damage_healed":0,"gold_gain":0,"player_choice":"Ignored","damage_taken":0,"max_hp_gain":0,"max_hp_loss":0,"event_name":"Liars Game","floor":8,"gold_loss":0},{"cards_removed":["Strike_G"],"damage_healed":0,"gold_gain":0,"player_choice":"Card Removal","damage_taken":0,"max_hp_gain":0,"max_hp_loss":0,"event_name":"The Cleric","floor":12,"gold_loss":75}],"is_beta":false,"boss_relics":[],"items_purged_floors":[],"is_endless":false,"potions_floor_spawned":[1,2,6,13],"killed_by":"Hexaghost","ascension_level":19}}