{"host":"ci7ivtocgfxh0ueo","time":1608127520,"event":{"mods":["BaseMod","GifTheSpireLib","Minty Spire (QoL Compilation)","StSLib"],"gold_per_floor":[109,109,122,272,272,272,272,21,72,99,99,115,75,85,85,156,156,172,126,5,5,5],"floor_reached":21,"playtime":492,"items_purged":[],"score":309,"play_id":"f88b976a-dd0c-4d3c-9b97-8882e0d99d07","local_time":"20201216220520","is_ascension_mode":true,"campfire_choices":[{"data":"Flame Barrier","floor":6,"key":"SMITH"},{"data":"Disarm","floor":15,"key":"SMITH"}],"circlet_count":0,"master_deck":["AscendersBane","Strike_R+1","Strike_R","Strike_R","Strike_R","Strike_R+1","Defend_R","Defend_R","Defend_R","Defend_R","Bash+1","Flame Barrier+1","Doubt","Disarm+1","Inflame","Flex","Double Tap","Dropkick","Spot Weakness","Blood for Blood"],"relics":["Black Blood","NeowsBlessing","Omamori","Tiny Chest","Whetstone"],"acts_visited":["Exordium","TheCity"],"potions_floor_usage":[1,16,16,19,21],"damage_taken":[{"damage":0,"enemies":"Small Slimes","floor":1,"turns":1},{"damage":0,"enemies":"Cultist","floor":3,"turns":1},{"damage":0,"enemies":"2 Louse","floor":12,"turns":1},{"damage":1,"enemies":"Looter","floor":13,"turns":4},{"damage":17,"enemies":"Large Slime","floor":14,"turns":7},{"damage":28,"enemies":"The Guardian","floor":16,"turns":19},{"damage":17,"enemies":"Chosen","floor":18,"turns":5},{"damage":51,"enemies":"2 Thieves","floor":19,"turns":5},{"damage":30,"enemies":"Snecko","floor":21,"turns":5}],"seed_played":"-2914672157238054683","potions_obtained":[{"floor":1,"key":"Fruit Juice"},{"floor":2,"key":"Dexterity Potion"},{"floor":2,"key":"ColorlessPotion"},{"floor":14,"key":"AttackPotion"},{"floor":18,"key":"FearPotion"}],"is_trial":false,"path_per_floor":["M","?","M","?","?","R","?","$","T","T","$","M","M","M","R","B",null,"M","M","$","M"],"character_chosen":"IRONCLAD","items_purchased":["Omamori","Disarm","DistilledChaos","Blood for Blood"],"campfire_rested":0,"item_purchase_floors":[8,8,20,20],"current_hp_per_floor":[79,79,80,80,80,80,80,80,80,80,80,80,80,69,69,47,72,67,28,28,0,0],"gold":5,"neow_bonus":"THREE_ENEMY_KILL","is_daily":false,"chose_seed":false,"campfire_upgraded":2,"win_rate":0.0,"timestamp":1608127520,"path_taken":["M","?","?","?","?","R","?","$","T","?","$","M","?","M","R","BOSS","M","M","$","M"],"items_purchased_type":["Relic","Card","Potion","Card"],"build_version":"2020-12-13","purchased_purges":0,"victory":false,"max_hp_per_floor":[80,80,80,80,80,80,80,80,80,80,80,80,80,80,80,80,80,80,80,80,80,80],"card_choices":[{"not_picked":["Sword Boomerang","Flex"],"picked":"Flame Barrier","floor":1},{"not_picked":["Havoc","Perfected Strike","Anger"],"picked":"SKIP","floor":3},{"not_picked":["Body Slam","Twin Strike","Headbutt"],"picked":"SKIP","floor":12},{"not_picked":["Clash","Sever Soul"],"picked":"Inflame","floor":13},{"not_picked":["Hemokinesis","Havoc"],"picked":"Flex","floor":14},{"not_picked":["Brutality","Barricade"],"picked":"Double Tap","floor":16},{"not_picked":["Clothesline+1","Disarm"],"picked":"Dropkick","floor":18},{"not_picked":["Armaments","Twin Strike"],"picked":"Spot Weakness","floor":19}],"player_experience":1253607,"relics_obtained":[{"floor":9,"key":"Tiny Chest"},{"floor":10,"key":"Whetstone"}],"event_choices":[{"damage_healed":0,"gold_gain":0,"player_choice":"Got Potions","damage_taken":0,"max_hp_gain":0,"max_hp_loss":0,"event_name":"Lab","floor":2,"gold_loss":0},{"damage_healed":0,"gold_gain":150,"player_choice":"AGREE","damage_taken":0,"max_hp_gain":0,"max_hp_loss":0,"event_name":"Liars Game","floor":4,"gold_loss":0,"cards_obtained":["Doubt"]},{"damage_healed":0,"gold_gain":0,"player_choice":"Ignored","damage_taken":0,"max_hp_gain":0,"max_hp_loss":0,"event_name":"Golden Wing","floor":5,"gold_loss":0},{"damage_healed":0,"gold_gain":0,"player_choice":"Grow","damage_taken":0,"max_hp_gain":0,"max_hp_loss":0,"event_name":"Living Wall","floor":7,"gold_loss":0,"cards_upgraded":["Bash"]}],"is_beta":false,"boss_relics":[{"not_picked":["Philosopher\u0027s Stone","SlaversCollar"],"picked":"Black Blood"}],"items_purged_floors":[],"is_endless":false,"potions_floor_spawned":[1,12,14,18],"killed_by":"Snecko","ascension_level":17}}