{"host":"3t6uby4o5waaq95r","time":1608145315,"event":{"mods":["AchievementEnabler","BaseMod","Bestiary","Colored Map","Highlight Path","Minty Spire (QoL Compilation)","Permanent Neow","Quick Restart","Random Character Button","SuperFastMode"],"gold_per_floor":[15,15,15,15,15,358,358,382,461,480,480,504,196,217,217,217,217],"floor_reached":16,"playtime":510,"items_purged":["Strike_R"],"score":100,"play_id":"61421d54-7d8d-4a22-bb4f-e43df7c0df48","local_time":"20201216130155","is_ascension_mode":false,"campfire_choices":[{"floor":7,"key":"REST"},{"floor":15,"key":"REST"}],"circlet_count":0,"master_deck":["Strike_R","Strike_R","Strike_R+1","Defend_R","Defend_R+1","Defend_R","Defend_R","Bash","Magnetism","Headbutt","Double Tap","Body Slam","Armaments","Pommel Strike","Double Tap","Intimidate"],"relics":["Burning Blood","Golden Idol","Old Coin","HornCleat","Brimstone"],"acts_visited":["Exordium"],"potions_floor_usage":[16,16],"damage_taken":[{"damage":12,"enemies":"Cultist","floor":1,"turns":5},{"damage":34,"enemies":"Gremlin Nob","floor":6,"turns":5},{"damage":6,"enemies":"2 Louse","floor":8,"turns":3},{"damage":12,"enemies":"Small Slimes","floor":10,"turns":5},{"damage":6,"enemies":"2 Fungi Beasts","floor":12,"turns":4},{"damage":12,"enemies":"Exordium Wildlife","floor":14,"turns":3},{"damage":58,"enemies":"The Guardian","floor":16,"turns":6}],"seed_played":"7901359611477873469","potions_obtained":[{"floor":1,"key":"Ancient Potion"},{"floor":10,"key":"BloodPotion"},{"floor":14,"key":"Explosive Potion"}],"is_trial":false,"path_per_floor":["M","$","?","?","?","E","R","M","T","M","?","M","$","M","R","B"],"character_chosen":"IRONCLAD","items_purchased":["Brimstone","Double Tap"],"campfire_rested":2,"item_purchase_floors":[13,13],"current_hp_per_floor":[74,74,74,58,38,10,34,34,34,28,21,21,21,15,39,0,0],"gold":217,"neow_bonus":"RANDOM_COLORLESS_2","is_daily":false,"chose_seed":false,"campfire_upgraded":0,"win_rate":0.0,"timestamp":1608145315,"path_taken":["M","?","?","?","?","E","R","?","T","M","?","M","$","M","R","BOSS"],"items_purchased_type":["Relic","Card"],"build_version":"2020-12-13","purchased_purges":1,"victory":false,"max_hp_per_floor":[80,80,80,80,80,80,80,80,80,80,80,80,80,80,80,80,80],"card_choices":[{"not_picked":["Secret Technique","Thinking Ahead"],"picked":"Magnetism","floor":0},{"not_picked":["Burning Pact","Thunderclap"],"picked":"Headbutt","floor":1},{"not_picked":["Entrench","Anger"],"picked":"Double Tap","floor":6},{"not_picked":["Entrench","Heavy Blade"],"picked":"Body Slam","floor":8},{"not_picked":["Burning Pact","Clothesline"],"picked":"Armaments","floor":10},{"not_picked":["Hemokinesis","Body Slam"],"picked":"Pommel Strike","floor":12},{"not_picked":["Spot Weakness","Clash"],"picked":"Intimidate","floor":14}],"player_experience":756245,"relics_obtained":[{"floor":6,"key":"Old Coin"},{"floor":9,"key":"HornCleat"}],"event_choices":[{"damage_healed":0,"gold_gain":0,"player_choice":"Ignored","damage_taken":0,"max_hp_gain":0,"max_hp_loss":0,"event_name":"Liars Game","floor":3,"gold_loss":0},{"damage_healed":0,"gold_gain":0,"player_choice":"Entered Light","damage_taken":16,"max_hp_gain":0,"max_hp_loss":0,"event_name":"Shining Light","floor":4,"gold_loss":0,"cards_upgraded":["Defend_R","Strike_R"]},{"damage_healed":0,"gold_gain":0,"player_choice":"Take Damage","damage_taken":20,"relics_obtained":["Golden Idol"],"max_hp_gain":0,"max_hp_loss":0,"event_name":"Golden Idol","floor":5,"gold_loss":0},{"cards_removed":["Strike_R"],"damage_healed":0,"gold_gain":0,"player_choice":"Card Removal","damage_taken":7,"max_hp_gain":0,"max_hp_loss":0,"event_name":"Golden Wing","floor":11,"gold_loss":0}],"is_beta":false,"boss_relics":[],"items_purged_floors":[13],"is_endless":false,"potions_floor_spawned":[1,10,14],"killed_by":"The Guardian","ascension_level":0}}