{"host":"jolg1n27y0xvdyb4","time":1608090208,"event":{"mods":["2.2 Compatiblity","AchievementEnabler","Act Like it!","BaseMod","Better Altar","Better Match","Better Note","Better Sensory Stone","Better Skull","Better Third Choice","Better Vampires","Block Reminder","Colored Map","Downfall","Gremlin Mod","Hermit","Jorbs\u0027s Wanderer Trilogy","Minty Spire (QoL Compilation)","SIMod","StSLib","The Blackbeard","The Blue Laboratory","The Bug Knight","The Hierophant","The Jungle","The Necromancer","The Wild Card"],"gold_per_floor":[119,130,130,130,130,130,130,130,130,130,141,66,166,185,185,281,281,297,308,308,5,25,25,25,25],"floor_reached":24,"playtime":1383,"items_purged":["Strike_R"],"score":212,"play_id":"2aa6ee6b-74bc-4161-9031-7559535f1ddf","local_time":"20201215214328","is_ascension_mode":true,"campfire_choices":[{"data":"1","floor":6,"key":"LIFT"},{"data":"2","floor":8,"key":"LIFT"},{"data":"3","floor":10,"key":"LIFT"},{"data":"Body Slam","floor":15,"key":"SMITH"},{"data":"Berserk","floor":23,"key":"SMITH"}],"circlet_count":0,"master_deck":["Strike_R","Strike_R","Strike_R","Strike_R","Defend_R","Defend_R","Defend_R","Defend_R","Bash","Body Slam+1","Flame Barrier","Berserk+1","Inflame"],"relics":["Burning Blood","Girya","FossilizedHelix","SacredBark","Meat on the Bone"],"acts_visited":["Exordium","TheCity"],"potions_floor_usage":[16,16,24,24],"damage_taken":[{"damage":8,"enemies":"Jaw Worm","floor":1,"turns":5},{"damage":10,"enemies":"2 Louse","floor":2,"turns":4},{"damage":0,"enemies":"Small Slimes","floor":11,"turns":3},{"damage":11,"enemies":"3 Louse","floor":14,"turns":5},{"damage":48,"enemies":"Hexaghost","floor":16,"turns":11},{"damage":6,"enemies":"Shell Parasite","floor":18,"turns":5},{"damage":53,"enemies":"2 Thieves","floor":19,"turns":5},{"damage":25,"enemies":"Snecko","floor":22,"turns":6},{"damage":59,"enemies":"Centurion and Healer","floor":24,"turns":7}],"seed_played":"-4747576408856733822","potions_obtained":[{"floor":1,"key":"blueLaboratory:IronCompound"},{"floor":14,"key":"blueLaboratory:BottleOfVodka"},{"floor":16,"key":"blueLaboratory:FrostheartPotion"}],"is_trial":false,"path_per_floor":["M","M","$","?","?","R","?","R","T","R","M","$","?","M","R","B",null,"M","M","?","$","M","R","M"],"character_chosen":"IRONCLAD","items_purchased":["BloodPotion","Meat on the Bone"],"campfire_rested":0,"item_purchase_floors":[21,21],"current_hp_per_floor":[54,50,50,50,62,62,62,62,62,62,68,68,68,63,63,21,80,80,33,33,33,26,26,0,0],"gold":25,"neow_bonus":"ONE_RARE_RELIC","is_daily":false,"chose_seed":false,"campfire_upgraded":2,"win_rate":0.0,"timestamp":1608090208,"path_taken":["M","M","$","?","?","R","?","R","T","R","M","$","?","?","R","BOSS","M","?","?","?","M","R","M"],"items_purchased_type":["Potion","Relic"],"build_version":"2020-12-13","purchased_purges":1,"victory":false,"max_hp_per_floor":[80,80,80,80,80,80,80,80,80,80,80,80,80,80,80,80,80,80,80,80,80,80,80,80,80],"card_choices":[{"not_picked":["Seeing Red","Clash","Thunderclap"],"picked":"SKIP","floor":1},{"not_picked":["Clothesline","Battle Trance"],"picked":"Body Slam","floor":2},{"not_picked":["Twin Strike","Burning Pact","Blood for Blood"],"picked":"SKIP","floor":11},{"not_picked":["Dropkick","Pommel Strike"],"picked":"Flame Barrier","floor":14},{"not_picked":["Corruption","Exhume"],"picked":"Berserk","floor":16},{"not_picked":["Heavy Blade","Dropkick","Whirlwind"],"picked":"SKIP","floor":18},{"not_picked":["Cleave","Flex+1","Shockwave"],"picked":"SKIP","floor":19},{"not_picked":["Shrug It Off","Wild Strike"],"picked":"Inflame","floor":22}],"player_experience":405711,"relics_obtained":[{"floor":9,"key":"FossilizedHelix"}],"event_choices":[{"damage_healed":0,"gold_gain":0,"player_choice":"Ignored","damage_taken":0,"max_hp_gain":0,"max_hp_loss":0,"event_name":"Golden Wing","floor":4,"gold_loss":0},{"damage_healed":0,"gold_gain":0,"player_choice":"Ignored","damage_taken":130,"max_hp_gain":0,"max_hp_loss":0,"event_name":"betterThird:BetterSerpent","floor":7,"gold_loss":0},{"damage_healed":0,"gold_gain":100,"player_choice":"Pray","damage_taken":0,"max_hp_gain":0,"max_hp_loss":0,"event_name":"Golden Shrine","floor":13,"gold_loss":0},{"cards_removed":["Body Slam"],"damage_healed":0,"gold_gain":0,"player_choice":"Give","damage_taken":0,"max_hp_gain":0,"max_hp_loss":0,"event_name":"betterNote:BetterNote","floor":20,"gold_loss":0,"cards_obtained":["Dual Wield"]}],"is_beta":false,"boss_relics":[{"not_picked":["Mark of Pain","Runic Cube"],"picked":"SacredBark"}],"items_purged_floors":[12],"is_endless":false,"potions_floor_spawned":[1,14,16],"killed_by":"Centurion and Healer","ascension_level":3}}