{"host":"k8gerrcpv9xe1nxe","time":1608089993,"event":{"mods":["2.2 Compatiblity","AchievementEnabler","BaseMod","Bestiary","Minty Spire (QoL Compilation)","Relic Stats","StSLib"],"gold_per_floor":[109,119,129,129,147,147,182,182,182,182,5,40,55,88,88,195,195,212,311,321,337,337,371,388,388,388,455,494,89,120,179,179,293,293,316,316,330,32,60,88,103,133,206,265,265,309,359,371,371,371],"floor_reached":51,"playtime":2226,"items_purged":["Strike_R"],"score":1215,"play_id":"cd6919fb-a595-458a-8f7e-4404a3276364","local_time":"20201215223953","is_ascension_mode":true,"campfire_choices":[{"data":"Perfected Strike","floor":6,"key":"SMITH"},{"data":"Uppercut","floor":8,"key":"SMITH"},{"data":"Pommel Strike","floor":15,"key":"SMITH"},{"data":"Reaper","floor":25,"key":"SMITH"},{"data":"Inflame","floor":32,"key":"SMITH"},{"floor":45,"key":"REST"},{"floor":49,"key":"REST"}],"circlet_count":0,"master_deck":["Strike_R","Strike_R","Strike_R","Strike_R","Defend_R","Defend_R","Defend_R","Defend_R","Bash","Perfected Strike+1","Shrug It Off","Pommel Strike+1","Cleave","Uppercut+1","Reaper+1","Burning Pact+1","Feel No Pain","Shrug It Off+1","Inflame+1","Fiend Fire","Twin Strike+1","Inflame","Sword Boomerang","Dropkick","True Grit+1","Swift Strike","Dark Embrace+1"],"relics":["Snecko Eye","PreservedInsect","Strawberry","InkBottle","Membership Card","CeramicFish","Singing Bowl","Black Star","SsserpentHead","Champion Belt","Charon\u0027s Ashes","Centennial Puzzle","Toxic Egg 2","Paper Frog","Sundial","Medical Kit","Ginger","Du-Vu Doll","The Courier","Fusion Hammer","Pear","Potion Belt","Pantograph","Nunchaku","HornCleat","Orichalcum","Letter Opener","StrikeDummy","Art of War","Bottled Tornado","Molten Egg 2"],"acts_visited":["Exordium","TheCity","TheBeyond"],"potions_floor_usage":[12,24,28,33,36,42,50,50],"damage_taken":[{"damage":3,"enemies":"2 Louse","floor":1,"turns":3},{"damage":2,"enemies":"Jaw Worm","floor":2,"turns":3},{"damage":7,"enemies":"Small Slimes","floor":3,"turns":3},{"damage":7,"enemies":"Gremlin Gang","floor":5,"turns":7},{"damage":20,"enemies":"Lagavulin","floor":7,"turns":3},{"damage":0,"enemies":"3 Sentries","floor":12,"turns":3},{"damage":0,"enemies":"Large Slime","floor":13,"turns":1},{"damage":0,"enemies":"Gremlin Nob","floor":14,"turns":2},{"damage":10,"enemies":"The Guardian","floor":16,"turns":9},{"damage":0,"enemies":"Chosen","floor":18,"turns":4},{"damage":6,"enemies":"Spheric Guardian","floor":20,"turns":3},{"damage":12,"enemies":"3 Cultists","floor":21,"turns":5},{"damage":0,"enemies":"Gremlin Leader","floor":23,"turns":4},{"damage":17,"enemies":"Chosen and Byrds","floor":24,"turns":6},{"damage":27,"enemies":"Snake Plant","floor":27,"turns":5},{"damage":16,"enemies":"Slavers","floor":28,"turns":2},{"damage":0,"enemies":"Gremlin Leader","floor":30,"turns":5},{"damage":47,"enemies":"Collector","floor":33,"turns":9},{"damage":0,"enemies":"Orb Walker","floor":35,"turns":1},{"damage":11,"enemies":"3 Darklings","floor":36,"turns":2},{"damage":19,"enemies":"Maw","floor":37,"turns":5},{"damage":31,"enemies":"4 Shapes","floor":39,"turns":5},{"damage":9,"enemies":"Giant Head","floor":40,"turns":4},{"damage":0,"enemies":"Transient","floor":41,"turns":5},{"damage":7,"enemies":"Nemesis","floor":42,"turns":3},{"damage":14,"enemies":"Reptomancer","floor":46,"turns":3},{"damage":5,"enemies":"Sphere and 2 Shapes","floor":48,"turns":2},{"damage":53,"enemies":"Awakened One","floor":50,"turns":7}],"seed_played":"-6550367182427751500","potions_obtained":[{"floor":1,"key":"FearPotion"},{"floor":2,"key":"Fire Potion"},{"floor":12,"key":"SpeedPotion"},{"floor":18,"key":"SmokeBomb"},{"floor":27,"key":"PowerPotion"},{"floor":30,"key":"FearPotion"},{"floor":33,"key":"AttackPotion"},{"floor":37,"key":"DuplicationPotion"},{"floor":39,"key":"Strength Potion"},{"floor":46,"key":"SpeedPotion"}],"is_trial":false,"path_per_floor":["M","M","M","?","M","R","E","R","T","?","$","E","M","E","R","B",null,"M","?","M","M","?","E","M","R","T","M","E","$","E","?","R","B",null,"M","M","M","$","M","E","M","E","T","?","R","E","T","M","R","B",null],"character_chosen":"IRONCLAD","items_purchased":["Membership Card","Block Potion","Sundial","Shrug It Off+1","Medical Kit","Ginger","Inflame","Sword Boomerang","Dropkick","Pear","Potion Belt","Pantograph"],"campfire_rested":2,"item_purchase_floors":[11,11,29,29,29,29,38,38,38,38,38,38],"current_hp_per_floor":[77,75,68,68,61,61,41,41,48,23,23,23,23,25,25,15,89,91,91,87,83,83,95,84,84,84,64,63,63,77,77,77,46,101,101,90,87,97,82,87,106,101,101,101,119,105,105,102,121,68],"gold":371,"neow_bonus":"BOSS_RELIC","is_daily":false,"chose_seed":false,"campfire_upgraded":5,"win_rate":0.0,"timestamp":1608089993,"path_taken":["M","M","M","?","M","R","E","R","T","?","$","E","M","E","R","BOSS","M","?","M","M","?","E","M","R","T","?","E","$","E","?","R","BOSS","M","M","M","$","M","E","M","E","T","?","R","E","?","M","R","BOSS"],"items_purchased_type":["Relic","Potion","Relic","Card","Relic","Relic","Card","Card","Card","Relic","Relic","Relic"],"build_version":"2020-12-13","purchased_purges":1,"victory":true,"max_hp_per_floor":[80,80,80,80,80,80,80,80,87,87,87,87,87,89,89,89,89,91,91,93,95,95,95,97,97,97,99,99,99,101,101,101,101,101,101,101,103,113,113,115,117,119,119,119,119,119,119,121,121,121],"relic_stats":{"Singing Bowl":24,"counters":[28,114],"CeramicFish":117,"PreservedInsect":412,"Charon\u0027s Ashes":[298],"Ginger":[9],"Letter Opener":[10],"Orichalcum":[18],"Medical Kit":[0],"SsserpentHead":200,"Centennial Puzzle":[33],"Nunchaku":[5],"Sundial":[12],"Pantograph":0,"Snecko Eye":[233,231,228,246],"Black Star":6,"Art of War":[0],"Champion Belt":[35],"obtain_stats":[{"Singing Bowl":14,"CeramicFish":12,"Ginger":29,"Bottled Tornado":46,"Burning Blood":0,"SsserpentHead":22,"Centennial Puzzle":26,"Nunchaku":40,"HornCleat":40,"Sundial":29,"Strawberry":9,"Pantograph":38,"Fusion Hammer":34,"Toxic Egg 2":28,"InkBottle":10,"Paper Frog":28,"Potion Belt":38,"Pear":38,"PreservedInsect":7,"Charon\u0027s Ashes":23,"The Courier":30,"Letter Opener":42,"Orichalcum":42,"Medical Kit":29,"Du-Vu Doll":30,"Snecko Eye":0,"Molten Egg 2":47,"Black Star":17,"Art of War":46,"Membership Card":11,"Champion Belt":23,"StrikeDummy":43},{"Singing Bowl":8,"CeramicFish":6,"Ginger":16,"Bottled Tornado":26,"Burning Blood":0,"SsserpentHead":12,"Centennial Puzzle":14,"Nunchaku":23,"HornCleat":23,"Sundial":16,"Strawberry":5,"Pantograph":21,"Fusion Hammer":18,"Toxic Egg 2":16,"InkBottle":5,"Paper Frog":16,"Potion Belt":21,"Pear":21,"PreservedInsect":5,"Charon\u0027s Ashes":13,"The Courier":17,"Letter Opener":25,"Orichalcum":25,"Medical Kit":16,"Du-Vu Doll":17,"Snecko Eye":0,"Molten Egg 2":26,"Black Star":9,"Art of War":26,"Membership Card":5,"Champion Belt":13,"StrikeDummy":25},{"Singing Bowl":25,"CeramicFish":22,"Ginger":63,"Bottled Tornado":105,"Burning Blood":0,"SsserpentHead":46,"Centennial Puzzle":56,"Nunchaku":94,"HornCleat":94,"Sundial":63,"Strawberry":19,"Pantograph":85,"Fusion Hammer":77,"Toxic Egg 2":63,"InkBottle":19,"Paper Frog":63,"Potion Belt":85,"Pear":85,"PreservedInsect":19,"Charon\u0027s Ashes":50,"The Courier":68,"Letter Opener":102,"Orichalcum":102,"Medical Kit":63,"Du-Vu Doll":68,"Snecko Eye":0,"Molten Egg 2":105,"Black Star":34,"Art of War":105,"Membership Card":19,"Champion Belt":50,"StrikeDummy":102}],"InkBottle":[31]},"card_choices":[{"not_picked":["Fire Breathing","Dual Wield"],"picked":"Perfected Strike","floor":1},{"not_picked":["Heavy Blade","Sword Boomerang"],"picked":"Shrug It Off","floor":2},{"not_picked":["True Grit","Flex"],"picked":"Pommel Strike","floor":3},{"not_picked":["True Grit","Intimidate"],"picked":"Cleave","floor":5},{"not_picked":["Berserk","Pommel Strike"],"picked":"Uppercut","floor":7},{"not_picked":["Anger","Warcry","Clothesline"],"picked":"SKIP","floor":12},{"not_picked":["Anger","Uppercut","Havoc"],"picked":"SKIP","floor":13},{"not_picked":["Intimidate","Shockwave","Havoc"],"picked":"Singing Bowl","floor":14},{"not_picked":["Brutality","Feed"],"picked":"Reaper","floor":16},{"not_picked":["Sever Soul","Clothesline","Hemokinesis"],"picked":"Singing Bowl","floor":18},{"not_picked":["Twin Strike","Sword Boomerang+1","Pommel Strike"],"picked":"Singing Bowl","floor":20},{"not_picked":["Anger","Hemokinesis","Headbutt"],"picked":"Singing Bowl","floor":21},{"not_picked":["Entrench+1","Heavy Blade"],"picked":"Burning Pact+1","floor":23},{"not_picked":["Heavy Blade+1","Body Slam","Brutality"],"picked":"Singing Bowl","floor":24},{"not_picked":["Second Wind","True Grit","Cleave+1"],"picked":"Singing Bowl","floor":27},{"not_picked":["Brutality","Thunderclap"],"picked":"Feel No Pain","floor":28},{"not_picked":["Wild Strike","Armaments+1","Twin Strike"],"picked":"Singing Bowl","floor":30},{"not_picked":["Reaper","Impervious+1"],"picked":"Fiend Fire","floor":33},{"not_picked":["Thunderclap","Body Slam+1"],"picked":"Twin Strike+1","floor":35},{"not_picked":["Burning Pact+1","Iron Wave","Twin Strike+1"],"picked":"Singing Bowl","floor":37},{"not_picked":["Evolve+1","Blood for Blood"],"picked":"True Grit+1","floor":39},{"not_picked":["Iron Wave+1","Perfected Strike","Pummel"],"picked":"Singing Bowl","floor":40},{"not_picked":["Thunderclap+1","Anger+1","Clothesline"],"picked":"Singing Bowl","floor":41},{"not_picked":["Carnage+1","Thunderclap","Wild Strike"],"picked":"Singing Bowl","floor":42},{"not_picked":["Discovery+1","Jack Of All Trades+1"],"picked":"Swift Strike","floor":44},{"not_picked":["Juggernaut","Clothesline"],"picked":"Dark Embrace+1","floor":46},{"not_picked":["Thunderclap+1","Shrug It Off+1","Iron Wave+1"],"picked":"Singing Bowl","floor":48}],"player_experience":77751,"relics_obtained":[{"floor":7,"key":"PreservedInsect"},{"floor":9,"key":"Strawberry"},{"floor":12,"key":"CeramicFish"},{"floor":14,"key":"Singing Bowl"},{"floor":23,"key":"Champion Belt"},{"floor":23,"key":"Charon\u0027s Ashes"},{"floor":26,"key":"Centennial Puzzle"},{"floor":28,"key":"Toxic Egg 2"},{"floor":28,"key":"Paper Frog"},{"floor":30,"key":"Du-Vu Doll"},{"floor":30,"key":"The Courier"},{"floor":40,"key":"Nunchaku"},{"floor":40,"key":"HornCleat"},{"floor":42,"key":"Orichalcum"},{"floor":42,"key":"Letter Opener"},{"floor":43,"key":"StrikeDummy"},{"floor":46,"key":"Art of War"},{"floor":46,"key":"Bottled Tornado"},{"floor":47,"key":"Molten Egg 2"}],"event_choices":[{"damage_healed":0,"gold_gain":0,"player_choice":"Ignored","damage_taken":0,"max_hp_gain":0,"max_hp_loss":0,"event_name":"Liars Game","floor":4,"gold_loss":0},{"damage_healed":0,"gold_gain":0,"player_choice":"Success","damage_taken":25,"relics_obtained":["InkBottle"],"max_hp_gain":0,"max_hp_loss":0,"event_name":"Scrap Ooze","floor":10,"gold_loss":0},{"damage_healed":0,"gold_gain":99,"player_choice":"Stole From Cult","damage_taken":0,"max_hp_gain":0,"max_hp_loss":0,"event_name":"Nest","floor":19,"gold_loss":0},{"damage_healed":0,"gold_gain":0,"player_choice":"Trade","damage_taken":0,"relics_obtained":["SsserpentHead"],"max_hp_gain":0,"max_hp_loss":0,"event_name":"FaceTrader","floor":22,"gold_loss":0},{"damage_healed":0,"gold_gain":0,"player_choice":"Read","damage_taken":0,"max_hp_gain":0,"max_hp_loss":0,"event_name":"The Library","floor":31,"gold_loss":0,"cards_obtained":["Inflame"]},{"damage_healed":0,"gold_gain":0,"player_choice":"Memory 1","damage_taken":0,"max_hp_gain":0,"max_hp_loss":0,"event_name":"SensoryStone","floor":44,"gold_loss":0}],"is_beta":false,"boss_relics":[{"not_picked":["Calling Bell","Ectoplasm"],"picked":"Black Star"},{"not_picked":["Empty Cage","Astrolabe"],"picked":"Fusion Hammer"}],"items_purged_floors":[29],"is_endless":false,"potions_floor_spawned":[1,2,12,18,23,27,30,33,35,37,39,46],"ascension_level":4}}