{"host":"wonp23fsqqcu31ie","time":1608088378,"event":{"mods":["2.2 Compatiblity","AchievementEnabler","Aspiration","BaseMod","Bestiary","Better Altar","Better Match","Better Sensory Stone","Better Skull","Better Third Choice","BetterRewards","Block Reminder","Colored Map","Colored Powertips","Conspire","DeckTracker","Displayed Cursed Tome","Downfall","Hermit","Highlight Path","Hubris","Minty Spire (QoL Compilation)","Permanent Neow","Quick Restart","Rare Cards Sparkle","Relic Stats","Replay The Spire","Shade Mod","Shop Mod","StSLib","SuperFastMode","The Animator","The Cursed","The Gatherer","The Necromancer","The Runesmith","The Servant 0.9.4"],"gold_per_floor":[125,155,168,281,301,330,342,375,400,427,439,140,153,1,1,98,98,130,150,169,169,21,21,32,32,32,32,73,112,34,75,75,178,178,194,119,119,14,30,30,58,110,110,110,120,135,135,149,149,149,149],"floor_reached":50,"playtime":1281,"items_purged":[],"score":689,"play_id":"637bee50-5422-45f1-85f9-9ec6e0105eb6","local_time":"20201216141258","is_ascension_mode":true,"campfire_choices":[{"floor":15,"key":"REST"},{"floor":23,"key":"RECALL"},{"data":"animator:Hans","floor":25,"key":"SMITH"},{"data":"Runesmith:CraftFirestone","floor":27,"key":"SMITH"},{"floor":32,"key":"REST"},{"data":"animator:Emilia","floor":40,"key":"SMITH"},{"floor":44,"key":"REST"},{"floor":49,"key":"REST"}],"circlet_count":0,"master_deck":["animator:Strike_GoblinSlayer","animator:Defend_GoblinSlayer","animator:Strike","animator:Strike","animator:Strike","animator:Defend","animator:Defend","animator:Defend","animator:LizardPriest","animator:DwarfShaman","animator:UneriGinkaku","animator:Spearman","animator:Scar","animator:Priestess","animator:MumenRider","animator:Shichika","animator:Emonzaemon","Runesmith:CraftFirestone+1","animator:MumenRider+1","animator:Hans+1","animator:ChaikaBohdan","animator:Konayuki","animator:Megumin","animator:Layla","animator:Gillette","animator:SwordMaiden","animator:Pride","animator:ZankiKiguchi","animator:ChaikaTrabant","animator:MumenRider+1","animator:MisaKurobane+1","animator:Emilia+1","animator:MisaKurobane","animator:Canti","animator:ShinjiMatou+1","animator:Biyorigo","animator:YunYun","animator:Spearman","animator:SwordMaiden"],"relics":["animator:LivingPicture","animator:TheMissingPiece","m_RuneBlood","Akabeko","Oddly Smooth Stone","Orichalcum","hubris:Potato","Nunchaku","Lantern","animator:HeavyHalberd","MerchantsRug","aspiration:PoetsPen_weak","Tiny Chest","aspiration:Lifesprig","Red Mask","Anchor","Mark of Pain","ReplayTheSpireMod:ShopPack","animator:Buoy","Vajra","hubris:Icosahedron"],"acts_visited":["Exordium","TheCity","TheBeyond"],"potions_floor_usage":[8,8,13,16,24,28,29,33,39,45,50],"damage_taken":[{"damage":3,"enemies":"Cultist","floor":1,"turns":4},{"damage":0,"enemies":"Small Slimes","floor":2,"turns":4},{"damage":0,"enemies":"2 Louse","floor":3,"turns":2},{"damage":4,"enemies":"Lots of Slimes","floor":5,"turns":3},{"damage":9,"enemies":"3 Sentries","floor":6,"turns":5},{"damage":5,"enemies":"Looter","floor":7,"turns":3},{"damage":4,"enemies":"Gremlin Nob","floor":8,"turns":3},{"damage":0,"enemies":"3 Louse","floor":10,"turns":3},{"damage":0,"enemies":"Blue Slaver","floor":11,"turns":3},{"damage":0,"enemies":"Large Slime","floor":13,"turns":4},{"damage":0,"enemies":"Slime Boss","floor":16,"turns":6},{"damage":1,"enemies":"2 Thieves","floor":18,"turns":2},{"damage":0,"enemies":"Chosen","floor":19,"turns":2},{"damage":14,"enemies":"Centurion and Healer","floor":20,"turns":4},{"damage":22,"enemies":"conspire:HollyBat","floor":24,"turns":7},{"damage":0,"enemies":"Masked Bandits","floor":28,"turns":2},{"damage":0,"enemies":"animator:HornedBat","floor":29,"turns":5},{"damage":21,"enemies":"Snake Plant","floor":31,"turns":4},{"damage":57,"enemies":"hubris:MusketHawk","floor":33,"turns":11},{"damage":0,"enemies":"Orb Walker","floor":35,"turns":2},{"damage":19,"enemies":"3 Darklings","floor":39,"turns":4},{"damage":7,"enemies":"Nemesis","floor":41,"turns":3},{"damage":15,"enemies":"Writhing Mass","floor":45,"turns":4},{"damage":25,"enemies":"Jaw Worm Horde","floor":46,"turns":3},{"damage":0,"enemies":"Maw","floor":48,"turns":5},{"damage":70,"enemies":"conspire:OrnateMirror","floor":50,"turns":4}],"seed_played":"-5320437356482452242","potions_obtained":[{"floor":5,"key":"Energy Potion"},{"floor":6,"key":"Fire Potion"},{"floor":7,"key":"Regen Potion"},{"floor":8,"key":"conspire:TimeTravelPotion"},{"floor":13,"key":"Adrenaline Potion"},{"floor":18,"key":"Toxic Potion"},{"floor":20,"key":"Death Potion"},{"floor":24,"key":"Guardian:BlockOnCardUsePotion"},{"floor":31,"key":"Toxic Potion"},{"floor":33,"key":"Weak Potion"},{"floor":35,"key":"hexamod:EctoCoolerPotion"},{"floor":46,"key":"Explosive Potion"}],"is_trial":false,"path_per_floor":["M","M","M","?","M","E","M","E","T","M","M","$","M","$","R","B",null,"M","M","M","$","$","R","M","R","T","R","?","E","$","M","R","B",null,"M","?","?","$","M","R","E","T","T","R","M","M","?","M","R","B"],"character_chosen":"THE_ANIMATOR","items_purchased":["animator:HeavyHalberd","MerchantsRug","animator:MumenRider+1","Tiny Chest","animator:Pride","ReplayTheSpireMod:ShopPack"],"campfire_rested":4,"item_purchase_floors":[12,14,14,22,30,38],"current_hp_per_floor":[66,66,66,15,14,9,7,16,16,19,22,22,25,25,45,48,68,68,69,58,58,58,58,53,53,53,53,56,59,59,41,62,9,71,71,71,71,71,55,55,53,53,53,73,61,39,39,42,63,0,0],"gold":149,"neow_bonus":"NOSTALGIA","is_daily":false,"chose_seed":false,"campfire_upgraded":3,"win_rate":0.0,"timestamp":1608088378,"path_taken":["M","M","?","?","M","E","M","E","T","M","?","$","M","$","R","BOSS","M","M","?","?","$","R","M","R","T","R","?","E","$","M","R","BOSS","M","?","?","$","M","R","E","?","T","R","M","M","?","?","R","BOSS"],"items_purchased_type":["Relic","Relic","Card","Relic","Card","Relic"],"build_version":"2020-12-13","purchased_purges":0,"victory":false,"max_hp_per_floor":[66,66,66,66,66,67,67,68,68,68,68,68,68,68,68,68,68,68,69,69,69,69,69,70,70,70,70,70,70,70,70,70,71,71,71,71,71,71,71,71,73,73,73,73,73,73,73,73,73,73,73],"relic_stats":{"Nunchaku":[21],"counters":[26,97],"Tiny Chest":1,"Orichalcum":[144],"obtain_stats":[{"animator:Buoy":41,"MerchantsRug":14,"Lantern":9,"aspiration:Lifesprig":26,"aspiration:Nostalgia":0,"animator:TheMissingPiece":0,"Oddly Smooth Stone":4,"Vajra":42,"aspiration:PoetsPen_weak":17,"Orichalcum":4,"Akabeko":4,"Nunchaku":8,"Anchor":29,"hubris:Icosahedron":47,"Tiny Chest":22,"animator:LivingPicture":0,"Mark of Pain":34,"Red Mask":28,"animator:HeavyHalberd":12,"hubris:Potato":6,"m_RuneBlood":0,"ReplayTheSpireMod:ShopPack":38},{"animator:Buoy":22,"MerchantsRug":10,"Lantern":7,"aspiration:Lifesprig":15,"aspiration:Nostalgia":0,"animator:TheMissingPiece":0,"Oddly Smooth Stone":3,"Vajra":22,"aspiration:PoetsPen_weak":11,"Orichalcum":3,"Akabeko":3,"Nunchaku":7,"Anchor":17,"hubris:Icosahedron":24,"Tiny Chest":14,"animator:LivingPicture":0,"Mark of Pain":19,"Red Mask":16,"animator:HeavyHalberd":9,"hubris:Potato":5,"m_RuneBlood":0,"ReplayTheSpireMod:ShopPack":20},{"animator:Buoy":81,"MerchantsRug":31,"Lantern":22,"aspiration:Lifesprig":52,"aspiration:Nostalgia":0,"animator:TheMissingPiece":0,"Oddly Smooth Stone":9,"Vajra":81,"aspiration:PoetsPen_weak":37,"Orichalcum":9,"Akabeko":9,"Nunchaku":22,"Anchor":59,"hubris:Icosahedron":88,"Tiny Chest":45,"animator:LivingPicture":0,"Mark of Pain":73,"Red Mask":54,"animator:HeavyHalberd":28,"hubris:Potato":16,"m_RuneBlood":0,"ReplayTheSpireMod:ShopPack":75}]},"card_choices":[{"not_picked":["animator:Kazuma","animator:AcuraTooru"],"picked":"animator:UneriGinkaku","floor":1},{"not_picked":["animator:Viivi","animator:LizardPriest"],"picked":"animator:Spearman","floor":2},{"not_picked":["animator:Kazuma","Armaments"],"picked":"animator:Scar","floor":3},{"not_picked":["animator:Spearman","animator:RoyMustang"],"picked":"animator:Priestess","floor":6},{"not_picked":["animator:Scar","Armaments"],"picked":"animator:MumenRider","floor":7},{"not_picked":["ReplayTheSpireMod:LeadingStrike","animator:Saber"],"picked":"animator:Shichika","floor":8},{"not_picked":["animator:Konayuki","animator:Azekura"],"picked":"animator:Emonzaemon","floor":10},{"not_picked":["animator:Emonzaemon","animator:Caster","animator:DwarfShaman"],"picked":"SKIP","floor":11},{"not_picked":["animator:TsurugaMeisai","Searing Blow"],"picked":"Runesmith:CraftFirestone","floor":13},{"not_picked":["animator:Father","animator:Envy"],"picked":"animator:Hans","floor":16},{"not_picked":["animator:Assassin","animator:Verdia"],"picked":"animator:ChaikaBohdan","floor":18},{"not_picked":["animator:Togame","animator:Emonzaemon"],"picked":"animator:Konayuki","floor":19},{"not_picked":["animator:Shichika+1","animator:TsurugaMeisai"],"picked":"animator:Megumin","floor":20},{"not_picked":["animator:ElricAlphonse","animator:Lancer"],"picked":"animator:Layla","floor":24},{"not_picked":["animator:Rider","animator:Mitsurugi"],"picked":"animator:Gillette","floor":28},{"not_picked":["animator:Spearman","animator:Sonic"],"picked":"animator:SwordMaiden","floor":29},{"not_picked":["animator:UneriGinkaku","animator:Shichika"],"picked":"animator:ZankiKiguchi","floor":31},{"not_picked":["animator:Envy","animator:GoblinSlayer"],"picked":"animator:ChaikaTrabant","floor":33},{"not_picked":["animator:Caster","animator:SilverFang"],"picked":"animator:MumenRider+1","floor":35},{"not_picked":["animator:Canti+1","animator:Magilou+1"],"picked":"animator:MisaKurobane+1","floor":36},{"not_picked":["animator:Lelouch","animator:Hibiki"],"picked":"animator:Emilia","floor":38},{"not_picked":["animator:NononJakuzure","animator:Kuroyukihime"],"picked":"animator:MisaKurobane","floor":38},{"not_picked":["animator:Magilou","animator:MisakiNakahara"],"picked":"animator:Canti","floor":38},{"not_picked":["animator:MumenRider","animator:Illya"],"picked":"animator:ShinjiMatou+1","floor":39},{"not_picked":["animator:Lancer","animator:MumenRider+1"],"picked":"animator:Biyorigo","floor":41},{"not_picked":["animator:Verdia","animator:Mitsurugi"],"picked":"animator:YunYun","floor":45},{"not_picked":["animator:Assassin+1","animator:Verdia"],"picked":"animator:Spearman","floor":46},{"not_picked":["animator:SakuraMatou","animator:ChaikaBohdan"],"picked":"animator:SwordMaiden","floor":48}],"player_experience":617616,"relics_obtained":[{"floor":6,"key":"hubris:Potato"},{"floor":8,"key":"Nunchaku"},{"floor":9,"key":"Lantern"},{"floor":26,"key":"aspiration:Lifesprig"},{"floor":28,"key":"Red Mask"},{"floor":29,"key":"Anchor"},{"floor":41,"key":"animator:Buoy"},{"floor":42,"key":"Vajra"}],"event_choices":[{"damage_healed":0,"gold_gain":113,"player_choice":"RE GO RE RE ","damage_taken":58,"relics_obtained":["Akabeko","Oddly Smooth Stone","Orichalcum"],"max_hp_gain":0,"max_hp_loss":0,"event_name":"betterSkull:BetterSkull","floor":4,"gold_loss":0,"cards_upgraded":[]},{"damage_healed":0,"gold_gain":0,"player_choice":"Fought Bandits","damage_taken":0,"max_hp_gain":0,"max_hp_loss":0,"event_name":"Masked Bandits","floor":28,"gold_loss":0},{"damage_healed":0,"gold_gain":0,"player_choice":"2","damage_taken":0,"max_hp_gain":0,"max_hp_loss":0,"event_name":"betterMatch:BetterMatch","floor":36,"gold_loss":0,"cards_obtained":["betterMatch:ColorlessUncommonCard"]},{"damage_healed":0,"gold_gain":0,"player_choice":"Ignored","damage_taken":0,"max_hp_gain":0,"max_hp_loss":0,"event_name":"NoteForYourself","floor":37,"gold_loss":0}],"is_beta":false,"boss_relics":[{"not_picked":["Empty Cage","Replay:Bronze Core"],"picked":"aspiration:PoetsPen_weak"},{"not_picked":["SacredBark","Sozu"],"picked":"Mark of Pain"}],"items_purged_floors":[],"is_endless":false,"potions_floor_spawned":[5,6,7,8,13,18,20,24,31,33,35,46],"killed_by":"conspire:OrnateMirror","ascension_level":2}}