{"host":"ueef25wtkg2eer3h","time":1608134378,"event":{"mods":["AchievementEnabler","BaseMod","Colored Map","Colored Powertips","DeckTracker","Displayed Cursed Tome","Googly Eyes","Highlight Path","Minty Spire (QoL Compilation)","Slay the Relics Exporter","StSLib"],"gold_per_floor":[110,185,36,48,223,223,258,258,558,558,576,143,169,183,183,287,287,306,325,424,424,424,457,457,486,486,521,521,534,548,578,578,578,578],"floor_reached":33,"playtime":1414,"items_purged":["Doubt"],"score":430,"play_id":"48ada42a-7c92-49ae-b7e0-4e71714b1d45","local_time":"20201216165938","is_ascension_mode":true,"campfire_choices":[{"data":"Eruption","floor":6,"key":"SMITH"},{"data":"BowlingBash","floor":8,"key":"SMITH"},{"data":"Consecrate","floor":10,"key":"SMITH"},{"data":"Tantrum","floor":15,"key":"SMITH"},{"floor":24,"key":"REST"},{"floor":32,"key":"REST"}],"circlet_count":0,"master_deck":["Strike_P","Strike_P","Strike_P","Strike_P","Defend_P","Defend_P","Defend_P","Defend_P","Eruption+1","Vigilance","BowlingBash+1","Consecrate+1","ThirdEye","SashWhip","Bandage Up","CutThroughFate","Adaptation","JustLucky","Tantrum+1","Ragnarok+1","Prostrate","ThirdEye+1","J.A.X.","Nirvana","TalkToTheHand+1","FollowUp","CutThroughFate","WheelKick","EmptyFist","ClearTheMind"],"relics":["PureWater","NeowsBlessing","Vajra","Oddly Smooth Stone","Old Coin","HandDrill","GoldenEye","Philosopher\u0027s Stone","Blood Vial","FossilizedHelix","Art of War","Red Mask","Smiling Mask"],"acts_visited":["Exordium","TheCity"],"potions_floor_usage":[23,25,27,27,31,31],"damage_taken":[{"damage":0,"enemies":"Small Slimes","floor":1,"turns":1},{"damage":0,"enemies":"Cultist","floor":4,"turns":1},{"damage":0,"enemies":"Gremlin Nob","floor":7,"turns":1},{"damage":0,"enemies":"2 Louse","floor":11,"turns":2},{"damage":0,"enemies":"Lagavulin","floor":13,"turns":4},{"damage":6,"enemies":"2 Fungi Beasts","floor":14,"turns":3},{"damage":56,"enemies":"Hexaghost","floor":16,"turns":6},{"damage":0,"enemies":"Spheric Guardian","floor":18,"turns":2},{"damage":2,"enemies":"Shell Parasite","floor":19,"turns":3},{"damage":37,"enemies":"Gremlin Leader","floor":23,"turns":5},{"damage":40,"enemies":"Slavers","floor":25,"turns":4},{"damage":0,"enemies":"Masked Bandits","floor":27,"turns":2},{"damage":0,"enemies":"3 Cultists","floor":29,"turns":3},{"damage":0,"enemies":"Cultist and Chosen","floor":30,"turns":3},{"damage":0,"enemies":"Gremlin Leader","floor":31,"turns":3},{"damage":61,"enemies":"Champ","floor":33,"turns":6}],"seed_played":"662796473623168017","potions_obtained":[{"floor":4,"key":"PowerPotion"},{"floor":11,"key":"PowerPotion"},{"floor":23,"key":"Explosive Potion"},{"floor":25,"key":"EssenceOfSteel"},{"floor":29,"key":"SkillPotion"},{"floor":30,"key":"Energy Potion"}],"is_trial":false,"path_per_floor":["M","?","$","M","?","R","E","R","T","R","M","$","E","M","R","B",null,"M","M","?","?","?","E","R","E","T","?","?","M","M","E","R","B"],"character_chosen":"WATCHER","items_purchased":["Vajra","Bandage Up","HandDrill","CutThroughFate","Adaptation"],"campfire_rested":2,"item_purchase_floors":[3,12,12,12,12],"current_hp_per_floor":[72,65,65,65,65,65,65,65,65,65,65,65,69,66,66,14,72,72,70,70,70,70,37,58,24,24,26,26,28,30,32,53,0,0],"gold":578,"neow_bonus":"THREE_ENEMY_KILL","is_daily":false,"chose_seed":false,"campfire_upgraded":4,"win_rate":0.0,"timestamp":1608134378,"path_taken":["M","?","?","?","?","R","E","R","T","R","M","$","E","M","R","BOSS","M","M","?","?","?","E","R","E","T","?","?","?","M","E","R","BOSS"],"items_purchased_type":["Relic","Card","Relic","Card","Card"],"build_version":"2020-12-13","purchased_purges":1,"victory":false,"max_hp_per_floor":[72,72,72,72,72,72,72,72,72,72,72,72,72,72,72,72,72,72,72,72,72,72,72,72,72,72,72,72,72,72,72,72,72,72],"card_choices":[{"not_picked":["SashWhip","CrushJoints"],"picked":"BowlingBash","floor":1},{"not_picked":["Evaluate","MentalFortress"],"picked":"Consecrate","floor":4},{"not_picked":["Establishment","Swivel"],"picked":"ThirdEye","floor":7},{"not_picked":["Meditate","FlyingSleeves"],"picked":"SashWhip","floor":11},{"not_picked":["ForeignInfluence","FlurryOfBlows"],"picked":"JustLucky","floor":13},{"not_picked":["EmptyFist","ClearTheMind"],"picked":"Tantrum","floor":14},{"not_picked":["Omniscience","MasterReality"],"picked":"Ragnarok","floor":16},{"not_picked":["MentalFortress+1","WheelKick"],"picked":"Prostrate","floor":18},{"not_picked":["BowlingBash+1","Consecrate"],"picked":"ThirdEye+1","floor":19},{"not_picked":["Crescendo","SandsOfTime"],"picked":"TalkToTheHand+1","floor":23},{"not_picked":["Evaluate","WreathOfFlame"],"picked":"FollowUp","floor":25},{"not_picked":["ConjureBlade","FearNoEvil"],"picked":"CutThroughFate","floor":27},{"not_picked":["Crescendo","DeceiveReality+1"],"picked":"WheelKick","floor":29},{"not_picked":["Swivel+1","FlyingSleeves"],"picked":"EmptyFist","floor":30},{"not_picked":["Fasting2+1","Judgement"],"picked":"ClearTheMind","floor":31}],"player_experience":276640,"relics_obtained":[{"floor":7,"key":"Oddly Smooth Stone"},{"floor":9,"key":"Old Coin"},{"floor":13,"key":"GoldenEye"},{"floor":23,"key":"Blood Vial"},{"floor":25,"key":"FossilizedHelix"},{"floor":26,"key":"Art of War"},{"floor":27,"key":"Red Mask"},{"floor":31,"key":"Smiling Mask"}],"event_choices":[{"damage_healed":0,"gold_gain":75,"player_choice":"Touch","damage_taken":7,"max_hp_gain":0,"max_hp_loss":0,"event_name":"FaceTrader","floor":2,"gold_loss":0},{"damage_healed":0,"gold_gain":175,"player_choice":"AGREE","damage_taken":0,"max_hp_gain":0,"max_hp_loss":0,"event_name":"Liars Game","floor":5,"gold_loss":0,"cards_obtained":["Doubt"]},{"damage_healed":0,"gold_gain":99,"player_choice":"Stole From Cult","damage_taken":0,"max_hp_gain":0,"max_hp_loss":0,"event_name":"Nest","floor":20,"gold_loss":0},{"damage_healed":0,"gold_gain":0,"player_choice":"Obtain J.A.X.","damage_taken":0,"max_hp_gain":0,"max_hp_loss":0,"event_name":"Drug Dealer","floor":21,"gold_loss":0,"cards_obtained":["J.A.X."]},{"damage_healed":0,"gold_gain":0,"player_choice":"Read","damage_taken":0,"max_hp_gain":0,"max_hp_loss":0,"event_name":"The Library","floor":22,"gold_loss":0,"cards_obtained":["Nirvana"]},{"damage_healed":0,"gold_gain":0,"player_choice":"Fought Bandits","damage_taken":0,"max_hp_gain":0,"max_hp_loss":0,"event_name":"Masked Bandits","floor":27,"gold_loss":0},{"damage_healed":0,"gold_gain":0,"player_choice":"Upgraded","damage_taken":0,"max_hp_gain":0,"max_hp_loss":0,"event_name":"Upgrade Shrine","floor":28,"gold_loss":0,"cards_upgraded":["Ragnarok"]}],"is_beta":false,"boss_relics":[{"not_picked":["VioletLotus","SlaversCollar"],"picked":"Philosopher\u0027s Stone"}],"items_purged_floors":[12],"is_endless":false,"potions_floor_spawned":[4,11,23,25,29,30],"killed_by":"Champ","ascension_level":1}}