{"host":"k8gerrcpv9xe1nxe","time":1608098126,"event":{"mods":["2.2 Compatiblity","AchievementEnabler","BaseMod","Bestiary","Minty Spire (QoL Compilation)","Relic Stats","StSLib"],"gold_per_floor":[113,113,128,139,150,179,179,214,238,265,265,284,299,5,5,5,5],"floor_reached":16,"playtime":634,"items_purged":[],"score":146,"play_id":"9a566812-32ae-4cbf-aa8a-84ab5f12182d","local_time":"20201216005526","is_ascension_mode":true,"campfire_choices":[{"floor":7,"key":"REST"},{"floor":15,"key":"REST"}],"circlet_count":0,"master_deck":["Strike_G","Strike_G","Strike_G","Strike_G","Strike_G","Defend_G","Defend_G","Defend_G","Defend_G","Defend_G","Survivor","Neutralize","Quick Slash","Underhanded Strike","Quick Slash","Acrobatics","Caltrops","Sucker Punch","Dagger Spray","Backstab","Cloak And Dagger"],"relics":["Sozu","Anchor","Potion Belt","Bronze Scales","Smiling Mask","Orichalcum","Singing Bowl"],"acts_visited":["Exordium"],"potions_floor_usage":[],"damage_taken":[{"damage":0,"enemies":"Small Slimes","floor":1,"turns":4},{"damage":0,"enemies":"Cultist","floor":3,"turns":3},{"damage":4,"enemies":"Jaw Worm","floor":4,"turns":3},{"damage":8,"enemies":"Large Slime","floor":5,"turns":7},{"damage":31,"enemies":"Lagavulin","floor":6,"turns":6},{"damage":14,"enemies":"3 Sentries","floor":8,"turns":8},{"damage":18,"enemies":"Gremlin Nob","floor":10,"turns":4},{"damage":0,"enemies":"3 Louse","floor":12,"turns":2},{"damage":0,"enemies":"Red Slaver","floor":13,"turns":2},{"damage":40,"enemies":"The Guardian","floor":16,"turns":12}],"seed_played":"5089606694956711576","potions_obtained":[],"is_trial":false,"path_per_floor":["M","?","M","M","M","E","R","E","T","E","T","M","M","$","R","B"],"character_chosen":"THE_SILENT","items_purchased":["Singing Bowl","Cloak And Dagger"],"campfire_rested":2,"item_purchase_floors":[14,14],"current_hp_per_floor":[70,70,70,66,58,27,48,34,34,16,16,16,16,16,37,0,0],"gold":5,"neow_bonus":"BOSS_RELIC","is_daily":false,"chose_seed":false,"campfire_upgraded":0,"win_rate":0.0,"timestamp":1608098126,"path_taken":["M","?","?","M","M","E","R","E","T","E","?","?","M","$","R","BOSS"],"items_purchased_type":["Relic","Card"],"build_version":"2020-12-13","purchased_purges":0,"victory":false,"max_hp_per_floor":[70,70,70,70,70,70,70,70,70,70,70,70,70,70,70,70,70],"relic_stats":{"Sozu":5,"Singing Bowl":0,"counters":[10,51],"Bronze Scales":[60],"Orichalcum":[12],"Smiling Mask":0,"obtain_stats":[{"Sozu":0,"Potion Belt":8,"Anchor":6,"Singing Bowl":14,"Bronze Scales":9,"Orichalcum":11,"Smiling Mask":10,"Ring of the Snake":0},{"Sozu":0,"Potion Belt":6,"Anchor":5,"Singing Bowl":9,"Bronze Scales":6,"Orichalcum":7,"Smiling Mask":7,"Ring of the Snake":0},{"Sozu":0,"Potion Belt":31,"Anchor":23,"Singing Bowl":39,"Bronze Scales":31,"Orichalcum":35,"Smiling Mask":35,"Ring of the Snake":0}]},"card_choices":[{"not_picked":["Masterful Stab","Eviscerate"],"picked":"Quick Slash","floor":1},{"not_picked":["Acrobatics","Calculated Gamble"],"picked":"Underhanded Strike","floor":3},{"not_picked":["Slice","Blur"],"picked":"Quick Slash","floor":4},{"not_picked":["Slice","Doppelganger"],"picked":"Acrobatics","floor":5},{"not_picked":["All Out Attack","Well Laid Plans"],"picked":"Caltrops","floor":6},{"not_picked":["Dodge and Roll","Quick Slash"],"picked":"Sucker Punch","floor":8},{"not_picked":["Choke","Unload"],"picked":"Dagger Spray","floor":10},{"not_picked":["Underhanded Strike","Quick Slash","PiercingWail"],"picked":"SKIP","floor":12},{"not_picked":["Quick Slash","Sucker Punch"],"picked":"Backstab","floor":13}],"player_experience":86486,"relics_obtained":[{"floor":6,"key":"Anchor"},{"floor":8,"key":"Potion Belt"},{"floor":9,"key":"Bronze Scales"},{"floor":10,"key":"Smiling Mask"},{"floor":11,"key":"Orichalcum"}],"event_choices":[{"damage_healed":0,"gold_gain":0,"player_choice":"Bought 0 Potions","damage_taken":0,"max_hp_gain":0,"max_hp_loss":0,"event_name":"The Woman in Blue","floor":2,"gold_loss":0}],"is_beta":false,"boss_relics":[],"items_purged_floors":[],"is_endless":false,"potions_floor_spawned":[1,3,4,5,12],"killed_by":"The Guardian","ascension_level":4}}