{"host":"h792lphzw6wlba86","time":1608095864,"event":{"mods":["AchievementEnabler","Aspiration","Bard","BaseMod","Beaked The Cultist","Better Altar","Better Match","Better Note","Better Sensory Stone","Better Skull","Better Third Choice","BetterRewards","CCEM","Clawfect","Colored Map","Conspire","Downfall","GifTheSpireLib","Googly Eyes","Halation","Hermit","Highlight Path","Hubris","Hunter ??","Jedi Mod","Jorbs\u0027s Wanderer Trilogy","Mad Scientist","Marisa????????","Mimic Mod","Minty Spire (QoL Compilation)","Permanent Neow","Replay The Spire","Shade Mod","Shop Mod","Spicy Shops","StSLib","Stuff the Spire","The Administrix","The Blackbeard","The Bug Knight","The Construct","The Cursed","The Disciple","The Gatherer","The Hierophant","The IronCluck","The Jungle","The Mystic","The Necromancer","The Problem Sleuth","The Runesmith","The Servant 0.9.4","The Spell Scribe","The Witch","Unceasing Turn Reminder","everything is the same but u backflip on backflip","slay the spire mod where everything is the same but ironclad has a cowboy hat"],"gold_per_floor":[99,114,139,139,170,182,207,307,232,247,347,364,539,559,569,673,773,773,881,881,881,881,901,939,962,962,1126,1126,1145,734,755,780,886,936,861,904,932,1064,676,676,676,676,601,611,632,656,656,656,677,677,677,817,624,624,624,624],"floor_reached":55,"playtime":6144,"items_purged":["hexamod:Strike","hexamod:Strike","hexamod:Strike","hexamod:Strike"],"score":907,"play_id":"8cb575b6-e342-42e8-b17d-7f8e549cd893","local_time":"20201215231744","is_ascension_mode":false,"campfire_choices":[{"floor":1.0,"key":"RECALL"},{"data":"hexamod:Float","floor":9.0,"key":"SMITH"},{"data":"hexamod:SearingWound","floor":18.0,"key":"SMITH"},{"floor":22.0,"key":"REST"},{"floor":26.0,"key":"REST"},{"data":"hexamod:Rewind","floor":35.0,"key":"SMITH"},{"floor":40,"key":"REST"},{"floor":43,"key":"REST"},{"floor":54,"key":"REST"}],"circlet_count":0,"master_deck":["hexamod:Defend","hexamod:Defend","hexamod:Defend","hexamod:Defend+1","hexamod:Sear","hexamod:Float+1","hexamod:FourthSeal","hexamod:Firestarter","hexamod:Haunt","hexamod:Hexaguard","hexamod:BurningTouch","hexamod:BurningTouch","hexamod:Rewind+1","hexamod:SearingWound+1","hexamod:SecondSeal","hexamod:Rewind+1","hexamod:Firestarter","hexamod:HeatCrush+1","hexamod:PhantomCloak","hexamod:Firestarter+1","hexamod:FifthSeal","hexamod:Hexaguard","hexamod:GhostOfSpirePast","hexamod:ExtraCrispy+1","hexamod:ChargedBarrage+1","Apotheosis"],"relics":["hexamod:SpiritBrand","Happy Flower","StuffTheSpire:OldFever","StuffTheSpire:TintedRock","StuffTheSpire:CocoNut","downfall:HeartBlessingRed","Replay:Wanted Poster","PreservedInsect","aspiration:StickyExplosives_weak","halation:BottledLove","Letter Opener","CCEMRelics:BiPhaseBiplane","Tiny House","downfall:HeartBlessingGreen","StuffTheSpire:MayFlowers","hexamod:MatchstickCase","hubris:CrystalStatue","jedi:cryingmask","downfall:HeartBlessingBlue","theSleuth:Tectrixcalibur","CCEMRelics:FestiveHat"],"acts_visited":["Exordium","TheCity","TheBeyond","TheEnding"],"potions_floor_usage":[44,52,55],"damage_taken":[{"damage":1.0,"enemies":"Jaw Worm","floor":2.0,"turns":4.0},{"damage":15.0,"enemies":"HollowMod:MossKnight","floor":3.0,"turns":5.0},{"damage":22.0,"enemies":"3 Sentries","floor":5.0,"turns":10.0},{"damage":0.0,"enemies":"conspire:RoseBush","floor":6.0,"turns":3.0},{"damage":1.0,"enemies":"HollowMod:MossKnight","floor":8.0,"turns":6.0},{"damage":0.0,"enemies":"Small Slimes","floor":10.0,"turns":3.0},{"damage":0.0,"enemies":"Blue Slaver","floor":12.0,"turns":4.0},{"damage":3.0,"enemies":"Exordium Thugs","floor":14.0,"turns":3.0},{"damage":0.0,"enemies":"Large Slime","floor":15.0,"turns":3.0},{"damage":39.0,"enemies":"downfall:Defect","floor":16.0,"turns":6.0},{"damage":38.0,"enemies":"Gremlin Leader","floor":19.0,"turns":7.0},{"damage":23.0,"enemies":"3 Byrds","floor":23.0,"turns":4.0},{"damage":0.0,"enemies":"conspire:HollyBat","floor":24.0,"turns":3.0},{"damage":9.0,"enemies":"conspire:HollyBat","floor":25.0,"turns":6.0},{"damage":0.0,"enemies":"conspire:SneckoGhost","floor":27.0,"turns":3.0},{"damage":5.0,"enemies":"Cultist and Chosen","floor":29.0,"turns":4.0},{"damage":0.0,"enemies":"downfall:FleeingMerchant","floor":30.0,"turns":4.0},{"damage":0.0,"enemies":"3 Cultists","floor":31.0,"turns":4.0},{"damage":0.0,"enemies":"Snecko","floor":32.0,"turns":4.0},{"damage":10.0,"enemies":"downfall:Silent","floor":33.0,"turns":5.0},{"damage":37.0,"enemies":"conspire:MimicChest","floor":36.0,"turns":6.0},{"damage":27.0,"enemies":"3 Darklings","floor":37.0,"turns":4.0},{"damage":0.0,"enemies":"Nemesis","floor":38.0,"turns":3.0},{"damage":0.0,"enemies":"downfall:FleeingMerchant","floor":39.0,"turns":3.0},{"damage":1,"enemies":"3 Shapes","floor":44,"turns":3},{"damage":0,"enemies":"Maw","floor":45,"turns":4},{"damage":10,"enemies":"Spire Growth","floor":46,"turns":3},{"damage":1,"enemies":"3 Darklings","floor":49,"turns":3},{"damage":0,"enemies":"downfall:Watcher","floor":50,"turns":4},{"damage":20,"enemies":"downfall:CharBossMerchant","floor":52,"turns":4},{"damage":100,"enemies":"downfall:NeowBoss","floor":55,"turns":14}],"seed_played":"5207230585252291796","potions_obtained":[{"floor":2.0,"key":"Death Potion"},{"floor":2.0,"key":"Cursed Concoction"},{"floor":5.0,"key":"GamblersBrew"},{"floor":6.0,"key":"jedi:mysterypotion"},{"floor":6.0,"key":"jedi:tentaclejuice"},{"floor":8.0,"key":"LiquidMemories"},{"floor":10.0,"key":"Strength Potion"},{"floor":12.0,"key":"sneckomod:MuddlingPotion"},{"floor":15.0,"key":"AttackPotion"},{"floor":19.0,"key":"Death Potion"},{"floor":24.0,"key":"Adrenaline Potion"},{"floor":25.0,"key":"Guardian:BlockOnCardUsePotion"},{"floor":25.0,"key":"Fire Potion"},{"floor":27.0,"key":"Adrenaline Potion"},{"floor":31.0,"key":"Regen Potion"},{"floor":31.0,"key":"BlessingOfTheForge"},{"floor":32.0,"key":"EssenceOfSteel"},{"floor":32.0,"key":"Fire Potion"},{"floor":33.0,"key":"CultistPotion"},{"floor":33.0,"key":"BlessingOfTheForge"},{"floor":36.0,"key":"jedi:holywater"},{"floor":37.0,"key":"Block Potion"},{"floor":44,"key":"hexamod:DoubleChargePotion"},{"floor":45,"key":"Toxic Potion"},{"floor":52,"key":"Cursed Concoction"}],"is_trial":false,"path_per_floor":["R","M","E","?","E","M","T","E","R","M","?","M","?","M","M","B",null,"R","E","?","?","R","M","MIM","M","R","E","?","M","$","M","M","B",null,"R","?","M","E","$","R","T","?","R","M","M","M","?","?","M","B",null,"E","$","R","B"],"character_chosen":"THE_SPIRIT","items_purchased":["CCEMRelics:BiPhaseBiplane","hexamod:PhantomCloak","hexamod:ExtraCrispy+1","hubris:CrystalStatue","jedi:cryingmask","Apotheosis"],"campfire_rested":5,"item_purchase_floors":[30,30,39,39,39,53],"current_hp_per_floor":[70,69,54,70,48,48,48,54,54,54,54,54,54,51,51,12,77,77,39,39,39,62,39,39,30,53,53,53,48,48,48,57,47,82,82,45,18,18,18,42,42,46,83,82,82,72,72,72,71,71,92,72,72,92,0,0],"gold":624,"neow_bonus":"THREE_CARDS","is_daily":false,"chose_seed":false,"campfire_upgraded":3,"win_rate":0.0,"timestamp":1608095864,"path_taken":["R","M","E","?","E","M","T","E","R","M","?","M","?","M","M","BOSS","R","E","?","?","R","M","MIM","?","R","E","?","M","$","M","M","BOSS","R","?","M","E","$","R","T","?","R","?","M","?","?","?","M","BOSS","E","$","R","BOSS"],"items_purchased_type":["Relic","Card","Card","Relic","Relic","Card"],"build_version":"2020-12-13","purchased_purges":4,"victory":false,"max_hp_per_floor":[70,70,70,70,70,70,70,77,77,77,77,77,77,77,77,77,77,77,77,77,77,77,77,77,77,77,77,77,77,77,77,77,77,82,82,82,82,82,82,82,82,82,92,92,92,92,92,92,92,92,92,92,92,92,92,92],"card_choices":[{"not_picked":["hexamod:RainOfEmbers","hexamod:NightmareStrike"],"picked":"hexamod:FourthSeal","floor":0.0},{"not_picked":["hexamod:ShieldOfDarkness","hexamod:EtherealExpedition"],"picked":"hexamod:Firestarter","floor":2.0},{"not_picked":["hexamod:RainOfEmbers","hexamod:SpectersWail"],"picked":"hexamod:Haunt","floor":3.0},{"not_picked":["hexamod:ShieldOfDarkness","hexamod:UnlimitedPower"],"picked":"hexamod:Hexaguard","floor":5.0},{"not_picked":["hexamod:AdvancingGuard","hexamod:HeatShield"],"picked":"hexamod:BurningTouch","floor":6.0},{"not_picked":["hexamod:GhostLash","hexamod:Again"],"picked":"hexamod:BurningTouch","floor":8.0},{"not_picked":["hexamod:StepThrough","hexamod:GhostLash","hexamod:AdvancingGuard"],"picked":"SKIP","floor":10.0},{"not_picked":["hexamod:SpectralSpark","hexamod:RainOfEmbers","hexamod:GhostOfSpirePresent"],"picked":"SKIP","floor":12.0},{"not_picked":["hexamod:GiftsFromTheDead","hexamod:NightmareGuise"],"picked":"hexamod:Rewind","floor":14.0},{"not_picked":["hexamod:EmpoweredFlame","hexamod:StepThrough","hexamod:HauntingEcho"],"picked":"SKIP","floor":15.0},{"not_picked":["hexamod:TimeWarp","hexamod:CrushingStance"],"picked":"hexamod:SearingWound","floor":16.0},{"not_picked":["hexamod:DynamicBlow","hexamod:BacktrackSmack"],"picked":"hexamod:SecondSeal","floor":19.0},{"not_picked":["hexamod:AdvancingGuard","hexamod:GhostOfSpirePresent","hexamod:SecondSeal"],"picked":"SKIP","floor":23.0},{"not_picked":["hexamod:InspiringFlames","hexamod:NightmareGuise"],"picked":"hexamod:Rewind","floor":24.0},{"not_picked":["hexamod:Haunt","hexamod:SpectersWail","hexamod:InspiringFlames"],"picked":"SKIP","floor":25.0},{"not_picked":["hexamod:ShieldOfDarkness+1","hexamod:ApocalypseNow"],"picked":"hexamod:Firestarter","floor":27.0},{"not_picked":["hexamod:GhostShield","hexamod:InspiringFlames"],"picked":"hexamod:HeatCrush+1","floor":29.0},{"not_picked":["hexamod:SpectersWail","hexamod:SpectralSpark","hexamod:RetreatToShadows"],"picked":"SKIP","floor":30.0},{"not_picked":["hexamod:PhantomFireball","hexamod:GhostOfSpirePresent"],"picked":"hexamod:Firestarter+1","floor":31.0},{"not_picked":["hexamod:RainOfEmbers+1","hexamod:SkipABeat","hexamod:GhostOfSpirePresent"],"picked":"SKIP","floor":32.0},{"not_picked":["hexamod:WildfireWeapon","hexamod:GhostflameInferno"],"picked":"hexamod:FifthSeal","floor":33.0},{"not_picked":["hexamod:SwordOfDarkness","hexamod:FastForward"],"picked":"hexamod:Hexaguard","floor":34.0},{"not_picked":["hexamod:GhostLash+1","hexamod:AdvancingGuard"],"picked":"hexamod:GhostOfSpirePast","floor":36.0},{"not_picked":["hexamod:BacktrackSmack","hexamod:FourthSeal","hexamod:HeatCrush+1"],"picked":"SKIP","floor":37.0},{"not_picked":["hexamod:SwordOfDarkness+1","hexamod:SuperheatedStrike","hexamod:GhostLash"],"picked":"SKIP","floor":38.0},{"not_picked":["hexamod:PowerFromBeyond+1","hexamod:NightmareStrike+1","hexamod:Firestarter"],"picked":"SKIP","floor":44},{"not_picked":["hexamod:ParanormalForm","hexamod:GhostShield"],"picked":"hexamod:ChargedBarrage+1","floor":45},{"not_picked":["hexamod:Firestarter","hexamod:GhostShield","hexamod:NightmareStrike"],"picked":"SKIP","floor":46},{"not_picked":["hexamod:GhostLash","hexamod:RainOfEmbers+1","hexamod:NightmareGuise+1"],"picked":"SKIP","floor":49},{"not_picked":["hexamod:RainOfEmbers+1","hexamod:InspiringFlames","hexamod:NightmareStrike+1"],"picked":"SKIP","floor":52}],"player_experience":633520,"relics_obtained":[{"floor":3.0,"key":"Happy Flower"},{"floor":5.0,"key":"StuffTheSpire:OldFever"},{"floor":7.0,"key":"StuffTheSpire:TintedRock"},{"floor":8.0,"key":"StuffTheSpire:CocoNut"},{"floor":19.0,"key":"PreservedInsect"},{"floor":24.0,"key":"aspiration:StickyExplosives_weak"},{"floor":27.0,"key":"halation:BottledLove"},{"floor":36.0,"key":"StuffTheSpire:MayFlowers"},{"floor":38.0,"key":"hexamod:MatchstickCase"},{"floor":52,"key":"CCEMRelics:FestiveHat"}],"event_choices":[{"damage_healed":23.0,"max_hp_gain":0.0,"max_hp_loss":0.0,"gold_gain":0.0,"event_name":"Big Fish","player_choice":"Banana","floor":4.0,"gold_loss":0.0,"damage_taken":0.0},{"damage_healed":0.0,"max_hp_gain":0.0,"max_hp_loss":0.0,"gold_gain":0.0,"event_name":"Accursed Blacksmith","player_choice":"Forge","floor":20.0,"gold_loss":0.0,"damage_taken":0.0,"cards_upgraded":["hexamod:Rewind"]},{"cards_removed":["Doubt"],"damage_healed":0.0,"max_hp_gain":0.0,"max_hp_loss":0.0,"gold_gain":0.0,"event_name":"Purifier","player_choice":"Purged","floor":21.0,"gold_loss":0.0,"damage_taken":0.0},{"damage_healed":4,"gold_gain":0,"player_choice":"LEAVE ","damage_taken":0,"relics_obtained":[],"max_hp_gain":0,"max_hp_loss":0,"event_name":"betterSkull:BetterSkull","floor":42,"gold_loss":0,"cards_upgraded":[]}],"is_beta":false,"boss_relics":[{"not_picked":["Pandora\u0027s Box","ChewingGum"],"picked":"Replay:Wanted Poster"},{"not_picked":["aspiration:SilentSkillbook","Busted Crown"],"picked":"Tiny House"}],"items_purged_floors":[30,30,39,39],"is_endless":false,"potions_floor_spawned":[2,5,6,10,15,25,29,31,32,33,36,37,49],"killed_by":"downfall:NeowBoss","ascension_level":0}}