{"host":"mi0eibewekhugwl1","time":1608119985,"event":{"mods":["AchievementEnabler","BaseMod","Colored Map","Colored Powertips","DeckTracker","Keyboard Shortcuts","Minty Spire (QoL Compilation)","Quick Restart","Rare Cards Sparkle","Relic Stats","StSLib","SuperFastMode","everything is the same but u backflip on backflip"],"gold_per_floor":[109,119,119,119,4,4,17,17,17,17,13,13,29,40,40,114,114,131,181,208,227,240,240,165,65,65,65,76,103,103,103],"floor_reached":30,"playtime":625,"items_purged":["Strike_B","Strike_B"],"score":480,"play_id":"2e0e277e-efea-4b25-96d6-dfe760799acc","local_time":"20201216205945","is_ascension_mode":true,"campfire_choices":[{"data":"Static Discharge","floor":6,"key":"SMITH"},{"data":"Chaos","floor":8,"key":"SMITH"},{"data":"Dualcast","floor":15,"key":"SMITH"},{"floor":23,"key":"REST"},{"floor":27,"key":"REST"}],"circlet_count":0,"master_deck":["AscendersBane","Defend_B","Defend_B","Defend_B","Defend_B","Zap+1","Dualcast+1","Capacitor","Static Discharge+1","Chaos+1","Cold Snap","Heatsinks","Compile Driver","Coolheaded","Electrodynamics","Turbo+1","Skim+1","Conserve Battery"],"relics":["Cracked Core","Oddly Smooth Stone","Cursed Key","Red Mask","Calipers"],"acts_visited":["Exordium","TheCity"],"potions_floor_usage":[11,16,20,20,20,22,30],"damage_taken":[{"damage":2,"enemies":"2 Louse","floor":1,"turns":4},{"damage":6,"enemies":"Jaw Worm","floor":2,"turns":4},{"damage":0,"enemies":"Small Slimes","floor":7,"turns":3},{"damage":0,"enemies":"Exordium Thugs","floor":11,"turns":4},{"damage":8,"enemies":"2 Fungi Beasts","floor":13,"turns":4},{"damage":8,"enemies":"Exordium Wildlife","floor":14,"turns":3},{"damage":17,"enemies":"Hexaghost","floor":16,"turns":8},{"damage":24,"enemies":"2 Thieves","floor":18,"turns":3},{"damage":12,"enemies":"Masked Bandits","floor":20,"turns":3},{"damage":13,"enemies":"Spheric Guardian","floor":21,"turns":3},{"damage":15,"enemies":"Snake Plant","floor":22,"turns":3},{"damage":8,"enemies":"Centurion and Healer","floor":28,"turns":5},{"damage":13,"enemies":"Gremlin Leader","floor":29,"turns":8},{"damage":9,"enemies":"Colosseum Slavers","floor":30,"turns":3},{"damage":60,"enemies":"Colosseum Nobs","floor":30,"turns":3}],"seed_played":"8992025818759937458","potions_obtained":[{"floor":1,"key":"Block Potion"},{"floor":7,"key":"Regen Potion"},{"floor":14,"key":"LiquidBronze"},{"floor":18,"key":"EntropicBrew"},{"floor":20,"key":"Swift Potion"}],"is_trial":false,"path_per_floor":["M","M","?","?","$","R","M","R","T","$","M","?","M","M","R","B",null,"M","?","?","M","M","R","?","$","T","R","M","E","?"],"character_chosen":"DEFECT","items_purchased":["Chaos"],"campfire_rested":2,"item_purchase_floors":[5],"current_hp_per_floor":[62,56,61,61,61,61,61,61,61,61,61,54,46,38,38,21,62,38,38,35,22,7,29,29,29,29,51,43,30,0,0],"gold":103,"neow_bonus":"RANDOM_COMMON_RELIC","is_daily":false,"chose_seed":false,"campfire_upgraded":3,"win_rate":0.0,"timestamp":1608119985,"path_taken":["M","M","?","?","$","R","M","R","T","?","M","?","M","?","R","BOSS","M","?","?","M","?","R","?","$","T","R","M","E","?"],"items_purchased_type":["Card"],"build_version":"2020-12-13","purchased_purges":2,"victory":false,"max_hp_per_floor":[71,71,76,76,76,76,76,76,76,76,76,76,76,76,76,76,76,76,76,76,76,76,76,76,76,76,76,76,76,76,76],"relic_stats":{"counters":[15,61],"Cursed Key":0,"obtain_stats":[{"Calipers":29,"Oddly Smooth Stone":0,"Red Mask":20,"Cracked Core":0,"Cursed Key":17},{"Calipers":13,"Oddly Smooth Stone":0,"Red Mask":9,"Cracked Core":0,"Cursed Key":7},{"Calipers":55,"Oddly Smooth Stone":0,"Red Mask":36,"Cracked Core":0,"Cursed Key":30}]},"card_choices":[{"not_picked":["Coolheaded","Conserve Battery"],"picked":"Capacitor","floor":1},{"not_picked":["Rip and Tear","Streamline"],"picked":"Static Discharge","floor":2},{"not_picked":["Rebound","Recycle"],"picked":"Cold Snap","floor":7},{"not_picked":["Leap","Capacitor"],"picked":"Heatsinks","floor":11},{"not_picked":["Conserve Battery","Steam"],"picked":"Compile Driver","floor":13},{"not_picked":["Redo","Streamline"],"picked":"Coolheaded","floor":14},{"not_picked":["Thunder Strike","Amplify"],"picked":"Electrodynamics","floor":16},{"not_picked":["Hologram","Rebound"],"picked":"Turbo+1","floor":18},{"not_picked":["Ball Lightning","Redo"],"picked":"Skim+1","floor":21},{"not_picked":["Compile Driver","Barrage"],"picked":"Conserve Battery","floor":22},{"not_picked":["Static Discharge","Hologram","Scrape"],"picked":"SKIP","floor":28},{"not_picked":["Doom and Gloom","Leap","Rip and Tear"],"picked":"SKIP","floor":29}],"player_experience":1672406,"relics_obtained":[{"floor":20,"key":"Red Mask"},{"floor":29,"key":"Calipers"}],"event_choices":[{"damage_healed":0,"gold_gain":0,"player_choice":"Donut","damage_taken":0,"max_hp_gain":5,"max_hp_loss":0,"event_name":"Big Fish","floor":3,"gold_loss":0},{"damage_healed":0,"gold_gain":0,"player_choice":"Grow","damage_taken":0,"max_hp_gain":0,"max_hp_loss":0,"event_name":"Living Wall","floor":4,"gold_loss":0,"cards_upgraded":["Zap"]},{"cards_removed":["Strike_B"],"damage_healed":0,"gold_gain":0,"player_choice":"Card Removal","damage_taken":7,"max_hp_gain":0,"max_hp_loss":0,"event_name":"Golden Wing","floor":12,"gold_loss":0},{"damage_healed":0,"gold_gain":50,"player_choice":"Stole From Cult","damage_taken":0,"max_hp_gain":0,"max_hp_loss":0,"event_name":"Nest","floor":19,"gold_loss":0},{"damage_healed":0,"gold_gain":0,"player_choice":"Fought Bandits","damage_taken":0,"max_hp_gain":0,"max_hp_loss":0,"event_name":"Masked Bandits","floor":20,"gold_loss":0},{"cards_removed":["Strike_B"],"damage_healed":0,"gold_gain":0,"player_choice":"Gave Gold","damage_taken":0,"max_hp_gain":0,"max_hp_loss":0,"event_name":"Beggar","floor":24,"gold_loss":75},{"damage_healed":0,"gold_gain":0,"player_choice":"Fight","damage_taken":0,"max_hp_gain":0,"max_hp_loss":0,"event_name":"Colosseum","floor":30,"gold_loss":0},{"damage_healed":0,"gold_gain":0,"player_choice":"Fought Nobs","damage_taken":0,"max_hp_gain":0,"max_hp_loss":0,"event_name":"Colosseum","floor":30,"gold_loss":0}],"is_beta":false,"boss_relics":[{"not_picked":["Empty Cage","Runic Pyramid"],"picked":"Cursed Key"}],"items_purged_floors":[5,25],"is_endless":false,"potions_floor_spawned":[1,7,14,18,20,21,30],"killed_by":"Colosseum Nobs","ascension_level":20}}