{"host":"40e4adzyl212zebh","time":1608121760,"event":{"mods":["BaseMod","Colored Map","Colored Powertips","Downfall","Minty Spire (QoL Compilation)","Quick Restart","StSLib","SuperFastMode"],"gold_per_floor":[0,32,44,57,42,73,73,89,100,127,127,137,197,214,226,324,374,374,394,141,141,155,155,155,155,187,207,223,223,323,308,322,424,424,424,434,468,468,468,468],"floor_reached":39,"playtime":4616,"items_purged":["Slimebound:Tackle"],"score":451,"play_id":"112d6dd5-bb69-4828-9f74-2d662c610b57","local_time":"20201216212920","is_ascension_mode":false,"campfire_choices":[{"data":"Slimebound:Split","floor":1.0,"key":"SMITH"},{"data":"Slimebound:SlimeSlap","floor":18.0,"key":"SMITH"},{"floor":21.0,"key":"RECALL"},{"data":"Slimebound:OozeBath","floor":35,"key":"SMITH"},{"data":"Slimebound:OozeBath","floor":38,"key":"SMITH"}],"circlet_count":0,"master_deck":["Slimebound:Defend_Slimebound+1","Slimebound:Defend_Slimebound+1","Slimebound:Defend_Slimebound+1","Slimebound:Defend_Slimebound+1","Slimebound:Split+1","Slimebound:CorrosiveSpit","Slimebound:SplitAcid","Slimebound:Teamwork","Slimebound:Equalize","Slimebound:Dissolve","Slimebound:RainOfGoop","Slimebound:ViciousTackle","Slimebound:RallyTheTroops","Slimebound:SlimeSpikes","Slimebound:Overexert","Slimebound:LeadByExample","Slimebound:RejuvenatingLick","Slimebound:SlimeSlap+1","Slimebound:ProtectTheBoss","Slimebound:Repurpose","Slimebound:OozeBath+1","RitualDagger","Slimebound:SlimeSpikes+1","Slimebound:Prepare+1","Slimebound:SplitAcid+1","Slimebound:OozeBath+1","Slimebound:SplitMire+1","Slimebound:Replication"],"relics":["Slimebound:AbsorbEndCombat","Matryoshka","Regal Pillow","Anchor","Gremlin Horn","Omamori","Incense Burner","Tiny House","Bag of Marbles","CaptainsWheel","PreservedInsect","White Beast Statue","Black Star","Oddly Smooth Stone","Art of War"],"acts_visited":["Exordium","TheCity","TheBeyond"],"potions_floor_usage":[39],"damage_taken":[{"damage":25.0,"enemies":"Gremlin Nob","floor":2.0,"turns":5.0},{"damage":17.0,"enemies":"2 Louse","floor":3.0,"turns":2.0},{"damage":12.0,"enemies":"Small Slimes","floor":4.0,"turns":3.0},{"damage":15.0,"enemies":"downfall:FleeingMerchant","floor":5.0,"turns":4.0},{"damage":38.0,"enemies":"3 Sentries","floor":6.0,"turns":6.0},{"damage":11.0,"enemies":"Cultist","floor":8.0,"turns":2.0},{"damage":20.0,"enemies":"2 Fungi Beasts","floor":9.0,"turns":3.0},{"damage":29.0,"enemies":"Lagavulin","floor":10.0,"turns":6.0},{"damage":15.0,"enemies":"Exordium Thugs","floor":12.0,"turns":2.0},{"damage":45.0,"enemies":"Gremlin Nob","floor":13.0,"turns":4.0},{"damage":15.0,"enemies":"Gremlin Gang","floor":14.0,"turns":3.0},{"damage":8.0,"enemies":"Large Slime","floor":15.0,"turns":4.0},{"damage":61.0,"enemies":"downfall:Silent","floor":16.0,"turns":8.0},{"damage":8.0,"enemies":"Chosen","floor":19.0,"turns":3.0},{"damage":29.0,"enemies":"downfall:FleeingMerchant","floor":20.0,"turns":4.0},{"damage":13.0,"enemies":"Shell Parasite","floor":22.0,"turns":4.0},{"damage":58.0,"enemies":"Slavers","floor":26.0,"turns":4.0},{"damage":20.0,"enemies":"Cultist and Chosen","floor":27.0,"turns":6.0},{"damage":21.0,"enemies":"Centurion and Healer","floor":28.0,"turns":5.0},{"damage":21.0,"enemies":"downfall:LadyInBlue","floor":30.0,"turns":9.0},{"damage":24.0,"enemies":"downfall:FleeingMerchant","floor":31.0,"turns":4.0},{"damage":22.0,"enemies":"3 Cultists","floor":32.0,"turns":3.0},{"damage":44.0,"enemies":"downfall:Ironclad","floor":33.0,"turns":8.0},{"damage":41,"enemies":"3 Darklings","floor":36,"turns":6},{"damage":56,"enemies":"Reptomancer","floor":37,"turns":7},{"damage":60,"enemies":"Nemesis","floor":39,"turns":8}],"seed_played":"-8545023032120959045","potions_obtained":[{"floor":4.0,"key":"PowerPotion"},{"floor":9.0,"key":"Slimebound:SpawnSlimePotion"},{"floor":10.0,"key":"sneckomod:MuddlingPotion"},{"floor":13.0,"key":"EntropicBrew"},{"floor":15.0,"key":"Guardian:BlockOnCardUsePotion"},{"floor":17.0,"key":"FairyPotion"},{"floor":22.0,"key":"Slimebound:SpawnSlimePotion"},{"floor":27.0,"key":"BlessingOfTheForge"},{"floor":28.0,"key":"Dexterity Potion"},{"floor":30.0,"key":"Slimebound:SlimedPotion"},{"floor":30.0,"key":"CultistPotion"},{"floor":32.0,"key":"Fruit Juice"},{"floor":33.0,"key":"SteroidPotion"},{"floor":36,"key":"Guardian:BlockOnCardUsePotion"}],"is_trial":false,"path_per_floor":["R","E","M","M","$","E","T","M","M","E","?","M","?","M","M","B",null,"R","M","$","R","M","?","T","?","E","M","M","?","?","$","M","B",null,"R","M","E","R","E"],"character_chosen":"SLIMEBOUND","items_purchased":["Slimebound:OozeBath"],"campfire_rested":0,"item_purchase_floors":[20],"current_hp_per_floor":[60,51,57,59,59,43,43,44,44,43,43,42,21,32,46,17,65,65,65,50,50,65,59,59,40,27,43,46,46,55,57,59,50,70,70,54,26,26,0,0],"gold":468,"neow_bonus":"TRANSFORM_TWO_CARDS","is_daily":false,"chose_seed":false,"campfire_upgraded":4,"win_rate":0.0,"timestamp":1608121760,"path_taken":["R","E","M","M","$","E","T","M","M","E","?","M","?","M","M","BOSS","R","M","$","R","M","?","T","?","E","M","?","?","?","$","M","BOSS","R","M","E","R","E"],"items_purchased_type":["Card"],"build_version":"2020-12-13","purchased_purges":1,"victory":false,"max_hp_per_floor":[60,60,60,60,60,60,60,60,60,60,60,60,60,60,60,60,65,65,65,65,65,65,65,65,65,65,65,65,65,65,65,65,70,70,70,70,70,70,70,70],"card_choices":[{"not_picked":["Slimebound:RollThrough","Slimebound:ForwardTackle"],"picked":"Slimebound:Equalize","floor":2.0},{"not_picked":["Slimebound:SplitLeeching","Slimebound:DisruptingSlam"],"picked":"Slimebound:Dissolve","floor":3.0},{"not_picked":["Slimebound:GoopTackle","Slimebound:AcidTongue"],"picked":"Slimebound:RainOfGoop","floor":4.0},{"not_picked":["Slimebound:RollThrough","Slimebound:AcidTongue"],"picked":"Slimebound:ViciousTackle","floor":5.0},{"not_picked":["Slimebound:SlimeTap","Slimebound:SplitMire"],"picked":"Slimebound:RallyTheTroops","floor":6.0},{"not_picked":["Slimebound:SplitAcid","Slimebound:GoopSpray","Slimebound:PressTheAttack"],"picked":"SKIP","floor":8.0},{"not_picked":["Slimebound:Schlurp","Slimebound:RejuvenatingLick"],"picked":"Slimebound:SlimeSpikes","floor":9.0},{"not_picked":["Slimebound:FinishingTackle","Slimebound:Dissolve"],"picked":"Slimebound:Overexert","floor":10.0},{"not_picked":["Slimebound:MegaLick","Slimebound:ViciousTackle"],"picked":"Slimebound:LeadByExample","floor":12.0},{"not_picked":["Slimebound:HauntingLick","Slimebound:LeechEnergy"],"picked":"Slimebound:RejuvenatingLick","floor":14.0},{"not_picked":["Slimebound:GrowthPunch","Slimebound:SplitBruiser","Slimebound:Schlurp"],"picked":"SKIP","floor":15.0},{"not_picked":["Slimebound:MinionMaster","Slimebound:DuplicatedForm"],"picked":"Slimebound:SlimeSlap","floor":16.0},{"not_picked":["Slimebound:GoopSpray","Slimebound:RollThrough"],"picked":"Slimebound:ProtectTheBoss","floor":19.0},{"not_picked":["Slimebound:FlameTackle","Slimebound:SpikyOuterGoop"],"picked":"Slimebound:Repurpose","floor":20.0},{"not_picked":["Slimebound:RallyTheTroops","Slimebound:SlimeSpikes","Slimebound:ViciousTackle+1"],"picked":"SKIP","floor":22.0},{"not_picked":["Slimebound:SlimeTap","Slimebound:GoopTackle","Slimebound:SamplingLick"],"picked":"SKIP","floor":26.0},{"not_picked":["Slimebound:SplitMire","Slimebound:FinishingTackle"],"picked":"Slimebound:SlimeSpikes+1","floor":27.0},{"not_picked":["Slimebound:FirmFortitude","Slimebound:SamplingLick"],"picked":"Slimebound:Prepare+1","floor":28.0},{"not_picked":["Slimebound:SlimeTap","Slimebound:Schlurp"],"picked":"Slimebound:SplitAcid+1","floor":30.0},{"not_picked":["Slimebound:ViciousTackle","Slimebound:HauntingLick","Slimebound:SamplingLick"],"picked":"SKIP","floor":31.0},{"not_picked":["Slimebound:RollThrough","Slimebound:FirmFortitude","Slimebound:SamplingLick"],"picked":"SKIP","floor":32.0},{"not_picked":["Slimebound:SlimeSlap","Slimebound:LeechLife"],"picked":"Slimebound:OozeBath","floor":33.0},{"not_picked":["Slimebound:Prepare","Slimebound:ViciousTackle"],"picked":"Slimebound:SplitMire+1","floor":36},{"not_picked":["Slimebound:FirmFortitude+1","Slimebound:GrowthPunch"],"picked":"Slimebound:Replication","floor":37}],"player_experience":583353,"relics_obtained":[{"floor":2.0,"key":"Matryoshka"},{"floor":6.0,"key":"Regal Pillow"},{"floor":7.0,"key":"Anchor"},{"floor":7.0,"key":"Gremlin Horn"},{"floor":10.0,"key":"Omamori"},{"floor":13.0,"key":"Incense Burner"},{"floor":24.0,"key":"Bag of Marbles"},{"floor":24.0,"key":"CaptainsWheel"},{"floor":26.0,"key":"PreservedInsect"},{"floor":30.0,"key":"White Beast Statue"},{"floor":37,"key":"Oddly Smooth Stone"},{"floor":37,"key":"Art of War"}],"event_choices":[{"damage_healed":0.0,"max_hp_gain":0.0,"max_hp_loss":0.0,"gold_gain":0.0,"event_name":"Back to Basics","player_choice":"Simplicity","floor":29.0,"gold_loss":0.0,"damage_taken":0.0,"cards_upgraded":["Slimebound:Defend_Slimebound","Slimebound:Defend_Slimebound","Slimebound:Defend_Slimebound"]}],"is_beta":false,"boss_relics":[{"not_picked":["Empty Cage","Snecko Eye"],"picked":"Tiny House"},{"not_picked":["Sozu","Philosopher\u0027s Stone"],"picked":"Black Star"}],"items_purged_floors":[20],"is_endless":false,"potions_floor_spawned":[4,9,10,13,15,22,27,28,31,32,33,36,37],"killed_by":"Nemesis","ascension_level":0}}