{"host":"s16kfpesqt7yg83z","time":1608088077,"event":{"mods":["Act Like it!","BaseMod","Colored Map","DeckTracker","Downfall","Minty Spire (QoL Compilation)","Permanent Neow","Quick Restart","StSLib"],"gold_per_floor":[99,110,138,138,150,170,195,207,204,216,245,277,300,329,358,474,486,498,610,622,646,671,683,683],"floor_reached":23,"playtime":1155,"items_purged":[],"score":195,"play_id":"e33f7648-e892-4e76-91c8-e685bd4358a1","local_time":"20201216120757","is_ascension_mode":false,"campfire_choices":[{"data":"hexamod:Sear","floor":1.0,"key":"SMITH"},{"data":"hexamod:SwordOfDarkness","floor":8.0,"key":"SMITH"},{"data":"hexamod:GhostOfSpirePresent","floor":10.0,"key":"SMITH"},{"data":"hexamod:GhostflameInferno","floor":18.0,"key":"SMITH"},{"data":"hexamod:RetreatToShadows","floor":20,"key":"SMITH"}],"circlet_count":0,"master_deck":["hexamod:Strike","hexamod:Strike","hexamod:Strike","hexamod:Strike","hexamod:Defend","hexamod:Defend","hexamod:Defend","hexamod:Defend","hexamod:Sear+1","hexamod:Float","hexamod:SwordOfDarkness+1","hexamod:SpectersWail","hexamod:StepThrough","hexamod:GiftsFromTheDead","hexamod:GhostOfSpirePresent+1","hexamod:Hexaguard","hexamod:GhostflameBarrier","hexamod:RetreatToShadows+1","hexamod:GhostflameInferno+1","hexamod:VolcanoVisage","hexamod:AdvancingGuard","hexamod:BacktrackSmack+1","hexamod:PowerFromBeyond+1"],"relics":["hexamod:SpiritBrand","Regal Pillow","Vajra","MawBank","Black Star","StoneCalendar"],"acts_visited":["Exordium","TheCity"],"potions_floor_usage":[19],"damage_taken":[{"damage":0.0,"enemies":"Cultist","floor":2.0,"turns":3.0},{"damage":12.0,"enemies":"Gremlin Nob","floor":3.0,"turns":4.0},{"damage":0.0,"enemies":"2 Louse","floor":5.0,"turns":2.0},{"damage":0.0,"enemies":"Jaw Worm","floor":6.0,"turns":2.0},{"damage":4.0,"enemies":"downfall:FleeingMerchant","floor":9.0,"turns":4.0},{"damage":1.0,"enemies":"3 Louse","floor":11.0,"turns":3.0},{"damage":13.0,"enemies":"Exordium Wildlife","floor":12.0,"turns":3.0},{"damage":1.0,"enemies":"Blue Slaver","floor":13.0,"turns":2.0},{"damage":6.0,"enemies":"Exordium Thugs","floor":14.0,"turns":4.0},{"damage":0.0,"enemies":"Large Slime","floor":15.0,"turns":5.0},{"damage":27.0,"enemies":"downfall:Ironclad","floor":16.0,"turns":7.0},{"damage":23,"enemies":"downfall:Silent","floor":19,"turns":9},{"damage":4,"enemies":"Shell Parasite","floor":21,"turns":6},{"damage":0,"enemies":"Chosen","floor":22,"turns":4},{"damage":0,"enemies":"Gremlin Leader","floor":23,"turns":1}],"seed_played":"6360607477312095607","potions_obtained":[{"floor":5.0,"key":"ColorlessPotion"},{"floor":11.0,"key":"Slimebound:ThreeZeroPotion"},{"floor":13.0,"key":"SteroidPotion"},{"floor":15.0,"key":"SkillPotion"},{"floor":16.0,"key":"SpeedPotion"}],"is_trial":false,"path_per_floor":["R","M","E","?","M","M","T","R","$","R","M","M","M","M","M","B",null,"R","?","R","M","M","E"],"character_chosen":"THE_SPIRIT","items_purchased":[],"campfire_rested":0,"item_purchase_floors":[],"current_hp_per_floor":[70,70,58,58,58,58,58,58,54,54,53,40,39,33,33,6,70,70,47,47,43,43,43,43],"gold":683,"neow_bonus":"RANDOM_COMMON_RELIC","is_daily":false,"chose_seed":false,"campfire_upgraded":5,"win_rate":0.0,"timestamp":1608088077,"path_taken":["R","M","E","?","M","M","T","R","?","R","M","M","M","M","M","BOSS","R","?","R","M","M","E"],"items_purchased_type":[],"build_version":"2020-12-13","purchased_purges":0,"victory":false,"max_hp_per_floor":[70,70,70,70,70,70,70,70,70,70,70,70,70,70,70,70,70,70,70,70,70,70,70,70],"card_choices":[{"not_picked":["hexamod:SpectersWail","hexamod:RadiantFlame"],"picked":"hexamod:SwordOfDarkness","floor":2.0},{"not_picked":["hexamod:NightmareGuise","hexamod:Hexaguard"],"picked":"hexamod:SpectersWail","floor":3.0},{"not_picked":["hexamod:GhostShield","hexamod:NightmareStrike"],"picked":"hexamod:StepThrough","floor":5.0},{"not_picked":["hexamod:SpectersWail","hexamod:BurningTouch"],"picked":"hexamod:GiftsFromTheDead","floor":6.0},{"not_picked":["hexamod:ExtraCrispy","hexamod:NightmareGuise"],"picked":"hexamod:GhostOfSpirePresent","floor":9.0},{"not_picked":["hexamod:ThermalTransfer","hexamod:InspiringFlames"],"picked":"hexamod:Hexaguard","floor":11.0},{"not_picked":["hexamod:Hexaguard","hexamod:SpectersWail"],"picked":"hexamod:GhostflameBarrier","floor":12.0},{"not_picked":["hexamod:InspiringFlames","hexamod:GhostLash"],"picked":"hexamod:RetreatToShadows","floor":13.0},{"not_picked":["hexamod:HauntingEcho","hexamod:GhostLash","hexamod:RadiantFlame"],"picked":"SKIP","floor":14.0},{"not_picked":["hexamod:SwordOfDarkness","hexamod:InspiringFlames"],"picked":"hexamod:GhostflameInferno","floor":15.0},{"not_picked":["hexamod:TurnItUp","hexamod:UnleashSpirits"],"picked":"hexamod:VolcanoVisage","floor":16.0},{"not_picked":["hexamod:Haunt+1","hexamod:SpectersWail"],"picked":"hexamod:AdvancingGuard","floor":19},{"not_picked":["hexamod:SpectersWail","hexamod:BurningTouch+1"],"picked":"hexamod:BacktrackSmack+1","floor":21},{"not_picked":["hexamod:SpectersWail","hexamod:HauntingEcho"],"picked":"hexamod:PowerFromBeyond+1","floor":22}],"player_experience":1404789,"relics_obtained":[{"floor":3.0,"key":"Vajra"},{"floor":7.0,"key":"MawBank"},{"floor":19,"key":"StoneCalendar"}],"event_choices":[{"damage_healed":0.0,"max_hp_gain":0.0,"max_hp_loss":0.0,"gold_gain":0.0,"event_name":"NoteForYourself","player_choice":"Ignored","floor":4.0,"gold_loss":0.0,"damage_taken":0.0}],"is_beta":false,"boss_relics":[{"not_picked":["Runic Dome","Busted Crown"],"picked":"Black Star"}],"items_purged_floors":[],"is_endless":false,"potions_floor_spawned":[5,11,13,15,16],"killed_by":"Gremlin Leader","ascension_level":0}}