{"host":"egyxg9lnjq7g2hmw","time":1608087443,"event":{"mods":["AchievementEnabler","BaseMod","Block Reminder","Colored Map","Colored Powertips","Highlight Path","Minty Spire (QoL Compilation)","Rare Cards Sparkle","StSLib"],"gold_per_floor":[117,117,117,128,142,142,170,170,217,217,250,270,270,310,310,393,393,393,393,393,159,159,159,159,159,159,159,159,159,159,159],"floor_reached":30,"playtime":1693,"items_purged":[],"score":479,"play_id":"12434aaf-5167-4bb1-bcf3-14b725e444dd","local_time":"20201215185723","is_ascension_mode":true,"campfire_choices":[{"data":"Blade Dance","floor":6.0,"key":"SMITH"},{"data":"Setup","floor":8.0,"key":"SMITH"},{"data":"Neutralize","floor":10.0,"key":"SMITH"},{"data":"After Image","floor":13.0,"key":"SMITH"},{"data":"Skewer","floor":15.0,"key":"SMITH"},{"data":"Choke","floor":23.0,"key":"SMITH"},{"data":"Concentrate","floor":25.0,"key":"SMITH"},{"data":"Night Terror","floor":28,"key":"SMITH"}],"circlet_count":0,"master_deck":["AscendersBane","Strike_G","Strike_G","Strike_G","Strike_G","Strike_G","Defend_G","Defend_G","Defend_G","Defend_G","Defend_G","Survivor","Neutralize+1","After Image+1","Blade Dance+1","Prepared","Setup+1","Burst+1","Concentrate+1","Skewer+1","Night Terror+1","Choke+1","Bandage Up","Accuracy","Tactician","Dash+1"],"relics":["Ring of the Snake","Bag of Preparation","Art of War","Vajra","Pen Nib","CeramicFish","Ectoplasm","Lee\u0027s Waffle","Molten Egg 2","StoneCalendar"],"acts_visited":["Exordium","TheCity"],"potions_floor_usage":[],"damage_taken":[{"damage":3.0,"enemies":"2 Louse","floor":1.0,"turns":4.0},{"damage":4.0,"enemies":"Jaw Worm","floor":4.0,"turns":4.0},{"damage":2.0,"enemies":"Cultist","floor":5.0,"turns":4.0},{"damage":5.0,"enemies":"3 Sentries","floor":7.0,"turns":7.0},{"damage":5.0,"enemies":"Gremlin Nob","floor":11.0,"turns":3.0},{"damage":0.0,"enemies":"Exordium Thugs","floor":12.0,"turns":2.0},{"damage":24.0,"enemies":"Lagavulin","floor":14.0,"turns":7.0},{"damage":12.0,"enemies":"Hexaghost","floor":16.0,"turns":10.0},{"damage":0.0,"enemies":"Chosen","floor":18.0,"turns":4.0},{"damage":1.0,"enemies":"Shell Parasite","floor":20.0,"turns":3.0},{"damage":16.0,"enemies":"Gremlin Leader","floor":24.0,"turns":5.0},{"damage":22,"enemies":"Centurion and Healer","floor":27,"turns":7},{"damage":23,"enemies":"Snecko","floor":29,"turns":6},{"damage":24,"enemies":"Slavers","floor":30,"turns":2}],"seed_played":"-2141211311308549814","potions_obtained":[{"floor":1.0,"key":"DistilledChaos"},{"floor":5.0,"key":"Explosive Potion"},{"floor":7.0,"key":"Strength Potion"},{"floor":14.0,"key":"LiquidMemories"},{"floor":16.0,"key":"Swift Potion"},{"floor":29,"key":"SpeedPotion"}],"is_trial":false,"path_per_floor":["M","?","?","M","M","R","E","R","T","R","E","M","R","E","R","B",null,"M","?","M","$","?","R","E","R","T","M","R","M","E"],"character_chosen":"THE_SILENT","items_purchased":["Lee\u0027s Waffle","Accuracy"],"campfire_rested":0,"item_purchase_floors":[21,21],"current_hp_per_floor":[56,56,56,52,50,50,45,45,45,45,40,40,40,16,16,4,51,51,33,36,73,73,73,57,57,57,43,43,20,0,0],"gold":159,"neow_bonus":"ONE_RANDOM_RARE_CARD","is_daily":false,"chose_seed":false,"campfire_upgraded":8,"win_rate":0.0,"timestamp":1608087443,"path_taken":["M","?","?","M","?","R","E","R","T","R","E","M","R","E","R","BOSS","M","?","M","?","?","R","E","R","T","M","R","?","E"],"items_purchased_type":["Relic","Card"],"build_version":"2020-12-13","purchased_purges":0,"victory":false,"max_hp_per_floor":[66,66,66,66,66,66,66,66,66,66,66,66,66,66,66,66,66,66,66,66,73,73,73,73,73,73,73,73,73,73,73],"card_choices":[{"not_picked":["Leg Sweep","Backflip"],"picked":"Blade Dance","floor":1.0},{"not_picked":["Acrobatics","Setup","Cloak And Dagger"],"picked":"SKIP","floor":4.0},{"not_picked":["Sucker Punch","Slice"],"picked":"Prepared","floor":5.0},{"not_picked":["Blade Dance","Slice"],"picked":"Setup","floor":7.0},{"not_picked":["Underhanded Strike","Escape Plan"],"picked":"Burst","floor":11.0},{"not_picked":["Blade Dance","Bane"],"picked":"Concentrate","floor":12.0},{"not_picked":["Slice","Quick Slash"],"picked":"Skewer","floor":14.0},{"not_picked":["Unload","After Image"],"picked":"Night Terror","floor":16.0},{"not_picked":["Reflex","Skewer"],"picked":"Choke","floor":18.0},{"not_picked":["Poisoned Stab","Dagger Throw","Crippling Poison+1"],"picked":"SKIP","floor":20.0},{"not_picked":["Choke+1","Dodge and Roll"],"picked":"Tactician","floor":24.0},{"not_picked":["Flying Knee+1","Prepared"],"picked":"Dash+1","floor":27},{"not_picked":["Acrobatics","Prepared","Infinite Blades"],"picked":"SKIP","floor":29}],"player_experience":471284,"relics_obtained":[{"floor":7.0,"key":"Art of War"},{"floor":9.0,"key":"Vajra"},{"floor":11.0,"key":"Pen Nib"},{"floor":14.0,"key":"CeramicFish"},{"floor":24.0,"key":"Molten Egg 2"},{"floor":26.0,"key":"StoneCalendar"}],"event_choices":[{"damage_healed":0.0,"max_hp_gain":0.0,"max_hp_loss":0.0,"gold_gain":0.0,"event_name":"Big Fish","player_choice":"Box","floor":2.0,"gold_loss":0.0,"damage_taken":0.0,"relics_obtained":["Bag of Preparation"],"cards_obtained":["Regret"]},{"cards_removed":["Regret"],"damage_healed":0.0,"max_hp_gain":0.0,"max_hp_loss":0.0,"gold_gain":0.0,"event_name":"Living Wall","player_choice":"Forget","floor":3.0,"gold_loss":0.0,"damage_taken":0.0},{"damage_healed":0.0,"max_hp_gain":0.0,"max_hp_loss":0.0,"gold_gain":0.0,"event_name":"Knowing Skull","player_choice":"CARD POTION ","floor":19.0,"potions_obtained":["SkillPotion"],"gold_loss":0.0,"damage_taken":18.0,"cards_obtained":["Bandage Up"]},{"damage_healed":0.0,"max_hp_gain":0.0,"max_hp_loss":0.0,"gold_gain":0.0,"event_name":"Upgrade Shrine","player_choice":"Upgraded","floor":22.0,"gold_loss":0.0,"damage_taken":0.0,"cards_upgraded":["Burst"]}],"is_beta":false,"boss_relics":[{"not_picked":["Busted Crown","Velvet Choker"],"picked":"Ectoplasm"}],"items_purged_floors":[],"is_endless":false,"potions_floor_spawned":[1,5,7,14,16,29],"killed_by":"Slavers","ascension_level":16}}