{"host":"mi0eibewekhugwl1","time":1608131575,"event":{"mods":["AchievementEnabler","BaseMod","Colored Map","Colored Powertips","DeckTracker","Keyboard Shortcuts","Minty Spire (QoL Compilation)","Quick Restart","Rare Cards Sparkle","Relic Stats","StSLib","SuperFastMode","everything is the same but u backflip on backflip"],"gold_per_floor":[110,127,138,34,48,48,67,79,79,105,105,120,140,140,140,215,265,276,276,291,216,51,51,69,69,119,119,135,5,5,23,23,100,100,111,111,130,42,42,42,75,75,100,100,100],"floor_reached":44,"playtime":967,"items_purged":["Strike_R"],"score":860,"play_id":"23cfb367-6524-48d7-97cb-7c9bd8a08c10","local_time":"20201217001255","is_ascension_mode":true,"campfire_choices":[{"data":"Inflame","floor":6.0,"key":"SMITH"},{"data":"Sword Boomerang","floor":11.0,"key":"SMITH"},{"data":"Sword Boomerang","floor":15.0,"key":"SMITH"},{"data":"Pommel Strike","floor":23,"key":"SMITH"},{"data":"Inflame","floor":30,"key":"SMITH"},{"floor":32,"key":"REST"},{"data":"Apotheosis","floor":40,"key":"SMITH"},{"floor":42,"key":"REST"}],"circlet_count":0,"master_deck":["AscendersBane","Defend_R","Defend_R","Bash","Cleave+1","Twin Strike+1","Shrug It Off","Inflame+1","Sword Boomerang+1","Sword Boomerang+1","Offering","Whirlwind+1","Battle Trance","Impervious","Pommel Strike+1","Rage","Inflame+1","Shrug It Off","Barricade","Hemokinesis+1","Fiend Fire+1","Disarm+1","Shockwave+1","Burning Pact","Blind","Apotheosis+1","Finesse","Second Wind+1"],"relics":["Burning Blood","Lantern","Gambling Chip","Tiny House","FaceOfCleric","Orrery","Ancient Tea Set","Astrolabe","Whetstone","Ornamental Fan","Omamori"],"acts_visited":["Exordium","TheCity","TheBeyond"],"potions_floor_usage":[24,33,33,37],"damage_taken":[{"damage":2.0,"enemies":"Cultist","floor":1.0,"turns":4.0},{"damage":12.0,"enemies":"2 Louse","floor":2.0,"turns":3.0},{"damage":7.0,"enemies":"Jaw Worm","floor":3.0,"turns":3.0},{"damage":19.0,"enemies":"Large Slime","floor":5.0,"turns":5.0},{"damage":4.0,"enemies":"Looter","floor":7.0,"turns":3.0},{"damage":11.0,"enemies":"Blue Slaver","floor":8.0,"turns":4.0},{"damage":5.0,"enemies":"Red Slaver","floor":12.0,"turns":3.0},{"damage":9.0,"enemies":"3 Louse","floor":13.0,"turns":3.0},{"damage":15.0,"enemies":"Slime Boss","floor":16.0,"turns":7.0},{"damage":25,"enemies":"Shell Parasite","floor":18,"turns":3},{"damage":6,"enemies":"3 Byrds","floor":20,"turns":3},{"damage":8,"enemies":"Centurion and Healer","floor":24,"turns":7},{"damage":6,"enemies":"3 Cultists","floor":28,"turns":2},{"damage":29,"enemies":"Shelled Parasite and Fungi","floor":31,"turns":4},{"damage":66,"enemies":"Automaton","floor":33,"turns":8},{"damage":22,"enemies":"Orb Walker","floor":35,"turns":4},{"damage":13,"enemies":"3 Shapes","floor":37,"turns":3},{"damage":26,"enemies":"Reptomancer","floor":41,"turns":7},{"damage":59,"enemies":"Nemesis","floor":44,"turns":8}],"seed_played":"3725023979694695092","potions_obtained":[{"floor":7.0,"key":"ColorlessPotion"},{"floor":8.0,"key":"HeartOfIron"},{"floor":16.0,"key":"DistilledChaos"},{"floor":24,"key":"Regen Potion"},{"floor":33,"key":"LiquidMemories"}],"is_trial":false,"path_per_floor":["M","M","M","$","M","R","M","M","T","T","R","M","M","?","R","B",null,"M","?","M","?","$","R","M","?","T","?","M","$","R","M","R","B",null,"M","T","M","$","?","R","E","R","T","E"],"character_chosen":"IRONCLAD","items_purchased":["Shrug It Off","Inflame","Orrery","Shrug It Off","Burning Pact"],"campfire_rested":2,"item_purchase_floors":[4,4,22,29,38],"current_hp_per_floor":[72,66,65,65,52,52,54,49,49,49,49,50,47,42,42,33,70,51,51,52,52,52,52,51,51,51,51,52,52,52,30,55,11,67,52,52,46,46,36,36,17,43,43,0,0],"gold":100,"neow_bonus":"REMOVE_CARD","is_daily":false,"chose_seed":false,"campfire_upgraded":6,"win_rate":0.0,"timestamp":1608131575,"path_taken":["M","M","M","$","M","R","M","?","T","?","R","M","M","?","R","BOSS","M","?","?","?","$","R","M","?","T","?","M","?","R","M","R","BOSS","M","?","M","$","?","R","E","R","T","E"],"items_purchased_type":["Card","Card","Relic","Card","Card"],"build_version":"2020-12-13","purchased_purges":1,"victory":false,"max_hp_per_floor":[75,75,75,75,75,75,75,75,75,75,75,75,75,75,75,75,80,80,80,81,81,81,81,82,82,82,82,83,83,83,84,84,85,85,86,86,87,87,87,87,88,88,88,88,88],"relic_stats":{"FaceOfCleric":8,"counters":[19,84],"Ornamental Fan":[4],"Gambling Chip":[37],"Astrolabe":["Hemokinesis","Fiend Fire","Disarm"],"Whetstone":["Whirlwind","Cleave"],"obtain_stats":[{"Lantern":10,"Tiny House":17,"FaceOfCleric":19,"Ornamental Fan":41,"Gambling Chip":14,"Astrolabe":34,"Orrery":22,"Omamori":43,"Whetstone":36,"Ancient Tea Set":26,"Burning Blood":0},{"Lantern":6,"Tiny House":9,"FaceOfCleric":10,"Ornamental Fan":18,"Gambling Chip":8,"Astrolabe":15,"Orrery":11,"Omamori":18,"Whetstone":16,"Ancient Tea Set":12,"Burning Blood":0},{"Lantern":22,"Tiny House":35,"FaceOfCleric":38,"Ornamental Fan":76,"Gambling Chip":28,"Astrolabe":62,"Orrery":41,"Omamori":76,"Whetstone":66,"Ancient Tea Set":48,"Burning Blood":0}],"Burning Blood":108},"card_choices":[{"not_picked":["Heavy Blade","Perfected Strike","Shockwave"],"picked":"SKIP","floor":1.0},{"not_picked":["Blood for Blood","Iron Wave"],"picked":"Cleave","floor":2.0},{"not_picked":["Battle Trance","Warcry"],"picked":"Twin Strike","floor":3.0},{"not_picked":["Combust","Armaments"],"picked":"Sword Boomerang","floor":5.0},{"not_picked":["Shrug It Off","Body Slam","Wild Strike"],"picked":"SKIP","floor":7.0},{"not_picked":["Fiend Fire","Body Slam"],"picked":"Sword Boomerang","floor":8.0},{"not_picked":["Metallicize","Hemokinesis","Wild Strike"],"picked":"SKIP","floor":12.0},{"not_picked":["Shrug It Off","Headbutt","True Grit"],"picked":"SKIP","floor":13.0},{"not_picked":["Impervious","Limit Break"],"picked":"Offering","floor":16.0},{"not_picked":["Warcry","Shrug It Off"],"picked":"Whirlwind","floor":17},{"not_picked":["Thunderclap","Headbutt","Twin Strike"],"picked":"SKIP","floor":18},{"not_picked":["Wild Strike","Dropkick"],"picked":"Battle Trance","floor":20},{"not_picked":["Fire Breathing","Shrug It Off"],"picked":"Impervious","floor":22},{"not_picked":["True Grit","Entrench"],"picked":"Pommel Strike","floor":22},{"not_picked":["Havoc","Heavy Blade"],"picked":"Rage","floor":24},{"not_picked":["Bloodletting","Battle Trance"],"picked":"Inflame","floor":28},{"not_picked":["Thunderclap","Fire Breathing","Hemokinesis"],"picked":"SKIP","floor":31},{"not_picked":["Demon Form","Feed"],"picked":"Barricade","floor":33},{"not_picked":["Clothesline","Body Slam"],"picked":"Shockwave+1","floor":35},{"not_picked":["Wild Strike","Uppercut","Flex"],"picked":"SKIP","floor":37},{"not_picked":["Discovery","Deep Breath"],"picked":"Blind","floor":39},{"not_picked":["Deep Breath","Forethought"],"picked":"Apotheosis","floor":39},{"not_picked":["Secret Technique","Metamorphosis"],"picked":"Finesse","floor":39},{"not_picked":["Fire Breathing","Hemokinesis"],"picked":"Second Wind+1","floor":41}],"player_experience":1677467,"relics_obtained":[{"floor":10.0,"key":"Lantern"},{"floor":26,"key":"Ancient Tea Set"},{"floor":36,"key":"Whetstone"},{"floor":41,"key":"Ornamental Fan"},{"floor":43,"key":"Omamori"}],"event_choices":[{"damage_healed":0.0,"max_hp_gain":0.0,"max_hp_loss":0.0,"gold_gain":0.0,"event_name":"Scrap Ooze","player_choice":"Success","floor":14.0,"gold_loss":0.0,"damage_taken":5.0,"relics_obtained":["Gambling Chip"]},{"damage_healed":0,"gold_gain":0,"player_choice":"Trade","damage_taken":0,"relics_obtained":["FaceOfCleric"],"max_hp_gain":0,"max_hp_loss":0,"event_name":"FaceTrader","floor":19,"gold_loss":0},{"cards_removed":["Strike_R"],"damage_healed":0,"gold_gain":0,"player_choice":"Gave Gold","damage_taken":0,"max_hp_gain":0,"max_hp_loss":0,"event_name":"Beggar","floor":21,"gold_loss":75},{"cards_removed":["Strike_R"],"damage_healed":0,"gold_gain":0,"player_choice":"Elegance","damage_taken":0,"max_hp_gain":0,"max_hp_loss":0,"event_name":"Back to Basics","floor":25,"gold_loss":0},{"damage_healed":0,"gold_gain":0,"player_choice":"Ignored","damage_taken":0,"max_hp_gain":0,"max_hp_loss":0,"event_name":"Vampires","floor":27,"gold_loss":0},{"damage_healed":0,"gold_gain":0,"player_choice":"Memory 3","damage_taken":10,"max_hp_gain":0,"max_hp_loss":0,"event_name":"SensoryStone","floor":39,"gold_loss":0}],"is_beta":false,"boss_relics":[{"not_picked":["Black Star","Pandora\u0027s Box"],"picked":"Tiny House"},{"not_picked":["Runic Pyramid","Black Blood"],"picked":"Astrolabe"}],"items_purged_floors":[29],"is_endless":false,"potions_floor_spawned":[7,8,12,13,16,24,28,31,33],"killed_by":"Nemesis","ascension_level":20}}