{"host":"j0a1jfichhxu8b8p","time":1608118286,"event":{"mods":["BaseMod","Colored Map","DeckTracker","Keyboard Shortcuts","Minty Spire (QoL Compilation)","Permanent Neow","StSLib"],"gold_per_floor":[119,132,95,110,110,110,145,145,145,160,172,172,185,218,218,295,295,307,318,338,349,239,239,239,239],"floor_reached":24,"playtime":861,"items_purged":[],"score":458,"play_id":"386a8159-3e35-421e-983e-635e12f264a2","local_time":"20201216203126","is_ascension_mode":true,"campfire_choices":[{"data":"Uppercut","floor":6,"key":"SMITH"},{"data":"Perfected Strike","floor":8,"key":"SMITH"},{"data":"Corruption","floor":12,"key":"SMITH"},{"data":"Perfected Strike","floor":15,"key":"SMITH"},{"floor":23,"key":"REST"}],"circlet_count":0,"master_deck":["AscendersBane","Strike_R","Strike_R","Strike_R","Strike_R","Defend_R","Defend_R","Defend_R","Defend_R","Bash","Double Tap","Perfected Strike+1","Uppercut+1","Corruption+1","Wild Strike","Flame Barrier","Burning Pact","Power Through","Feel No Pain","Perfected Strike+1","Twin Strike","Shockwave+1","Power Through"],"relics":["Burning Blood","Paper Frog","Ginger","MealTicket","Sozu"],"acts_visited":["Exordium","TheCity"],"potions_floor_usage":[7,14,24],"damage_taken":[{"damage":7.0,"enemies":"Cultist","floor":1.0,"turns":4.0},{"damage":1.0,"enemies":"Small Slimes","floor":2.0,"turns":3.0},{"damage":9.0,"enemies":"2 Louse","floor":4.0,"turns":3.0},{"damage":10,"enemies":"Lagavulin","floor":7,"turns":6},{"damage":17,"enemies":"Lots of Slimes","floor":10,"turns":5},{"damage":28,"enemies":"Exordium Thugs","floor":11,"turns":5},{"damage":0,"enemies":"Red Slaver","floor":13,"turns":2},{"damage":0,"enemies":"Gremlin Nob","floor":14,"turns":2},{"damage":39,"enemies":"Hexaghost","floor":16,"turns":9},{"damage":7,"enemies":"Chosen","floor":18,"turns":4},{"damage":17,"enemies":"2 Thieves","floor":19,"turns":4},{"damage":25,"enemies":"Cultist and Chosen","floor":20,"turns":6},{"damage":19,"enemies":"Snecko","floor":21,"turns":4},{"damage":57,"enemies":"Slavers","floor":24,"turns":4}],"seed_played":"6968041224061437511","potions_obtained":[{"floor":4.0,"key":"BlessingOfTheForge"},{"floor":7,"key":"DuplicationPotion"},{"floor":10,"key":"BloodPotion"},{"floor":16,"key":"AttackPotion"}],"is_trial":false,"path_per_floor":["M","M","$","M","?","R","E","R","T","M","M","R","M","E","R","B",null,"M","M","M","M","?","R","E"],"character_chosen":"IRONCLAD","items_purchased":["Uppercut"],"campfire_rested":1,"item_purchase_floors":[3],"current_hp_per_floor":[67,72,72,69,69,69,65,65,65,54,32,32,38,44,44,11,59,58,47,28,15,15,37,0,0],"gold":239,"neow_bonus":"TRANSFORM_CARD","is_daily":false,"chose_seed":false,"campfire_upgraded":4,"win_rate":0.0,"timestamp":1608118286,"path_taken":["M","M","?","M","?","R","E","R","T","?","M","R","M","E","R","BOSS","M","?","M","M","?","R","E"],"items_purchased_type":["Card"],"build_version":"2020-12-13","purchased_purges":0,"victory":false,"max_hp_per_floor":[75,75,75,75,75,75,75,75,75,75,75,75,75,75,75,75,75,75,75,75,75,75,75,75,75],"card_choices":[{"not_picked":["Spot Weakness","Wild Strike"],"picked":"Perfected Strike","floor":1.0},{"not_picked":["Metallicize","Heavy Blade","Clothesline"],"picked":"SKIP","floor":2.0},{"not_picked":["Heavy Blade","Searing Blow"],"picked":"Seeing Red","floor":4.0},{"not_picked":["Clothesline","Headbutt","Flame Barrier"],"picked":"SKIP","floor":7},{"not_picked":["Clothesline","Headbutt"],"picked":"Flame Barrier","floor":7},{"not_picked":["Heavy Blade","Seeing Red"],"picked":"Burning Pact","floor":10},{"not_picked":["Cleave","Warcry"],"picked":"Power Through","floor":11},{"not_picked":["Heavy Blade","Armaments"],"picked":"Feel No Pain","floor":13},{"not_picked":["Corruption","Rage"],"picked":"Perfected Strike","floor":14},{"not_picked":["Cleave","Heavy Blade","Inflame"],"picked":"SKIP","floor":18},{"not_picked":["Seeing Red","Fire Breathing"],"picked":"Twin Strike","floor":19},{"not_picked":["Pummel","Wild Strike"],"picked":"Shockwave","floor":20},{"not_picked":["Cleave","Intimidate+1"],"picked":"Power Through","floor":21}],"player_experience":321056,"relics_obtained":[{"floor":7,"key":"Paper Frog"},{"floor":9,"key":"Ginger"},{"floor":14,"key":"MealTicket"}],"event_choices":[{"damage_healed":0,"gold_gain":0,"player_choice":"2 cards matched","damage_taken":0,"max_hp_gain":0,"max_hp_loss":0,"event_name":"Match and Keep!","floor":5,"gold_loss":0,"cards_obtained":["Corruption","Wild Strike"]},{"cards_removed":["Seeing Red"],"damage_healed":0,"gold_gain":0,"player_choice":"Upgrade and Remove","damage_taken":0,"max_hp_gain":0,"max_hp_loss":0,"event_name":"Designer","floor":22,"gold_loss":110,"cards_upgraded":["Shockwave"]}],"is_beta":false,"boss_relics":[{"not_picked":["Runic Pyramid","Black Blood"],"picked":"Sozu"}],"items_purged_floors":[],"is_endless":false,"potions_floor_spawned":[4,7,10,16,18],"killed_by":"Slavers","ascension_level":19}}