{"host":"rjmu5g8hpiele53d","time":1608146980,"event":{"mods":["2.2 Compatiblity","BaseMod","Downfall","GifTheSpireLib","Minty Spire (QoL Compilation)","StSLib"],"gold_per_floor":[99,109,127,127,15,71,141,169,181,181,191,203,203,219,235,235,235],"floor_reached":16,"playtime":792,"items_purged":[],"score":104,"play_id":"01788401-c229-4ea6-abc4-12742d316106","local_time":"20201216192940","is_ascension_mode":false,"campfire_choices":[{"data":"1","floor":1,"key":"LIFT"},{"data":"2","floor":4,"key":"LIFT"},{"floor":10,"key":"REST"}],"circlet_count":0,"master_deck":["champ:Strike","champ:Strike","champ:Strike","champ:Defend","champ:Defend","champ:Defend","champ:Defend","champ:Execute","champ:Taunt","champ:HeartStrike","champ:FanOfKnives","champ:Encircle","Enlightenment","champ:AdrenalArmor","champ:AdrenalArmor","champ:HeavySlash","champ:BladeFlurry","champ:EnragedBash","champ:CrookedStrike"],"relics":["champ:ChampionCrown","Girya","Art of War","Mercury Hourglass","Blood Vial"],"acts_visited":["Exordium"],"potions_floor_usage":[6,16,16],"damage_taken":[{"damage":5,"enemies":"Cultist","floor":2,"turns":3},{"damage":0,"enemies":"2 Louse","floor":3,"turns":2},{"damage":8,"enemies":"downfall:FleeingMerchant","floor":5,"turns":4},{"damage":50,"enemies":"Lagavulin Event","floor":6,"turns":6},{"damage":41,"enemies":"Lagavulin","floor":8,"turns":5},{"damage":12,"enemies":"Jaw Worm","floor":9,"turns":2},{"damage":2,"enemies":"Lots of Slimes","floor":11,"turns":1},{"damage":11,"enemies":"Red Slaver","floor":12,"turns":2},{"damage":24,"enemies":"Large Slime","floor":14,"turns":5},{"damage":12,"enemies":"Blue Slaver","floor":15,"turns":3},{"damage":39,"enemies":"downfall:Defect","floor":16,"turns":4}],"seed_played":"7023855688621924651","potions_obtained":[{"floor":3,"key":"DuplicationPotion"},{"floor":9,"key":"FearPotion"},{"floor":14,"key":"hexamod:EctoCoolerPotion"},{"floor":15,"key":"SkillPotion"}],"is_trial":false,"path_per_floor":["R","M","M","R","$","?","T","E","M","R","M","M","?","M","M","B"],"character_chosen":"THE_CHAMP","items_purchased":["Enlightenment"],"campfire_rested":1,"item_purchase_floors":[5],"current_hp_per_floor":[81,81,81,81,81,45,45,19,16,40,42,37,37,23,24,0,0],"gold":235,"neow_bonus":"ONE_RARE_RELIC","is_daily":false,"chose_seed":false,"campfire_upgraded":0,"win_rate":0.0,"timestamp":1608146980,"path_taken":["R","?","M","R","$","?","T","E","M","R","M","M","?","?","M","BOSS"],"items_purchased_type":["Card"],"build_version":"2020-12-13","purchased_purges":0,"victory":false,"max_hp_per_floor":[81,81,81,81,81,81,81,81,81,81,81,81,81,81,81,81,81],"card_choices":[{"not_picked":["champ:Balance","champ:ArenaPreparation"],"picked":"champ:HeartStrike","floor":2},{"not_picked":["champ:DefensiveShout","champ:Haymaker"],"picked":"champ:FanOfKnives","floor":3},{"not_picked":["champ:AdrenalArmor","champ:FanOfKnives"],"picked":"champ:Encircle","floor":5},{"not_picked":["champ:Balance","champ:DefensiveShout"],"picked":"champ:AdrenalArmor","floor":6},{"not_picked":["champ:Encircle","champ:FlashCut"],"picked":"champ:AdrenalArmor","floor":8},{"not_picked":["champ:AdrenalArmor","champ:Circumvent","champ:GladiatorStyle"],"picked":"SKIP","floor":9},{"not_picked":["champ:DeathBlow","champ:DefensiveShout"],"picked":"champ:HeavySlash","floor":11},{"not_picked":["champ:Balance","champ:FanOfKnives"],"picked":"champ:BladeFlurry","floor":12},{"not_picked":["champ:DefensiveStyle","champ:FocusedGladiator","champ:PreciseThrust"],"picked":"SKIP","floor":14},{"not_picked":["champ:ViciousMockery","champ:GladiatorStyle"],"picked":"champ:CrookedStrike","floor":15}],"player_experience":1550040,"relics_obtained":[{"floor":6,"key":"Art of War"},{"floor":7,"key":"Mercury Hourglass"},{"floor":8,"key":"Blood Vial"}],"event_choices":[{"damage_healed":0,"gold_gain":0,"cards_transformed":["champ:Strike"],"player_choice":"Transformed","damage_taken":0,"max_hp_gain":0,"max_hp_loss":0,"event_name":"Transmorgrifier","floor":13,"gold_loss":0,"cards_obtained":["champ:EnragedBash"]}],"is_beta":false,"boss_relics":[],"items_purged_floors":[],"is_endless":false,"potions_floor_spawned":[3,9,14,15],"killed_by":"downfall:Defect","ascension_level":0}}