{"host":"ipcfr4ajj2jkxvg7","time":1608115211,"event":{"mods":["BaseMod","Colored Powertips","GifTheSpireLib","Marisa（F雨　魔理沙）","Minty Spire (QoL Compilation)","Quick Restart","Remilia（蕾米莉亚）","Replay The Spire","RumiaBox-露米娅的神秘盒子","StSLib"],"gold_per_floor":[214,139,155,155,155,155,186,186,186,20,35,47,47,73,73,171,171,185,197,197,207,107,107,139,156,225,243,243,243],"floor_reached":28,"playtime":834,"items_purged":["Defend_MRS","Defend_MRS"],"score":341,"play_id":"ad5c7190-e1de-45bb-92e1-8b0f1bb19309","local_time":"20201216184011","is_ascension_mode":true,"campfire_choices":[{"data":"UpSweep","floor":6.0,"key":"SMITH"},{"floor":8.0,"key":"REST"},{"floor":13.0,"key":"REST"},{"data":"EnergyFlow","floor":15.0,"key":"SMITH"},{"floor":23.0,"key":"REST"}],"circlet_count":0,"master_deck":["Strike_MRS","Strike_MRS","Strike_MRS","Defend_MRS","Defend_MRS","MasterSpark","UpSweep+1","IllusionStar","PropBag+1","EnergyFlow+1","DeepEcoloBomb","GalacticHalo","OpenUniverse","EscapeVelocity","ShootingEcho+1","EnergyFlow","EnergyFlow","DarkMatter"],"relics":["MiniHakkero","AddBug","SecretRecord","SecretRecord","SecretRecord","SecretRecord","SecretRecord"],"acts_visited":["Exordium","TheCity"],"potions_floor_usage":[25,25],"damage_taken":[{"damage":12.0,"enemies":"Jaw Worm","floor":1.0,"turns":3.0},{"damage":7.0,"enemies":"2 Louse","floor":3.0,"turns":3.0},{"damage":40.0,"enemies":"Lagavulin","floor":7.0,"turns":5.0},{"damage":15.0,"enemies":"Small Slimes","floor":11.0,"turns":3.0},{"damage":6.0,"enemies":"Looter","floor":12.0,"turns":2.0},{"damage":7.0,"enemies":"Replay:BlueRogue","floor":14.0,"turns":4.0},{"damage":31.0,"enemies":"Hexaghost","floor":16.0,"turns":5.0},{"damage":15.0,"enemies":"Chosen","floor":18.0,"turns":4.0},{"damage":13.0,"enemies":"Shell Parasite","floor":19.0,"turns":4.0},{"damage":19.0,"enemies":"Chosen and Byrds","floor":21.0,"turns":6.0},{"damage":25.0,"enemies":"Book of Stabbing","floor":24.0,"turns":4.0},{"damage":28,"enemies":"Sentry and Sphere","floor":25,"turns":4},{"damage":6,"enemies":"Snecko","floor":27,"turns":4},{"damage":0,"enemies":"Masked Bandits","floor":28,"turns":2}],"seed_played":"4731446469066896357","potions_obtained":[{"floor":3.0,"key":"SpeedPotion"},{"floor":11.0,"key":"DuplicationPotion"},{"floor":16.0,"key":"CultistPotion"}],"is_trial":false,"path_per_floor":["M","$","M","?","?","R","E","R","T","$","M","M","R","E","R","B",null,"M","M","?","M","$","R","E","M","T","M","?"],"character_chosen":"MARISA","items_purchased":["DeepEcoloBomb","FairyPotion"],"campfire_rested":3,"item_purchase_floors":[10,10],"current_hp_per_floor":[63,63,56,56,61,61,21,45,45,45,30,24,48,41,41,10,63,48,35,35,16,16,40,15,13,13,7,7,7],"gold":243,"neow_bonus":"HUNDRED_GOLD","is_daily":false,"chose_seed":false,"campfire_upgraded":2,"win_rate":0.0,"timestamp":1608115211,"path_taken":["M","$","M","?","?","R","E","R","T","?","M","M","R","E","R","BOSS","M","M","?","M","$","R","E","M","T","M","?"],"items_purchased_type":["Card","Potion"],"build_version":"2020-12-13","purchased_purges":2,"victory":false,"max_hp_per_floor":[75,75,75,75,80,80,80,80,80,80,80,80,80,80,80,80,80,80,80,80,80,80,80,80,80,80,80,80,80],"card_choices":[{"not_picked":["LuminesStrike","WitchLeyline","DoubleSpark"],"picked":"SKIP","floor":1.0},{"not_picked":["ChargeUpSpray","DarkMatter"],"picked":"IllusionStar","floor":3.0},{"not_picked":["6A","UnstableBomb"],"picked":"EnergyFlow","floor":7.0},{"not_picked":["GravityBeat","PulseMagic"],"picked":"GalacticHalo","floor":11.0},{"not_picked":["EventHorizon","NonDirectionalLaser","BlazeAway"],"picked":"SKIP","floor":12.0},{"not_picked":["Singularity","LuminesStrike"],"picked":"OpenUniverse","floor":14.0},{"not_picked":["BigCrunch","JA"],"picked":"EscapeVelocity","floor":16.0},{"not_picked":["6A+1","DragonMeteor"],"picked":"ShootingEcho+1","floor":18.0},{"not_picked":["LuminesStrike","NonDirectionalLaser+1","GalacticHalo"],"picked":"SKIP","floor":19.0},{"not_picked":["Acceleration","MysteriousBeam"],"picked":"EnergyFlow","floor":21.0},{"not_picked":["GravityBeat","ShootingEcho"],"picked":"EnergyFlow","floor":24.0},{"not_picked":["Robbery","GravityBeat"],"picked":"DarkMatter","floor":25},{"not_picked":["OortCloud","GrandCross","ChargingUp"],"picked":"SKIP","floor":27}],"player_experience":367229,"relics_obtained":[{"floor":1.0,"key":"AddBug"},{"floor":7.0,"key":"Replay:WaspNest"},{"floor":12.0,"key":"SecretRecord"},{"floor":14.0,"key":"Replay:Rubber Ducky"},{"floor":18.0,"key":"SecretRecord"},{"floor":24.0,"key":"SecretRecord"},{"floor":24.0,"key":"Replay:Wax Seal"},{"floor":25,"key":"SecretRecord"},{"floor":26,"key":"Molten Egg 2"}],"event_choices":[{"damage_healed":0.0,"max_hp_gain":5.0,"max_hp_loss":0.0,"gold_gain":0.0,"event_name":"Big Fish","player_choice":"Donut","floor":5.0,"gold_loss":0.0,"damage_taken":0.0},{"damage_healed":0.0,"max_hp_gain":0.0,"max_hp_loss":0.0,"gold_gain":0.0,"event_name":"Ghosts","player_choice":"Ignored","floor":20.0,"gold_loss":0.0,"damage_taken":0.0},{"damage_healed":0,"gold_gain":0,"player_choice":"Fought Bandits","damage_taken":0,"max_hp_gain":0,"max_hp_loss":0,"event_name":"Masked Bandits","floor":28,"gold_loss":0}],"is_beta":false,"boss_relics":[{"not_picked":["Runic Dome","ExperimentalFamiliar"],"picked":"SlaversCollar"}],"items_purged_floors":[2,22],"is_endless":false,"potions_floor_spawned":[3,11,16,18],"killed_by":"Masked Bandits","ascension_level":5}}