{"host":"njb27ds59h4j3ikk","time":1608078700,"event":{"mods":["AchievementEnabler","BaseMod","Better Altar","Better Match","Better Note","Better Sensory Stone","Better Skull","Better Third Choice","BetterRewards","Downfall","Hermit","Hubris","Minty Spire (QoL Compilation)","Permanent Neow","Quarter Circle Forward PUNCH!","Quick Restart","Rare Cards Sparkle","Replay The Spire","Shop Mod","StSLib","Trackpad","Transform Curses"],"gold_per_floor":[116,116,134,134,53,53,78,20,47,79,94,94,94,107,107,184,184,200,213,57,57,66,110,110,119,119,159,159,201,201,201,201,289,298,326,346,355,377,146,179,204,238,238,238,272,295,295,313,313,313],"floor_reached":51,"playtime":2257,"items_purged":["Defend_R"],"score":2280,"play_id":"fc11871c-4ab0-40b9-97c7-361e0892bcde","local_time":"20201215193140","is_ascension_mode":true,"campfire_choices":[{"data":"Replay:Undeath\u0027s Touch","floor":13.0,"key":"SMITH"},{"data":"Bash","floor":15.0,"key":"SMITH"},{"floor":24.0,"key":"REST"},{"floor":28.0,"key":"REST"},{"floor":32.0,"key":"REST"},{"data":"1","floor":47.0,"key":"LIFT"},{"data":"Replay:BasicMightCard","floor":49.0,"key":"SMITH"}],"circlet_count":0,"master_deck":["AscendersBane","Strike_R","Strike_R","Strike_R","Strike_R","Strike_R","Defend_R","Defend_R","Bash+1","Cleave","Master of Strategy","Replay:BasicMightCard+1","Twin Strike","Thunderclap","Feel No Pain","Sentinel","Sentinel","Warcry","Cold Snap","Metallicize","Battle Trance+1","hubris:SharpeningStone","Replay:Sssssssssstrike","FlyingSleeves+1","Sword Boomerang","Rupture+1","Turbo+1","Combust","CarveReality+1","Replay:Undeath\u0027s Touch+1","Iron Wave","Hemogenesis","Cleave+1","Immolate","Feed","Havoc","Wild Strike+1","Hemokinesis","Feed","AbeCurse","Shockwave+1","Heavy Blade+1","Writhe","Intimidate","expansioncontent:DefensiveStance","Perfected Strike+1","Seeing Red","Blood for Blood","True Grit+1","Specialist","Finesse"],"relics":["Black Blood","Paper Frog","Juzu Bracelet","ReplayTheSpireMod:CursedCoin","Girya","BargainBundle","qcfpunch:School_Backpack","Art of War","Thread and Needle","Akabeko","trackpad:Compendium","trackpad:CultistFigurine","Torii","SlaversCollar","CeramicFish","Red Skull","WarpedTongs","MealTicket","PreservedInsect","Tiny Chest","Blood Vial","Replay:Rubber Ducky","Replay:Grab Bag","Abe\u0027s Treasure","Philosopher\u0027s Stone","hubris:Backtick","Durian","Sling","Blue Doll","FossilizedHelix","Darkstone Periapt","hubris:PeanutButter","Replay:Towering Pillar of Hats"],"acts_visited":["Exordium","TheCity","TheBeyond"],"potions_floor_usage":[50,50],"damage_taken":[{"damage":0.0,"enemies":"Cultist","floor":1.0,"turns":4.0},{"damage":0.0,"enemies":"Small Slimes","floor":3.0,"turns":2.0},{"damage":26.0,"enemies":"Lagavulin","floor":7.0,"turns":5.0},{"damage":1.0,"enemies":"Gremlin Nob","floor":10.0,"turns":4.0},{"damage":0.0,"enemies":"2 Louse","floor":11.0,"turns":2.0},{"damage":0.0,"enemies":"2 Fungi Beasts","floor":14.0,"turns":2.0},{"damage":8.0,"enemies":"Hexaghost","floor":16.0,"turns":7.0},{"damage":1.0,"enemies":"Chosen","floor":18.0,"turns":5.0},{"damage":1.0,"enemies":"Shell Parasite","floor":19.0,"turns":2.0},{"damage":37.0,"enemies":"Slavers","floor":23.0,"turns":3.0},{"damage":24.0,"enemies":"Book of Stabbing","floor":27.0,"turns":4.0},{"damage":25.0,"enemies":"Gremlin Leader","floor":29.0,"turns":3.0},{"damage":25.0,"enemies":"Pondfish","floor":33.0,"turns":6.0},{"damage":39.0,"enemies":"3 Shapes","floor":35.0,"turns":2.0},{"damage":0.0,"enemies":"Orb Walker","floor":36.0,"turns":2.0},{"damage":31.0,"enemies":"Maw","floor":38.0,"turns":6.0},{"damage":28.0,"enemies":"Reptomancer","floor":40.0,"turns":6.0},{"damage":4.0,"enemies":"4 Shapes","floor":41.0,"turns":5.0},{"damage":2.0,"enemies":"R_Hoarder","floor":42.0,"turns":6.0},{"damage":24.0,"enemies":"Mind Bloom Boss Battle","floor":45.0,"turns":4.0},{"damage":17.0,"enemies":"Spire Growth","floor":46.0,"turns":6.0},{"damage":0,"enemies":"hubris:GrandSnecko","floor":50,"turns":9}],"seed_played":"1774900398908445327","potions_obtained":[{"floor":11.0,"key":"Weak Potion"},{"floor":14.0,"key":"Doom Potion"},{"floor":18.0,"key":"Fire Potion"},{"floor":27.0,"key":"Doom Potion"},{"floor":33.0,"key":"Milkshake"},{"floor":36.0,"key":"BlessingOfTheForge"},{"floor":41.0,"key":"DuplicationPotion"},{"floor":45.0,"key":"EssenceOfSteel"}],"is_trial":false,"path_per_floor":["M","?","M","?","$","?","E","$","T","E","M","?","R","M","R","B",null,"M","M","$","?","?","E","R","?","T","E","R","E","?","?","R","B",null,"M","M","?","M","$","E","M","E","T","T","?","M","R","?","R","B",null],"character_chosen":"IRONCLAD","items_purchased":["Paper Frog","Juzu Bracelet","ReplayTheSpireMod:CursedCoin","Cleave","BargainBundle","qcfpunch:School_Backpack","Art of War","Block Potion","SteroidPotion","Master of Strategy","Replay:BasicMightCard","Twin Strike","Thunderclap","Feel No Pain","Sentinel","Replay:Sssssssssstrike","Rupture+1","CeramicFish","Sling","expansioncontent:DefensiveStance"],"campfire_rested":3,"item_purchase_floors":[0,0,0,0,0,0,0,0,0,0,0,0,0,0,0,5,8,20,39,39],"current_hp_per_floor":[74,74,75,75,75,75,55,55,55,60,66,66,66,72,72,70,74,75,75,75,58,58,27,49,49,49,34,57,38,14,14,37,20,69,48,62,79,62,77,63,76,88,88,88,78,75,75,75,75,89],"gold":313,"neow_bonus":"","is_daily":false,"chose_seed":false,"campfire_upgraded":3,"win_rate":0.0,"timestamp":1608078700,"path_taken":["M","?","M","?","$","?","E","$","T","E","M","?","R","M","R","BOSS","M","M","$","?","?","E","R","?","T","E","R","E","?","?","R","BOSS","M","M","?","M","$","E","M","E","T","?","?","M","R","?","R","BOSS"],"items_purchased_type":["Relic","Relic","Relic","Card","Relic","Relic","Relic","Potion","Potion","Card","Card","Card","Card","Card","Card","Card","Card","Relic","Relic","Card"],"build_version":"2020-12-13","purchased_purges":1,"victory":true,"max_hp_per_floor":[75,75,75,75,75,75,75,75,75,75,75,75,75,75,75,75,75,75,75,75,75,75,75,75,75,75,78,78,78,78,78,78,78,83,87,87,87,87,87,87,90,90,90,90,90,90,90,90,90,90],"card_choices":[{"not_picked":["Go for the Eyes","White Noise"],"picked":"Cold Snap","floor":1.0},{"not_picked":["True Grit","Sentinel"],"picked":"Metallicize","floor":1.0},{"not_picked":["Shrug It Off","Searing Blow"],"picked":"hubris:SharpeningStone","floor":3.0},{"not_picked":["EmptyBody","DeceiveReality"],"picked":"FlyingSleeves+1","floor":7.0},{"not_picked":["Warcry","Flame Barrier"],"picked":"Sword Boomerang","floor":7.0},{"not_picked":["Chill+1","Panic Button+1"],"picked":"Turbo+1","floor":10.0},{"not_picked":["True Grit","Warcry"],"picked":"Combust","floor":10.0},{"not_picked":["EmptyFist","Replay:AtTheReady"],"picked":"CarveReality","floor":11.0},{"not_picked":["Uppercut","Sword Boomerang"],"picked":"Replay:Undeath\u0027s Touch","floor":11.0},{"not_picked":["Flex","Defy Death"],"picked":"Iron Wave","floor":14.0},{"not_picked":["Demonic Infusion","Exhume"],"picked":"Hemogenesis","floor":16.0},{"not_picked":["Clothesline","Body Slam"],"picked":"Cleave+1","floor":18.0},{"not_picked":["Heavy Blade","Anger+1"],"picked":"Immolate","floor":19.0},{"not_picked":["Sever Soul","Carnage"],"picked":"Feed","floor":23.0},{"not_picked":["True Grit","ReplayTheSpireMod:Muscle Training"],"picked":"Wild Strike+1","floor":27.0},{"not_picked":["Cleave","Perfected Strike"],"picked":"Hemokinesis","floor":29.0},{"not_picked":["Brutality","Bludgeon"],"picked":"Feed","floor":33.0},{"not_picked":["hubris:SharpeningStone","Sentinel"],"picked":"Shockwave+1","floor":35.0},{"not_picked":["Metallicize","Dark Embrace"],"picked":"Heavy Blade+1","floor":36.0},{"not_picked":["Thunderclap","Rampage"],"picked":"Intimidate","floor":38.0},{"not_picked":["Thunderclap","Wild Strike+1","Twin Strike"],"picked":"SKIP","floor":40.0},{"not_picked":["Wild Strike+1","Headbutt"],"picked":"Perfected Strike+1","floor":41.0},{"not_picked":["Headbutt","Heavy Blade"],"picked":"Seeing Red","floor":42.0},{"not_picked":["Sever Soul","Seeing Red"],"picked":"Blood for Blood","floor":45.0},{"not_picked":["Heavy Blade+1","ReplayTheSpireMod:Strike From Hell"],"picked":"True Grit+1","floor":46.0},{"not_picked":["Metamorphosis","expansioncontent:AwakenDeath"],"picked":"Specialist","floor":48.0},{"not_picked":["expansioncontent:Hexaburn","expansioncontent:PolyBeam"],"picked":"Finesse","floor":48.0}],"player_experience":1193779,"relics_obtained":[{"floor":7.0,"key":"trackpad:Compendium"},{"floor":9.0,"key":"trackpad:CultistFigurine"},{"floor":10.0,"key":"Torii"},{"floor":23.0,"key":"MealTicket"},{"floor":27.0,"key":"PreservedInsect"},{"floor":29.0,"key":"Tiny Chest"},{"floor":40.0,"key":"Blue Doll"},{"floor":42.0,"key":"FossilizedHelix"},{"floor":43.0,"key":"Darkstone Periapt"},{"floor":44.0,"key":"hubris:PeanutButter"},{"floor":45.0,"key":"Replay:Towering Pillar of Hats"}],"event_choices":[{"damage_healed":75.0,"max_hp_gain":0.0,"max_hp_loss":75.0,"gold_gain":0.0,"event_name":"betterThird:BetterShining","player_choice":"Leave","floor":4.0,"gold_loss":0.0,"damage_taken":0.0},{"cards_removed":["CommonCold"],"damage_healed":0.0,"max_hp_gain":0.0,"max_hp_loss":0.0,"gold_gain":0.0,"event_name":"Fountain of Cleansing","player_choice":"Removed Curses","floor":6.0,"gold_loss":0.0,"damage_taken":0.0},{"damage_healed":0.0,"max_hp_gain":0.0,"max_hp_loss":0.0,"gold_gain":0.0,"event_name":"betterSkull:BetterSkull","player_choice":"RE ","floor":21.0,"gold_loss":0.0,"damage_taken":19.0,"cards_upgraded":[],"relics_obtained":["Red Skull"]},{"damage_healed":0.0,"max_hp_gain":0.0,"max_hp_loss":0.0,"gold_gain":0.0,"event_name":"Accursed Blacksmith","player_choice":"Rummage","floor":22.0,"gold_loss":0.0,"damage_taken":0.0,"relics_obtained":["WarpedTongs"],"cards_obtained":["Pain"]},{"damage_healed":0.0,"max_hp_gain":0.0,"max_hp_loss":0.0,"gold_gain":0.0,"cards_transformed":["Pain"],"event_name":"Transmorgrifier","player_choice":"Transformed","floor":25.0,"gold_loss":0.0,"damage_taken":0.0,"cards_obtained":["Havoc"]},{"damage_healed":0.0,"max_hp_gain":38.0,"max_hp_loss":14.0,"gold_gain":0.0,"event_name":"betterAltar:BetterAltar","player_choice":" Vial ","floor":30.0,"potions_obtained":[],"relics_lost":[],"gold_loss":0.0,"damage_taken":24.0,"relics_obtained":["Blood Vial"]},{"damage_healed":0.0,"max_hp_gain":0.0,"max_hp_loss":0.0,"gold_gain":0.0,"event_name":"WeMeetAgain","player_choice":"Gave Potion","floor":31.0,"gold_loss":0.0,"damage_taken":0.0,"relics_obtained":["Replay:Rubber Ducky"]},{"damage_healed":17.0,"max_hp_gain":0.0,"max_hp_loss":0.0,"gold_gain":0.0,"event_name":"Winding Halls","player_choice":"Writhe","floor":37.0,"gold_loss":0.0,"damage_taken":0.0,"cards_obtained":["Writhe"]},{"damage_healed":0.0,"max_hp_gain":0.0,"max_hp_loss":0.0,"gold_gain":0.0,"event_name":"MindBloom","player_choice":"Fight","floor":45.0,"gold_loss":0.0,"damage_taken":0.0},{"damage_healed":0.0,"max_hp_gain":0.0,"max_hp_loss":0.0,"gold_gain":3.0,"event_name":"betterStone:BetterStone","player_choice":"1","floor":48.0,"gold_loss":0.0,"damage_taken":0.0}],"is_beta":false,"boss_relics":[{"not_picked":["Replay:Drink Me","Ectoplasm"],"picked":"SlaversCollar"},{"not_picked":["Runic Dome","Sozu"],"picked":"Replay:Grab Bag"},{"not_picked":["Replay:Bronze Core","trackpad:Trackpad"],"picked":"Abe\u0027s Treasure"},{"not_picked":["Replay:Wanted Poster","Fusion Hammer"],"picked":"Philosopher\u0027s Stone"},{"not_picked":["hubris:ScarierMask","SacredBark"],"picked":"Black Blood"},{"not_picked":["Ring of Chaos","Kintsugi"],"picked":"hubris:Backtick"}],"items_purged_floors":[0],"is_endless":false,"potions_floor_spawned":[1,11,14,18,27,33,36,40,41,45],"ascension_level":15}}