{"host":"b94931fzay7ri6da","time":1608104387,"event":{"mods":["AchievementEnabler","BaseMod","Colored Map","Colored Powertips","Downfall","Minty Spire (QoL Compilation)","Quick Restart","StSLib","SuperFastMode"],"gold_per_floor":[117,171,171,23,198,198,211,211,238,265,9,9,40,58,58,58,58],"floor_reached":16,"playtime":311,"items_purged":[],"score":138,"play_id":"3f140b03-d288-487c-9c20-5c7d9a52a6fe","local_time":"20201216073947","is_ascension_mode":true,"campfire_choices":[{"data":"SandsOfTime","floor":6,"key":"SMITH"},{"data":"EmptyFist","floor":8,"key":"SMITH"},{"floor":15,"key":"REST"}],"circlet_count":0,"master_deck":["Strike_P","Strike_P","Strike_P","Strike_P","Defend_P","Defend_P","Defend_P","Defend_P","Eruption+1","Vigilance","SandsOfTime+1","Eruption+1","Doubt","EmptyFist+1","FlurryOfBlows","CrushJoints","Evaluate"],"relics":["PureWater","NeowsBlessing","DollysMirror","Bag of Preparation","Vajra","Kunai","Golden Idol","Matryoshka"],"acts_visited":["Exordium"],"potions_floor_usage":[16],"damage_taken":[{"damage":0,"enemies":"Jaw Worm","floor":1,"turns":1},{"damage":0,"enemies":"Small Slimes","floor":7,"turns":2},{"damage":0,"enemies":"Gremlin Nob","floor":10,"turns":1},{"damage":30,"enemies":"3 Sentries","floor":13,"turns":5},{"damage":7,"enemies":"2 Louse","floor":14,"turns":2},{"damage":40,"enemies":"The Guardian","floor":16,"turns":5}],"seed_played":"-1628675714721409345","potions_obtained":[{"floor":7,"key":"sneckomod:MuddlingPotion"},{"floor":13,"key":"GamblersBrew"}],"is_trial":false,"path_per_floor":["M","?","?","$","?","R","M","R","T","E","$","?","E","M","R","B"],"character_chosen":"WATCHER","items_purchased":["DollysMirror","Kunai"],"campfire_rested":1,"item_purchase_floors":[4,11],"current_hp_per_floor":[72,72,72,72,72,72,72,72,72,72,72,54,24,17,38,0,0],"gold":58,"neow_bonus":"THREE_ENEMY_KILL","is_daily":false,"chose_seed":false,"campfire_upgraded":2,"win_rate":0.0,"timestamp":1608104387,"path_taken":["M","?","?","$","?","R","?","R","T","E","$","?","E","M","R","BOSS"],"items_purchased_type":["Relic","Relic"],"build_version":"2020-12-13","purchased_purges":0,"victory":false,"max_hp_per_floor":[72,72,72,72,72,72,72,72,72,72,72,72,72,72,72,72,72],"card_choices":[{"not_picked":["JustLucky","FollowUp"],"picked":"SandsOfTime","floor":1},{"not_picked":["Protect","CrushJoints"],"picked":"EmptyFist","floor":7},{"not_picked":["Ragnarok","ThirdEye"],"picked":"FlurryOfBlows","floor":10},{"not_picked":["Conclude","EmptyBody"],"picked":"CrushJoints","floor":13},{"not_picked":["Halt","Collect"],"picked":"Evaluate","floor":14}],"player_experience":301927,"relics_obtained":[{"floor":9,"key":"Bag of Preparation"},{"floor":10,"key":"Vajra"},{"floor":13,"key":"Matryoshka"}],"event_choices":[{"damage_healed":0,"gold_gain":54,"player_choice":"Gained Gold","damage_taken":0,"max_hp_gain":0,"max_hp_loss":0,"event_name":"Golden Wing","floor":2,"gold_loss":0},{"damage_healed":0,"gold_gain":0,"player_choice":"Grow","damage_taken":0,"max_hp_gain":0,"max_hp_loss":0,"event_name":"Living Wall","floor":3,"gold_loss":0,"cards_upgraded":["Eruption"]},{"damage_healed":0,"gold_gain":175,"player_choice":"AGREE","damage_taken":0,"max_hp_gain":0,"max_hp_loss":0,"event_name":"Liars Game","floor":5,"gold_loss":0,"cards_obtained":["Doubt"]},{"damage_healed":0,"gold_gain":0,"player_choice":"Take Damage","damage_taken":18,"relics_obtained":["Golden Idol"],"max_hp_gain":0,"max_hp_loss":0,"event_name":"Golden Idol","floor":12,"gold_loss":0}],"is_beta":false,"boss_relics":[],"items_purged_floors":[],"is_endless":false,"potions_floor_spawned":[7,13],"killed_by":"The Guardian","ascension_level":1}}