{"host":"un97lkyah1pp4w16","time":1608132425,"event":{"mods":["BaseMod","Colored Map","Colored Powertips","Minty Spire (QoL Compilation)","StSLib","SuperFastMode"],"gold_per_floor":[111,111,128,303,303,303,323,323,323,333,333,61,79,1,1,101,101,114,39,39,50,0,0,13,288,288,288,32,32,47,47,47,145,145,165,165,165,165,165],"floor_reached":38,"playtime":866,"items_purged":["Strike_R"],"score":385,"play_id":"8c17d43c-018b-41ac-a2b6-e3a51f328493","local_time":"20201216232705","is_ascension_mode":false,"campfire_choices":[{"floor":6.0,"key":"RECALL"},{"data":"Heavy Blade","floor":8.0,"key":"SMITH"},{"floor":15.0,"key":"REST"},{"floor":23.0,"key":"REST"},{"floor":27.0,"key":"REST"},{"data":"Mayhem","floor":29.0,"key":"SMITH"},{"floor":32.0,"key":"REST"}],"circlet_count":0,"master_deck":["Strike_R+1","Defend_R","Defend_R","Defend_R","Defend_R+1","Bash","Shockwave","Iron Wave","Doubt","Heavy Blade+1","Armaments","Pain","Bloodletting","Dark Shackles","Rupture","Combust","Echo Form","Indignation+1","Dual Wield","Fire Breathing","Collect","Regret","Mayhem+1","Night Terror","ConjureBlade","Writhe"],"relics":["Burning Blood","NeowsBlessing","Mummified Hand","Lizard Tail","WarpedTongs","PrismaticShard","Mark of Pain","Empty Cage"],"acts_visited":["Exordium","TheCity","TheBeyond"],"potions_floor_usage":[38],"damage_taken":[{"damage":0.0,"enemies":"2 Louse","floor":1.0,"turns":1.0},{"damage":0.0,"enemies":"Jaw Worm","floor":3.0,"turns":1.0},{"damage":0.0,"enemies":"Small Slimes","floor":7.0,"turns":1.0},{"damage":19.0,"enemies":"Red Slaver","floor":10.0,"turns":6.0},{"damage":12.0,"enemies":"2 Fungi Beasts","floor":13.0,"turns":4.0},{"damage":62.0,"enemies":"Slime Boss","floor":16.0,"turns":11.0},{"damage":12.0,"enemies":"Shell Parasite","floor":18.0,"turns":4.0},{"damage":50.0,"enemies":"Spheric Guardian","floor":21.0,"turns":6.0},{"damage":10.0,"enemies":"Chosen and Byrds","floor":24.0,"turns":4.0},{"damage":29.0,"enemies":"Snecko","floor":30.0,"turns":5.0},{"damage":43.0,"enemies":"Collector","floor":33.0,"turns":5.0},{"damage":62,"enemies":"3 Shapes","floor":35,"turns":6},{"damage":85,"enemies":"3 Darklings","floor":38,"turns":7}],"seed_played":"-6678384269751913387","potions_obtained":[{"floor":1.0,"key":"SteroidPotion"},{"floor":13.0,"key":"Energy Potion"},{"floor":16.0,"key":"Regen Potion"},{"floor":18.0,"key":"ColorlessPotion"},{"floor":33.0,"key":"AttackPotion"}],"is_trial":false,"path_per_floor":["M","?","M","?","T","R","M","R","T","M","?","$","M","$","R","B",null,"M","?","?","M","?","R","M","?","T","R","$","R","M","?","R","B",null,"M","?","?","M"],"character_chosen":"IRONCLAD","items_purchased":["PrismaticShard","Bloodletting","Dark Shackles","Combust","Mayhem"],"campfire_rested":4,"item_purchase_floors":[12,12,12,14,28],"current_hp_per_floor":[80,64,70,70,70,70,76,76,76,63,63,63,57,57,80,24,80,74,74,74,30,30,54,50,50,50,74,74,74,51,51,75,50,80,24,24,44,0,0],"gold":165,"neow_bonus":"THREE_ENEMY_KILL","is_daily":false,"chose_seed":false,"campfire_upgraded":2,"win_rate":0.0,"timestamp":1608132425,"path_taken":["M","?","M","?","?","R","?","R","T","M","?","$","M","$","R","BOSS","M","?","?","?","?","R","M","?","T","R","$","R","?","?","R","BOSS","M","?","?","M"],"items_purchased_type":["Relic","Card","Card","Card","Card"],"build_version":"2020-12-13","purchased_purges":1,"victory":false,"max_hp_per_floor":[80,80,80,80,80,80,80,80,80,80,80,80,80,80,80,80,80,80,80,80,80,80,80,80,80,80,80,80,80,80,80,80,80,80,80,80,80,80,80],"card_choices":[{"not_picked":["Spot Weakness","Headbutt"],"picked":"Shockwave","floor":1.0},{"not_picked":["True Grit","Sword Boomerang"],"picked":"Iron Wave","floor":3.0},{"not_picked":["Body Slam","Thunderclap"],"picked":"Heavy Blade","floor":7.0},{"not_picked":["Body Slam","Blood for Blood"],"picked":"Armaments","floor":10.0},{"not_picked":["Hyperbeam","Ball Lightning"],"picked":"Rupture","floor":13.0},{"not_picked":["Biased Cognition","Buffer"],"picked":"Echo Form","floor":16.0},{"not_picked":["Burning Pact","Dark Embrace"],"picked":"Indignation+1","floor":18.0},{"not_picked":["Bane","Leap"],"picked":"Fire Breathing","floor":21.0},{"not_picked":["Cold Snap+1","FlurryOfBlows"],"picked":"Collect","floor":24.0},{"not_picked":["FlurryOfBlows","Tantrum"],"picked":"Night Terror","floor":30.0},{"not_picked":["Multi-Cast","All For One"],"picked":"ConjureBlade","floor":33.0},{"not_picked":["Blizzard","Reflex+1","LikeWater"],"picked":"SKIP","floor":35}],"player_experience":90818,"relics_obtained":[{"floor":5.0,"key":"Mummified Hand"},{"floor":9.0,"key":"Lizard Tail"}],"event_choices":[{"damage_healed":0.0,"max_hp_gain":0.0,"max_hp_loss":0.0,"gold_gain":0.0,"event_name":"Shining Light","player_choice":"Entered Light","floor":2.0,"gold_loss":0.0,"damage_taken":16.0,"cards_upgraded":["Defend_R","Strike_R"]},{"damage_healed":0.0,"max_hp_gain":0.0,"max_hp_loss":0.0,"gold_gain":175.0,"event_name":"Liars Game","player_choice":"AGREE","floor":4.0,"gold_loss":0.0,"damage_taken":0.0,"cards_obtained":["Doubt"]},{"damage_healed":0.0,"max_hp_gain":0.0,"max_hp_loss":0.0,"gold_gain":0.0,"event_name":"Accursed Blacksmith","player_choice":"Rummage","floor":11.0,"gold_loss":0.0,"damage_taken":0.0,"relics_obtained":["WarpedTongs"],"cards_obtained":["Pain"]},{"cards_removed":["Strike_R"],"damage_healed":0.0,"max_hp_gain":0.0,"max_hp_loss":0.0,"gold_gain":0.0,"event_name":"Beggar","player_choice":"Gave Gold","floor":19.0,"gold_loss":75.0,"damage_taken":0.0},{"damage_healed":0.0,"max_hp_gain":0.0,"max_hp_loss":0.0,"gold_gain":0.0,"event_name":"The Library","player_choice":"Read","floor":20.0,"gold_loss":0.0,"damage_taken":0.0,"cards_obtained":["Dual Wield"]},{"damage_healed":0.0,"max_hp_gain":0.0,"max_hp_loss":0.0,"gold_gain":0.0,"event_name":"Masked Bandits","player_choice":"Paid Fearfully","floor":22.0,"gold_loss":50.0,"damage_taken":0.0},{"damage_healed":0.0,"max_hp_gain":0.0,"max_hp_loss":0.0,"gold_gain":275.0,"event_name":"Golden Shrine","player_choice":"Desecrate","floor":25.0,"gold_loss":0.0,"damage_taken":0.0,"cards_obtained":["Regret"]},{"damage_healed":0.0,"max_hp_gain":0.0,"max_hp_loss":0.0,"gold_gain":0.0,"event_name":"Ghosts","player_choice":"Ignored","floor":31.0,"gold_loss":0.0,"damage_taken":0.0},{"damage_healed":0,"gold_gain":0,"player_choice":"Ignored","damage_taken":0,"max_hp_gain":0,"max_hp_loss":0,"event_name":"Tomb of Lord Red Mask","floor":36,"gold_loss":0},{"damage_healed":20,"gold_gain":0,"player_choice":"Writhe","damage_taken":0,"max_hp_gain":0,"max_hp_loss":0,"event_name":"Winding Halls","floor":37,"gold_loss":0,"cards_obtained":["Writhe"]}],"is_beta":false,"boss_relics":[{"not_picked":["Coffee Dripper","Ectoplasm"],"picked":"Mark of Pain"},{"not_picked":["Fusion Hammer","Velvet Choker"],"picked":"Empty Cage"}],"items_purged_floors":[28],"is_endless":false,"potions_floor_spawned":[1,13,16,18,33],"killed_by":"3 Darklings","ascension_level":0}}