{"host":"v0dnu0zs4qo0v13s","time":1608142279,"event":{"mods":["BaseMod","Colored Map","Colored Powertips","Minty Spire (QoL Compilation)","Relic Stats","StSLib","SuperFastMode","everything is the same but u backflip on backflip"],"gold_per_floor":[110,120,195,206,216,216,70,104,104,104,121,21,50,61,61,165,165,233,89,128,128,189,189,224,304,304,229,308,320,320,195,195,292,292,364,287,300,300,370,370,56,87,132,146,146,162,197,211,211,211],"floor_reached":51,"playtime":6809,"items_purged":["Defend_P","Defend_P","Writhe"],"score":1025,"play_id":"a4487fe6-086a-4334-8e82-91bf90c0c326","local_time":"20201216131119","is_ascension_mode":true,"campfire_choices":[{"data":"WindmillStrike","floor":6.0,"key":"SMITH"},{"data":"LikeWater","floor":10.0,"key":"SMITH"},{"data":"Vigilance","floor":15.0,"key":"SMITH"},{"data":"Wish","floor":23.0,"key":"SMITH"},{"data":"Fasting2","floor":32.0,"key":"SMITH"},{"data":"DevaForm","floor":40.0,"key":"SMITH"},{"data":"WheelKick","floor":45.0,"key":"SMITH"},{"floor":49,"key":"REST"}],"circlet_count":0,"master_deck":["Strike_P","Strike_P","Defend_P","Defend_P","Eruption","Vigilance+1","Perseverance","WindmillStrike+1","EmptyFist","Protect","Omniscience","LikeWater+1","EmptyBody","Omniscience","Wish+1","SignatureMove","ReachHeaven","Fasting2+1","DevaForm+1","WheelKick+1","Fasting2+1","Vault","DeusExMachina","Wallop+1"],"relics":["Snecko Eye","Damaru","HornCleat","Pocketwatch","SacredBark","PreservedInsect","Pantograph","Singing Bowl","Shuriken","VioletLotus","Gremlin Horn","Ancient Tea Set","Strawberry","Molten Egg 2"],"acts_visited":["Exordium","TheCity","TheBeyond"],"potions_floor_usage":[],"damage_taken":[{"damage":0.0,"enemies":"Cultist","floor":1.0,"turns":4.0},{"damage":10.0,"enemies":"2 Louse","floor":2.0,"turns":3.0},{"damage":2.0,"enemies":"Jaw Worm","floor":4.0,"turns":3.0},{"damage":0.0,"enemies":"Exordium Thugs","floor":5.0,"turns":3.0},{"damage":7.0,"enemies":"3 Sentries","floor":8.0,"turns":4.0},{"damage":3.0,"enemies":"Blue Slaver","floor":11.0,"turns":4.0},{"damage":0.0,"enemies":"Lagavulin","floor":13.0,"turns":5.0},{"damage":0.0,"enemies":"Looter","floor":14.0,"turns":2.0},{"damage":5.0,"enemies":"Hexaghost","floor":16.0,"turns":10.0},{"damage":0.0,"enemies":"Shell Parasite","floor":18.0,"turns":7.0},{"damage":11.0,"enemies":"3 Byrds","floor":20.0,"turns":9.0},{"damage":14.0,"enemies":"Snake Plant","floor":22.0,"turns":4.0},{"damage":1.0,"enemies":"Slavers","floor":24.0,"turns":3.0},{"damage":0.0,"enemies":"Snecko","floor":25.0,"turns":5.0},{"damage":0.0,"enemies":"3 Cultists","floor":28.0,"turns":3.0},{"damage":10.0,"enemies":"Snake Plant","floor":29.0,"turns":4.0},{"damage":17.0,"enemies":"Collector","floor":33.0,"turns":6.0},{"damage":10.0,"enemies":"3 Darklings","floor":35.0,"turns":6.0},{"damage":0.0,"enemies":"Orb Walker","floor":37.0,"turns":6.0},{"damage":8.0,"enemies":"4 Shapes","floor":39.0,"turns":8.0},{"damage":1.0,"enemies":"Giant Head","floor":42.0,"turns":3.0},{"damage":0.0,"enemies":"Spire Growth","floor":44.0,"turns":4.0},{"damage":0.0,"enemies":"Transient","floor":46.0,"turns":5.0},{"damage":11,"enemies":"Reptomancer","floor":47,"turns":5},{"damage":25,"enemies":"Writhing Mass","floor":48,"turns":4},{"damage":21,"enemies":"Donu and Deca","floor":50,"turns":7}],"seed_played":"-6077961626430037418","potions_obtained":[{"floor":4.0,"key":"ColorlessPotion"},{"floor":5.0,"key":"ColorlessPotion"},{"floor":8.0,"key":"Explosive Potion"},{"floor":13.0,"key":"FairyPotion"},{"floor":25.0,"key":"SkillPotion"},{"floor":28.0,"key":"ColorlessPotion"},{"floor":29.0,"key":"AttackPotion"},{"floor":33.0,"key":"Weak Potion"},{"floor":42.0,"key":"SkillPotion"}],"is_trial":false,"path_per_floor":["M","M","?","M","M","R","$","E","T","R","M","$","E","M","R","B",null,"M","$","M","?","M","R","E","M","T","?","M","M","?","$","R","B",null,"M","$","M","?","M","R","$","E","T","M","R","M","E","M","R","B",null],"character_chosen":"WATCHER","items_purchased":["Omniscience","PreservedInsect","WheelKick","Gremlin Horn","LiquidMemories"],"campfire_rested":1,"item_purchase_floors":[7,19,36,41,41],"current_hp_per_floor":[65,55,44,42,42,42,42,35,35,35,32,32,32,32,32,27,61,61,61,50,50,36,36,35,35,35,35,37,27,27,27,27,35,64,56,56,56,56,50,50,50,49,56,58,58,58,47,24,49,53],"gold":211,"neow_bonus":"BOSS_RELIC","is_daily":false,"chose_seed":false,"campfire_upgraded":7,"win_rate":0.0,"timestamp":1608142279,"path_taken":["M","M","?","M","M","R","$","E","T","R","M","$","E","M","R","BOSS","M","$","M","?","M","R","E","M","T","?","M","?","?","$","R","BOSS","M","$","M","?","M","R","$","E","T","M","R","M","E","M","R","BOSS"],"items_purchased_type":["Card","Relic","Card","Relic","Potion"],"build_version":"2020-12-13","purchased_purges":3,"victory":true,"max_hp_per_floor":[72,72,72,72,72,72,72,72,72,72,72,72,72,72,72,72,72,72,72,72,72,72,72,72,72,72,72,74,74,74,74,74,74,74,76,76,76,72,74,74,74,74,81,83,83,83,83,85,85,85],"relic_stats":{"Singing Bowl":10,"Gremlin Horn":[4,5],"counters":[26,127],"Shuriken":[20],"Pantograph":50,"Snecko Eye":[216,243,226,224],"PreservedInsect":224,"VioletLotus":[14],"obtain_stats":[{"Singing Bowl":26,"Gremlin Horn":41,"SacredBark":17,"Damaru":8,"PreservedInsect":19,"Ancient Tea Set":42,"HornCleat":9,"Shuriken":30,"Pantograph":24,"Strawberry":43,"Snecko Eye":0,"Molten Egg 2":47,"VioletLotus":34,"PureWater":0,"Pocketwatch":13},{"Singing Bowl":14,"Gremlin Horn":20,"SacredBark":9,"Damaru":5,"PreservedInsect":10,"Ancient Tea Set":21,"HornCleat":5,"Shuriken":16,"Pantograph":13,"Strawberry":21,"Snecko Eye":0,"Molten Egg 2":24,"VioletLotus":17,"PureWater":0,"Pocketwatch":7},{"Singing Bowl":66,"Gremlin Horn":99,"SacredBark":38,"Damaru":17,"PreservedInsect":45,"Ancient Tea Set":102,"HornCleat":17,"Shuriken":73,"Pantograph":61,"Strawberry":102,"Snecko Eye":0,"Molten Egg 2":116,"VioletLotus":79,"PureWater":0,"Pocketwatch":26}],"Pocketwatch":[40]},"card_choices":[{"not_picked":["FollowUp","ClearTheMind"],"picked":"Perseverance","floor":1.0},{"not_picked":["Nirvana","FollowUp"],"picked":"WindmillStrike","floor":2.0},{"not_picked":["FlyingSleeves","Perseverance"],"picked":"EmptyFist","floor":4.0},{"not_picked":["CutThroughFate","ClearTheMind"],"picked":"Protect","floor":5.0},{"not_picked":["CutThroughFate","Weave"],"picked":"LikeWater","floor":8.0},{"not_picked":["Crescendo","FlyingSleeves"],"picked":"EmptyBody","floor":11.0},{"not_picked":["Nirvana","BattleHymn","PathToVictory"],"picked":"SKIP","floor":13.0},{"not_picked":["PathToVictory","CutThroughFate"],"picked":"Omniscience","floor":14.0},{"not_picked":["ConjureBlade","Devotion"],"picked":"Wish","floor":16.0},{"not_picked":["Evaluate+1","EmptyFist"],"picked":"SignatureMove","floor":18.0},{"not_picked":["ClearTheMind","CarveReality"],"picked":"ReachHeaven","floor":20.0},{"not_picked":["EmptyMind+1","CrushJoints","Prostrate+1"],"picked":"SKIP","floor":22.0},{"not_picked":["WreathOfFlame+1","DeceiveReality","Collect"],"picked":"SKIP","floor":24.0},{"not_picked":["Prostrate","JustLucky+1","Evaluate"],"picked":"SKIP","floor":25.0},{"not_picked":["CrushJoints","Protect","JustLucky+1"],"picked":"Singing Bowl","floor":28.0},{"not_picked":["EmptyMind+1","Consecrate"],"picked":"Fasting2","floor":29.0},{"not_picked":["Brilliance","LessonLearned"],"picked":"DevaForm","floor":33.0},{"not_picked":["EmptyFist","ClearTheMind+1","Study+1"],"picked":"Singing Bowl","floor":35.0},{"not_picked":["Collect+1","FlurryOfBlows"],"picked":"Fasting2+1","floor":37.0},{"not_picked":["Study","CutThroughFate+1","BowlingBash"],"picked":"Singing Bowl","floor":39.0},{"not_picked":["ClearTheMind","Evaluate"],"picked":"Vault","floor":42.0},{"not_picked":["Crescendo","SashWhip","CrushJoints"],"picked":"Singing Bowl","floor":44.0},{"not_picked":["SashWhip+1","WindmillStrike"],"picked":"DeusExMachina","floor":46.0},{"not_picked":["FlyingSleeves+1","Crescendo+1"],"picked":"Wallop+1","floor":47},{"not_picked":["ForeignInfluence","Crescendo","Consecrate+1"],"picked":"Singing Bowl","floor":48}],"player_experience":600593,"relics_obtained":[{"floor":8.0,"key":"Damaru"},{"floor":9.0,"key":"HornCleat"},{"floor":13.0,"key":"Pocketwatch"},{"floor":24.0,"key":"Pantograph"},{"floor":26.0,"key":"Singing Bowl"},{"floor":42.0,"key":"Ancient Tea Set"},{"floor":43.0,"key":"Strawberry"},{"floor":47,"key":"Molten Egg 2"}],"event_choices":[{"damage_healed":0.0,"max_hp_gain":0.0,"max_hp_loss":0.0,"gold_gain":75.0,"event_name":"World of Goop","player_choice":"Gather Gold","floor":3.0,"gold_loss":0.0,"damage_taken":11.0},{"cards_removed":["Strike_P"],"damage_healed":0.0,"max_hp_gain":0.0,"max_hp_loss":0.0,"gold_gain":0.0,"event_name":"Back to Basics","player_choice":"Elegance","floor":21.0,"gold_loss":0.0,"damage_taken":0.0},{"cards_removed":["Strike_P"],"damage_healed":0.0,"max_hp_gain":0.0,"max_hp_loss":0.0,"gold_gain":0.0,"event_name":"Beggar","player_choice":"Gave Gold","floor":27.0,"gold_loss":75.0,"damage_taken":0.0},{"damage_healed":0.0,"max_hp_gain":0.0,"max_hp_loss":0.0,"gold_gain":0.0,"event_name":"The Mausoleum","player_choice":"Opened","floor":30.0,"gold_loss":0.0,"damage_taken":0.0,"relics_obtained":["Shuriken"],"cards_obtained":["Writhe"]},{"damage_healed":0.0,"max_hp_gain":0.0,"max_hp_loss":4.0,"gold_gain":0.0,"event_name":"Winding Halls","player_choice":"Max HP","floor":38.0,"gold_loss":0.0,"damage_taken":0.0}],"is_beta":false,"boss_relics":[{"not_picked":["Tiny House","SlaversCollar"],"picked":"SacredBark"},{"not_picked":["Runic Pyramid","Fusion Hammer"],"picked":"VioletLotus"}],"items_purged_floors":[7,12,31],"is_endless":false,"potions_floor_spawned":[4,5,8,13,14,25,28,29,33,42,44,46,47],"ascension_level":7}}