{"host":"qw1m3zcvi888b4j7","time":1608159961,"event":{"mods":["BaseMod","Block Reminder","Colored Map","Colored Powertips","DeckTracker","Highlight Path","Hubris","Minty Spire (QoL Compilation)","Quick Restart","Rare Cards Sparkle","Relic Sorter","Relic Stats","Replay The Spire","StSLib","The Blue Laboratory","The Cursed"],"gold_per_floor":[119,132,132,110,123,123,157,157,183,183,218,243,276,290,290,394,394,410,39,56,72,90,90,117,117,117,136,136,136,156,156,156],"floor_reached":31,"playtime":2006,"items_purged":[],"score":289,"play_id":"0a6a89d5-e433-4007-a91f-69376536b81d","local_time":"20201217000601","is_ascension_mode":true,"campfire_choices":[{"floor":6,"key":"RECALL"},{"data":"Zap","floor":8,"key":"SMITH"},{"data":"Turbo","floor":10,"key":"SMITH"},{"floor":15,"key":"DIG"},{"floor":23,"key":"REST"}],"circlet_count":0,"master_deck":["Strike_B","Strike_B","Strike_B","Defend_B","Defend_B","Defend_B","Defend_B","Zap+1","Dualcast","Doom and Gloom","Storm","Biased Cognition+1","Coolheaded","Turbo+1","White Noise","Melter","Sweeping Beam","Heatsinks","Core Surge","Panic Button","Static Discharge","Chill+1","BasicCrystalCard","ReplayTheSpireMod:System Scan","Turbo","Go for the Eyes","Sweeping Beam","ReplayTheSpireMod:Calculation Training"],"relics":["Cracked Core","Toy Ornithopter","Vajra","Iron Hammer","ReplayTheSpireMod:TigerMarble","Omamori","Mummified Hand","Inserter","White Beast Statue","Replay:Baseball","hubris:Towel","Oddly Smooth Stone"],"acts_visited":["Exordium","TheCity"],"potions_floor_usage":[7,7,16,20,22,24,24,27,28],"damage_taken":[{"damage":1,"enemies":"Cultist","floor":1,"turns":3},{"damage":12,"enemies":"2 Louse","floor":2,"turns":2},{"damage":6,"enemies":"Jaw Worm","floor":5,"turns":3},{"damage":22,"enemies":"Gremlin Nob","floor":7,"turns":4},{"damage":25,"enemies":"3 Sentries","floor":11,"turns":6},{"damage":4,"enemies":"Lagavulin","floor":13,"turns":6},{"damage":3,"enemies":"Gremlin Gang","floor":14,"turns":2},{"damage":20,"enemies":"Fading Forest","floor":16,"turns":11},{"damage":0,"enemies":"Spheric Guardian","floor":18,"turns":1},{"damage":10,"enemies":"Chosen","floor":20,"turns":3},{"damage":1,"enemies":"3 Cultists","floor":21,"turns":3},{"damage":21,"enemies":"Snake Plant","floor":22,"turns":3},{"damage":40,"enemies":"Slavers","floor":24,"turns":5},{"damage":17,"enemies":"Cultist and Chosen","floor":27,"turns":6},{"damage":14,"enemies":"Colosseum Slavers","floor":28,"turns":4},{"damage":0,"enemies":"Centurion and Healer","floor":30,"turns":5},{"damage":23,"enemies":"Gremlin Leader","floor":31,"turns":2}],"seed_played":"8045761057939094241","potions_obtained":[{"floor":1,"key":"Cursed Concoction"},{"floor":2,"key":"blueLaboratory:FrostheartPotion"},{"floor":11,"key":"blueLaboratory:RelayPotion"},{"floor":18,"key":"blueLaboratory:BottleOfRum"},{"floor":20,"key":"Fire Potion"},{"floor":21,"key":"Adrenaline Potion"},{"floor":22,"key":"blueLaboratory:SavagePotion"},{"floor":24,"key":"blueLaboratory:TrueEctoplasm"},{"floor":27,"key":"Fruit Juice"},{"floor":30,"key":"blueLaboratory:RelayPotion"}],"is_trial":false,"path_per_floor":["M","M","?","$","M","R","E","R","T","R","E","T","E","M","R_BF","B",null,"M","$","M","M","M","R","E","?","T","M","?","?","M","E"],"character_chosen":"DEFECT","items_purchased":["Coolheaded","White Beast Statue","Static Discharge","Chill"],"campfire_rested":1,"item_purchase_floors":[4,19,19,19],"current_hp_per_floor":[74,62,62,62,56,56,44,44,44,44,19,19,15,12,12,7,75,75,75,65,64,48,70,35,35,35,28,19,19,19,0,0],"gold":156,"neow_bonus":"RANDOM_COMMON_RELIC","is_daily":false,"chose_seed":false,"campfire_upgraded":2,"win_rate":0.0,"timestamp":1608159961,"path_taken":["M","?","?","$","M","R","E","R","T","R","E","?","E","M","R_BF","BOSS","M","$","?","M","M","R","E","?","T","M","?","?","M","E"],"items_purchased_type":["Card","Relic","Card","Card"],"build_version":"2020-12-13","purchased_purges":0,"victory":false,"max_hp_per_floor":[75,75,75,75,75,75,75,75,75,75,75,75,75,75,75,75,75,75,75,75,75,75,75,75,75,75,80,80,80,80,80,80],"relic_stats":{"Inserter":[16],"counters":[17,68],"Mummified Hand":[40],"obtain_stats":[{"Replay:Baseball":24,"Inserter":17,"Mummified Hand":15,"Vajra":7,"Oddly Smooth Stone":26,"Iron Hammer":11,"ReplayTheSpireMod:TigerMarble":12,"Omamori":13,"hubris:Towel":25,"Cracked Core":0,"Toy Ornithopter":0,"White Beast Statue":19},{"Replay:Baseball":13,"Inserter":8,"Mummified Hand":7,"Vajra":4,"Oddly Smooth Stone":13,"Iron Hammer":5,"ReplayTheSpireMod:TigerMarble":5,"Omamori":6,"hubris:Towel":13,"Cracked Core":0,"Toy Ornithopter":0,"White Beast Statue":9},{"Replay:Baseball":52,"Inserter":37,"Mummified Hand":26,"Vajra":12,"Oddly Smooth Stone":52,"Iron Hammer":18,"ReplayTheSpireMod:TigerMarble":18,"Omamori":24,"hubris:Towel":52,"Cracked Core":0,"Toy Ornithopter":0,"White Beast Statue":38}],"Toy Ornithopter":35},"card_choices":[{"not_picked":["Recycle","Conserve Battery"],"picked":"Doom and Gloom","floor":1},{"not_picked":["Undo","hubris:Ukulele"],"picked":"Storm","floor":2},{"not_picked":["Coolheaded","Leap"],"picked":"Turbo","floor":5},{"not_picked":["Gash","Blizzard"],"picked":"White Noise","floor":7},{"not_picked":["BasicCrystalCard","ReplayTheSpireMod:Calculation Training"],"picked":"Melter","floor":11},{"not_picked":["BasicCrystalCard","Compile Driver"],"picked":"Sweeping Beam","floor":13},{"not_picked":["Turbo","Force Field"],"picked":"Heatsinks","floor":14},{"not_picked":["Buffer","Creative AI"],"picked":"Core Surge","floor":16},{"not_picked":["Ball Lightning","Auto Shields"],"picked":"Panic Button","floor":18},{"not_picked":["Self Repair","Sweeping Beam"],"picked":"BasicCrystalCard","floor":20},{"not_picked":["Doom and Gloom","ReplayRNGCard"],"picked":"ReplayTheSpireMod:System Scan","floor":21},{"not_picked":["Cold Snap","Steam Power"],"picked":"Turbo","floor":22},{"not_picked":["Beam Cell","ReplayRNGCard"],"picked":"Go for the Eyes","floor":24},{"not_picked":["Streamline","Steam"],"picked":"Sweeping Beam","floor":27},{"not_picked":["Beam Cell","Meteor Strike"],"picked":"ReplayTheSpireMod:Calculation Training","floor":30}],"player_experience":97707,"relics_obtained":[{"floor":7,"key":"Vajra"},{"floor":11,"key":"Iron Hammer"},{"floor":12,"key":"ReplayTheSpireMod:TigerMarble"},{"floor":13,"key":"Omamori"},{"floor":15,"key":"Mummified Hand"},{"floor":24,"key":"Replay:Baseball"},{"floor":26,"key":"Oddly Smooth Stone"}],"event_choices":[{"damage_healed":0,"gold_gain":0,"player_choice":"Fight","damage_taken":0,"max_hp_gain":0,"max_hp_loss":0,"event_name":"Colosseum","floor":28,"gold_loss":0},{"damage_healed":0,"gold_gain":0,"player_choice":"Fled From Nobs","damage_taken":0,"max_hp_gain":0,"max_hp_loss":0,"event_name":"Colosseum","floor":28,"gold_loss":0},{"damage_healed":0,"gold_gain":0,"player_choice":"Upgraded","damage_taken":0,"max_hp_gain":0,"max_hp_loss":0,"event_name":"Upgrade Shrine","floor":29,"gold_loss":0,"cards_upgraded":["Chill"]}],"is_beta":false,"boss_relics":[{"not_picked":["SacredBark","Ring of Chaos"],"picked":"Inserter"}],"items_purged_floors":[],"is_endless":false,"potions_floor_spawned":[1,2,11,18,20,21,22,24,27,28,30],"killed_by":"Gremlin Leader","ascension_level":1}}