{"host":"mi0eibewekhugwl1","time":1608130592,"event":{"mods":["AchievementEnabler","BaseMod","Colored Map","Colored Powertips","DeckTracker","Keyboard Shortcuts","Minty Spire (QoL Compilation)","Quick Restart","Rare Cards Sparkle","Relic Stats","StSLib","SuperFastMode","everything is the same but u backflip on backflip"],"gold_per_floor":[364,374,443,455,472,472,486,96,123,123,141,160,160,171,171,171,171],"floor_reached":16,"playtime":461,"items_purged":["Strike_R"],"score":192,"play_id":"26b67120-0f2b-499c-a99d-aa647f00736a","local_time":"20201216235632","is_ascension_mode":true,"campfire_choices":[{"data":"Wild Strike","floor":6,"key":"SMITH"},{"data":"Twin Strike","floor":15,"key":"SMITH"}],"circlet_count":0,"master_deck":["AscendersBane","Strike_R","Strike_R","Strike_R","Strike_R","Defend_R","Defend_R","Defend_R","Defend_R","Bash+1","Wild Strike+1","Intimidate","Power Through","Shrug It Off","Twin Strike+1"],"relics":["Burning Blood","Mercury Hourglass","Bronze Scales"],"acts_visited":["Exordium"],"potions_floor_usage":[11,14,16,16],"damage_taken":[{"damage":12,"enemies":"Small Slimes","floor":1,"turns":4},{"damage":14,"enemies":"2 Louse","floor":2,"turns":3},{"damage":4,"enemies":"Jaw Worm","floor":4,"turns":5},{"damage":14,"enemies":"Exordium Wildlife","floor":5,"turns":5},{"damage":8,"enemies":"2 Fungi Beasts","floor":7,"turns":4},{"damage":3,"enemies":"Exordium Thugs","floor":11,"turns":4},{"damage":1,"enemies":"Looter","floor":12,"turns":2},{"damage":9,"enemies":"Gremlin Gang","floor":14,"turns":3},{"damage":37,"enemies":"Slime Boss","floor":16,"turns":8}],"seed_played":"-4870782206418240661","potions_obtained":[{"floor":4,"key":"ColorlessPotion"},{"floor":5,"key":"BlessingOfTheForge"},{"floor":12,"key":"SkillPotion"},{"floor":14,"key":"BlessingOfTheForge"}],"is_trial":false,"path_per_floor":["M","M","?","M","M","R","M","$","T","?","M","M","?","M","R","B"],"character_chosen":"IRONCLAD","items_purchased":["Shrug It Off","Mercury Hourglass"],"campfire_rested":0,"item_purchase_floors":[8,8],"current_hp_per_floor":[44,36,36,38,30,30,28,28,28,28,31,36,41,38,38,1,1],"gold":171,"neow_bonus":"TWO_FIFTY_GOLD","is_daily":false,"chose_seed":false,"campfire_upgraded":2,"win_rate":0.0,"timestamp":1608130592,"path_taken":["M","M","?","M","M","R","M","$","T","?","M","M","?","M","R","BOSS"],"items_purchased_type":["Card","Relic"],"build_version":"2020-12-13","purchased_purges":1,"victory":false,"max_hp_per_floor":[75,75,75,75,75,75,75,75,75,75,75,75,80,80,80,80,80],"relic_stats":{"counters":[9,38],"Bronze Scales":[36],"obtain_stats":[{"Bronze Scales":9,"Burning Blood":0,"Mercury Hourglass":8},{"Bronze Scales":5,"Burning Blood":0,"Mercury Hourglass":5},{"Bronze Scales":21,"Burning Blood":0,"Mercury Hourglass":21}],"Burning Blood":48,"Mercury Hourglass":[99]},"card_choices":[{"not_picked":["Sword Boomerang","Thunderclap"],"picked":"Wild Strike","floor":1},{"not_picked":["Heavy Blade","Flex","Perfected Strike"],"picked":"SKIP","floor":2},{"not_picked":["Hemokinesis","Dropkick"],"picked":"Intimidate","floor":4},{"not_picked":["Rupture","Metallicize","Perfected Strike"],"picked":"SKIP","floor":5},{"not_picked":["Rage","Flex"],"picked":"Power Through","floor":7},{"not_picked":["Armaments","Limit Break"],"picked":"Twin Strike","floor":11},{"not_picked":["Sword Boomerang","Bloodletting","Rampage"],"picked":"SKIP","floor":12},{"not_picked":["Flex","Warcry","Havoc"],"picked":"SKIP","floor":14}],"player_experience":1676239,"relics_obtained":[{"floor":9,"key":"Bronze Scales"}],"event_choices":[{"damage_healed":0,"gold_gain":69,"player_choice":"Gained Gold","damage_taken":0,"max_hp_gain":0,"max_hp_loss":0,"event_name":"Golden Wing","floor":3,"gold_loss":0},{"damage_healed":0,"gold_gain":0,"player_choice":"Grow","damage_taken":0,"max_hp_gain":0,"max_hp_loss":0,"event_name":"Living Wall","floor":10,"gold_loss":0,"cards_upgraded":["Bash"]},{"damage_healed":0,"gold_gain":0,"player_choice":"Donut","damage_taken":0,"max_hp_gain":5,"max_hp_loss":0,"event_name":"Big Fish","floor":13,"gold_loss":0}],"is_beta":false,"boss_relics":[],"items_purged_floors":[8],"is_endless":false,"potions_floor_spawned":[4,5,12,14],"killed_by":"Slime Boss","ascension_level":20}}