{"host":"e1pm3b7xpcm97e5w","time":1608160247,"event":{"mods":["BaseMod","Better Skull","Googly Eyes","Minty Spire (QoL Compilation)","Relic Stats","Shop Mod","Spicy Shops","StSLib"],"gold_per_floor":[118,136,147,159,17,49,49,75,102,134,134,150,168,198,198,277,277,292,70,70,70,120,120,145,161,161,76,76,110,127,144,144,222,222,241,252,271,271,326,326,326,7,7,7,39,39,54,68,68,68,68],"floor_reached":50,"playtime":1340,"items_purged":["Strike_R"],"score":1014,"play_id":"fc731bc3-b767-49b8-9a6e-4c1167175e42","local_time":"20201216181047","is_ascension_mode":true,"campfire_choices":[{"floor":11.0,"key":"REST"},{"data":"Limit Break","floor":15.0,"key":"SMITH"},{"data":"Feed","floor":23.0,"key":"SMITH"},{"data":"Limit Break","floor":28.0,"key":"SMITH"},{"floor":32.0,"key":"REST"},{"data":"Double Tap","floor":40.0,"key":"SMITH"},{"floor":44.0,"key":"RECALL"},{"data":"1","floor":46.0,"key":"LIFT"},{"floor":49,"key":"REST"}],"circlet_count":0,"master_deck":["AscendersBane","Strike_R+1","Strike_R+1","Strike_R+1","Strike_R+1","Defend_R+1","Defend_R+1","Defend_R+1","Defend_R+1","Bash","Immolate+1","Rampage","Spot Weakness","Inflame","Sword Boomerang","Battle Trance","Warcry","Limit Break+1","Feed+1","Limit Break+1","Seeing Red+1","Limit Break","Headbutt","Intimidate+1","Double Tap+1","Whirlwind","Sword Boomerang+1","Apotheosis","Heavy Blade"],"relics":["Burning Blood","Unceasing Top","Blood Vial","Happy Flower","Pen Nib","Bottled Lightning","Velvet Choker","Brimstone","Letter Opener","Matryoshka","Mercury Hourglass","Darkstone Periapt","Dream Catcher","PreservedInsect","Runic Pyramid","Girya","StoneCalendar","Lantern","Bird Faced Urn"],"acts_visited":["Exordium","TheCity","TheBeyond"],"potions_floor_usage":[],"damage_taken":[{"damage":0.0,"enemies":"Cultist","floor":1.0,"turns":3.0},{"damage":7.0,"enemies":"Jaw Worm","floor":2.0,"turns":3.0},{"damage":0.0,"enemies":"2 Louse","floor":3.0,"turns":1.0},{"damage":10.0,"enemies":"Gremlin Gang","floor":4.0,"turns":3.0},{"damage":10.0,"enemies":"3 Sentries","floor":6.0,"turns":5.0},{"damage":40.0,"enemies":"Lagavulin","floor":8.0,"turns":4.0},{"damage":15.0,"enemies":"3 Sentries","floor":10.0,"turns":4.0},{"damage":5.0,"enemies":"Exordium Wildlife","floor":12.0,"turns":2.0},{"damage":3.0,"enemies":"3 Louse","floor":13.0,"turns":3.0},{"damage":10.0,"enemies":"Lagavulin","floor":14.0,"turns":4.0},{"damage":31.0,"enemies":"Hexaghost","floor":16.0,"turns":7.0},{"damage":7.0,"enemies":"Chosen","floor":18.0,"turns":2.0},{"damage":22.0,"enemies":"Gremlin Leader","floor":24.0,"turns":4.0},{"damage":8.0,"enemies":"2 Thieves","floor":25.0,"turns":2.0},{"damage":19.0,"enemies":"Book of Stabbing","floor":29.0,"turns":3.0},{"damage":25.0,"enemies":"Centurion and Healer","floor":30.0,"turns":3.0},{"damage":8.0,"enemies":"3 Cultists","floor":31.0,"turns":3.0},{"damage":23.0,"enemies":"Champ","floor":33.0,"turns":3.0},{"damage":17.0,"enemies":"Orb Walker","floor":35.0,"turns":2.0},{"damage":17.0,"enemies":"3 Darklings","floor":36.0,"turns":2.0},{"damage":0.0,"enemies":"Transient","floor":37.0,"turns":5.0},{"damage":12.0,"enemies":"2 Orb Walkers","floor":39.0,"turns":2.0},{"damage":31.0,"enemies":"Nemesis","floor":45.0,"turns":3.0},{"damage":26.0,"enemies":"Maw","floor":47.0,"turns":3.0},{"damage":32,"enemies":"Writhing Mass","floor":48,"turns":3},{"damage":50,"enemies":"Time Eater","floor":50,"turns":3}],"seed_played":"-5183817273113223152","potions_obtained":[{"floor":1.0,"key":"Fire Potion"},{"floor":3.0,"key":"Explosive Potion"},{"floor":6.0,"key":"Fruit Juice"},{"floor":10.0,"key":"FearPotion"},{"floor":13.0,"key":"ColorlessPotion"},{"floor":14.0,"key":"ElixirPotion"},{"floor":18.0,"key":"Strength Potion"},{"floor":29.0,"key":"BloodPotion"},{"floor":33.0,"key":"SteroidPotion"},{"floor":35.0,"key":"DistilledChaos"},{"floor":45.0,"key":"LiquidBronze"}],"is_trial":false,"path_per_floor":["M","M","M","M","$","E","?","E","T","E","R","M","M","E","R","B",null,"M","$","?","T","?","R","E","M","T","?","R","E","M","M","R","B",null,"M","M","M","?","?","R","?","$","T","R","E","R","M","M","R","B"],"character_chosen":"IRONCLAD","items_purchased":["Inflame","Brimstone","Apotheosis","StoneCalendar"],"campfire_rested":3,"item_purchase_floors":[5,19,42,42],"current_hp_per_floor":[68,67,68,64,64,65,65,31,31,24,45,48,53,51,51,31,65,69,69,69,69,62,62,48,52,52,52,52,41,24,24,48,49,75,66,57,69,69,69,69,69,69,69,69,46,46,34,10,38,0,0],"gold":68,"neow_bonus":"THREE_RARE_CARDS","is_daily":false,"chose_seed":false,"campfire_upgraded":4,"win_rate":0.0,"timestamp":1608160247,"path_taken":["M","M","?","M","?","E","?","E","T","E","R","M","M","E","R","BOSS","M","$","?","?","?","R","E","?","T","?","R","E","M","M","R","BOSS","M","M","M","?","?","R","?","?","T","R","E","R","M","?","R","BOSS"],"items_purchased_type":["Card","Relic","Card","Relic"],"build_version":"2020-12-13","purchased_purges":1,"victory":false,"max_hp_per_floor":[68,68,68,68,68,73,73,73,73,73,73,73,73,73,73,76,76,79,79,79,79,79,79,79,83,83,83,83,83,83,83,83,83,83,83,83,87,87,91,91,91,91,91,91,91,91,95,95,95,95,95],"relic_stats":{"Darkstone Periapt":0,"Happy Flower":[21],"counters":[26,82],"StoneCalendar":[0],"Pen Nib":[9],"PreservedInsect":50,"Letter Opener":[91],"Burning Blood":139,"Mercury Hourglass":[127],"Blood Vial":40,"Dream Catcher":2,"Bird Faced Urn":[2],"obtain_stats":[{"Darkstone Periapt":26,"Girya":39,"Lantern":43,"Happy Flower":9,"Velvet Choker":17,"StoneCalendar":42,"Pen Nib":10,"PreservedInsect":29,"Letter Opener":21,"Burning Blood":0,"Mercury Hourglass":26,"Blood Vial":8,"Dream Catcher":27,"Matryoshka":24,"Brimstone":19,"Bird Faced Urn":45,"Bottled Lightning":14,"Unceasing Top":6,"Runic Pyramid":34},{"Darkstone Periapt":14,"Girya":22,"Lantern":22,"Happy Flower":6,"Velvet Choker":11,"StoneCalendar":22,"Pen Nib":7,"PreservedInsect":15,"Letter Opener":12,"Burning Blood":0,"Mercury Hourglass":14,"Blood Vial":6,"Dream Catcher":14,"Matryoshka":13,"Brimstone":12,"Bird Faced Urn":23,"Bottled Lightning":10,"Unceasing Top":5,"Runic Pyramid":18},{"Darkstone Periapt":47,"Girya":70,"Lantern":70,"Happy Flower":19,"Velvet Choker":39,"StoneCalendar":70,"Pen Nib":23,"PreservedInsect":50,"Letter Opener":41,"Burning Blood":0,"Mercury Hourglass":47,"Blood Vial":19,"Dream Catcher":47,"Matryoshka":45,"Brimstone":41,"Bird Faced Urn":73,"Bottled Lightning":32,"Unceasing Top":15,"Runic Pyramid":59}],"Unceasing Top":[5]},"card_choices":[{"not_picked":["Fiend Fire","Corruption"],"picked":"Immolate","floor":0.0},{"not_picked":["Cleave","Dark Embrace"],"picked":"Rampage","floor":1.0},{"not_picked":["Anger","Dark Embrace","Power Through"],"picked":"SKIP","floor":2.0},{"not_picked":["Shrug It Off","Thunderclap"],"picked":"Spot Weakness","floor":3.0},{"not_picked":["Flex","Sever Soul","Perfected Strike"],"picked":"SKIP","floor":4.0},{"not_picked":["Flex","Intimidate"],"picked":"Sword Boomerang","floor":6.0},{"not_picked":["Bloodletting","Blood for Blood","Wild Strike"],"picked":"SKIP","floor":8.0},{"not_picked":["Exhume","Headbutt"],"picked":"Battle Trance","floor":10.0},{"not_picked":["Bloodletting","Second Wind"],"picked":"Warcry","floor":12.0},{"not_picked":["Dropkick","Pommel Strike"],"picked":"Limit Break","floor":13.0},{"not_picked":["Heavy Blade","Warcry"],"picked":"Feed","floor":14.0},{"not_picked":["Immolate","Bludgeon"],"picked":"Limit Break","floor":16.0},{"not_picked":["Clothesline","Clash","Flex+1"],"picked":"SKIP","floor":18.0},{"not_picked":["Pommel Strike+1","Headbutt+1","Rupture"],"picked":"SKIP","floor":24.0},{"not_picked":["Twin Strike","Havoc"],"picked":"Seeing Red+1","floor":25.0},{"not_picked":["Bloodletting","Wild Strike"],"picked":"Limit Break","floor":29.0},{"not_picked":["Inflame","Armaments"],"picked":"Headbutt","floor":30.0},{"not_picked":["Pommel Strike","Headbutt","Spot Weakness"],"picked":"SKIP","floor":31.0},{"not_picked":["Clash","Pommel Strike"],"picked":"Intimidate+1","floor":32.0},{"not_picked":["Demon Form","Fiend Fire"],"picked":"Double Tap","floor":33.0},{"not_picked":["Bloodletting+1","Shrug It Off","Headbutt"],"picked":"SKIP","floor":35.0},{"not_picked":["Thunderclap","Anger","Shrug It Off+1"],"picked":"SKIP","floor":36.0},{"not_picked":["Carnage","Entrench+1"],"picked":"Whirlwind","floor":37.0},{"not_picked":["Perfected Strike","Heavy Blade"],"picked":"Sword Boomerang+1","floor":39.0},{"not_picked":["Twin Strike","Flame Barrier","Searing Blow"],"picked":"SKIP","floor":45.0},{"not_picked":["Sentinel","Warcry"],"picked":"Heavy Blade","floor":47.0},{"not_picked":["Sword Boomerang","Heavy Blade","Body Slam"],"picked":"SKIP","floor":48}],"player_experience":393875,"relics_obtained":[{"floor":6.0,"key":"Unceasing Top"},{"floor":8.0,"key":"Blood Vial"},{"floor":9.0,"key":"Happy Flower"},{"floor":10.0,"key":"Pen Nib"},{"floor":14.0,"key":"Bottled Lightning"},{"floor":21.0,"key":"Letter Opener"},{"floor":24.0,"key":"Matryoshka"},{"floor":26.0,"key":"Mercury Hourglass"},{"floor":26.0,"key":"Darkstone Periapt"},{"floor":29.0,"key":"PreservedInsect"},{"floor":39.0,"key":"Girya"},{"floor":43.0,"key":"Lantern"},{"floor":45.0,"key":"Bird Faced Urn"}],"event_choices":[{"damage_healed":0.0,"max_hp_gain":0.0,"max_hp_loss":0.0,"gold_gain":0.0,"event_name":"Living Wall","player_choice":"Grow","floor":7.0,"gold_loss":0.0,"damage_taken":0.0,"cards_upgraded":["Immolate"]},{"damage_healed":0.0,"max_hp_gain":0.0,"max_hp_loss":0.0,"gold_gain":0.0,"event_name":"Back to Basics","player_choice":"Simplicity","floor":20.0,"gold_loss":0.0,"damage_taken":0.0,"cards_upgraded":["Strike_R","Strike_R","Strike_R","Strike_R","Defend_R","Defend_R","Defend_R","Defend_R"]},{"damage_healed":0.0,"max_hp_gain":0.0,"max_hp_loss":0.0,"gold_gain":50.0,"event_name":"FaceTrader","player_choice":"Touch","floor":22.0,"gold_loss":0.0,"damage_taken":7.0},{"damage_healed":0.0,"max_hp_gain":0.0,"max_hp_loss":0.0,"gold_gain":0.0,"event_name":"Addict","player_choice":"Obtained Relic","floor":27.0,"gold_loss":85.0,"damage_taken":0.0,"relics_obtained":["Dream Catcher"]},{"damage_healed":0.0,"max_hp_gain":0.0,"max_hp_loss":0.0,"gold_gain":0.0,"event_name":"Tomb of Lord Red Mask","player_choice":"Ignored","floor":38.0,"gold_loss":0.0,"damage_taken":0.0},{"damage_healed":0.0,"max_hp_gain":0.0,"max_hp_loss":0.0,"gold_gain":0.0,"event_name":"Mysterious Sphere","player_choice":"Fight","floor":39.0,"gold_loss":0.0,"damage_taken":0.0},{"damage_healed":0.0,"max_hp_gain":0.0,"max_hp_loss":0.0,"gold_gain":0.0,"event_name":"SensoryStone","player_choice":"Memory 1","floor":41.0,"gold_loss":0.0,"damage_taken":0.0}],"is_beta":false,"boss_relics":[{"not_picked":["SacredBark","Busted Crown"],"picked":"Velvet Choker"},{"not_picked":["Calling Bell","Fusion Hammer"],"picked":"Runic Pyramid"}],"items_purged_floors":[19],"is_endless":false,"potions_floor_spawned":[1,3,6,10,13,14,18,29,31,33,35,37,45],"killed_by":"Time Eater","ascension_level":15}}