{"host":"Fredi","time":1608100971,"event":{"mods":["AchievementEnabler","Act Like it!","BaseMod","Better Altar","Better Match","Better Note","Better Sensory Stone","Better Skull","Better Third Choice","Block Reminder","Colored Map","Colored Powertips","Custom Start","Downfall","Gensokyo","Hallownest","Hermit","Highlight Path","Mimic Mod","Minty Spire (QoL Compilation)","Permanent Neow","Quick Restart","Rare Cards Sparkle","Relic Stats","Shop Mod","StSLib","The Cursed","The Runesmith","Transform Curses","Wandering Minibosses","everything is the same but u backflip on backflip"],"gold_per_floor":[113,133,151,55,393,393,405,420,495,524,44,44,54,87,87,184,184,196,156,380,390,85,120,120,155,231,231,111,144,104,114,114,114,114],"floor_reached":33,"playtime":1729,"items_purged":["Strike_R","Strike_R"],"score":373,"play_id":"8e183488-47c0-4fe4-88f8-3dc22cfe281b","local_time":"20201215224251","is_ascension_mode":true,"campfire_choices":[{"floor":6,"key":"RECALL"},{"data":"1","floor":15,"key":"LIFT"},{"data":"2","floor":24,"key":"LIFT"},{"data":"3","floor":32,"key":"LIFT"}],"circlet_count":0,"master_deck":["Strike_R","Strike_R","Strike_R","Defend_R","Defend_R","Defend_R","Bash","Clothesline+1","Clash","Rage","Clash","Inflame","Clash","Clash","Juggernaut","Heavy Blade","Limit Break","Flex","Iron Wave","Brutality","Gensokyo:Apocalypse","Pummel","Blood for Blood"],"relics":["Black Blood","Strawberry","Blood Vial","Girya","Pear","Bag of Preparation","Lantern","Letter Opener","Calipers","Paper Frog","Gensokyo:MaskOfHope","Blue Candle"],"acts_visited":["Hallownest:Greenpath","Gensokyo:Gensokyoer"],"potions_floor_usage":[21,21,33,33,33],"damage_taken":[{"damage":6,"enemies":"Hallownest:2_MossCreeps","floor":1,"turns":6},{"damage":8,"enemies":"Hallownest:2_Baldur","floor":3,"turns":4},{"damage":0,"enemies":"Hallownest:monsterHuskGuard","floor":7,"turns":4},{"damage":11,"enemies":"Hallownest:MossCreep_and_Mosskin","floor":8,"turns":4},{"damage":5,"enemies":"Hallownest:eliteVengeflyKing","floor":10,"turns":7},{"damage":6,"enemies":"Hallownest:2_Tiktiks_1_Baldur_1_Crawlid","floor":13,"turns":3},{"damage":5,"enemies":"Hallownest:eliteMossKnight","floor":14,"turns":4},{"damage":21,"enemies":"Hallownest:BossBrokenVessel","floor":16,"turns":6},{"damage":20,"enemies":"Gensokyo:Chomper","floor":18,"turns":3},{"damage":15,"enemies":"Gensokyo:3_Dogs","floor":21,"turns":3},{"damage":34,"enemies":"Gensokyo:Reisen","floor":23,"turns":6},{"damage":5,"enemies":"Gensokyo:Koishi","floor":25,"turns":4},{"damage":4,"enemies":"Gensokyo:Reisen","floor":29,"turns":3},{"damage":17,"enemies":"Gensokyo:Wraith","floor":31,"turns":4},{"damage":87,"enemies":"Gensokyo:Kaguya","floor":33,"turns":7}],"seed_played":"1013392780341172776","potions_obtained":[{"floor":3,"key":"Guardian:BlockOnCardUsePotion"},{"floor":8,"key":"FairyPotion"},{"floor":13,"key":"Explosive Potion"},{"floor":21,"key":"EntropicBrew"},{"floor":29,"key":"FearPotion"}],"is_trial":false,"path_per_floor":["M","?","M","$","?","R","M","M","T","E","$","?","M","E","R","B",null,"M","?","?","M","$","E","R","E","T","?","?","E","$","M","R","B"],"character_chosen":"IRONCLAD","items_purchased":["Clash","Rage","Girya","Clash","Juggernaut","Lantern","Flex","Blood for Blood"],"campfire_rested":0,"item_purchase_floors":[4,4,11,11,11,22,22,30],"current_hp_per_floor":[80,80,78,78,43,43,49,44,44,45,45,35,37,50,50,37,97,89,89,51,50,50,30,30,39,39,39,39,49,49,46,46,0,0],"gold":114,"neow_bonus":"REMOVE_CARD","is_daily":false,"chose_seed":false,"campfire_upgraded":0,"win_rate":0.0,"timestamp":1608100971,"path_taken":["M","?","M","$","?","R","?","M","T","E","$","?","?","E","R","BOSS","M","?","?","?","?","E","R","E","T","?","?","E","$","M","R","BOSS"],"items_purchased_type":["Card","Card","Relic","Card","Card","Relic","Card","Card"],"build_version":"2020-12-07","purchased_purges":2,"victory":false,"max_hp_per_floor":[80,80,80,80,87,87,87,87,87,87,87,87,87,97,97,97,97,97,97,97,97,97,97,97,97,97,88,88,88,88,88,88,88,88],"relic_stats":{"Blood Vial":18,"counters":[15,68],"Blue Candle":[2],"Black Blood":120,"Bag of Preparation":[12],"Letter Opener":[10],"obtain_stats":[{"Gensokyo:MaskOfHope":28,"Girya":11,"Lantern":22,"Pear":14,"Calipers":25,"Blue Candle":29,"Black Blood":17,"Bag of Preparation":20,"Letter Opener":23,"Burning Blood":0,"Blood Vial":10,"Frozen Eye":25,"Strawberry":5,"Paper Frog":26},{"Gensokyo:MaskOfHope":12,"Girya":5,"Lantern":10,"Pear":7,"Calipers":12,"Blue Candle":13,"Black Blood":8,"Bag of Preparation":9,"Letter Opener":11,"Burning Blood":0,"Blood Vial":5,"Frozen Eye":11,"Strawberry":2,"Paper Frog":12},{"Gensokyo:MaskOfHope":54,"Girya":25,"Lantern":44,"Pear":32,"Calipers":54,"Blue Candle":57,"Black Blood":38,"Bag of Preparation":41,"Letter Opener":50,"Burning Blood":0,"Blood Vial":25,"Frozen Eye":50,"Strawberry":10,"Paper Frog":54}]},"card_choices":[{"not_picked":["Sword Boomerang","Headbutt","Havoc"],"picked":"SKIP","floor":1},{"not_picked":["Sword Boomerang","True Grit"],"picked":"Clothesline","floor":3},{"not_picked":["Heavy Blade","Armaments"],"picked":"Clash","floor":7},{"not_picked":["Headbutt","Entrench"],"picked":"Inflame","floor":8},{"not_picked":["Wild Strike","Anger"],"picked":"Clash","floor":10},{"not_picked":["Armaments","True Grit"],"picked":"Heavy Blade","floor":13},{"not_picked":["Blood for Blood","Offering","Heavy Blade"],"picked":"SKIP","floor":14},{"not_picked":["Reaper","Brutality"],"picked":"Limit Break","floor":16},{"not_picked":["Wild Strike","Clash","Shrug It Off"],"picked":"SKIP","floor":18},{"not_picked":["Heavy Blade","Cleave","True Grit+1"],"picked":"SKIP","floor":21},{"not_picked":["Sentinel+1","Intimidate"],"picked":"Iron Wave","floor":23},{"not_picked":["Clash","Burning Pact"],"picked":"Brutality","floor":25},{"not_picked":["Gensokyo:LochNessMonster","Gensokyo:HAARP"],"picked":"Gensokyo:Apocalypse","floor":27},{"not_picked":["Body Slam+1","Anger+1"],"picked":"Pummel","floor":29},{"not_picked":["Twin Strike","Uppercut","Dropkick"],"picked":"SKIP","floor":31}],"player_experience":233409,"relics_obtained":[{"floor":10,"key":"Blood Vial"},{"floor":14,"key":"Pear"},{"floor":23,"key":"Letter Opener"},{"floor":25,"key":"Calipers"},{"floor":26,"key":"Paper Frog"},{"floor":29,"key":"Blue Candle"}],"event_choices":[{"damage_healed":0,"gold_gain":338,"player_choice":"GO RE GO GO ","damage_taken":47,"relics_obtained":["Strawberry"],"max_hp_gain":0,"max_hp_loss":0,"event_name":"betterSkull:BetterSkull","floor":5,"gold_loss":0,"cards_upgraded":[]},{"damage_healed":0,"gold_gain":224,"player_choice":"GO RE GO ","damage_taken":42,"relics_obtained":["Bag of Preparation"],"max_hp_gain":0,"max_hp_loss":0,"event_name":"betterSkull:BetterSkull","floor":20,"gold_loss":0,"cards_upgraded":[]}],"is_beta":true,"boss_relics":[{"not_picked":["Runesmith:UraniumAnvil","Philosopher\u0027s Stone"],"picked":"Black Blood"}],"items_purged_floors":[11,22],"is_endless":false,"potions_floor_spawned":[3,8,13,21,29],"killed_by":"Gensokyo:Kaguya","ascension_level":1}}