{"host":"8dhn6p16jorj0i1s","time":1608151893,"event":{"mods":["BaseMod","Colored Map","DeckTracker","Minty Spire (QoL Compilation)","Permanent Neow","Quick Restart"],"gold_per_floor":[112,122,47,122,135,162,162,179,250,264,164,164,182,201,201,304,304,319,339,339,339],"floor_reached":20,"playtime":1343,"items_purged":["Strike_B","Strike_B"],"score":196,"play_id":"aaab303d-e1d3-4d0e-a352-3d4b8aabd5a4","local_time":"20201216215133","is_ascension_mode":true,"campfire_choices":[{"data":"Rainbow","floor":7.0,"key":"SMITH"},{"data":"Creative AI","floor":15,"key":"SMITH"}],"circlet_count":0,"master_deck":["Strike_B","Strike_B","Defend_B","Defend_B","Defend_B","Defend_B","Zap","Dualcast","Rainbow+1","Coolheaded","Compile Driver","Defragment","Capacitor","Rebound","Capacitor","BootSequence","Creative AI+1","Fission","BootSequence","Barrage"],"relics":["Cracked Core","Lizard Tail","Eternal Feather","Busted Crown"],"acts_visited":["Exordium","TheCity"],"potions_floor_usage":[13,16,16,19],"damage_taken":[{"damage":7.0,"enemies":"Jaw Worm","floor":1.0,"turns":3.0},{"damage":0.0,"enemies":"2 Louse","floor":2.0,"turns":2.0},{"damage":2.0,"enemies":"Cultist","floor":5.0,"turns":3.0},{"damage":19.0,"enemies":"3 Sentries","floor":6.0,"turns":5.0},{"damage":1.0,"enemies":"Exordium Wildlife","floor":8.0,"turns":3.0},{"damage":43.0,"enemies":"Gremlin Gang","floor":10.0,"turns":4.0},{"damage":4,"enemies":"Large Slime","floor":13,"turns":6},{"damage":2,"enemies":"Blue Slaver","floor":14,"turns":5},{"damage":6,"enemies":"Hexaghost","floor":16,"turns":9},{"damage":31,"enemies":"Spheric Guardian","floor":18,"turns":6},{"damage":15,"enemies":"Chosen","floor":19,"turns":6},{"damage":23,"enemies":"3 Cultists","floor":20,"turns":3}],"seed_played":"2406459269431011161","potions_obtained":[{"floor":1.0,"key":"FearPotion"},{"floor":2.0,"key":"Energy Potion"},{"floor":10.0,"key":"Block Potion"},{"floor":12.0,"key":"Weak Potion"},{"floor":12.0,"key":"Weak Potion"},{"floor":13,"key":"FearPotion"}],"is_trial":false,"path_per_floor":["M","M","$","?","M","E","R","M","T","M","$","?","M","M","R","B",null,"M","M","M"],"character_chosen":"DEFECT","items_purchased":[],"campfire_rested":0,"item_purchase_floors":[],"current_hp_per_floor":[61,61,61,50,48,29,29,28,28,21,21,21,17,15,24,18,68,37,22,0,0],"gold":339,"neow_bonus":"THREE_RARE_CARDS","is_daily":false,"chose_seed":false,"campfire_upgraded":2,"win_rate":0.0,"timestamp":1608151893,"path_taken":["M","M","$","?","M","E","R","M","T","M","$","?","M","?","R","BOSS","M","M","M"],"items_purchased_type":[],"build_version":"2020-12-13","purchased_purges":2,"victory":false,"max_hp_per_floor":[68,68,68,68,68,68,68,68,68,68,68,68,68,68,68,68,68,68,68,68,68],"card_choices":[{"not_picked":["Fission","Multi-Cast"],"picked":"Rainbow","floor":0.0},{"not_picked":["Beam Cell","Leap"],"picked":"Coolheaded","floor":1.0},{"not_picked":["Beam Cell","Barrage"],"picked":"Compile Driver","floor":2.0},{"not_picked":["Cold Snap","Steam"],"picked":"Defragment","floor":5.0},{"not_picked":["Core Surge","Turbo"],"picked":"Capacitor","floor":6.0},{"not_picked":["Steam Power","Sweeping Beam"],"picked":"Rebound","floor":8.0},{"not_picked":["Gash","Lockon"],"picked":"Capacitor","floor":10.0},{"not_picked":["Go for the Eyes","Sweeping Beam"],"picked":"BootSequence","floor":13},{"not_picked":["Rebound","Gash"],"picked":"Creative AI","floor":14},{"not_picked":["Amplify","Machine Learning"],"picked":"Fission","floor":16},{"not_picked":[],"picked":"BootSequence","floor":18},{"not_picked":[],"picked":"Barrage","floor":19}],"player_experience":299624,"relics_obtained":[{"floor":6.0,"key":"Lizard Tail"},{"floor":9.0,"key":"Eternal Feather"}],"event_choices":[{"damage_healed":0.0,"max_hp_gain":0.0,"max_hp_loss":0.0,"gold_gain":75.0,"event_name":"World of Goop","player_choice":"Gather Gold","floor":4.0,"gold_loss":0.0,"damage_taken":11.0},{"damage_healed":0.0,"max_hp_gain":0.0,"max_hp_loss":0.0,"gold_gain":0.0,"event_name":"Lab","player_choice":"Got Potions","floor":12.0,"gold_loss":0.0,"damage_taken":0.0}],"is_beta":false,"boss_relics":[{"not_picked":["Ectoplasm","SlaversCollar"],"picked":"Busted Crown"}],"items_purged_floors":[3,11],"is_endless":false,"potions_floor_spawned":[1,2,10,13],"killed_by":"3 Cultists","ascension_level":2}}