{"host":"lctcqud4f9t1q6q5","time":1608096434,"event":{"mods":["BaseMod","Better Vampires","Block Reminder","Colored Map","Colored Powertips","Downfall","Highlight Path","KinomotoSakuraMod(木之本樱)","Lobotomy","LobotomyExtend","Marisa（F雨　魔理沙）","Minty Spire (QoL Compilation)","Quick Restart","Reimu（博丽灵梦）","Relic Stats","Replay The Spire","RumiaBox-露米娅的神秘盒子","Shop Mod","Spicy Shops","StSLib","TestMod","The Bug Knight","Thieving Mod","WarShipGirlsR/战舰少女R mod","vexMod","【功能Mod】混沌之环修复补丁","篝火指南"],"gold_per_floor":[114,74,74,74,89,115,40,72,72,72,84,98,98,108,108,207,207,223,236,236,174,174,174],"floor_reached":22,"playtime":1740,"items_purged":["Alriune","Delirium","Mercenary"],"score":204,"play_id":"388ceb25-dc10-404b-8793-991601d857cd","local_time":"20201216132714","is_ascension_mode":true,"campfire_choices":[{"floor":13,"key":"REST"},{"data":"HollowMod:LordofShades","floor":15,"key":"SMITH"}],"circlet_count":0,"master_deck":["HollowMod:NailStrikeStart","HollowMod:NailStrikeStart","HollowMod:NailStrikeStart","HollowMod:NailStrikeStart","HollowMod:QuickDashStart","HollowMod:QuickDashStart","HollowMod:QuickDashStart","HollowMod:FocusHealStart","HollowMod:PogoStrike","HollowMod:SharpenedShadows+1","HollowMod:DescendingDark+1","HollowMod:BlackTendrils+1","Scarecrow","DespairKnight","Dazed","HollowMod:MonarchWings","QueenOfHatred","HollowMod:LordofShades+1","Wellcheers","HollowMod:VoidDash","RedShoes","Slimebound:Icky"],"relics":["HollowMod:VesselMask","testmod-TestBox","testmod-Fortitude","CogitoBucket","LetterFromLob","PaintedHorse:ReiMu","Replay:WaspNest","MagicBullet_r","BackwardClock","SoulBox","Ancient Tea Set","ReplayTheSpireMod:CursedCoin","MerchantsRug"],"acts_visited":["Exordium","TheCity"],"potions_floor_usage":[16,16],"damage_taken":[{"damage":0.0,"enemies":"Small Slimes","floor":1.0,"turns":2.0},{"damage":0,"enemies":"2 Louse","floor":5,"turns":2},{"damage":21,"enemies":"Lagavulin","floor":6,"turns":6},{"damage":22,"enemies":"Gremlin Nob","floor":8,"turns":4},{"damage":29,"enemies":"Jaw Worm","floor":11,"turns":11},{"damage":27,"enemies":"Red Slaver","floor":12,"turns":7},{"damage":0,"enemies":"Gremlin Gang","floor":14,"turns":2},{"damage":52,"enemies":"The Guardian","floor":16,"turns":6},{"damage":17,"enemies":"3 Byrds","floor":18,"turns":4},{"damage":53,"enemies":"Shell Parasite","floor":19,"turns":4},{"damage":0,"enemies":"Chosen and Byrds","floor":22,"turns":1}],"seed_played":"-1519739650637921032","potions_obtained":[{"floor":8,"key":"ZuzhouPotion:ReiMu"},{"floor":12,"key":"Toxic Potion"},{"floor":18,"key":"Fire Potion"}],"is_trial":false,"path_per_floor":["M","?","?","?","M","E","R","E","T","M","M","M","R","M","R","B",null,"M","M","?","$","M"],"character_chosen":"THE_BUGKNIGHT","items_purchased":["ReplayTheSpireMod:CursedCoin","MerchantsRug"],"campfire_rested":1,"item_purchase_floors":[21,21],"current_hp_per_floor":[75,75,75,75,75,60,60,39,39,54,36,10,32,38,38,4,75,67,23,23,23,23,23],"gold":174,"neow_bonus":"","is_daily":false,"chose_seed":false,"campfire_upgraded":1,"win_rate":0.0,"timestamp":1608096434,"path_taken":["M","?","?","?","M","E","R","E","T","M","M","M","R","M","R","BOSS","M","M","?","$","M"],"items_purchased_type":["Relic","Relic"],"build_version":"2020-12-13","purchased_purges":3,"victory":false,"max_hp_per_floor":[75,75,75,75,75,75,75,75,75,75,75,75,75,75,75,75,75,75,75,75,75,75,75],"relic_stats":{"counters":[12,49],"obtain_stats":[{"testmod-Maize":8,"BackwardClock":12,"MerchantsRug":21,"testmod-TestBox":0,"MagicBullet_r":10,"ReplayTheSpireMod:CursedCoin":21,"HollowMod:VesselMask":0,"Replay:WaspNest":9,"SoulBox":17,"Ancient Tea Set":20,"testmod-Fortitude":0,"CogitoBucket":0,"PaintedHorse:ReiMu":2,"LetterFromLob":1,"testmod-InfectionSource":6},{"testmod-Maize":4,"BackwardClock":7,"MerchantsRug":11,"testmod-TestBox":0,"MagicBullet_r":4,"ReplayTheSpireMod:CursedCoin":11,"HollowMod:VesselMask":0,"Replay:WaspNest":4,"SoulBox":9,"Ancient Tea Set":11,"testmod-Fortitude":0,"CogitoBucket":0,"PaintedHorse:ReiMu":1,"LetterFromLob":1,"testmod-InfectionSource":3},{"testmod-Maize":14,"BackwardClock":33,"MerchantsRug":49,"testmod-TestBox":0,"MagicBullet_r":14,"ReplayTheSpireMod:CursedCoin":49,"HollowMod:VesselMask":0,"Replay:WaspNest":14,"SoulBox":41,"Ancient Tea Set":49,"testmod-Fortitude":0,"CogitoBucket":0,"PaintedHorse:ReiMu":2,"LetterFromLob":2,"testmod-InfectionSource":10}]},"card_choices":[{"not_picked":["CrumblingArmor","BeautyBeast"],"picked":"Mercenary","floor":1.0},{"not_picked":["HollowMod:NewJinnsSoul","HollowMod:DashSlash"],"picked":"HollowMod:SharpenedShadows","floor":1.0},{"not_picked":["WallGazer","FairyFestival"],"picked":"Alriune","floor":5},{"not_picked":["HollowMod:CornifersMapStart","HollowMod:NewLittleFool","HollowMod:InfectedCysts"],"picked":"SKIP","floor":5},{"not_picked":["HollowMod:SiblingsSouls","HollowMod:PureNailStrike"],"picked":"HollowMod:BlackTendrils","floor":6},{"not_picked":["FairyFestival","UniverseFragment"],"picked":"Scarecrow","floor":6},{"not_picked":["CrumblingArmor","MeatLantern"],"picked":"DespairKnight","floor":8},{"not_picked":["HollowMod:VengefulVoid","HollowMod:GoodIntentions"],"picked":"HollowMod:CrystalDash","floor":8},{"not_picked":["HollowMod:LifebloodCocoon","HollowMod:CoiledNail"],"picked":"HollowMod:MonarchWings","floor":11},{"not_picked":["OSAHOGD","Variant"],"picked":"QueenOfHatred","floor":12},{"not_picked":["HollowMod:LifebloodCocoon","HollowMod:CycloneSlash","HollowMod:DoubleDash"],"picked":"SKIP","floor":12},{"not_picked":["HollowMod:LifebloodCocoon","HollowMod:CycloneSlash","HollowMod:DoubleDash"],"picked":"SKIP","floor":12},{"not_picked":["HollowMod:DesolateDive","HollowMod:ShadowDash"],"picked":"HollowMod:LordofShades","floor":14},{"not_picked":["Bloodbath","PlagueDoctor"],"picked":"Wellcheers","floor":16},{"not_picked":["HollowMod:ElderbugsWisdom","HollowMod:Weaversong"],"picked":"HollowMod:VoidDash","floor":16},{"not_picked":["HollowMod:ChannelNail","HollowMod:BrokenVessel","HollowMod:DoubleDash"],"picked":"SKIP","floor":18},{"not_picked":["FairyFestival","Scorched"],"picked":"RedShoes","floor":19},{"not_picked":["HollowMod:HeavyBlow","HollowMod:PureVessel","HollowMod:AbyssShriek"],"picked":"SKIP","floor":19}],"player_experience":325870,"relics_obtained":[{"floor":1.0,"key":"LetterFromLob"},{"floor":6,"key":"testmod-InfectionSource"},{"floor":8,"key":"testmod-Maize"},{"floor":9,"key":"Replay:WaspNest"}],"event_choices":[{"damage_healed":0.0,"max_hp_gain":0.0,"max_hp_loss":0.0,"gold_gain":0.0,"event_name":"yidonshenshe","player_choice":"塞钱","floor":2.0,"gold_loss":40.0,"damage_taken":0.0,"relics_obtained":["PaintedHorse:ReiMu"]},{"damage_healed":0.0,"max_hp_gain":0.0,"max_hp_loss":0.0,"gold_gain":0.0,"event_name":"Living Wall","player_choice":"Grow","floor":3.0,"gold_loss":0.0,"damage_taken":0.0,"cards_upgraded":["HollowMod:SharpenedShadows"]}],"is_beta":false,"boss_relics":[{"not_picked":["Replay:Bronze Core","testmod-PortableAltar"],"picked":"SoulBox"}],"items_purged_floors":[7,21,21],"is_endless":false,"potions_floor_spawned":[8,12,18],"killed_by":"Chosen and Byrds","ascension_level":1}}