{"host":"Sumable","time":1608106076,"event":{"mods":["AchievementEnabler","BaseMod","Better Note","BetterRewards","Googly Eyes","Hermit","Minty Spire (QoL Compilation)","Quick Restart","Shop Mod","StSLib","The Cursed","everything is the same but u backflip on backflip","slay the spire mod where everything is the same but ironclad has a cowboy hat"],"gold_per_floor":[367,367,127,402,420,420,437,470,470,17,36,13,69,87,87,183,183,201,201,219,238,218,218,218],"floor_reached":23,"playtime":2656,"items_purged":[],"score":306,"play_id":"9eb9500f-783c-4ab8-85cb-a69b9c24e12f","local_time":"20201216010756","is_ascension_mode":true,"campfire_choices":[{"data":"Wild Strike","floor":6.0,"key":"SMITH"},{"floor":15,"key":"REST"}],"circlet_count":0,"master_deck":["AscendersBane","Strike_R","Strike_R","Strike_R","Strike_R","Strike_R","Defend_R","Defend_R","Defend_R","Defend_R","Bash","Cleave","Wild Strike+1","Juggernaut","Power Through","Fire Breathing","Metallicize","Armaments","Pummel","Juggernaut","Power Through","Anger+1"],"relics":["Burning Blood","HornCleat","Lantern","Letter Opener","Shuriken","Mark of Pain"],"acts_visited":["Exordium","TheCity"],"potions_floor_usage":[11,18,20,21,23],"damage_taken":[{"damage":4.0,"enemies":"Small Slimes","floor":1.0,"turns":4.0},{"damage":2.0,"enemies":"Cultist","floor":5.0,"turns":3.0},{"damage":9.0,"enemies":"Jaw Worm","floor":7.0,"turns":3.0},{"damage":47.0,"enemies":"3 Sentries","floor":8.0,"turns":10.0},{"damage":3,"enemies":"Blue Slaver","floor":11,"turns":3},{"damage":13,"enemies":"Gremlin Gang","floor":14,"turns":4},{"damage":42,"enemies":"The Guardian","floor":16,"turns":10},{"damage":37,"enemies":"2 Thieves","floor":18,"turns":4},{"damage":0,"enemies":"3 Byrds","floor":20,"turns":4},{"damage":14,"enemies":"Snake Plant","floor":21,"turns":4},{"damage":33,"enemies":"Slavers","floor":23,"turns":4}],"seed_played":"1992827699840516218","potions_obtained":[{"floor":1.0,"key":"BloodPotion"},{"floor":7.0,"key":"SpeedPotion"},{"floor":16,"key":"PowerPotion"},{"floor":18,"key":"SkillPotion"},{"floor":20,"key":"AttackPotion"},{"floor":22,"key":"LiquidMemories"}],"is_trial":false,"path_per_floor":["M","?","$","?","M","R","M","E","T","$","M","$","?","M","R","B",null,"M","?","M","M","?","E"],"character_chosen":"IRONCLAD","items_purchased":["HornCleat","Shuriken","Power Through","Fire Breathing","PowerPotion","Armaments"],"campfire_rested":1,"item_purchase_floors":[3,10,10,10,10,12],"current_hp_per_floor":[53,53,53,53,57,57,54,29,29,29,32,32,32,25,49,13,63,32,32,38,30,30,0,0],"gold":218,"neow_bonus":"TWO_FIFTY_GOLD","is_daily":false,"chose_seed":false,"campfire_upgraded":1,"win_rate":0.0,"timestamp":1608106076,"path_taken":["M","?","$","?","M","R","M","E","T","$","?","$","?","M","R","BOSS","M","?","?","M","?","E"],"items_purchased_type":["Relic","Relic","Card","Card","Potion","Card"],"build_version":"2020-12-07","purchased_purges":0,"victory":false,"max_hp_per_floor":[80,80,80,80,80,80,80,80,80,80,80,80,80,80,80,80,80,80,80,80,80,80,80,80],"card_choices":[{"not_picked":["Battle Trance","Twin Strike"],"picked":"Cleave","floor":1.0},{"not_picked":["Cleave","Heavy Blade"],"picked":"Wild Strike","floor":5.0},{"not_picked":["Armaments","Clothesline"],"picked":"Juggernaut","floor":7.0},{"not_picked":["Thunderclap","Blood for Blood","Clothesline"],"picked":"SKIP","floor":8.0},{"not_picked":["Spot Weakness","Clothesline"],"picked":"Metallicize","floor":11},{"not_picked":["Sword Boomerang","Flex"],"picked":"Pummel","floor":14},{"not_picked":["Double Tap","Limit Break"],"picked":"Juggernaut","floor":16},{"not_picked":["Armaments","Clash"],"picked":"Power Through","floor":18},{"not_picked":["Spot Weakness","Cleave+1"],"picked":"Anger+1","floor":20},{"not_picked":["Spot Weakness","Rampage","Rupture"],"picked":"SKIP","floor":21}],"player_experience":986013,"relics_obtained":[{"floor":8.0,"key":"Lantern"},{"floor":9.0,"key":"Letter Opener"}],"event_choices":[{"damage_healed":0.0,"max_hp_gain":0.0,"max_hp_loss":0.0,"gold_gain":0.0,"event_name":"Shining Light","player_choice":"Ignored","floor":2.0,"gold_loss":0.0,"damage_taken":0.0},{"damage_healed":0.0,"max_hp_gain":0.0,"max_hp_loss":0.0,"gold_gain":275.0,"event_name":"Golden Shrine","player_choice":"Desecrate","floor":4.0,"gold_loss":0.0,"damage_taken":0.0,"cards_obtained":["Regret"]},{"damage_healed":0,"gold_gain":56,"player_choice":"Gained Gold","damage_taken":0,"max_hp_gain":0,"max_hp_loss":0,"event_name":"Golden Wing","floor":13,"gold_loss":0},{"cards_removed":["Regret"],"damage_healed":0,"gold_gain":0,"player_choice":"Removed Curses","damage_taken":0,"max_hp_gain":0,"max_hp_loss":0,"event_name":"Fountain of Cleansing","floor":19,"gold_loss":0},{"damage_healed":0,"gold_gain":0,"player_choice":"Bought 1 Potion","damage_taken":0,"max_hp_gain":0,"max_hp_loss":0,"event_name":"The Woman in Blue","floor":22,"gold_loss":0}],"is_beta":true,"boss_relics":[{"not_picked":["Black Star","Runic Dome"],"picked":"Mark of Pain"}],"items_purged_floors":[],"is_endless":false,"potions_floor_spawned":[1,7,16,18,20],"killed_by":"Slavers","ascension_level":12}}