{"host":"su73a2bh8339ktv3","time":1608092172,"event":{"mods":["AchievementEnabler","Aspiration","Bard","BaseMod","Beaked The Cultist","Better Altar","Better Match","Better Note","Better Sensory Stone","Better Skull","Better Third Choice","BetterRewards","CCEM","Clawfect","Colored Map","Conspire","Downfall","GifTheSpireLib","Googly Eyes","Halation","Hermit","Highlight Path","Hubris","Hunter ??","Infinite Spire","Jedi Mod","Jorbs\u0027s Wanderer Trilogy","Mad Scientist","Marisa????????","Mimic Mod","Minty Spire (QoL Compilation)","Permanent Neow","Replay The Spire","Shade Mod","Shop Mod","Spicy Shops","StSLib","Stuff the Spire","The Administrix","The Blackbeard","The Bug Knight","The Construct","The Cursed","The Disciple","The Gatherer","The Hierophant","The IronCluck","The Jungle","The Mystic","The Necromancer","The Problem Sleuth","The Runesmith","The Servant 0.9.4","The Spell Scribe","The Witch","Unceasing Turn Reminder","[IsaacMod]????","everything is the same but u backflip on backflip","slay the spire mod where everything is the same but ironclad has a cowboy hat"],"gold_per_floor":[113,113,0,13,32,57,126,126,160,179,204,218,231,231,231,249,249,249,249],"floor_reached":18,"playtime":777,"items_purged":[],"score":124,"play_id":"8a731f0b-5ed5-452f-995d-3446c466093f","local_time":"20201216151612","is_ascension_mode":false,"campfire_choices":[{"floor":8,"key":"REST"},{"floor":17,"key":"REST"}],"circlet_count":0,"master_deck":["Shade:Strike_Shade","Shade:Strike_Shade","Shade:Defend_Shade","Shade:Defend_Shade","Shade:Defend_Shade","Shade:AnimateDead","Shade:CarefulCut","Shade:SkeletonArmy","Atom Bomb","Backflip","Skewer","Enlightenment","Shade:RavenousHorde","Shade:SkeletonHug","Shade:CommandSoldier","Shade:Frenzy","Shade:Frenzy","Shade:GoDigging","Shade:CoffinDance","Shade:Bonestorm","Shade:OpenGraves"],"relics":["Shade:YorickSkull","HushsDoor","CCEMRelics:Barrel","MoneyPower","infinitespire:Eraser","Art of War","Replay:Wax Seal"],"acts_visited":["Exordium"],"potions_floor_usage":[],"damage_taken":[{"damage":0,"enemies":"2 Louse","floor":1,"turns":2},{"damage":8,"enemies":"Small Slimes","floor":4,"turns":3},{"damage":7,"enemies":"Jaw Worm","floor":5,"turns":3},{"damage":39,"enemies":"Gremlin Nob","floor":6,"turns":5},{"damage":6,"enemies":"2 Fungi Beasts","floor":9,"turns":9},{"damage":2,"enemies":"2 Fungi Beasts","floor":10,"turns":3},{"damage":12,"enemies":"Lagavulin","floor":11,"turns":5},{"damage":4,"enemies":"Large Slime","floor":12,"turns":5},{"damage":8,"enemies":"Exordium Wildlife","floor":13,"turns":4},{"damage":21,"enemies":"Exordium Thugs","floor":16,"turns":4},{"damage":29,"enemies":"The Guardian","floor":18,"turns":10}],"seed_played":"-5081449117963364870","potions_obtained":[{"floor":5,"key":"ColorlessPotion"},{"floor":6,"key":"Block Potion"},{"floor":13,"key":"SkillPotion"}],"is_trial":false,"path_per_floor":["M","?","?","M","M","E","?","R","MIM","M","E","M","M","PTL","PTL","M","R","B"],"character_chosen":"SHADE","items_purchased":[],"campfire_rested":2,"item_purchase_floors":[],"current_hp_per_floor":[65,65,71,71,71,40,40,61,55,53,41,37,29,29,29,8,29,0,0],"gold":249,"neow_bonus":"RANDOM_COMMON_RELIC","is_daily":false,"chose_seed":false,"campfire_upgraded":0,"win_rate":0.0,"timestamp":1608092172,"path_taken":["M","?","?","M","M","E","?","R","MIM","?","E","M","M","PTL","PTL","M","R","BOSS"],"items_purchased_type":[],"build_version":"2020-12-13","purchased_purges":0,"victory":false,"max_hp_per_floor":[65,65,71,71,71,71,71,71,71,71,71,71,71,71,71,71,71,71,71],"card_choices":[{"not_picked":[],"picked":"Bomb","floor":0},{"not_picked":["Shade:Trample","Shade:Frenzy"],"picked":"Shade:SkeletonArmy","floor":1},{"not_picked":["Shade:DarkOfNight","Shade:AncientSpear"],"picked":"Shade:RavenousHorde","floor":4},{"not_picked":["Shade:Patience","Shade:PoundOfFlesh"],"picked":"Shade:SkeletonHug","floor":5},{"not_picked":["Shade:Bonestorm","Shade:GoDigging"],"picked":"Shade:CommandSoldier","floor":6},{"not_picked":["Shade:AncientSpear","Shade:Haruspicy"],"picked":"Shade:Frenzy","floor":9},{"not_picked":["Shade:WallOfFlesh","Shade:ExtraLimbs"],"picked":"Shade:Frenzy","floor":10},{"not_picked":["Shade:SoulPierce","Shade:Frenzy"],"picked":"Shade:GoDigging","floor":11},{"not_picked":["Shade:BoneShards","Shade:Frenzy"],"picked":"Shade:CoffinDance","floor":12},{"not_picked":["Shade:BoneShards","Shade:SpectralStrikes"],"picked":"Shade:Bonestorm","floor":13},{"not_picked":["Shade:CoffinDance","Shade:Premonition"],"picked":"Shade:OpenGraves","floor":16}],"player_experience":87978,"relics_obtained":[{"floor":6,"key":"infinitespire:Eraser"},{"floor":9,"key":"Art of War"},{"floor":11,"key":"Replay:Wax Seal"}],"event_choices":[{"damage_healed":0,"gold_gain":0,"player_choice":"RENOUNCE","damage_taken":113,"max_hp_gain":0,"max_hp_loss":0,"event_name":"betterThird:BetterSerpent","floor":3,"gold_loss":113,"cards_obtained":["Enlightenment"]},{"damage_healed":0,"gold_gain":69,"player_choice":"Gained Gold","damage_taken":0,"max_hp_gain":0,"max_hp_loss":0,"event_name":"Golden Wing","floor":7,"gold_loss":0}],"is_beta":false,"boss_relics":[],"items_purged_floors":[],"is_endless":false,"potions_floor_spawned":[5,6,13,16],"killed_by":"The Guardian","ascension_level":0}}