{"host":"u0f5uy314yz7olfc","time":1608092200,"event":{"mods":["AchievementEnabler","Aspiration","BaseMod","Bestiary","Better Altar","Better Match","Better Note","Better Sensory Stone","Better Skull","Better Synergies","Better Third Choice","Better Vampires","BetterRewards","Block Reminder","Colored Map","Colored Powertips","Dota2Spire","Emptier Cage","Energized Spire","Friendly Minions","GifTheSpireLib","Gold Saver","Highlight Path","Hubris","Infinite Spire","Ironclad Rager","Marked Mod","Minty Spire (QoL Compilation)","Permanent Neow","Quick Restart","Rare Cards Sparkle","Relic Stats","Replay The Spire","Retaliation","Shop Mod","StSLib","The Bladedancer","Watcher Patcher"],"gold_per_floor":[109,121,139,9,26,26,26],"floor_reached":6,"playtime":272,"items_purged":[],"score":38,"play_id":"14224d03-6530-411c-8bbd-741ad979cdca","local_time":"20201216111640","is_ascension_mode":false,"campfire_choices":[],"circlet_count":0,"master_deck":["Strike_P","Strike_P","Strike_P","Strike_P","Defend_P","Defend_P","Defend_P","Defend_P","Eruption","Vigilance","Heatsinks","FlurryOfBlows","Apotheosis","Apotheosis","FlurryOfBlows","Outmaneuver+1","PathToVictory","Study","Seeing Red","MarkedMod:OneThousandNeedles","MarkedMod:FirstStrike","EmptyFist"],"relics":["PureWater","Regal Pillow"],"acts_visited":["Exordium"],"potions_floor_usage":[6],"damage_taken":[{"damage":0.0,"enemies":"Cultist","floor":1.0,"turns":2.0},{"damage":7.0,"enemies":"Small Slimes","floor":2.0,"turns":3.0},{"damage":0.0,"enemies":"Jaw Worm","floor":3.0,"turns":1.0},{"damage":25.0,"enemies":"Gremlin Gang","floor":5.0,"turns":3.0},{"damage":0,"enemies":"Gremlin Nob","floor":6,"turns":2}],"seed_played":"-1073656926233437898","potions_obtained":[{"floor":5.0,"key":"CultistPotion"}],"is_trial":false,"path_per_floor":["M","M","M","$","M","E"],"character_chosen":"WATCHER","items_purchased":["Regal Pillow","Heatsinks","FlurryOfBlows","Apotheosis","Apotheosis","FlurryOfBlows","Outmaneuver+1","MarkedMod:OneThousandNeedles","MarkedMod:FirstStrike"],"campfire_rested":0,"item_purchase_floors":[0,0,0,0,0,0,0,4,4],"current_hp_per_floor":[40,33,33,33,8,8,8],"gold":26,"neow_bonus":"","is_daily":false,"chose_seed":false,"campfire_upgraded":0,"win_rate":0.0,"timestamp":1608092200,"path_taken":["M","M","?","$","M","E"],"items_purchased_type":["Relic","Card","Card","Card","Card","Card","Card","Card","Card"],"build_version":"2020-12-13","purchased_purges":0,"victory":false,"max_hp_per_floor":[72,72,72,72,72,72,72],"relic_stats":{"Regal Pillow":0,"counters":[109,446],"obtain_stats":[{"infinitespire:BottledMercury":2,"Calipers":12,"Gremlin Horn":25,"Dota2Spire:RefresherOrb":17,"aspiration:PoetsPen_weak":17,"Boot":8,"Blood Vial":0,"Dota2Spire:MagicBottle":13,"infinitespire:ShieldingShard":21,"Dota2Spire:EyeOfSkadi":0,"Philosopher\u0027s Stone":17,"HandDrill":0,"MerchantsRug":3,"Dota2Spire:HandOfMidas":11,"Dota2Spire:UrnOfShadows":3,"hubris:Teleporter":8,"Happy Flower":22,"aspiration:Nostalgia":0,"ReplayTheSpireMod:CursedCoin":3,"Counterbalance":0,"Replay:Grab Bag":17,"Astrolabe":34,"Dota2Spire:Bloodstone":39,"infinitespire:Beetle Shell":0,"Dota2Spire:HeartOfTarrasque":0,"aspiration:FrozenJewel":0,"Du-Vu Doll":5,"Bronze Scales":6,"Nloth\u0027s Gift":21,"Pocketwatch":8,"Dota2Spire:Desolator":6,"ReplayFunnel":30,"ReplayTheSpireMod:Ring of Exchange":3,"hubris:Metronome":26,"Lantern":0,"Regal Pillow":0,"Dota2Spire:DrumOfEndurance":9,"Yang":4,"GremlinMask":5,"Dota2Spire:Vanguard":0,"hubris:RunicObelisk":34,"hubris:EmptyBottle":39,"Dota2Spire:LotusOrb":0,"aspiration:StickyExplosives_weak":0,"ClockworkSouvenir":37,"Replay:Bandana":10,"Nunchaku":0,"hubris:Icosahedron":36,"Mummified Hand":0,"Toolbox":0,"Tiny Chest":0,"WingedGreaves":4,"hubris:CuriousFeather":6,"Ring of Panic":38,"aspiration:FutureDiary":17,"Cracked Core":0,"Runic Pyramid":17,"Potion Belt":8,"Replay:M_StaffOfTheSnake":0,"Damaru":22,"infinitespire:CheckeredPen":4,"hubris:Towel":2,"Frozen Egg 2":2,"Medical Kit":5,"MawBank":12,"Ring of Misfortune":3,"Orrery":0,"HolyWater":17,"Ring of Fury":38,"Membership Card":2,"PureWater":0,"ReplayTheSpireMod:Lightbulb":9,"ReplayTheSpireMod:ShopPack":0},{"infinitespire:BottledMercury":32,"Calipers":19,"Gremlin Horn":23,"Dota2Spire:RefresherOrb":20,"aspiration:PoetsPen_weak":48,"Boot":10,"Blood Vial":43,"Dota2Spire:MagicBottle":47,"infinitespire:ShieldingShard":49,"Dota2Spire:EyeOfSkadi":94,"Philosopher\u0027s Stone":20,"HandDrill":101,"MerchantsRug":2,"Dota2Spire:HandOfMidas":62,"Dota2Spire:UrnOfShadows":2,"hubris:Teleporter":78,"Happy Flower":22,"aspiration:Nostalgia":0,"ReplayTheSpireMod:CursedCoin":2,"Counterbalance":0,"Replay:Grab Bag":20,"Astrolabe":52,"Dota2Spire:Bloodstone":30,"infinitespire:Beetle Shell":62,"Dota2Spire:HeartOfTarrasque":101,"aspiration:FrozenJewel":38,"Du-Vu Doll":33,"Bronze Scales":34,"Nloth\u0027s Gift":22,"Pocketwatch":42,"Dota2Spire:Desolator":66,"ReplayFunnel":26,"ReplayTheSpireMod:Ring of Exchange":75,"hubris:Metronome":23,"Lantern":31,"Regal Pillow":104,"Dota2Spire:DrumOfEndurance":45,"Yang":58,"GremlinMask":65,"Dota2Spire:Vanguard":14,"hubris:RunicObelisk":28,"hubris:EmptyBottle":30,"Dota2Spire:LotusOrb":0,"aspiration:StickyExplosives_weak":11,"ClockworkSouvenir":54,"Replay:Bandana":72,"Nunchaku":94,"hubris:Icosahedron":29,"Mummified Hand":5,"Toolbox":43,"Tiny Chest":90,"WingedGreaves":45,"hubris:CuriousFeather":60,"Ring of Panic":54,"aspiration:FutureDiary":81,"Cracked Core":62,"Runic Pyramid":20,"Potion Belt":18,"Replay:M_StaffOfTheSnake":0,"Damaru":22,"infinitespire:CheckeredPen":39,"hubris:Towel":12,"Frozen Egg 2":57,"Medical Kit":33,"MawBank":36,"Ring of Misfortune":75,"Orrery":11,"HolyWater":20,"Ring of Fury":54,"Membership Card":32,"PureWater":0,"ReplayTheSpireMod:Lightbulb":2,"ReplayTheSpireMod:ShopPack":98},{"infinitespire:BottledMercury":133,"Calipers":68,"Gremlin Horn":91,"Dota2Spire:RefresherOrb":79,"aspiration:PoetsPen_weak":195,"Boot":35,"Blood Vial":170,"Dota2Spire:MagicBottle":184,"infinitespire:ShieldingShard":197,"Dota2Spire:EyeOfSkadi":401,"Philosopher\u0027s Stone":79,"HandDrill":428,"MerchantsRug":4,"Dota2Spire:HandOfMidas":248,"Dota2Spire:UrnOfShadows":4,"hubris:Teleporter":329,"Happy Flower":87,"aspiration:Nostalgia":0,"ReplayTheSpireMod:CursedCoin":4,"Counterbalance":0,"Replay:Grab Bag":79,"Astrolabe":206,"Dota2Spire:Bloodstone":129,"infinitespire:Beetle Shell":248,"Dota2Spire:HeartOfTarrasque":428,"aspiration:FrozenJewel":153,"Du-Vu Doll":136,"Bronze Scales":139,"Nloth\u0027s Gift":87,"Pocketwatch":168,"Dota2Spire:Desolator":262,"ReplayFunnel":105,"ReplayTheSpireMod:Ring of Exchange":316,"hubris:Metronome":91,"Lantern":131,"Regal Pillow":435,"Dota2Spire:DrumOfEndurance":177,"Yang":232,"GremlinMask":257,"Dota2Spire:Vanguard":48,"hubris:RunicObelisk":118,"hubris:EmptyBottle":129,"Dota2Spire:LotusOrb":0,"aspiration:StickyExplosives_weak":37,"ClockworkSouvenir":217,"Replay:Bandana":298,"Nunchaku":401,"hubris:Icosahedron":126,"Mummified Hand":16,"Toolbox":170,"Tiny Chest":385,"WingedGreaves":177,"hubris:CuriousFeather":238,"Ring of Panic":217,"aspiration:FutureDiary":346,"Cracked Core":248,"Runic Pyramid":79,"Potion Belt":63,"Replay:M_StaffOfTheSnake":0,"Damaru":87,"infinitespire:CheckeredPen":158,"hubris:Towel":42,"Frozen Egg 2":230,"Medical Kit":136,"MawBank":147,"Ring of Misfortune":316,"Orrery":37,"HolyWater":79,"Ring of Fury":217,"Membership Card":133,"PureWater":0,"ReplayTheSpireMod:Lightbulb":4,"ReplayTheSpireMod:ShopPack":416}]},"card_choices":[{"not_picked":["Replay:AtTheReady","ClearTheMind"],"picked":"PathToVictory","floor":1.0},{"not_picked":["Underhanded Strike","Replay:AtTheReady"],"picked":"Study","floor":2.0},{"not_picked":["Impatience","MarkedMod:Acupuncture"],"picked":"Seeing Red","floor":3.0},{"not_picked":["Adaptation","Clash"],"picked":"EmptyFist","floor":5.0}],"player_experience":303239,"relics_obtained":[],"event_choices":[],"is_beta":false,"boss_relics":[],"items_purged_floors":[],"is_endless":false,"potions_floor_spawned":[5],"killed_by":"Gremlin Nob","ascension_level":0}}