{"host":"6xsbn6ynqlzwllfm","time":1608122735,"event":{"mods":["2.2 Compatiblity","BaseMod","Bestiary","Colored Map","Colored Powertips","Downfall","Googly Eyes","Highlight Path","Minty Spire (QoL Compilation)","Relic Stats","Slay the Relics Exporter","StSLib"],"gold_per_floor":[111,30,47,58,35,35,70,70,139,169,185,219,230,32,32,128,128,138,156,336,351,364,364,389,389,462,477,495,511,6,25,25,126,126,140,140,150,170,25,57,0,31,31,31,51,76,76,76,76,76],"floor_reached":51,"playtime":3108,"items_purged":["Guardian:Strike_Guardian","Guardian:Strike_Guardian"],"score":1269,"play_id":"2e192f71-77f1-4522-9328-c17dfb37de97","local_time":"20201216074535","is_ascension_mode":true,"campfire_choices":[{"data":"Guardian:EvasiveProtocol","floor":6.0,"key":"SMITH"},{"data":"Guardian:CurlUp","floor":8.0,"key":"SMITH"},{"floor":15.0,"key":"REST"},{"data":"Guardian:StasisField","floor":23.0,"key":"SMITH"},{"data":"Guardian:BronzeArmor","floor":25.0,"key":"SMITH"},{"floor":32,"key":"REST"},{"floor":44,"key":"REST"},{"data":"Guardian:BronzeArmor","floor":47,"key":"SMITH"},{"data":"Guardian:SpikerProtocol","floor":49,"key":"SMITH"}],"circlet_count":0,"master_deck":["AscendersBane","Guardian:Defend_Guardian+1","Guardian:Defend_Guardian","Guardian:Defend_Guardian","Guardian:CurlUp+1","Guardian:TwinSlam","Guardian:ShieldCharger","Guardian:EvasiveProtocol+1","Guardian:RollAttack+1","Guardian:Clone+1","Guardian:PiercingHide+1","Guardian:BronzeArmor+1","Guardian:ChargeUp","Guardian:PiercingHide","Guardian:SpikerProtocol+1","Guardian:Reroute","Guardian:StasisField+1","Guardian:Suspension+1","Guardian:BronzeArmor+1","Guardian:MultiBeam+1","Guardian:SpikerProtocol+1","Guardian:ShieldSpikes","hexamod:GhostOfSpirePresent+1","hexamod:SixthSeal","Guardian:FastForward+1","Guardian:DecasProtection+1","Guardian:DonusPower+1","Trip+1","Madness+1","Guardian:Gem_White","Reprogram+1","Adrenaline+1"],"relics":["Guardian:ModeShifter","Art of War","Bronze Scales","Dream Catcher","White Beast Statue","Regal Pillow","Guardian:SackOfGems","SacredBark","Calipers","Question Card","PrismaticShard","War Paint","Astrolabe","ClockworkSouvenir","Molten Egg 2","Red Mask","Toxic Egg 2","Nunchaku"],"acts_visited":["Exordium","TheCity","TheBeyond"],"potions_floor_usage":[33,35,37,38,40,40,40,40,42,45,46,50],"damage_taken":[{"damage":3.0,"enemies":"Jaw Worm","floor":1.0,"turns":3.0},{"damage":0.0,"enemies":"Cultist","floor":3.0,"turns":4.0},{"damage":2.0,"enemies":"2 Louse","floor":4.0,"turns":2.0},{"damage":14.0,"enemies":"Gremlin Nob","floor":7.0,"turns":4.0},{"damage":9.0,"enemies":"3 Sentries","floor":10.0,"turns":4.0},{"damage":9.0,"enemies":"Lots of Slimes","floor":11.0,"turns":2.0},{"damage":10.0,"enemies":"Lagavulin","floor":12.0,"turns":8.0},{"damage":0.0,"enemies":"Large Slime","floor":13.0,"turns":6.0},{"damage":38.0,"enemies":"The Guardian","floor":16.0,"turns":10.0},{"damage":0.0,"enemies":"Shell Parasite","floor":18.0,"turns":5.0},{"damage":18.0,"enemies":"3 Byrds","floor":19.0,"turns":5.0},{"damage":0.0,"enemies":"3 Cultists","floor":21.0,"turns":5.0},{"damage":9.0,"enemies":"Snake Plant","floor":22.0,"turns":2.0},{"damage":15.0,"enemies":"Book of Stabbing","floor":24.0,"turns":4.0},{"damage":13.0,"enemies":"Cultist and Chosen","floor":27.0,"turns":9.0},{"damage":0.0,"enemies":"Centurion and Healer","floor":28.0,"turns":9.0},{"damage":12.0,"enemies":"Chosen and Byrds","floor":29.0,"turns":8.0},{"damage":12.0,"enemies":"Snake Plant","floor":31.0,"turns":4.0},{"damage":0,"enemies":"Collector","floor":33,"turns":14},{"damage":0,"enemies":"Orb Walker","floor":35,"turns":6},{"damage":22,"enemies":"3 Shapes","floor":37,"turns":7},{"damage":0,"enemies":"3 Darklings","floor":38,"turns":5},{"damage":38,"enemies":"Giant Head","floor":40,"turns":10},{"damage":6,"enemies":"Nemesis","floor":42,"turns":3},{"damage":0,"enemies":"Spire Growth","floor":45,"turns":8},{"damage":0,"enemies":"Giant Head","floor":46,"turns":12},{"damage":16,"enemies":"Awakened One","floor":50,"turns":9}],"seed_played":"-8885889268350696889","potions_obtained":[{"floor":3.0,"key":"champ:CounterPotion"},{"floor":7.0,"key":"FearPotion"},{"floor":10.0,"key":"AttackPotion"},{"floor":11.0,"key":"LiquidBronze"},{"floor":12.0,"key":"FearPotion"},{"floor":13.0,"key":"DuplicationPotion"},{"floor":16.0,"key":"Dexterity Potion"},{"floor":18.0,"key":"Fire Potion"},{"floor":19.0,"key":"FairyPotion"},{"floor":22.0,"key":"Strength Potion"},{"floor":24.0,"key":"SneckoOil"},{"floor":27.0,"key":"SpeedPotion"},{"floor":28.0,"key":"Energy Potion"},{"floor":29.0,"key":"EntropicBrew"},{"floor":33,"key":"hexamod:EctoCoolerPotion"},{"floor":35,"key":"Regen Potion"},{"floor":37,"key":"FearPotion"},{"floor":38,"key":"CultistPotion"},{"floor":40,"key":"AttackPotion"},{"floor":42,"key":"PowerPotion"},{"floor":45,"key":"EssenceOfSteel"},{"floor":46,"key":"SteroidPotion"}],"is_trial":false,"path_per_floor":["M","?","M","M","$","R","E","R","T","E","M","E","M","$","R","B",null,"M","M","?","M","M","R","E","R","T","M","M","M","$","M","R","B",null,"M","?","M","M","$","E","?","E","T","R","M","E","R","?","R","B",null],"character_chosen":"GUARDIAN","items_purchased":["Guardian:RollAttack","Guardian:PiercingHide","Guardian:SpikerProtocol","Guardian:SpikerProtocol","Guardian:ShieldSpikes","PrismaticShard","War Paint","ClockworkSouvenir"],"campfire_rested":3,"item_purchase_floors":[5,14,14,30,30,30,30,39],"current_hp_per_floor":[69,69,69,67,67,67,53,53,53,44,35,25,25,25,64,26,67,67,49,30,30,21,21,6,6,6,48,48,36,36,24,63,63,76,76,66,80,80,80,42,42,36,36,75,75,75,75,75,75,59],"gold":76,"neow_bonus":"RANDOM_COMMON_RELIC","is_daily":false,"chose_seed":false,"campfire_upgraded":6,"win_rate":0.0,"timestamp":1608122735,"path_taken":["M","?","M","?","?","R","E","R","T","E","?","E","?","$","R","BOSS","M","M","?","M","M","R","E","R","T","M","?","M","$","M","R","BOSS","M","?","M","M","$","E","?","E","T","R","M","E","R","?","R","BOSS"],"items_purchased_type":["Card","Card","Card","Card","Card","Relic","Relic","Relic"],"build_version":"2020-12-13","purchased_purges":2,"victory":true,"max_hp_per_floor":[80,80,80,80,80,80,80,80,80,80,80,80,80,80,80,80,80,80,80,80,80,80,80,80,80,80,80,80,80,80,80,80,80,80,80,80,80,80,80,80,80,80,80,80,80,80,80,80,80,80],"relic_stats":{"Dream Catcher":3,"Regal Pillow":45,"Nunchaku":[2],"counters":[27,168],"Bronze Scales":[524],"Astrolabe":["Guardian:FastForward","Guardian:DecasProtection","Guardian:DonusPower"],"Art of War":[41],"War Paint":["Guardian:Defend_Guardian","Guardian:Clone"],"Question Card":14,"obtain_stats":[{"Regal Pillow":10,"Calipers":24,"SacredBark":17,"Astrolabe":34,"Guardian:ModeShifter":0,"Guardian:SackOfGems":12,"War Paint":30,"Question Card":26,"PrismaticShard":30,"White Beast Statue":9,"ClockworkSouvenir":39,"Dream Catcher":7,"Nunchaku":46,"Bronze Scales":2,"Molten Egg 2":40,"Art of War":0,"Red Mask":41,"Toxic Egg 2":42},{"Regal Pillow":5,"Calipers":14,"SacredBark":9,"Astrolabe":19,"Guardian:ModeShifter":0,"Guardian:SackOfGems":7,"War Paint":17,"Question Card":14,"PrismaticShard":17,"White Beast Statue":4,"ClockworkSouvenir":22,"Dream Catcher":4,"Nunchaku":26,"Bronze Scales":1,"Molten Egg 2":23,"Art of War":0,"Red Mask":23,"Toxic Egg 2":24},{"Regal Pillow":17,"Calipers":64,"SacredBark":43,"Astrolabe":108,"Guardian:ModeShifter":0,"Guardian:SackOfGems":27,"War Paint":90,"Question Card":64,"PrismaticShard":90,"White Beast Statue":13,"ClockworkSouvenir":126,"Dream Catcher":13,"Nunchaku":159,"Bronze Scales":3,"Molten Egg 2":136,"Art of War":0,"Red Mask":136,"Toxic Egg 2":139}]},"card_choices":[{"not_picked":["Guardian:CrystalBeam","Guardian:ChargeCore"],"picked":"Guardian:ShieldCharger","floor":1.0},{"not_picked":["Guardian:Gem_Red","Guardian:RollAttack"],"picked":"Guardian:EvasiveProtocol","floor":3.0},{"not_picked":["Guardian:Gem_Red","Guardian:CrystalBeam","Guardian:TemporalStrike"],"picked":"SKIP","floor":4.0},{"not_picked":["Guardian:Gem_Red","Guardian:CrystalBeam","Guardian:TemporalStrike"],"picked":"SKIP","floor":4.0},{"not_picked":["Guardian:PrimingBeam","Guardian:Gem_Red"],"picked":"Guardian:Clone","floor":7.0},{"not_picked":["Guardian:BronzeArmor","Guardian:ShieldSpikes"],"picked":"Guardian:PiercingHide","floor":10.0},{"not_picked":["Guardian:PrimingBeam","Guardian:Orbwalk"],"picked":"Guardian:Gem_Green","floor":11.0},{"not_picked":["Guardian:Gem_Crimson","Guardian:RollAttack"],"picked":"Guardian:BronzeArmor","floor":12.0},{"not_picked":["Guardian:CrystalBeam","Guardian:TimeSifter"],"picked":"Guardian:ChargeUp","floor":13.0},{"not_picked":["Guardian:Gem_Lightblue","Guardian:SentryBeam"],"picked":"Guardian:Reroute","floor":15.0},{"not_picked":["Guardian:FierceBash","Guardian:ConstructionForm"],"picked":"Guardian:StasisField","floor":16.0},{"not_picked":["Guardian:ShieldCharger","Guardian:Orbwalk+1"],"picked":"Guardian:Suspension","floor":18.0},{"not_picked":["Guardian:ChargeCore","Guardian:ShieldCharger"],"picked":"Guardian:Gem_Cyan","floor":19.0},{"not_picked":["Guardian:VentSteam","Guardian:PrismaticBeam"],"picked":"Guardian:Gem_Cyan","floor":21.0},{"not_picked":["Guardian:PiercingHide","Guardian:SentryBeam","Guardian:TemporalStrike"],"picked":"SKIP","floor":22.0},{"not_picked":["Guardian:Gem_Red","Guardian:PiercingHide","Guardian:VentSteam"],"picked":"SKIP","floor":24.0},{"not_picked":["Guardian:Incinerate+1","Guardian:Gem_Lightblue","Guardian:ChargeCore"],"picked":"Guardian:Gem_White","floor":27.0},{"not_picked":["Guardian:VentSteam","Guardian:RefractedBeam+1","Guardian:ShieldCharger"],"picked":"Guardian:BronzeArmor","floor":28.0},{"not_picked":["Guardian:PrismaticBarrier","Guardian:CrystalBeam+1","Guardian:RollAttack"],"picked":"Guardian:MultiBeam","floor":29.0},{"not_picked":["Infernal Blade+1","Deadly Poison","Genetic Algorithm+1","hexamod:BurningTouch+1"],"picked":"SKIP","floor":31.0},{"not_picked":["sneckomod:UnknownClassHEXA_GHOST_PURPLE","Reflex","Guardian:PrimingBeam"],"picked":"hexamod:GhostOfSpirePresent","floor":32},{"not_picked":["Corpse Explosion","sneckomod:SoulExchange","Secret Weapon"],"picked":"hexamod:SixthSeal","floor":33},{"not_picked":["Deadly Poison+1","Eviscerate","Streamline+1"],"picked":"Trip+1","floor":35},{"not_picked":["Tempest","Beam Cell+1","LikeWater+1"],"picked":"Guardian:Gem_White","floor":37},{"not_picked":["expansioncontent:DecasProtection","sneckomod:Unknown2Cost+1","champ:Haymaker+1","expansioncontent:SlimeTackle"],"picked":"SKIP","floor":38},{"not_picked":["sneckomod:ImprovisedAttack+1","Compile Driver+1","Cleave+1","Stack+1"],"picked":"SKIP","floor":40},{"not_picked":["Warcry+1","Turbo+1","Force Field+1","Steam+1"],"picked":"SKIP","floor":42},{"not_picked":["Blade Dance+1","champ:BladeFlurry+1","champ:RapidStrikes+1"],"picked":"Reprogram+1","floor":44},{"not_picked":["expansioncontent:Torchfire+1","Guardian:VentSteam+1","Ball Lightning+1","Masterful Stab+1"],"picked":"SKIP","floor":45},{"not_picked":["Slimebound:ComboTackle+1","EmptyMind+1","champ:StanceDance+1"],"picked":"Adrenaline+1","floor":46}],"player_experience":1207300,"relics_obtained":[{"floor":7.0,"key":"Dream Catcher"},{"floor":9.0,"key":"White Beast Statue"},{"floor":10.0,"key":"Regal Pillow"},{"floor":12.0,"key":"Guardian:SackOfGems"},{"floor":24.0,"key":"Calipers"},{"floor":26.0,"key":"Question Card"},{"floor":40,"key":"Molten Egg 2"},{"floor":42,"key":"Toxic Egg 2"},{"floor":46,"key":"Nunchaku"}],"event_choices":[{"damage_healed":0.0,"max_hp_gain":0.0,"max_hp_loss":0.0,"gold_gain":0.0,"event_name":"WeMeetAgain","player_choice":"Paid Gold","floor":2.0,"gold_loss":81.0,"damage_taken":0.0,"relics_obtained":["Bronze Scales"]},{"damage_healed":0.0,"max_hp_gain":0.0,"max_hp_loss":0.0,"gold_gain":180.0,"event_name":"Knowing Skull","player_choice":"GOLD GOLD ","floor":20.0,"potions_obtained":[],"gold_loss":0.0,"damage_taken":19.0,"cards_obtained":[]},{"damage_healed":0,"gold_gain":0,"player_choice":"Embrace Madness","damage_taken":10,"max_hp_gain":0,"max_hp_loss":0,"event_name":"Winding Halls","floor":36,"gold_loss":0,"cards_obtained":["Madness","Madness"]},{"damage_healed":0,"gold_gain":0,"player_choice":"Paid","damage_taken":0,"relics_obtained":["Red Mask"],"max_hp_gain":0,"max_hp_loss":0,"event_name":"Tomb of Lord Red Mask","floor":41,"gold_loss":57},{"cards_removed":["Madness"],"damage_healed":0,"gold_gain":0,"player_choice":"Removed Skill","damage_taken":0,"max_hp_gain":0,"max_hp_loss":0,"event_name":"Falling","floor":48,"gold_loss":0}],"is_beta":false,"boss_relics":[{"not_picked":["Empty Cage","Sozu"],"picked":"SacredBark"},{"not_picked":["Busted Crown","Velvet Choker"],"picked":"Astrolabe"}],"items_purged_floors":[14,30],"is_endless":false,"potions_floor_spawned":[3,7,10,11,12,13,16,18,19,21,22,24,27,28,29,31,33,35,37,38,40,42,45,46],"ascension_level":10}}