{"host":"kdxx03a4p3nl7qnm","time":1608082918,"event":{"mods":["AchievementEnabler","Act Like it!","BaseMod","Better Altar","Better Third Choice","Better Vampires","Conspire","Defuse TimeMaze Blight","Downfall","Elementarium","Hallownest","Infinite Spire","Luminous","Mimic Mod","Minty Spire (QoL Compilation)","Quick Restart","StSLib","The Alterego","The Jungle","The Kombatant","TheBandit","TheSwordswoman","TheVacant","Waifu the Spire"],"gold_per_floor":[118,43,62,75,75,102,102,112,135,151,1,16,16,16,16,111,111,111],"floor_reached":17,"playtime":1045,"items_purged":["alterego_mod:Impale"],"score":182,"play_id":"95f77474-4eb9-4e33-8e45-d89bcea8875a","local_time":"20201215194158","daily_mods":["Vintage"],"is_ascension_mode":false,"campfire_choices":[{"data":"alterego_mod:BigMeatyClaws","floor":7,"key":"SMITH"},{"floor":15,"key":"REST"}],"circlet_count":0,"master_deck":["alterego_mod:Strike","alterego_mod:Strike","alterego_mod:Strike","alterego_mod:Strike","alterego_mod:Defend","alterego_mod:Defend","alterego_mod:Defend","alterego_mod:Defend","alterego_mod:BigMeatyClaws+1","alterego_mod:BrynhildrsRune+1","alterego_mod:Pet+1","infinitespire:FutureSight","alterego_mod:Mirror","alterego_mod:Palingenesis"],"relics":["alterego_mod:MasochisticConstitution","Toy Ornithopter","infinitespire:Satchel","Juzu Bracelet","sneckomod:BlankCard","Happy Flower","Dream Catcher","StrikeDummy","champ:Barbells","Strawberry","Busted Crown"],"acts_visited":["Exordium","Exordium"],"potions_floor_usage":[],"damage_taken":[{"damage":13,"enemies":"Cultist","floor":1,"turns":6},{"damage":4,"enemies":"Small Slimes","floor":3,"turns":5},{"damage":1,"enemies":"Jaw Worm","floor":4,"turns":5},{"damage":29,"enemies":"3 Sentries","floor":6,"turns":17},{"damage":1,"enemies":"Large Slime","floor":8,"turns":10},{"damage":8,"enemies":"3 Louse","floor":10,"turns":6},{"damage":4,"enemies":"Lots of Slimes","floor":12,"turns":7},{"damage":42,"enemies":"Hexaghost","floor":16,"turns":15}],"seed_played":"-3255400445489145225","potions_obtained":[{"floor":1,"key":"LiquidMemories"},{"floor":8,"key":"Slimebound:ThreeZeroPotion"},{"floor":12,"key":"CultistPotion"}],"is_trial":true,"path_per_floor":["M","$","M","M","?","E","R","M","T","M","$","M","$","?","R","B",null],"character_chosen":"The_Alterego","items_purchased":["champ:Barbells"],"campfire_rested":1,"item_purchase_floors":[11],"current_hp_per_floor":[65,65,72,73,66,59,59,66,66,73,73,84,84,64,84,43,85,85],"gold":111,"neow_bonus":"","is_daily":false,"chose_seed":false,"campfire_upgraded":1,"win_rate":0.0,"timestamp":1608082918,"path_taken":["M","?","?","M","?","E","R","M","T","M","?","M","$","?","R","BOSS"],"items_purchased_type":["Relic"],"build_version":"2020-12-13","purchased_purges":1,"victory":false,"max_hp_per_floor":[71,71,72,73,73,74,74,75,75,76,76,84,84,84,84,85,85,85],"card_choices":[{"not_picked":["alterego_mod:Clones","alterego_mod:SuperDuperMasochism"],"picked":"alterego_mod:Pet","floor":6},{"not_picked":["infinitespire:Fortify","infinitespire:SevenWalls"],"picked":"infinitespire:FutureSight","floor":14},{"not_picked":["alterego_mod:Birthday","alterego_mod:HighServant"],"picked":"alterego_mod:Mirror","floor":15},{"not_picked":["alterego_mod:Alter","alterego_mod:TrickOrTreatment"],"picked":"alterego_mod:Palingenesis","floor":16}],"player_experience":68647,"relics_obtained":[{"floor":1,"key":"Toy Ornithopter"},{"floor":3,"key":"infinitespire:Satchel"},{"floor":4,"key":"Juzu Bracelet"},{"floor":6,"key":"sneckomod:BlankCard"},{"floor":8,"key":"Happy Flower"},{"floor":9,"key":"Dream Catcher"},{"floor":10,"key":"StrikeDummy"},{"floor":12,"key":"Strawberry"}],"event_choices":[],"is_beta":false,"boss_relics":[{"not_picked":["conspire:SlowCooker","expansioncontent:StudyCardRelic"],"picked":"Busted Crown"}],"items_purged_floors":[2],"is_endless":false,"potions_floor_spawned":[1,8,12],"ascension_level":0}}