{"host":"m6aaltr68g9tvoay","time":1608106975,"event":{"mods":["AchievementEnabler","BaseMod","Colored Map","Minty Spire (QoL Compilation)","StSLib"],"gold_per_floor":[219,229,31,43,43,43,72,72,72,101,101,101,116,13,13,90,90,105,105,117,163,163,163],"floor_reached":22,"playtime":827,"items_purged":[],"score":374,"play_id":"16c96022-58e1-4073-a776-91e15871b609","local_time":"20201216002255","is_ascension_mode":true,"campfire_choices":[{"data":"A Thousand Cuts","floor":6,"key":"SMITH"},{"floor":8,"key":"REST"},{"floor":11,"key":"REST"},{"floor":15,"key":"REST"}],"circlet_count":0,"master_deck":["AscendersBane","Strike_G","Strike_G","Strike_G","Strike_G","Strike_G","Defend_G","Defend_G","Defend_G","Defend_G","Survivor","Neutralize","Blade Dance","A Thousand Cuts+1","Flying Knee","Terror","Caltrops","Flying Knee","All Out Attack","Dagger Spray","Leg Sweep+1","Phantasmal Killer+1","Dagger Spray+1","Deflect+1"],"relics":["Ring of the Serpent","Nunchaku","Toxic Egg 2","Tiny Chest","MutagenicStrength","Regal Pillow"],"acts_visited":["Exordium","TheCity"],"potions_floor_usage":[10,10,18],"damage_taken":[{"damage":7,"enemies":"Small Slimes","floor":1,"turns":5},{"damage":2,"enemies":"Jaw Worm","floor":2,"turns":4},{"damage":2,"enemies":"2 Louse","floor":4,"turns":3},{"damage":42,"enemies":"3 Sentries","floor":7,"turns":8},{"damage":17,"enemies":"Lagavulin","floor":10,"turns":6},{"damage":0,"enemies":"Large Slime","floor":13,"turns":4},{"damage":43,"enemies":"The Guardian","floor":16,"turns":11},{"damage":1,"enemies":"3 Byrds","floor":18,"turns":2},{"damage":20,"enemies":"Shell Parasite","floor":20,"turns":4},{"damage":33,"enemies":"Snake Plant","floor":22,"turns":3}],"seed_played":"4387151517347954311","potions_obtained":[{"floor":2,"key":"SteroidPotion"},{"floor":7,"key":"SpeedPotion"},{"floor":16,"key":"DistilledChaos"},{"floor":18,"key":"Swift Potion"}],"is_trial":false,"path_per_floor":["M","M","$","M","?","R","E","R","T","E","R","?","M","$","R","B",null,"M","?","M","T","M"],"character_chosen":"THE_SILENT","items_purchased":["A Thousand Cuts","Flying Knee","Dagger Spray","Leg Sweep+1"],"campfire_rested":3,"item_purchase_floors":[3,3,14,14],"current_hp_per_floor":[52,50,50,48,48,48,6,25,25,8,27,27,27,27,46,3,50,49,49,29,29,0,0],"gold":163,"neow_bonus":"HUNDRED_GOLD","is_daily":false,"chose_seed":false,"campfire_upgraded":1,"win_rate":0.0,"timestamp":1608106975,"path_taken":["M","M","$","M","?","R","E","R","T","E","R","?","M","?","R","BOSS","M","?","M","?","M"],"items_purchased_type":["Card","Card","Card","Card"],"build_version":"2020-12-13","purchased_purges":0,"victory":false,"max_hp_per_floor":[66,66,66,66,66,66,66,66,66,66,66,66,66,66,66,66,66,66,66,66,66,66,66],"card_choices":[{"not_picked":["Acrobatics","Deflect"],"picked":"Blade Dance","floor":1},{"not_picked":["Prepared","Predator","Dodge and Roll"],"picked":"SKIP","floor":2},{"not_picked":["Infinite Blades","Tactician"],"picked":"Terror","floor":4},{"not_picked":["Venomology","Prepared","Catalyst"],"picked":"SKIP","floor":7},{"not_picked":["Noxious Fumes","Choke"],"picked":"Flying Knee","floor":10},{"not_picked":["Infinite Blades","Expertise+1"],"picked":"All Out Attack","floor":13},{"not_picked":["Grand Finale","Glass Knife"],"picked":"Phantasmal Killer+1","floor":16},{"not_picked":["Footwork","Quick Slash"],"picked":"Dagger Spray+1","floor":18},{"not_picked":["Flying Knee","Blade Dance+1"],"picked":"Deflect+1","floor":20}],"player_experience":1246664,"relics_obtained":[{"floor":7,"key":"Nunchaku"},{"floor":9,"key":"Toxic Egg 2"},{"floor":10,"key":"Tiny Chest"},{"floor":21,"key":"Regal Pillow"}],"event_choices":[{"damage_healed":0,"gold_gain":0,"cards_transformed":["Defend_G"],"player_choice":"Change","damage_taken":0,"max_hp_gain":0,"max_hp_loss":0,"event_name":"Living Wall","floor":5,"gold_loss":0,"cards_obtained":["Caltrops"]},{"damage_healed":0,"gold_gain":0,"player_choice":"Ignored","damage_taken":0,"max_hp_gain":0,"max_hp_loss":0,"event_name":"Liars Game","floor":12,"gold_loss":0},{"damage_healed":0,"gold_gain":0,"player_choice":"Inject Mutagens","damage_taken":0,"relics_obtained":["MutagenicStrength"],"max_hp_gain":0,"max_hp_loss":0,"event_name":"Drug Dealer","floor":19,"gold_loss":0}],"is_beta":false,"boss_relics":[{"not_picked":["Runic Dome","Velvet Choker"],"picked":"Ring of the Serpent"}],"items_purged_floors":[],"is_endless":false,"potions_floor_spawned":[2,7,16,18],"killed_by":"Snake Plant","ascension_level":19}}