{"host":"ctlqibkg0sskiu65","time":1608125896,"event":{"mods":["2.2 Compatiblity","AchievementEnabler","Aspiration","BaseMod","BetterRewards","Colored Map","Colored Powertips","Conspire","Fiend Mod","Infinite Spire","Minty Spire (QoL Compilation)","Quick Restart","Replay The Spire","Shop Mod","StSLib","The Bladedancer","The Cursed","The Hierophant","The Jungle","The Kombatant","The Servant 0.9.4","TheBandit"],"gold_per_floor":[118,118,137,62,62,62,90,130,130,149,165,165,180,196,196,301,301,282,292,292,292,292,292,324,324,324,336,336,361,361,372,372,475,525,541,128,144,163,178,205,205,80,80,80,111,161,161,179,179,179],"floor_reached":51,"playtime":3443,"items_purged":["Strike_G","Strike_G","Strike_G"],"score":981,"play_id":"976ec661-19cb-46de-bea3-24b357019f51","local_time":"20201216073816","is_ascension_mode":true,"campfire_choices":[{"data":"Hidden Blade","floor":6.0,"key":"SMITH"},{"floor":15.0,"key":"REST"},{"data":"Adrenaline","floor":23.0,"key":"SMITH"},{"floor":28,"key":"REST"},{"floor":32,"key":"REST"},{"data":"After Image","floor":41,"key":"SMITH"},{"data":"After Image","floor":49,"key":"SMITH"}],"circlet_count":0,"master_deck":["Defend_G","Defend_G","Defend_G","Defend_G","Defend_G","Survivor","Neutralize","Blade Dance+1","Bouncing Flask","Prepared","Hidden Blade+1","Blade Dance+1","ReplayTheSpireMod:Shiv Toss","Cloak And Dagger","Cloak And Dagger","After Image+1","ReplayTheSpireMod:The Works","Cloak And Dagger","Adrenaline+1","CurseOfTheBell","After Image+1","Adrenaline+1","Cloak And Dagger+1","Footwork+1","Slice+1"],"relics":["Ring of the Snake","Prayer Wheel","Replay:Bottled Eggs","Shuriken","Regal Pillow","Kunai","Calling Bell","Juzu Bracelet","Replay:WaspNest","infinitespire:Golems Mask","Bronze Scales","PrismaticShard","Mummified Hand","Tingsha","PreservedInsect","Tiny House","infinitespire:Bottled Soul","aspiration:HummingbirdHeart","conspire:DeflatedDodgeball","Mirror","Pocketwatch"],"acts_visited":["Exordium","TheCity","TheBeyond"],"potions_floor_usage":[24,33,33,50,50,50],"damage_taken":[{"damage":0.0,"enemies":"Jaw Worm","floor":1.0,"turns":4.0},{"damage":0.0,"enemies":"Cultist","floor":3.0,"turns":3.0},{"damage":35.0,"enemies":"Lagavulin","floor":7.0,"turns":7.0},{"damage":22.0,"enemies":"conspire:MimicChest","floor":8.0,"turns":4.0},{"damage":0.0,"enemies":"2 Louse","floor":10.0,"turns":1.0},{"damage":0.0,"enemies":"Looter","floor":11.0,"turns":2.0},{"damage":0.0,"enemies":"3 Louse","floor":13.0,"turns":4.0},{"damage":5.0,"enemies":"Exordium Thugs","floor":14.0,"turns":2.0},{"damage":23.0,"enemies":"The Guardian","floor":16.0,"turns":10.0},{"damage":5.0,"enemies":"2 Thieves","floor":18.0,"turns":4.0},{"damage":10.0,"enemies":"Spheric Guardian","floor":19.0,"turns":4.0},{"damage":50,"enemies":"Gremlin Leader","floor":24,"turns":6},{"damage":0,"enemies":"conspire:HollyBat","floor":27,"turns":6},{"damage":17,"enemies":"conspire:SneckoGhost","floor":29,"turns":5},{"damage":1,"enemies":"Centurion and Healer","floor":31,"turns":4},{"damage":23,"enemies":"Champ","floor":33,"turns":8},{"damage":0,"enemies":"3 Shapes","floor":35,"turns":5},{"damage":0,"enemies":"3 Darklings","floor":37,"turns":5},{"damage":10,"enemies":"4 Shapes","floor":38,"turns":7},{"damage":7,"enemies":"Spire Growth","floor":39,"turns":5},{"damage":0,"enemies":"R_Hoarder","floor":40,"turns":8},{"damage":0,"enemies":"Giant Head","floor":45,"turns":7},{"damage":0,"enemies":"Mind Bloom Boss Battle","floor":46,"turns":4},{"damage":0,"enemies":"3 Darklings","floor":48,"turns":4},{"damage":0,"enemies":"Replay:Hell Engine","floor":50,"turns":10}],"seed_played":"7100440897079932167","potions_obtained":[{"floor":1.0,"key":"FearPotion"},{"floor":2.0,"key":"Fire Potion"},{"floor":2.0,"key":"Block Potion"},{"floor":2.0,"key":"DistilledChaos"},{"floor":16.0,"key":"EssenceOfSteel"},{"floor":24,"key":"AttackPotion"},{"floor":27,"key":"SkillPotion"},{"floor":34,"key":"SneckoOil"},{"floor":38,"key":"Weak Potion"},{"floor":39,"key":"Languid Potion"},{"floor":48,"key":"Block Potion"}],"is_trial":false,"path_per_floor":["M","?","M","$","T","R","E","?","T","M","M","?","M","M","R","B",null,"M","M","?","?","?","R","E","?","T","M","R","E","T","M","R","B",null,"M","$","M","M","M","E","R","$","T","?","E","?","?","M","R","B",null],"character_chosen":"THE_SILENT","items_purchased":["Blade Dance","infinitespire:Bottled Soul","Swift Potion"],"campfire_rested":3,"item_purchase_floors":[0,36,36],"current_hp_per_floor":[70,70,70,70,70,70,35,13,13,13,13,13,13,8,44,21,58,53,43,43,66,66,66,16,8,8,8,44,27,27,26,62,39,67,67,67,67,57,50,50,50,50,50,50,50,50,50,50,50,50],"gold":179,"neow_bonus":"","is_daily":false,"chose_seed":false,"campfire_upgraded":4,"win_rate":0.0,"timestamp":1608125896,"path_taken":["M","?","M","$","?","R","E","?","T","M","M","?","M","M","R","BOSS","M","M","?","?","?","R","E","?","T","M","R","E","?","M","R","BOSS","M","$","M","M","M","E","R","$","T","?","E","?","?","M","R","BOSS"],"items_purchased_type":["Card","Relic","Potion"],"build_version":"2020-12-13","purchased_purges":3,"victory":true,"max_hp_per_floor":[70,70,70,70,70,70,70,70,70,70,70,70,70,70,70,70,70,70,70,70,70,70,70,70,70,70,70,70,70,70,70,70,70,75,75,75,75,75,75,75,75,75,75,75,75,75,75,75,75,75],"card_choices":[{"not_picked":["Hidden Blade","Quick Slash"],"picked":"Bouncing Flask","floor":1.0},{"not_picked":["Dagger Spray","Dodge and Roll"],"picked":"Prepared","floor":1.0},{"not_picked":["Distraction","Deflect"],"picked":"Hidden Blade","floor":3.0},{"not_picked":["Terror","Flying Knee"],"picked":"Blade Dance","floor":3.0},{"not_picked":["Deflect","Corpse Explosion"],"picked":"ReplayTheSpireMod:Shiv Toss","floor":7.0},{"not_picked":["Acrobatics","PiercingWail"],"picked":"Cloak And Dagger","floor":8.0},{"not_picked":["Dodge and Roll","Outmaneuver"],"picked":"Cloak And Dagger","floor":10.0},{"not_picked":["Setup","Prepared"],"picked":"After Image","floor":10.0},{"not_picked":["ReplayTheSpireMod:Shiv Toss","Dagger Spray","Dagger Throw"],"picked":"SKIP","floor":11.0},{"not_picked":["Eviscerate","Toxin Wave","Bouncing Flask"],"picked":"SKIP","floor":11.0},{"not_picked":["Riddle With Holes","Dodge and Roll","Masterful Stab"],"picked":"SKIP","floor":13.0},{"not_picked":["Replay:Bag of Tricks","All Out Attack","Underhanded Strike"],"picked":"SKIP","floor":13.0},{"not_picked":["Deflect","Underhanded Strike"],"picked":"Cloak And Dagger","floor":14.0},{"not_picked":["Skewer","Deadly Poison","Outmaneuver"],"picked":"SKIP","floor":14.0},{"not_picked":["Glass Knife","infinitespire:Neurotoxin"],"picked":"Adrenaline","floor":16.0},{"not_picked":["Deflect","Outmaneuver","Prepared"],"picked":"SKIP","floor":18.0},{"not_picked":["ReplayTheSpireMod:Scrap Shanks","Hidden Blade","Leg Sweep+1"],"picked":"SKIP","floor":18.0},{"not_picked":["Outmaneuver","Flying Knee+1"],"picked":"After Image","floor":19.0},{"not_picked":["Outmaneuver","conspire:DoublingDagger","Catalyst"],"picked":"SKIP","floor":19.0},{"not_picked":["Venomology","Bane+1","Tactician"],"picked":"SKIP","floor":24},{"not_picked":["hierophant:AuricBeam+1","blademaster:FuriousStrike","Revamp"],"picked":"SKIP","floor":27},{"not_picked":["Gash+1","wariomod:BumRush","blademaster:AspectOfLightning"],"picked":"SKIP","floor":27},{"not_picked":["Calculated Gamble","Panic Button","blademaster:BladeCross"],"picked":"SKIP","floor":29},{"not_picked":["wariomod:DeepDig+1","Fiend:FiendConserve","Static Discharge"],"picked":"SKIP","floor":31},{"not_picked":["Moonlight","ReplayRNGCard","TheCursedMod:EmpowerCircles"],"picked":"SKIP","floor":31},{"not_picked":["Finesse+1","TheKombatant:skillExtraShades"],"picked":"Cloak And Dagger+1","floor":35},{"not_picked":["Endless Agony+1","Evolve","CrushJoints+1"],"picked":"SKIP","floor":35},{"not_picked":["Mind Blast","blademaster:BloodyBlow"],"picked":"Footwork+1","floor":37},{"not_picked":["Fiend:FiendHealBurst","PiercingWail","Deadly Poison+1"],"picked":"SKIP","floor":37},{"not_picked":["Backstab+1","wariomod:TheGrandJourney+1","wariomod:Boomsmack+1"],"picked":"SKIP","floor":38},{"not_picked":["Defragment+1","TheKombatant:skillSmokeParry","hierophant:SecretStash"],"picked":"SKIP","floor":38},{"not_picked":["TheCursedMod:EmpowerCircles","Fiend:FiendSliceAndDice+1","wariomod:DropBash+1"],"picked":"SKIP","floor":39},{"not_picked":["TheKombatant:skillEnenra","Rearm+1","hierophant:Empathy"],"picked":"SKIP","floor":39},{"not_picked":["Fiend:FiendMasochism","Fiend:FiendDemonWhip"],"picked":"Slice+1","floor":40},{"not_picked":["Distraction","Potential+1","blademaster:SlyStabs+1"],"picked":"SKIP","floor":45},{"not_picked":["TheCursedMod:RavingStaff+1","TheCursedMod:SmokeScreen+1","Spin+1"],"picked":"SKIP","floor":48},{"not_picked":["Flying Knee+1","Coolheaded","TheKombatant:skillSmokeParry+1"],"picked":"SKIP","floor":48}],"player_experience":143935,"relics_obtained":[{"floor":5.0,"key":"Replay:Bottled Eggs"},{"floor":7.0,"key":"Shuriken"},{"floor":8.0,"key":"Regal Pillow"},{"floor":9.0,"key":"Kunai"},{"floor":17.0,"key":"Juzu Bracelet"},{"floor":17.0,"key":"Replay:WaspNest"},{"floor":17.0,"key":"infinitespire:Golems Mask"},{"floor":24,"key":"Bronze Scales"},{"floor":25,"key":"PrismaticShard"},{"floor":26,"key":"Mummified Hand"},{"floor":29,"key":"Tingsha"},{"floor":30,"key":"PreservedInsect"},{"floor":40,"key":"aspiration:HummingbirdHeart"},{"floor":43,"key":"conspire:DeflatedDodgeball"},{"floor":45,"key":"Mirror"},{"floor":46,"key":"Pocketwatch"}],"event_choices":[{"damage_healed":0.0,"max_hp_gain":0.0,"max_hp_loss":0.0,"gold_gain":0.0,"event_name":"Lab","player_choice":"Got Potions","floor":2.0,"gold_loss":0.0,"damage_taken":0.0},{"damage_healed":0.0,"max_hp_gain":0.0,"max_hp_loss":0.0,"gold_gain":0.0,"cards_transformed":["Strike_G"],"event_name":"Transmorgrifier","player_choice":"Transformed","floor":12.0,"gold_loss":0.0,"damage_taken":0.0,"cards_obtained":["ReplayTheSpireMod:The Works"]},{"damage_healed":0.0,"max_hp_gain":0.0,"max_hp_loss":0.0,"gold_gain":0.0,"event_name":"Duplicator","player_choice":"Copied","floor":20.0,"gold_loss":0.0,"damage_taken":0.0,"cards_obtained":["Adrenaline"]},{"damage_healed":23.0,"max_hp_gain":0.0,"max_hp_loss":0.0,"gold_gain":0.0,"event_name":"The Library","player_choice":"Heal","floor":21.0,"gold_loss":0.0,"damage_taken":0.0},{"damage_healed":0.0,"max_hp_gain":0.0,"max_hp_loss":0.0,"gold_gain":0.0,"event_name":"conspire:Investor","player_choice":"Leave","floor":22.0,"gold_loss":0.0,"damage_taken":0.0},{"damage_healed":0,"gold_gain":0,"player_choice":"Fight","damage_taken":0,"max_hp_gain":0,"max_hp_loss":0,"event_name":"MindBloom","floor":46,"gold_loss":0},{"cards_removed":["Strike_G"],"damage_healed":0,"gold_gain":0,"player_choice":"Purged","damage_taken":0,"max_hp_gain":0,"max_hp_loss":0,"event_name":"Purifier","floor":47,"gold_loss":0}],"is_beta":false,"boss_relics":[{"not_picked":["conspire:RoyalGoblet","Replay:Fungal Core"],"picked":"Calling Bell"},{"not_picked":["infinitespire:Cupcake","Snecko Scales"],"picked":"Tiny House"}],"items_purged_floors":[4,36,42],"is_endless":false,"potions_floor_spawned":[1,3,16,24,27,38,39,40,48],"ascension_level":5}}