{"host":"h7phgxvratutj9mx","time":1608093047,"event":{"mods":["BaseMod","Highlight Path","Minty Spire (QoL Compilation)"],"gold_per_floor":[215,215,229,248,248,248,323,323,323],"floor_reached":8,"playtime":366,"items_purged":[],"score":51,"play_id":"cbd4635b-c0ab-4f27-8e73-0b38a7285b5b","local_time":"25631216113047","is_ascension_mode":true,"campfire_choices":[{"floor":6,"key":"REST"}],"circlet_count":0,"master_deck":["Strike_P","Strike_P+1","Strike_P","Strike_P","Defend_P","Defend_P","Defend_P+1","Defend_P","Eruption","Vigilance","Halt","Regret","Evaluate","FollowUp"],"relics":["PureWater","Singing Bowl"],"acts_visited":["Exordium"],"potions_floor_usage":[8,8],"damage_taken":[{"damage":0,"enemies":"Small Slimes","floor":1,"turns":3},{"damage":13,"enemies":"Cultist","floor":3,"turns":6},{"damage":2,"enemies":"Jaw Worm","floor":4,"turns":4},{"damage":51,"enemies":"Lagavulin","floor":8,"turns":12}],"seed_played":"3368592435540736810","potions_obtained":[{"floor":3,"key":"Block Potion"},{"floor":4,"key":"AttackPotion"}],"is_trial":false,"path_per_floor":["M","?","M","M","?","R","?","E"],"character_chosen":"WATCHER","items_purchased":[],"campfire_rested":1,"item_purchase_floors":[],"current_hp_per_floor":[72,72,59,57,43,64,53,2,2],"gold":323,"neow_bonus":"HUNDRED_GOLD","is_daily":false,"chose_seed":false,"campfire_upgraded":0,"win_rate":0.0,"timestamp":1608093047,"path_taken":["M","?","M","M","?","R","?","E"],"items_purchased_type":[],"build_version":"2020-12-13","purchased_purges":0,"victory":false,"max_hp_per_floor":[72,72,72,72,72,72,72,72,72],"card_choices":[{"not_picked":["PathToVictory","Vengeance"],"picked":"Halt","floor":1},{"not_picked":["FollowUp","Indignation"],"picked":"Evaluate","floor":3},{"not_picked":["Protect","Weave"],"picked":"FollowUp","floor":4}],"player_experience":479597,"relics_obtained":[],"event_choices":[{"damage_healed":0,"gold_gain":0,"player_choice":"Box","damage_taken":0,"relics_obtained":["Singing Bowl"],"max_hp_gain":0,"max_hp_loss":0,"event_name":"Big Fish","floor":2,"gold_loss":0,"cards_obtained":["Regret"]},{"damage_healed":0,"gold_gain":0,"player_choice":"Entered Light","damage_taken":14,"max_hp_gain":0,"max_hp_loss":0,"event_name":"Shining Light","floor":5,"gold_loss":0,"cards_upgraded":["Defend_P","Strike_P"]},{"damage_healed":0,"gold_gain":75,"player_choice":"Gather Gold","damage_taken":11,"max_hp_gain":0,"max_hp_loss":0,"event_name":"World of Goop","floor":7,"gold_loss":0}],"is_beta":false,"boss_relics":[],"items_purged_floors":[],"is_endless":false,"potions_floor_spawned":[3,4],"killed_by":"Lagavulin","ascension_level":2}}