{"host":"cr9rpoy6dx9riis3","time":1608143973,"event":{"mods":["AchievementEnabler","BaseMod","Better Altar","Better Note","Better Sensory Stone","Better Skull","Better Third Choice","Better-Laid Plans","BetterRewards","Block Reminder","Curses Come First","Displayed Cursed Tome","Emptier Cage","Marked Mod","Minty Spire (QoL Compilation)","Permanent Neow","Relic Sorter","StSLib","The Blue Laboratory","Transform Curses"],"gold_per_floor":[119,46,64,78,44,74,84,95,147,147,147,147,157,187,187,290,290,301,318,318,318],"floor_reached":20,"playtime":730,"items_purged":[],"score":329,"play_id":"479695d3-908e-46df-b9de-2c870a84bee2","local_time":"20201216193933","is_ascension_mode":true,"campfire_choices":[{"data":"Spot Weakness","floor":10,"key":"SMITH"},{"data":"Ghostly Armor","floor":12,"key":"SMITH"},{"floor":15,"key":"REST"}],"circlet_count":0,"master_deck":["Strike_R","Strike_R","Strike_R","Strike_R","Strike_R","Defend_R","Defend_R","Defend_R","Defend_R","Bash","Spot Weakness+1","Ghostly Armor+1","Disarm","Carnage","Spot Weakness","Demon Form","Limit Break","Disarm"],"relics":["Black Blood","PreservedInsect","Mercury Hourglass"],"acts_visited":["Exordium","TheCity"],"potions_floor_usage":[6,13,14,20,20],"damage_taken":[{"damage":5,"enemies":"Small Slimes","floor":1,"turns":3},{"damage":2,"enemies":"2 Louse","floor":3,"turns":3},{"damage":9,"enemies":"Cultist","floor":4,"turns":4},{"damage":8,"enemies":"Gremlin Nob","floor":6,"turns":3},{"damage":5,"enemies":"2 Fungi Beasts","floor":7,"turns":5},{"damage":12,"enemies":"Blue Slaver","floor":8,"turns":4},{"damage":12,"enemies":"Gremlin Gang","floor":13,"turns":4},{"damage":43,"enemies":"3 Sentries","floor":14,"turns":6},{"damage":33,"enemies":"Hexaghost","floor":16,"turns":10},{"damage":51,"enemies":"Spheric Guardian","floor":18,"turns":7},{"damage":38,"enemies":"Chosen","floor":19,"turns":7},{"damage":26,"enemies":"Centurion and Healer","floor":20,"turns":5}],"seed_played":"-4787068309430782220","potions_obtained":[{"floor":1,"key":"blueLaboratory:LouseDecoction"},{"floor":4,"key":"Strength Potion"},{"floor":8,"key":"GamblersBrew"},{"floor":13,"key":"Dexterity Potion"},{"floor":19,"key":"blueLaboratory:SavagePotion"}],"is_trial":false,"path_per_floor":["M","$","M","M","$","E","M","M","T","R","?","R","M","E","R","B",null,"M","M","M"],"character_chosen":"IRONCLAD","items_purchased":["PreservedInsect","Ghostly Armor","Carnage"],"campfire_rested":1,"item_purchase_floors":[0,2,5],"current_hp_per_floor":[80,80,80,77,77,75,76,70,70,70,70,70,64,27,51,24,80,41,15,0,0],"gold":318,"neow_bonus":"","is_daily":false,"chose_seed":false,"campfire_upgraded":2,"win_rate":0.0,"timestamp":1608143973,"path_taken":["M","$","M","M","$","E","M","M","T","R","?","R","M","E","R","BOSS","M","M","M"],"items_purchased_type":["Relic","Card","Card"],"build_version":"2020-12-13","purchased_purges":0,"victory":false,"max_hp_per_floor":[80,80,80,80,80,80,80,80,80,80,80,80,80,80,80,80,80,80,80,80,80],"card_choices":[{"not_picked":["Clothesline","Iron Wave"],"picked":"Spot Weakness","floor":1},{"not_picked":["Iron Wave","True Grit"],"picked":"Disarm","floor":3},{"not_picked":["Combust","Shrug It Off","Twin Strike"],"picked":"SKIP","floor":4},{"not_picked":["Brutality","Wild Strike","Heavy Blade"],"picked":"SKIP","floor":6},{"not_picked":["Fire Breathing","Twin Strike","Wild Strike"],"picked":"SKIP","floor":7},{"not_picked":["Wild Strike","Havoc","Sword Boomerang"],"picked":"SKIP","floor":8},{"not_picked":["Wild Strike","Feel No Pain"],"picked":"Spot Weakness","floor":13},{"not_picked":["Flex","Bludgeon"],"picked":"Demon Form","floor":14},{"not_picked":["Berserk","Fiend Fire"],"picked":"Limit Break","floor":16},{"not_picked":["Clothesline","Anger+1"],"picked":"Disarm","floor":18},{"not_picked":["Entrench+1","Fire Breathing","Havoc"],"picked":"SKIP","floor":19}],"player_experience":715162,"relics_obtained":[{"floor":14,"key":"Mercury Hourglass"}],"event_choices":[{"damage_healed":0,"gold_gain":0,"player_choice":"Ignored","damage_taken":0,"max_hp_gain":0,"max_hp_loss":0,"event_name":"Golden Idol","floor":11,"gold_loss":0}],"is_beta":false,"boss_relics":[{"not_picked":["Tiny House","Snecko Eye"],"picked":"Black Blood"}],"items_purged_floors":[],"is_endless":false,"potions_floor_spawned":[1,4,8,13,19],"killed_by":"Centurion and Healer","ascension_level":3}}