{"host":"mytek2nu1hrzdnew","time":1608081665,"event":{"mods":["Aspiration","BaseMod","Conspire","GifTheSpireLib","Gold Saver","Hubris","Infinite Spire","Minty Spire (QoL Compilation)","Replay The Spire","StSLib","Stuff the Spire","The Animator"],"gold_per_floor":[524,524,546,419,437,497,497,557,661,677,677,695,749,774,774,886,911,931,931,946,58,76,76,132,132,157,175,257,276,327,352,352,452,452,472,490,508,508,508],"floor_reached":38,"playtime":2644,"items_purged":["animator:Strike_OnePunchMan","animator:Strike"],"score":618,"play_id":"be5fb86b-ca35-42bf-8898-15e6474379dd","local_time":"20201215202105","is_ascension_mode":true,"campfire_choices":[{"floor":11,"key":"REST"},{"floor":15,"key":"REST"},{"floor":23,"key":"REST"},{"floor":25,"key":"REST"},{"floor":32,"key":"REST"}],"circlet_count":0,"master_deck":["animator:Defend_OnePunchMan","animator:Strike","animator:Defend","animator:MumenRider","animator:PinaCoLada","animator:Arpeggio","Dash","Prepared","Dagger Spray","animator:SilverFang","animator:YaoHaDucy","animator:Arpeggio","animator:Tyuule","animator:MumenRider","animator:YaoHaDucy","animator:Envy+1","animator:Gilgamesh+16","animator:PinaCoLada"],"relics":["animator:LivingPicture","animator:TheMissingPiece","The Courier","Akabeko","Quantum Egg","Replay:Wax Seal","Snack Pack","aspiration:SecretTechniqueScroll","hubris:AstralHammer","Boot","StuffTheSpire:Rhapsscallions","Regal Pillow","StuffTheSpire:Mouthbags","aspiration:FrozenJewel","Nunchaku","aspiration:SeaSaltIceCream","Unceasing Top","Art of War","StuffTheSpire:Gunfinga"],"acts_visited":["Exordium","TheCity","TheBeyond"],"potions_floor_usage":[6,6,18,28,28,30,33,38,38],"damage_taken":[{"damage":4,"enemies":"Small Slimes","floor":1,"turns":2},{"damage":2,"enemies":"Jaw Worm","floor":3,"turns":3},{"damage":0,"enemies":"Cultist","floor":5,"turns":3},{"damage":13,"enemies":"Lagavulin","floor":6,"turns":5},{"damage":17,"enemies":"Gremlin Nob","floor":8,"turns":4},{"damage":0,"enemies":"Blue Slaver","floor":10,"turns":1},{"damage":0,"enemies":"Lots of Slimes","floor":12,"turns":1},{"damage":36,"enemies":"Lagavulin","floor":13,"turns":5},{"damage":60,"enemies":"Fading Forest","floor":16,"turns":11},{"damage":16,"enemies":"3 Byrds","floor":18,"turns":3},{"damage":28,"enemies":"2 Thieves","floor":20,"turns":3},{"damage":8,"enemies":"Chosen and Byrds","floor":22,"turns":3},{"damage":32,"enemies":"conspire:SneckoGhost","floor":24,"turns":4},{"damage":12,"enemies":"conspire:HollyBat","floor":27,"turns":4},{"damage":4,"enemies":"Replay:Snechameleon","floor":28,"turns":4},{"damage":20,"enemies":"Snecko","floor":29,"turns":4},{"damage":26,"enemies":"Slavers","floor":30,"turns":4},{"damage":55,"enemies":"conspire:MysteriousRune","floor":33,"turns":5},{"damage":7,"enemies":"Orb Walker","floor":35,"turns":2},{"damage":23,"enemies":"3 Darklings","floor":36,"turns":5},{"damage":22,"enemies":"Jaw Worm Horde","floor":37,"turns":4},{"damage":18,"enemies":"Transient","floor":38,"turns":2}],"seed_played":"-8987648988571806911","potions_obtained":[{"floor":1,"key":"Fire Potion"},{"floor":3,"key":"AttackPotion"},{"floor":13,"key":"Elixir"},{"floor":16,"key":"Weak Potion"},{"floor":24,"key":"Regen Potion"},{"floor":27,"key":"ColorlessPotion"},{"floor":29,"key":"LifebloodPotion"},{"floor":30,"key":"Swift Potion"},{"floor":33,"key":"LifebloodPotion"},{"floor":37,"key":"PowerPotion"}],"is_trial":false,"path_per_floor":["M","?","M","$","M","E","?","E","T","M","R","M","E","T","R","B",null,"M","?","M","$","M","R","E","R","T","M","E","M","E","?","R","B",null,"M","M","M","M"],"character_chosen":"THE_ANIMATOR","items_purchased":["animator:YaoHaDucy","hubris:AstralHammer","Boot","StuffTheSpire:Rhapsscallions","Regal Pillow","StuffTheSpire:Mouthbags"],"campfire_rested":5,"item_purchase_floors":[4,21,21,21,21,21],"current_hp_per_floor":[55,55,53,53,53,40,55,38,38,38,57,57,21,21,40,22,55,43,43,19,22,16,51,25,60,60,50,62,46,26,26,61,14,55,50,31,13,0,0],"gold":508,"neow_bonus":"ONE_RANDOM_RARE_CARD","is_daily":false,"chose_seed":false,"campfire_upgraded":0,"win_rate":0.0,"timestamp":1608081665,"path_taken":["M","?","M","$","M","E","?","E","T","?","R","M","E","?","R","BOSS","M","?","M","$","M","R","E","R","T","M","E","M","E","?","R","BOSS","M","M","M","M"],"items_purchased_type":["Card","Relic","Relic","Relic","Relic","Relic"],"build_version":"2020-12-13","purchased_purges":2,"victory":false,"max_hp_per_floor":[66,66,66,66,66,66,66,66,66,66,66,66,66,66,66,66,66,66,66,66,69,69,69,69,69,69,69,69,69,69,69,69,69,69,69,69,69,69,69],"card_choices":[{"not_picked":["animator:Entoma","animator:Kaijin"],"picked":"animator:Arpeggio","floor":1},{"not_picked":["animator:ElricAlphonse","animator:Entoma"],"picked":"animator:SilverFang","floor":3},{"not_picked":["animator:MaesHughes","animator:Entoma"],"picked":"animator:Arpeggio","floor":5},{"not_picked":["animator:YaoHaDucy","animator:TukaLunaMarceau"],"picked":"animator:Tyuule","floor":6},{"not_picked":["animator:Lu","animator:SilverFang","animator:DolaCouronne"],"picked":"SKIP","floor":8},{"not_picked":["animator:Cocytus","animator:Hakurou"],"picked":"animator:MumenRider","floor":10},{"not_picked":["animator:Laby","animator:Entoma","animator:DolaRiku"],"picked":"SKIP","floor":12},{"not_picked":["animator:Kuribayashi","animator:Arpeggio"],"picked":"animator:YaoHaDucy","floor":13},{"not_picked":["animator:Elesis","animator:Saitama"],"picked":"animator:Envy","floor":16},{"not_picked":["animator:Laby","animator:Sebas","animator:Benimaru"],"picked":"SKIP","floor":18},{"not_picked":["animator:YaoHaDucy","animator:Genos","animator:NarberalGamma+1"],"picked":"SKIP","floor":20},{"not_picked":["animator:Evileye","animator:Tyuule+1","animator:MumenRider"],"picked":"SKIP","floor":22},{"not_picked":["animator:PandorasActor","animator:Ara+1","animator:Evileye"],"picked":"SKIP","floor":27},{"not_picked":["animator:ItamiYouji","animator:WinryRockbell","animator:Demiurge+1"],"picked":"SKIP","floor":28},{"not_picked":["animator:Shuna+1","animator:NarberalGamma","animator:Genos+1"],"picked":"SKIP","floor":29},{"not_picked":["animator:Ainz","animator:Boros"],"picked":"animator:PinaCoLada","floor":33},{"not_picked":["animator:Cocytus","animator:MumenRider+1","animator:Ara"],"picked":"SKIP","floor":35},{"not_picked":["animator:Ciel","animator:Demiurge+1","animator:Pride"],"picked":"SKIP","floor":36},{"not_picked":["animator:Chung+1","animator:ElricEdward+1","animator:Raven"],"picked":"SKIP","floor":37}],"player_experience":1108430,"relics_obtained":[{"floor":6,"key":"The Courier"},{"floor":8,"key":"Akabeko"},{"floor":9,"key":"Quantum Egg"},{"floor":13,"key":"Replay:Wax Seal"},{"floor":14,"key":"Snack Pack"},{"floor":24,"key":"aspiration:FrozenJewel"},{"floor":26,"key":"Nunchaku"},{"floor":28,"key":"aspiration:SeaSaltIceCream"},{"floor":30,"key":"Art of War"},{"floor":31,"key":"StuffTheSpire:Gunfinga"}],"event_choices":[{"damage_healed":0,"gold_gain":0,"player_choice":"Relic","damage_taken":0,"max_hp_gain":0,"max_hp_loss":0,"event_name":"Wheel of Change","floor":31,"gold_loss":0}],"is_beta":false,"boss_relics":[{"not_picked":["Sozu","StuffTheSpire:Kangaroo"],"picked":"aspiration:SecretTechniqueScroll"},{"not_picked":["aspiration:FutureDiary","ChewingGum","Coffee Dripper"]}],"items_purged_floors":[4,21],"is_endless":false,"potions_floor_spawned":[1,3,13,16,24,27,29,30,33,37],"killed_by":"Transient","ascension_level":6}}