{"host":"xkmvu47k9fdstweo","time":1608152141,"event":{"mods":["BaseMod","Colored Map","Conspire","Hubris","Minty Spire (QoL Compilation)","Quick Restart","Railgun Mod","Shop Mod","StSLib","The Alterego","The Wild Card","TheBandit","WarShipGirlsR/??è≠èóR mod","vexMod"],"gold_per_floor":[113,89,89,116,129,129,156,171,171,185,218,218,218,236,236,331,331,351,351,276,294,294,294,328,328,352,277,289,317,336,350,350,451,451,462,477,452,501,521,555,566,566,566,596,615,615,615,634,634,634],"floor_reached":51,"playtime":1436,"items_purged":["TheRailgun:Zip"],"score":882,"play_id":"b4098d14-dd0b-48ec-825e-94a0eb36b41d","local_time":"20201216155541","is_ascension_mode":false,"campfire_choices":[{"data":"TheRailgun:Negative_Field","floor":6,"key":"SMITH"},{"floor":15,"key":"REST"},{"data":"TheRailgun:Electrical_Storm","floor":23,"key":"SMITH"},{"data":"TheRailgun:Judgement_Officer","floor":25,"key":"SMITH"},{"data":"TheRailgun:Hypercharge","floor":32,"key":"SMITH"},{"data":"TheRailgun:Coin_Flip","floor":42,"key":"SMITH"},{"data":"TheRailgun:Recharge","floor":46,"key":"SMITH"},{"data":"TheRailgun:Teleporter","floor":49,"key":"SMITH"}],"circlet_count":0,"master_deck":["TheRailgun:Strike+1","TheRailgun:Strike+1","TheRailgun:Strike+1","TheRailgun:Strike+1","TheRailgun:Defend","TheRailgun:Defend+1","TheRailgun:Defend","TheRailgun:Defend","TheRailgun:Static","TheRailgun:Sister_Noise+1","TheRailgun:Negative_Field+1","TheRailgun:Electrical_Fire","TheRailgun:Positive_Field+1","TheRailgun:Magnetic_Flight+1","TheRailgun:Scatter_Railgun","TheRailgun:Mental_Out","TheRailgun:Iron_Dust_Shield","TheRailgun:Electrical_Storm+1","TheRailgun:Judgement_Officer+1","TheRailgun:Level_6+1","TheRailgun:Iron_Dust_Sword+1","TheRailgun:Coin_Flip+1","TheRailgun:Thunder","TheRailgun:Hypercharge+1","TheRailgun:Lightning_Speed+1","TheRailgun:Gekotamania","TheRailgun:Supercharge+1","TheRailgun:Biribiri+1","TheRailgun:Hypercharge+1","TheRailgun:Level_6+1","TheRailgun:Oneesama+1","TheRailgun:Recharge+1","TheRailgun:Gekota_Phone","Flash of Steel","TheRailgun:Teleporter+1"],"relics":["TheRailgun:CoinRelic","NeowsBlessing","Frozen Egg 2","War Paint","InkBottle","Dream Catcher","hubris:Towel","hubris:TerracottaHorce","hubris:Icosahedron","hubris:PeanutButter","Mummified Hand","Bronze Scales","vexMod:MemoryStick","hubris:Backtick","Bag of Preparation","Turnip","Art of War","Kunai","Whetstone"],"acts_visited":["Exordium","TheCity","TheBeyond"],"potions_floor_usage":[7,24,33,38,44,50,50],"damage_taken":[{"damage":0,"enemies":"Small Slimes","floor":1,"turns":1},{"damage":0,"enemies":"conspire:MimicChest","floor":4,"turns":1},{"damage":0,"enemies":"Cultist","floor":5,"turns":1},{"damage":18,"enemies":"Lagavulin","floor":7,"turns":4},{"damage":5,"enemies":"Jaw Worm","floor":8,"turns":3},{"damage":3,"enemies":"Large Slime","floor":10,"turns":4},{"damage":10,"enemies":"Gremlin Nob","floor":11,"turns":5},{"damage":0,"enemies":"Exordium Wildlife","floor":14,"turns":2},{"damage":11,"enemies":"The Guardian","floor":16,"turns":12},{"damage":18,"enemies":"3 Byrds","floor":18,"turns":3},{"damage":0,"enemies":"Shell Parasite","floor":21,"turns":2},{"damage":12,"enemies":"Gremlin Leader","floor":24,"turns":4},{"damage":2,"enemies":"Snecko","floor":28,"turns":3},{"damage":3,"enemies":"Book of Stabbing","floor":29,"turns":2},{"damage":0,"enemies":"3 Cultists","floor":30,"turns":2},{"damage":0,"enemies":"Shelled Parasite and Fungi","floor":31,"turns":2},{"damage":5,"enemies":"hubris:MusketHawk","floor":33,"turns":4},{"damage":0,"enemies":"Orb Walker","floor":35,"turns":2},{"damage":0,"enemies":"3 Shapes","floor":36,"turns":2},{"damage":12,"enemies":"2 Orb Walkers","floor":38,"turns":3},{"damage":0,"enemies":"3 Darklings","floor":39,"turns":1},{"damage":0,"enemies":"Reptomancer","floor":40,"turns":3},{"damage":0,"enemies":"Writhing Mass","floor":41,"turns":3},{"damage":0,"enemies":"Nemesis","floor":44,"turns":3},{"damage":12,"enemies":"Sphere and 2 Shapes","floor":45,"turns":1},{"damage":0,"enemies":"3 Darklings","floor":48,"turns":1},{"damage":39,"enemies":"Time Eater","floor":50,"turns":6}],"seed_played":"8826318618929161557","potions_obtained":[{"floor":4,"key":"FearPotion"},{"floor":10,"key":"Swift Potion"},{"floor":14,"key":"LiquidBronze"},{"floor":18,"key":"Energy Potion"},{"floor":29,"key":"SkillPotion"},{"floor":30,"key":"Energy Potion"},{"floor":33,"key":"Strength Potion"},{"floor":38,"key":"Fruit Juice"},{"floor":41,"key":"ColorlessPotion"},{"floor":44,"key":"Fruit Juice"},{"floor":45,"key":"Energy Potion"}],"is_trial":false,"path_per_floor":["M","$","?","?","M","R","E","M","T","M","E","?","?","M","R","B",null,"M","?","$","M","T","R","E","R","T","?","M","E","M","M","R","B",null,"M","M","?","?","M","E","M","R","T","E","M","R","?","M","R","B",null],"character_chosen":"THE_DEFAULT","items_purchased":["TheRailgun:Negative_Field"],"campfire_rested":1,"item_purchase_floors":[2],"current_hp_per_floor":[70,70,70,70,70,70,52,47,47,44,34,34,20,20,41,30,60,56,56,56,70,70,70,70,70,70,70,68,67,70,70,70,65,69,70,70,70,75,75,75,75,75,75,80,68,68,68,80,80,61],"gold":634,"neow_bonus":"THREE_ENEMY_KILL","is_daily":false,"chose_seed":false,"campfire_upgraded":7,"win_rate":0.0,"timestamp":1608152141,"path_taken":["M","$","?","?","M","R","E","?","T","M","E","?","?","M","R","BOSS","M","?","$","M","?","R","E","R","T","?","M","E","M","M","R","BOSS","M","M","?","?","M","E","M","R","T","E","?","R","?","M","R","BOSS"],"items_purchased_type":["Card"],"build_version":"2020-12-13","purchased_purges":1,"victory":true,"max_hp_per_floor":[70,70,70,70,70,70,70,70,70,70,70,70,70,70,70,70,70,70,70,70,70,70,70,70,70,70,70,70,70,70,70,70,70,70,70,70,70,75,75,75,75,75,75,80,80,80,80,80,80,80],"card_choices":[{"not_picked":["TheRailgun:Thunderbolt","TheRailgun:Recharge"],"picked":"TheRailgun:Sister_Noise","floor":1},{"not_picked":["TheRailgun:Hypercharge","TheRailgun:Discharge"],"picked":"TheRailgun:Electrical_Fire","floor":4},{"not_picked":["TheRailgun:Token_Collection","TheRailgun:Discharge"],"picked":"TheRailgun:Positive_Field+1","floor":5},{"not_picked":["TheRailgun:Gekotamania","TheRailgun:Negative_Field+1"],"picked":"TheRailgun:Magnetic_Flight+1","floor":7},{"not_picked":["TheRailgun:Iron_Dust_Shield","TheRailgun:Spark"],"picked":"TheRailgun:Scatter_Railgun","floor":8},{"not_picked":["TheRailgun:Sister_Noise","TheRailgun:Discharge"],"picked":"TheRailgun:Mental_Out","floor":10},{"not_picked":["TheRailgun:Crackle","TheRailgun:Scatter_Railgun"],"picked":"TheRailgun:Iron_Dust_Shield","floor":11},{"not_picked":["TheRailgun:Coin_Flip","TheRailgun:Iron_Dust_Sword"],"picked":"TheRailgun:Electrical_Storm","floor":14},{"not_picked":["TheRailgun:Thunderbolt","TheRailgun:Aerial_Shot"],"picked":"TheRailgun:Judgement_Officer","floor":15},{"not_picked":["TheRailgun:Magnetic_Flight+1","TheRailgun:Judgement_Officer"],"picked":"TheRailgun:Level_6+1","floor":16},{"not_picked":["TheRailgun:Push","TheRailgun:Oneesama+1"],"picked":"TheRailgun:Iron_Dust_Sword+1","floor":18},{"not_picked":["TheRailgun:Charge","TheRailgun:Sister_Noise"],"picked":"TheRailgun:Coin_Flip","floor":21},{"not_picked":["TheRailgun:Recharge","TheRailgun:Hypercharge"],"picked":"TheRailgun:Thunder","floor":24},{"not_picked":["TheRailgun:Iron_Dust_Sword+1","TheRailgun:Sister_Network"],"picked":"TheRailgun:Hypercharge","floor":28},{"not_picked":["TheRailgun:Sister_Network+1","TheRailgun:Hypercharge"],"picked":"TheRailgun:Lightning_Speed+1","floor":29},{"not_picked":["TheRailgun:Spark","TheRailgun:Charge"],"picked":"TheRailgun:Gekotamania","floor":30},{"not_picked":["TheRailgun:Thunderjolt","TheRailgun:Charge+1","TheRailgun:Coin_Flip"],"picked":"SKIP","floor":31},{"not_picked":["TheRailgun:Circuitous+1","TheRailgun:Thunder"],"picked":"TheRailgun:Supercharge+1","floor":33},{"not_picked":["TheRailgun:Zip+1","TheRailgun:Electrical_Fire+1","TheRailgun:Discharge+1"],"picked":"SKIP","floor":35},{"not_picked":["TheRailgun:Scatter_Railgun","TheRailgun:Static+1"],"picked":"TheRailgun:Biribiri+1","floor":36},{"not_picked":["TheRailgun:Lightningbolt","TheRailgun:Aerial_Shot+1"],"picked":"TheRailgun:Hypercharge+1","floor":38},{"not_picked":["TheRailgun:Iron_Dust_Vial","TheRailgun:Spark"],"picked":"TheRailgun:Level_6+1","floor":39},{"not_picked":["TheRailgun:Charge","TheRailgun:Lightningbolt","TheRailgun:Spark+1"],"picked":"SKIP","floor":40},{"not_picked":["TheRailgun:Thunderjolt","TheRailgun:Mental_Out"],"picked":"TheRailgun:Oneesama+1","floor":41},{"not_picked":["TheRailgun:Taser+1","TheRailgun:Token_Collection"],"picked":"TheRailgun:Recharge","floor":44},{"not_picked":["TheRailgun:Discharge+1","TheRailgun:Thunderjolt+1"],"picked":"TheRailgun:Gekota_Phone","floor":45},{"not_picked":["Mind Blast","PanicButton"],"picked":"Flash of Steel","floor":47},{"not_picked":["TheRailgun:Iron_Dust_Field+1","TheRailgun:Push+1"],"picked":"TheRailgun:Teleporter","floor":48}],"player_experience":315051,"relics_obtained":[{"floor":4,"key":"Frozen Egg 2"},{"floor":7,"key":"War Paint"},{"floor":9,"key":"InkBottle"},{"floor":11,"key":"Dream Catcher"},{"floor":22,"key":"hubris:PeanutButter"},{"floor":24,"key":"Mummified Hand"},{"floor":26,"key":"Bronze Scales"},{"floor":29,"key":"vexMod:MemoryStick"},{"floor":38,"key":"Turnip"},{"floor":40,"key":"Art of War"},{"floor":43,"key":"Kunai"},{"floor":44,"key":"Whetstone"}],"event_choices":[{"damage_healed":0,"gold_gain":0,"player_choice":"Entered Light","damage_taken":14,"max_hp_gain":0,"max_hp_loss":0,"event_name":"Shining Light","floor":13,"gold_loss":0,"cards_upgraded":["TheRailgun:Strike","TheRailgun:Strike"]},{"cards_removed":["TheRailgun:Discharge"],"damage_healed":0,"gold_gain":0,"player_choice":"Gave Gold","damage_taken":0,"max_hp_gain":0,"max_hp_loss":0,"event_name":"Beggar","floor":27,"gold_loss":75},{"damage_healed":0,"gold_gain":0,"player_choice":"Fight","damage_taken":0,"max_hp_gain":0,"max_hp_loss":0,"event_name":"Mysterious Sphere","floor":38,"gold_loss":0},{"damage_healed":0,"gold_gain":0,"player_choice":"Memory 1","damage_taken":0,"max_hp_gain":0,"max_hp_loss":0,"event_name":"SensoryStone","floor":47,"gold_loss":0}],"is_beta":false,"boss_relics":[{"not_picked":["hubris:RunicObelisk","vexMod:NewClearReactor"],"picked":"hubris:TerracottaHorce"},{"not_picked":["SacredBark","vexMod:ImprovementManual"],"picked":"hubris:Backtick"}],"items_purged_floors":[20],"is_endless":false,"potions_floor_spawned":[4,10,14,18,29,30,33,38,41,44,45],"ascension_level":0}}