{"host":"eez7vtcxu2i37lck","time":1608095209,"event":{"mods":["AchievementEnabler","BaseMod","Colored Map","Colored Powertips","Downfall","Hermit","Highlight Path","Hubris","Infinite Spire","Jorbs\u0027s Wanderer Trilogy","Minty Spire (QoL Compilation)","Quick Restart","Rare Cards Sparkle","Replay The Spire","Shop Mod","StSLib","The IronCluck"],"gold_per_floor":[17,36,36,54,19,19,36,36,36,62,5,22,37,48,48,145,195,211,211,211,0,0,0,31,31,31,31,31,31,41,41,41],"floor_reached":31,"playtime":1028,"items_purged":["hermit:Defend_Hermit"],"score":243,"play_id":"1c8d5753-d143-4f9f-b126-e2ba5ac25c4f","local_time":"20201216000649","is_ascension_mode":false,"campfire_choices":[{"floor":6.0,"key":"REST"},{"floor":8.0,"key":"REST"},{"floor":15.0,"key":"REST"},{"data":"hermit:Combo","floor":23,"key":"SMITH"}],"circlet_count":0,"master_deck":["hermit:Strike_Hermit+1","hermit:Strike_Hermit+1","hermit:Defend_Hermit+1","hermit:Defend_Hermit+1","hermit:Defend_Hermit+1","hermit:Snapshot","hermit:Covet","hermit:Combo+1","hermit:Desperado","hermit:Enervate","hermit:Deadeye","hermit:Enervate","hermit:BigShot","J.A.X.","hermit:Combo+1"],"relics":["hermit:Momento","hubris:FruitBowl","hubris:EvacipatedBox","HornCleat","infinitespire:Beetle Shell","hubris:TenFootPole","Tiny House","Ring of Fury","Peace Pipe","Gremlin Horn"],"acts_visited":["Exordium","TheCity"],"potions_floor_usage":[16,16,24,31,31,31],"damage_taken":[{"damage":1.0,"enemies":"Cultist","floor":1.0,"turns":3.0},{"damage":0.0,"enemies":"Small Slimes","floor":2.0,"turns":3.0},{"damage":6.0,"enemies":"Jaw Worm","floor":4.0,"turns":3.0},{"damage":5.0,"enemies":"Looter","floor":7.0,"turns":3.0},{"damage":10.0,"enemies":"Lots of Slimes","floor":12.0,"turns":3.0},{"damage":5.0,"enemies":"Large Slime","floor":13.0,"turns":4.0},{"damage":5.0,"enemies":"Looter","floor":14.0,"turns":3.0},{"damage":62,"enemies":"The Guardian","floor":16,"turns":7},{"damage":21,"enemies":"2 Thieves","floor":18,"turns":4},{"damage":39,"enemies":"Slavers","floor":24,"turns":7},{"damage":3,"enemies":"3 Byrds","floor":30,"turns":2},{"damage":20,"enemies":"Nightmare","floor":31,"turns":4}],"seed_played":"-1465358949863099411","potions_obtained":[{"floor":1.0,"key":"SkillPotion"},{"floor":2.0,"key":"ColorlessPotion"},{"floor":12.0,"key":"SteroidPotion"},{"floor":14.0,"key":"hermit:BlackBile"},{"floor":17,"key":"PowerPotion"},{"floor":18,"key":"GamblersBrew"},{"floor":24,"key":"BlessingOfTheForge"},{"floor":30,"key":"Reflective Coating"}],"is_trial":false,"path_per_floor":["M","M","$","M","?","R","M","R","T","T","?","M","M","M","R","B",null,"M","?","?","?","?","R","E","?","T","$","?","$","M","NM"],"character_chosen":"HERMIT","items_purchased":["hubris:FruitBowl","hubris:EvacipatedBox"],"campfire_rested":3,"item_purchase_floors":[3,3],"current_hp_per_floor":[74,74,31,33,33,55,50,72,72,72,72,62,57,52,74,12,82,61,61,82,82,82,82,43,43,43,43,43,43,40,20,20],"gold":41,"neow_bonus":"REMOVE_TWO","is_daily":false,"chose_seed":false,"campfire_upgraded":1,"win_rate":0.0,"timestamp":1608095209,"path_taken":["M","?","?","M","?","R","M","R","T","?","?","?","M","M","R","BOSS","M","?","?","?","?","R","E","?","T","?","?","$","M","NM"],"items_purchased_type":["Relic","Relic"],"build_version":"2020-12-13","purchased_purges":1,"victory":false,"max_hp_per_floor":[75,75,75,75,75,75,75,75,75,75,75,75,75,75,75,75,82,82,82,82,82,82,82,82,82,82,82,82,82,82,82,82],"card_choices":[{"not_picked":["hermit:Midnight","hermit:Grudge"],"picked":"hermit:Combo","floor":1.0},{"not_picked":["hermit:Roulette","hermit:TrackingShot"],"picked":"hermit:Desperado","floor":2.0},{"not_picked":["hermit:BodyArmor","hermit:FullyLoaded","hermit:Roulette"],"picked":"SKIP","floor":4.0},{"not_picked":["hermit:HighCaliber","hermit:TakeCover"],"picked":"hermit:Enervate","floor":7.0},{"not_picked":["hermit:BodyArmor","hermit:Combo","hermit:Manifest"],"picked":"SKIP","floor":12.0},{"not_picked":["hermit:WideOpen","hermit:Desperado"],"picked":"hermit:Deadeye","floor":13.0},{"not_picked":["hermit:Snipe","hermit:Quickdraw"],"picked":"hermit:Enervate","floor":14.0},{"not_picked":["hermit:CalledShot","hermit:Grudge"],"picked":"hermit:BigShot","floor":18},{"not_picked":["hermit:Shortfuse","hermit:TakeAim","hermit:Midnight"],"picked":"SKIP","floor":24},{"not_picked":["hermit:Glare","hermit:WideOpen"],"picked":"hermit:Combo+1","floor":30}],"player_experience":216097,"relics_obtained":[{"floor":9.0,"key":"HornCleat"},{"floor":10.0,"key":"infinitespire:Beetle Shell"},{"floor":22,"key":"Ring of Fury"},{"floor":24,"key":"Peace Pipe"},{"floor":26,"key":"Gremlin Horn"}],"event_choices":[{"damage_healed":0.0,"max_hp_gain":0.0,"max_hp_loss":0.0,"gold_gain":0.0,"event_name":"World of Goop","player_choice":"Left Gold","floor":5.0,"gold_loss":35.0,"damage_taken":0.0},{"damage_healed":0.0,"max_hp_gain":0.0,"max_hp_loss":0.0,"gold_gain":0.0,"event_name":"WeMeetAgain","player_choice":"Paid Gold","floor":11.0,"gold_loss":57.0,"damage_taken":0.0,"relics_obtained":["hubris:TenFootPole"]},{"damage_healed":27,"gold_gain":0,"player_choice":"Heal","damage_taken":0,"max_hp_gain":0,"max_hp_loss":0,"event_name":"The Library","floor":20,"gold_loss":0},{"damage_healed":0,"gold_gain":0,"player_choice":"Paid Fearfully","damage_taken":0,"max_hp_gain":0,"max_hp_loss":0,"event_name":"Masked Bandits","floor":21,"gold_loss":211},{"damage_healed":0,"gold_gain":0,"player_choice":"Obtain J.A.X.","damage_taken":0,"max_hp_gain":0,"max_hp_loss":0,"event_name":"Drug Dealer","floor":25,"gold_loss":0,"cards_obtained":["J.A.X."]},{"damage_healed":0,"gold_gain":0,"player_choice":"Simplicity","damage_taken":0,"max_hp_gain":0,"max_hp_loss":0,"event_name":"Back to Basics","floor":28,"gold_loss":0,"cards_upgraded":["hermit:Strike_Hermit","hermit:Strike_Hermit","hermit:Defend_Hermit","hermit:Defend_Hermit"]}],"is_beta":false,"boss_relics":[{"not_picked":["Velvet Choker","hubris:CrackedHourglass","Empty Cage"],"picked":"Tiny House"}],"items_purged_floors":[3],"is_endless":false,"potions_floor_spawned":[1,2,12,14,18,24,30],"killed_by":"Nightmare","ascension_level":0}}