{"host":"9aax3dkmlvd55llh","time":1608117187,"event":{"mods":["BaseMod","Infinite Spire","Minty Spire (QoL Compilation)","Replay The Spire","StSLib","The Jungle"],"gold_per_floor":[116,134,59,59,73,98,98,98,172,172,206,206,218,230,230,333,333,347,91,109,34,44,44,54,54,54],"floor_reached":25,"playtime":1478,"items_purged":["Doubt","Parasite"],"score":224,"play_id":"139bbba9-9594-425e-9c6b-d4078a9eea82","local_time":"20201216121307","is_ascension_mode":true,"campfire_choices":[{"data":"Eruption","floor":8.0,"key":"SMITH"},{"floor":10.0,"key":"REST"},{"floor":23.0,"key":"REST"}],"circlet_count":0,"master_deck":["Strike_P+1","Defend_P","Eruption+1","Vigilance","Clumsy","Evaluate","Consecrate+1","FlyingSleeves","Replay:Battleflow","Pray","Prostrate","ReachHeaven+1","Alpha","Replay:Cycle"],"relics":["Kintsugi","infinitespire:Beetle Shell","Replay:Mystery Machine","Bottled Lightning","Whetstone","SlaversCollar","PreservedInsect"],"acts_visited":["Exordium","TheCity"],"potions_floor_usage":[25],"damage_taken":[{"damage":1.0,"enemies":"2 Louse","floor":1.0,"turns":5.0},{"damage":4.0,"enemies":"Jaw Worm","floor":2.0,"turns":5.0},{"damage":0.0,"enemies":"Cultist","floor":5.0,"turns":2.0},{"damage":44.0,"enemies":"3 Sentries","floor":6.0,"turns":10.0},{"damage":41.0,"enemies":"Lagavulin","floor":11.0,"turns":9.0},{"damage":9.0,"enemies":"Gremlin Gang","floor":13.0,"turns":2.0},{"damage":0.0,"enemies":"Looter","floor":14.0,"turns":4.0},{"damage":42.0,"enemies":"Hexaghost","floor":16.0,"turns":6.0},{"damage":0.0,"enemies":"Chosen","floor":18.0,"turns":3.0},{"damage":30.0,"enemies":"2 Thieves","floor":20.0,"turns":3.0},{"damage":25.0,"enemies":"3 Cultists","floor":22.0,"turns":5.0},{"damage":24.0,"enemies":"Centurion and Healer","floor":24.0,"turns":4.0},{"damage":10,"enemies":"Book of Stabbing","floor":25,"turns":3}],"seed_played":"7079091457286127475","potions_obtained":[{"floor":5.0,"key":"Milkshake"},{"floor":11.0,"key":"Dexterity Potion"},{"floor":13.0,"key":"Dexterity Potion"},{"floor":24.0,"key":"Adrenaline Potion"}],"is_trial":false,"path_per_floor":["M","M","$","?","M","E","?","R","T","R","E","?","M","M","R","B",null,"M","$","M","?","M","R","M","E"],"character_chosen":"WATCHER","items_purchased":["PreservedInsect"],"campfire_rested":2,"item_purchase_floors":[19],"current_hp_per_floor":[71,67,67,64,64,20,44,44,44,65,24,42,33,33,54,12,72,72,69,39,39,14,34,10,0,0],"gold":54,"neow_bonus":"BOSS_RELIC","is_daily":false,"chose_seed":false,"campfire_upgraded":1,"win_rate":0.0,"timestamp":1608117187,"path_taken":["M","M","$","?","M","E","?","R","T","R","E","?","M","?","R","BOSS","M","$","?","?","M","R","M","E"],"items_purchased_type":["Relic"],"build_version":"2020-12-13","purchased_purges":2,"victory":false,"max_hp_per_floor":[72,72,72,72,72,72,72,72,72,72,72,72,72,72,72,72,72,72,69,69,69,69,69,69,69,69],"card_choices":[{"not_picked":["ClearTheMind","Meditate"],"picked":"Evaluate","floor":1.0},{"not_picked":["Halt","ClearTheMind"],"picked":"Consecrate","floor":2.0},{"not_picked":["WaveOfTheHand","Halt"],"picked":"FlyingSleeves","floor":5.0},{"not_picked":["BowlingBash","ThirdEye"],"picked":"Replay:Battleflow","floor":6.0},{"not_picked":["FlyingSleeves","DeceiveReality"],"picked":"Pray","floor":11.0},{"not_picked":["FlurryOfBlows","SashWhip"],"picked":"Prostrate","floor":13.0},{"not_picked":["Halt","Blasphemy"],"picked":"ReachHeaven","floor":14.0},{"not_picked":["LessonLearned","DeusExMachina"],"picked":"Alpha","floor":16.0},{"not_picked":["BowlingBash","EmptyBody","CrushJoints"],"picked":"SKIP","floor":18.0},{"not_picked":["Halt+1","Nirvana","Worship"],"picked":"SKIP","floor":20.0},{"not_picked":["Swivel+1","Vengeance","DeceiveReality+1"],"picked":"SKIP","floor":22.0},{"not_picked":["Conclude+1","Wireheading"],"picked":"Replay:Cycle","floor":24.0}],"player_experience":183993,"relics_obtained":[{"floor":6.0,"key":"Replay:Mystery Machine"},{"floor":9.0,"key":"Bottled Lightning"},{"floor":11.0,"key":"Whetstone"}],"event_choices":[{"damage_healed":0.0,"max_hp_gain":0.0,"max_hp_loss":0.0,"gold_gain":0.0,"event_name":"Scrap Ooze","player_choice":"Success","floor":4.0,"gold_loss":0.0,"damage_taken":3.0,"relics_obtained":["infinitespire:Beetle Shell"]},{"damage_healed":24.0,"max_hp_gain":0.0,"max_hp_loss":0.0,"gold_gain":0.0,"event_name":"Big Fish","player_choice":"Banana","floor":7.0,"gold_loss":0.0,"damage_taken":0.0},{"damage_healed":18.0,"max_hp_gain":0.0,"max_hp_loss":0.0,"gold_gain":0.0,"event_name":"Mushrooms","player_choice":"Healed and dodged fight","floor":12.0,"gold_loss":0.0,"damage_taken":0.0,"cards_obtained":["Parasite"]},{"cards_removed":["Defend_P"],"damage_healed":0.0,"max_hp_gain":0.0,"max_hp_loss":0.0,"gold_gain":0.0,"event_name":"Beggar","player_choice":"Gave Gold","floor":21.0,"gold_loss":75.0,"damage_taken":0.0}],"is_beta":false,"boss_relics":[{"not_picked":["Fusion Hammer","infinitespire:Cupcake"],"picked":"SlaversCollar"}],"items_purged_floors":[3,19],"is_endless":false,"potions_floor_spawned":[5,11,13,24],"killed_by":"Book of Stabbing","ascension_level":1}}