{"host":"6z6y4ky8uzsz1dpj","time":1608135157,"event":{"mods":["2.2 Compatiblity","AchievementEnabler","BaseMod","BetterRewards","Challenge The Spire","Colored Map","Hubris","Minty Spire (QoL Compilation)","Quick Restart","Replay The Spire","StSLib","The Bug Knight","The Construct","The Cursed","The Hierophant","The Necromancer","The Poker Player","The Runesmith","The Servant 0.9.4"],"gold_per_floor":[114,39,65,83,95,124,124,150,150,181,237,257,287,301,301,399,399,415,429,429,447,397,424,424,456,456,487,503,519,554,568,568,671,671,691,571,571,272,182,182,208,208,208,243,255,298,320,342,354,366],"floor_reached":51,"playtime":2424,"items_purged":["Strike_R","Strike_R"],"score":1069,"play_id":"b2ff5792-5ef6-438f-8238-e7365315397b","local_time":"20201216111237","is_ascension_mode":true,"campfire_choices":[{"data":"Inflame","floor":7.0,"key":"SMITH"},{"data":"Demon Form","floor":15.0,"key":"SMITH"},{"data":"Limit Break","floor":32.0,"key":"SMITH"},{"data":"Replay:Many Hands","floor":40.0,"key":"SMITH"},{"data":"Spot Weakness","floor":42.0,"key":"SMITH"},{"data":"Limit Break","floor":45.0,"key":"SMITH"}],"circlet_count":0,"master_deck":["Strike_R","Strike_R","Defend_R","Defend_R","Defend_R","Defend_R","Bash","Inflame+1","Sword Boomerang","Sword Boomerang","Rage","Shrug It Off","Metallicize","Iron Wave","Replay:Undeath\u0027s Touch","Flex","Twin Strike","Pummel","Demon Form+1","Replay:Undeath\u0027s Touch+1","Rage","Limit Break+1","AbeCurse","Replay:Many Hands+1","Flex","Necronomicurse","Shockwave","Seeing Red","Replay:Undeath\u0027s Touch","Infernal Blade","Iron Wave","Immolate+1","ReplayTheSpireMod:Limb From Limb+1","Spot Weakness+1","ReplayTheSpireMod:Limb From Limb+1","Infernal Blade","Dual Wield+1","Flex","Limit Break+1","Replay:Undeath\u0027s Touch"],"relics":["Burning Blood","Prayer Wheel","Pondfish Scales","Eternal Feather","Toy Ornithopter","construct:FoamFinger","Tiny Chest","HollowMod:LifeEnderRelic","Meat on the Bone","Abe\u0027s Treasure","Necronomicon","hubris:FunFungus","Blue Doll","Runesmith:AutoHammer","hubris:DeckOfHolding","Du-Vu Doll","Lantern","Ooze Armor","Bag of Marbles","Blood Vial","hubris:GlazedTorus","MawBank","hubris:TenFootPole"],"acts_visited":["Exordium","TheCity","TheBeyond"],"potions_floor_usage":[],"damage_taken":[{"damage":12.0,"enemies":"Small Slimes","floor":1.0,"turns":3.0},{"damage":2.0,"enemies":"2 Louse","floor":4.0,"turns":3.0},{"damage":0.0,"enemies":"Cultist","floor":5.0,"turns":3.0},{"damage":5.0,"enemies":"Gremlin Nob","floor":6.0,"turns":4.0},{"damage":15.0,"enemies":"Lagavulin","floor":8.0,"turns":5.0},{"damage":13.0,"enemies":"Gremlin Nob","floor":10.0,"turns":3.0},{"damage":15.0,"enemies":"Gremlin Nob","floor":11.0,"turns":4.0},{"damage":14.0,"enemies":"Red Slaver","floor":12.0,"turns":2.0},{"damage":15.0,"enemies":"Lagavulin","floor":13.0,"turns":5.0},{"damage":0.0,"enemies":"Looter","floor":14.0,"turns":3.0},{"damage":27.0,"enemies":"The Guardian","floor":16.0,"turns":8.0},{"damage":1.0,"enemies":"Chosen","floor":18.0,"turns":3.0},{"damage":35.0,"enemies":"3 Byrds","floor":19.0,"turns":6.0},{"damage":0.0,"enemies":"Snake Plant","floor":21.0,"turns":2.0},{"damage":48.0,"enemies":"Slavers","floor":23.0,"turns":5.0},{"damage":13.0,"enemies":"Replay:Snechameleon","floor":25.0,"turns":2.0},{"damage":21.0,"enemies":"Book of Stabbing","floor":27.0,"turns":3.0},{"damage":13.0,"enemies":"Centurion and Healer","floor":28.0,"turns":6.0},{"damage":4.0,"enemies":"Shelled Parasite and Fungi","floor":29.0,"turns":4.0},{"damage":30.0,"enemies":"Gremlin Leader","floor":30.0,"turns":4.0},{"damage":0.0,"enemies":"Snecko","floor":31.0,"turns":2.0},{"damage":24.0,"enemies":"Automaton","floor":33.0,"turns":7.0},{"damage":0.0,"enemies":"Orb Walker","floor":35.0,"turns":2.0},{"damage":11.0,"enemies":"HollowMod:StalkingDevout","floor":41.0,"turns":5.0},{"damage":0.0,"enemies":"Giant Head","floor":44.0,"turns":3.0},{"damage":0.0,"enemies":"HollowMod:StalkingDevout","floor":46.0,"turns":2.0},{"damage":0.0,"enemies":"3 Shapes","floor":47.0,"turns":2.0},{"damage":8,"enemies":"Sphere and 2 Shapes","floor":48,"turns":3},{"damage":36,"enemies":"Time Eater","floor":50,"turns":3}],"seed_played":"-7030375151641986749","potions_obtained":[{"floor":4.0,"key":"EntropicBrew"},{"floor":6.0,"key":"PowerPotion"},{"floor":10.0,"key":"PowerPotion"},{"floor":11.0,"key":"Flashbang"},{"floor":13.0,"key":"PowerPotion"},{"floor":14.0,"key":"DistilledChaos"},{"floor":18.0,"key":"Explosive Potion"},{"floor":19.0,"key":"FearPotion"},{"floor":27.0,"key":"Elixir"},{"floor":30.0,"key":"FearPotion"},{"floor":31.0,"key":"Swift Potion"},{"floor":47.0,"key":"SkillPotion"}],"is_trial":false,"path_per_floor":["M","$","?","M","M","E","R","E","T","E","?","M","E","M","R","B",null,"M","M","?","M","?","E","T","E","T","E","M","M","E","M","R","B",null,"M","$","?","$","?","R","E","R","T","E","R","E","M","M","R_BF","B",null],"character_chosen":"IRONCLAD","items_purchased":["Inflame","Sword Boomerang","Metallicize","ReplayTheSpireMod:Limb From Limb+1","Dual Wield+1","Bag of Marbles"],"campfire_rested":0,"item_purchase_floors":[0,0,2,36,38,38],"current_hp_per_floor":[74,74,74,78,80,80,80,71,71,64,60,52,48,54,66,55,80,80,56,40,58,58,33,33,43,43,41,50,53,41,48,66,48,80,80,80,80,80,80,80,76,80,80,80,80,80,80,80,80,50],"gold":378,"neow_bonus":"","is_daily":false,"chose_seed":false,"campfire_upgraded":6,"win_rate":0.0,"timestamp":1608135157,"path_taken":["M","$","?","M","M","E","R","E","T","E","?","M","E","M","R","BOSS","M","M","?","M","?","E","?","E","T","E","M","M","E","M","R","BOSS","M","$","?","$","?","R","E","R","T","E","R","E","M","?","R_BF","BOSS"],"items_purchased_type":["Card","Card","Card","Card","Card","Relic"],"build_version":"2020-12-13","purchased_purges":2,"victory":true,"max_hp_per_floor":[80,80,80,80,80,80,80,80,80,80,80,80,80,80,80,80,80,80,80,80,80,80,80,80,80,80,80,80,80,80,80,80,80,80,80,80,80,80,80,80,80,80,80,80,80,80,80,80,80,80],"card_choices":[{"not_picked":["Bloodletting","Wild Strike"],"picked":"Rage","floor":1.0},{"not_picked":["Clash","Flame Barrier"],"picked":"Shrug It Off","floor":1.0},{"not_picked":["Fire Breathing","Infernal Blade"],"picked":"Iron Wave","floor":4.0},{"not_picked":["ReplayTheSpireMod:LeadingStrike","Battle Trance","Shrug It Off"],"picked":"SKIP","floor":4.0},{"not_picked":["Cleave","Hemokinesis"],"picked":"Replay:Undeath\u0027s Touch","floor":5.0},{"not_picked":["Sever Soul","Heavy Blade","Armaments"],"picked":"SKIP","floor":5.0},{"not_picked":["True Grit","Pommel Strike"],"picked":"Flex","floor":6.0},{"not_picked":["Cleave","Body Slam"],"picked":"Twin Strike","floor":8.0},{"not_picked":["Ghostly Armor","Whirlwind"],"picked":"Pummel","floor":10.0},{"not_picked":["Infernal Blade","Run Through"],"picked":"Demon Form","floor":12.0},{"not_picked":["True Grit","hubris:SharpeningStone","Uppercut"],"picked":"SKIP","floor":12.0},{"not_picked":["Havoc","ReplayTheSpireMod:LeadingStrike"],"picked":"Replay:Undeath\u0027s Touch","floor":13.0},{"not_picked":["Run Through","Warcry"],"picked":"Rage","floor":14.0},{"not_picked":["Perfected Strike","Wild Strike","Hemokinesis"],"picked":"SKIP","floor":14.0},{"not_picked":["Double Tap","Offering"],"picked":"Limit Break","floor":16.0},{"not_picked":["ReplayReversal","Cleave"],"picked":"Replay:Many Hands","floor":18.0},{"not_picked":["Perfected Strike","Headbutt","Warcry"],"picked":"SKIP","floor":18.0},{"not_picked":["Spot Weakness+1","Clothesline"],"picked":"Flex","floor":19.0},{"not_picked":["ReplayTheSpireMod:LeadingStrike","ReplayTheSpireMod:Stacked","Carnage"],"picked":"SKIP","floor":19.0},{"not_picked":["Wild Strike+1","Second Wind+1"],"picked":"Shockwave","floor":21.0},{"not_picked":["Havoc","Pommel Strike","Run Through+1"],"picked":"SKIP","floor":21.0},{"not_picked":["Reckless Charge","ReplayTheSpireMod:Corrosion Curse"],"picked":"Seeing Red","floor":23.0},{"not_picked":["Exhume","Cleave","Run Through"],"picked":"SKIP","floor":25.0},{"not_picked":["Twin Strike","Rage"],"picked":"Replay:Undeath\u0027s Touch","floor":27.0},{"not_picked":["Pommel Strike","Clothesline"],"picked":"Infernal Blade","floor":28.0},{"not_picked":["Clothesline","Havoc","Clash"],"picked":"SKIP","floor":28.0},{"not_picked":["Twin Strike","Massacre"],"picked":"Iron Wave","floor":29.0},{"not_picked":["Body Slam+1","Thunderclap","Twin Strike"],"picked":"SKIP","floor":29.0},{"not_picked":["Clash+1","Battle Trance","Clothesline"],"picked":"SKIP","floor":30.0},{"not_picked":["Clothesline+1","Life Link","Rupture"],"picked":"SKIP","floor":31.0},{"not_picked":["Clash","Run Through","hubris:SharpeningStone"],"picked":"SKIP","floor":31.0},{"not_picked":["Limit Break","Demonic Infusion"],"picked":"Immolate","floor":33.0},{"not_picked":["Run Through+1","Flex"],"picked":"ReplayTheSpireMod:Limb From Limb+1","floor":35.0},{"not_picked":["Whirlwind","Iron Wave"],"picked":"Spot Weakness","floor":35.0},{"not_picked":["ReplayTheSpireMod:Strike From Hell+1","Wild Strike"],"picked":"Flex","floor":41.0},{"not_picked":["Reckless Charge","True Grit"],"picked":"Limit Break","floor":44.0},{"not_picked":["Heavy Blade","Power Through+1","Bloodletting"],"picked":"SKIP","floor":46.0},{"not_picked":["Body Slam","ReplayTheSpireMod:Corrosion Curse+1"],"picked":"Replay:Undeath\u0027s Touch","floor":47.0},{"not_picked":["Clash+1","Cleave+1","Reckless Charge+1"],"picked":"SKIP","floor":47.0},{"not_picked":["Hemokinesis","Thunderclap+1","Searing Blow"],"picked":"SKIP","floor":48},{"not_picked":["Shockwave+1","Reckless Charge","Wild Strike"],"picked":"SKIP","floor":48}],"player_experience":209738,"relics_obtained":[{"floor":3.0,"key":"Pondfish Scales"},{"floor":6.0,"key":"Eternal Feather"},{"floor":8.0,"key":"Toy Ornithopter"},{"floor":9.0,"key":"construct:FoamFinger"},{"floor":10.0,"key":"Tiny Chest"},{"floor":11.0,"key":"HollowMod:LifeEnderRelic"},{"floor":13.0,"key":"Meat on the Bone"},{"floor":20.0,"key":"Necronomicon"},{"floor":23.0,"key":"hubris:FunFungus"},{"floor":24.0,"key":"Blue Doll"},{"floor":25.0,"key":"Runesmith:AutoHammer"},{"floor":26.0,"key":"hubris:DeckOfHolding"},{"floor":27.0,"key":"Du-Vu Doll"},{"floor":30.0,"key":"Lantern"},{"floor":41.0,"key":"Blood Vial"},{"floor":43.0,"key":"hubris:GlazedTorus"},{"floor":44.0,"key":"MawBank"},{"floor":46.0,"key":"hubris:TenFootPole"}],"event_choices":[{"damage_healed":0.0,"max_hp_gain":0.0,"max_hp_loss":0.0,"gold_gain":30.0,"event_name":"Dead Adventurer","player_choice":"Searched \u00272\u0027 times","floor":11.0,"gold_loss":0.0,"damage_taken":0.0},{"damage_healed":0.0,"max_hp_gain":0.0,"max_hp_loss":0.0,"gold_gain":0.0,"event_name":"Cursed Tome","player_choice":"Obtained Book","floor":20.0,"gold_loss":0.0,"damage_taken":16.0},{"damage_healed":0.0,"max_hp_gain":0.0,"max_hp_loss":0.0,"gold_gain":0.0,"event_name":"The Joust","player_choice":"Bet on Murderer","floor":22.0,"gold_loss":50.0,"damage_taken":0.0},{"cards_removed":["Strike_R"],"damage_healed":0.0,"max_hp_gain":0.0,"max_hp_loss":0.0,"gold_gain":0.0,"event_name":"Designer","player_choice":"Upgrade and Remove","floor":39.0,"gold_loss":90.0,"damage_taken":0.0,"cards_upgraded":["Immolate"]}],"is_beta":false,"boss_relics":[{"not_picked":["Replay:Ancient Bell","Kintsugi"],"picked":"Abe\u0027s Treasure"},{"not_picked":["hubris:CrackedHourglass","Ring of Chaos"],"picked":"Ooze Armor"}],"items_purged_floors":[36,38],"is_endless":false,"potions_floor_spawned":[4,6,10,11,13,14,18,19,27,30,31,44,47,48],"ascension_level":3}}