{"host":"2bb43zy5ktuvl8oc","time":1608128856,"event":{"mods":["Act Like it!","BaseMod","Downfall","Gensokyo","Hermit","Koishi","Marisa（F雨　魔理沙）","Minty Spire (QoL Compilation)","Remilia（蕾米莉亚）","Replay The Spire","Shop Mod","StSLib","The Administrix","The Animator","The Bug Knight","The Cursed","The Hierophant","The Mystic","The Runesmith","The Senshi","The Servant 0.9.4","Youmu（魂魄妖梦）","Yuyuko","【东方二次创作】八云紫mod"],"gold_per_floor":[109,109,109,122,141,141,170,194,194,229,241,261,261,261],"floor_reached":13,"playtime":699,"items_purged":[],"score":100,"play_id":"588cd3ea-a112-4eb8-a76f-614b1c9a4de2","local_time":"20201216222736","is_ascension_mode":true,"campfire_choices":[{"data":"TheCursedMod:SaltUponWound","floor":6,"key":"SMITH"}],"circlet_count":0,"master_deck":["TheCursedMod:Strike_TheCursed+1","TheCursedMod:Strike_TheCursed","TheCursedMod:Strike_TheCursed","TheCursedMod:Defend_TheCursed","TheCursedMod:Defend_TheCursed","TheCursedMod:Defend_TheCursed","TheCursedMod:CursedWand+1","TheCursedMod:CleanUpWorkshop","TheCursedMod:Dregs","Overencumbered","TheCursedMod:DoubleShield","TheCursedMod:StingEye","TheCursedMod:SpitefulPlan+1","TheCursedMod:SaltUponWound+1","TheCursedMod:VitalStrike","TheCursedMod:CircleOfWindfury","TheCursedMod:CircleOfFlame","TheCursedMod:ReleasedStrength"],"relics":["TheCursedMod:BlackMagic101","Replay:Wax Seal","Blue Doll","Mirror"],"acts_visited":["Exordium"],"potions_floor_usage":[13,13,13],"damage_taken":[{"damage":2,"enemies":"Jaw Worm","floor":1,"turns":5},{"damage":0,"enemies":"2 Louse","floor":4,"turns":3},{"damage":0,"enemies":"Cultist","floor":5,"turns":3},{"damage":19,"enemies":"3 Sentries","floor":7,"turns":9},{"damage":13,"enemies":"Lagavulin","floor":10,"turns":5},{"damage":1,"enemies":"Exordium Wildlife","floor":11,"turns":3},{"damage":7,"enemies":"Lots of Slimes","floor":12,"turns":4},{"damage":20,"enemies":"3 Sentries","floor":13,"turns":4}],"seed_played":"-9071503690086894651","potions_obtained":[{"floor":1,"key":"BlessingOfTheForge"},{"floor":11,"key":"Weak Potion"},{"floor":12,"key":"SpeedPotion"}],"is_trial":false,"path_per_floor":["M","?","?","M","M","R","E","T","T","E","M","M","E"],"character_chosen":"THE_CURSED","items_purchased":[],"campfire_rested":0,"item_purchase_floors":[],"current_hp_per_floor":[73,58,58,58,58,58,39,39,39,26,25,18,0,0],"gold":261,"neow_bonus":"TRANSFORM_TWO_CARDS","is_daily":false,"chose_seed":false,"campfire_upgraded":1,"win_rate":0.0,"timestamp":1608128856,"path_taken":["M","?","?","M","M","R","E","?","T","E","?","M","E"],"items_purchased_type":[],"build_version":"2020-12-13","purchased_purges":0,"victory":false,"max_hp_per_floor":[75,75,75,75,75,75,75,75,75,75,75,75,75,75],"card_choices":[{"not_picked":["TheCursedMod:CursedSpellbook","TheCursedMod:TacticalStrike"],"picked":"TheCursedMod:SpitefulPlan","floor":1},{"not_picked":["TheCursedMod:AshesToAshes","TheCursedMod:Stretching"],"picked":"TheCursedMod:SaltUponWound","floor":4},{"not_picked":["TheCursedMod:BlessingInDisguise","TheCursedMod:BloodBarrier"],"picked":"TheCursedMod:VitalStrike","floor":5},{"not_picked":["TheCursedMod:Wield","TheCursedMod:CursedRelics","TheCursedMod:TacticalStrike"],"picked":"SKIP","floor":7},{"not_picked":["TheCursedMod:FuryStrike","TheCursedMod:SpitefulPray"],"picked":"TheCursedMod:CircleOfWindfury","floor":10},{"not_picked":["TheCursedMod:BloodBarrier","TheCursedMod:CircleOfAmplification"],"picked":"TheCursedMod:CircleOfFlame","floor":11},{"not_picked":["TheCursedMod:SpreadPlague","TheCursedMod:WearCloak"],"picked":"TheCursedMod:ReleasedStrength","floor":12}],"player_experience":435609,"relics_obtained":[{"floor":7,"key":"Replay:Wax Seal"},{"floor":8,"key":"Blue Doll"},{"floor":10,"key":"Mirror"}],"event_choices":[{"damage_healed":0,"gold_gain":0,"player_choice":"Entered Light","damage_taken":15,"max_hp_gain":0,"max_hp_loss":0,"event_name":"Shining Light","floor":2,"gold_loss":0,"cards_upgraded":["TheCursedMod:CursedWand","TheCursedMod:Strike_TheCursed"]}],"is_beta":false,"boss_relics":[],"items_purged_floors":[],"is_endless":false,"potions_floor_spawned":[1,11,12],"killed_by":"3 Sentries","ascension_level":1}}