{"host":"m5n96f98ibl1zi71","time":1608110912,"event":{"mods":["Aspiration","BaseMod","Conspire","Curses Come First","Downfall","Hubris","Minty Spire (QoL Compilation)","Quick Restart","Shop Mod","StSLib","Uncapped"],"gold_per_floor":[112,127,140,140,160,160,178,193,193,210,224,224,234,85,85,208,208,219,318,318,318,318,318,99,99,99],"floor_reached":25,"playtime":1827,"items_purged":["conspire:GhostlyStrike"],"score":347,"play_id":"6df869b6-af96-4d83-bf18-5b9f8cb45d70","local_time":"20201216192832","daily_mods":["Specialized","Red Cards","Green Cards","Blue Cards","Purple Cards","Colorless Cards","DeadlyEvents"],"is_ascension_mode":false,"campfire_choices":[{"floor":6,"key":"REST"},{"floor":12,"key":"REST"},{"data":"hexamod:SoulSteal","floor":15,"key":"SMITH"},{"floor":23,"key":"REST"}],"circlet_count":0,"master_deck":["conspire:GhostlyStrike","conspire:GhostlyStrike","conspire:GhostlyStrike","conspire:GhostlyDefend","conspire:GhostlyDefend","conspire:GhostlyDefend+1","conspire:GhostlyDefend","Eruption","Vigilance","hexamod:SpectralSpark","hexamod:SpectralSpark+1","hexamod:SpectralSpark","hexamod:SpectralSpark","hexamod:SpectralSpark","hexamod:SoulSteal+1","hexamod:PhantomCloak","Slimebound:SlimeSpikes","hexamod:EmpoweringStance","Barricade","Cleave","Bandage Up"],"relics":["PureWater","Prayer Wheel","War Paint","conspire:SeveredTorchhead","sneckomod:BlankCard"],"acts_visited":["Exordium","TheCity"],"potions_floor_usage":[16,16,22,25],"damage_taken":[{"damage":5,"enemies":"Cultist","floor":1,"turns":4},{"damage":0,"enemies":"Small Slimes","floor":2,"turns":3},{"damage":6,"enemies":"2 Louse","floor":3,"turns":2},{"damage":7,"enemies":"2 Fungi Beasts","floor":5,"turns":3},{"damage":11,"enemies":"Lots of Slimes","floor":7,"turns":3},{"damage":7,"enemies":"Looter","floor":8,"turns":3},{"damage":4,"enemies":"2 Fungi Beasts","floor":10,"turns":3},{"damage":5,"enemies":"Blue Slaver","floor":11,"turns":4},{"damage":5,"enemies":"Looter","floor":13,"turns":3},{"damage":36,"enemies":"The Guardian","floor":16,"turns":13},{"damage":71,"enemies":"Chosen","floor":18,"turns":13},{"damage":0,"enemies":"Spheric Guardian","floor":22,"turns":2},{"damage":27,"enemies":"3 Cultists","floor":25,"turns":3}],"seed_played":"-7065533657662422846","potions_obtained":[{"floor":1,"key":"SteroidPotion"},{"floor":2,"key":"StancePotion"},{"floor":3,"key":"BlessingOfTheForge"},{"floor":5,"key":"Slimebound:ThreeZeroPotion"},{"floor":13,"key":"Fire Potion"},{"floor":16,"key":"SmokeBomb"}],"is_trial":true,"path_per_floor":["M","M","M","?","M","R","M","M","T","M","M","R","M","$","R","B",null,"M","?","?","?","M","R","$","M"],"character_chosen":"WATCHER","items_purchased":["War Paint","sneckomod:BlankCard"],"campfire_rested":3,"item_purchase_floors":[14,24],"current_hp_per_floor":[67,67,61,61,54,72,61,54,54,50,45,66,61,61,61,25,72,1,1,1,1,5,26,26,0,0],"gold":99,"neow_bonus":"","is_daily":false,"chose_seed":false,"campfire_upgraded":1,"win_rate":0.0,"timestamp":1608110912,"path_taken":["M","M","?","?","M","R","M","M","T","M","M","R","M","$","R","BOSS","M","?","?","?","M","R","$","M"],"items_purchased_type":["Relic","Relic"],"build_version":"2020-12-13","purchased_purges":1,"victory":false,"max_hp_per_floor":[72,72,72,72,72,72,72,72,72,72,72,72,72,72,72,72,72,72,72,72,72,72,72,72,72,72],"card_choices":[{"not_picked":["Slimebound:SlimeBarrage","sneckomod:UnknownClassGUARDIAN"],"picked":"hexamod:SoulSteal","floor":1},{"not_picked":["expansioncontent:DefensiveMode","hexamod:CatchUp","sneckomod:RainOfDice"],"picked":"SKIP","floor":2},{"not_picked":["TalkToTheHand","Slimebound:Replication","Wallop"],"picked":"SKIP","floor":3},{"not_picked":["CutThroughFate","sneckomod:UnknownWeak","FlyingSleeves"],"picked":"SKIP","floor":5},{"not_picked":["sneckomod:UnknownStrike","PathToVictory","Slimebound:FinishingTackle"],"picked":"SKIP","floor":7},{"not_picked":["Riddle With Holes","Acrobatics"],"picked":"hexamod:PhantomCloak","floor":8},{"not_picked":["sneckomod:DiceCrush","Cold Snap"],"picked":"Slimebound:SlimeSpikes","floor":10},{"not_picked":["Coolheaded","Underhanded Strike","Tantrum"],"picked":"SKIP","floor":10},{"not_picked":["Enlightenment","hexamod:ShieldOfDarkness","JustLucky"],"picked":"SKIP","floor":11},{"not_picked":["sneckomod:UnknownCommonAttack","Sucker Punch","Anger"],"picked":"SKIP","floor":11},{"not_picked":["Enlightenment","hexamod:ShieldOfDarkness","JustLucky"],"picked":"SKIP","floor":11},{"not_picked":["sneckomod:UnknownCommonAttack","Sucker Punch","Anger"],"picked":"SKIP","floor":11},{"not_picked":["Crescendo","Sanctity"],"picked":"hexamod:EmpoweringStance","floor":13},{"not_picked":["Calculated Gamble","Dagger Throw","FlurryOfBlows"],"picked":"SKIP","floor":13},{"not_picked":["Slimebound:Teamwork","Blasphemy"],"picked":"Barricade","floor":16},{"not_picked":["sneckomod:UnknownWeak","sneckomod:DiceBlock"],"picked":"Cleave","floor":18},{"not_picked":["Slimebound:Chomp+1","Evaluate"],"picked":"Bandage Up","floor":18}],"player_experience":393526,"relics_obtained":[{"floor":9,"key":"Prayer Wheel"}],"event_choices":[{"damage_healed":0,"gold_gain":0,"player_choice":"Agree","damage_taken":0,"max_hp_gain":0,"max_hp_loss":0,"event_name":"conspire:LoneGhost","floor":4,"gold_loss":0},{"damage_healed":0,"gold_gain":99,"player_choice":"Stole From Cult","damage_taken":0,"max_hp_gain":0,"max_hp_loss":0,"event_name":"Nest","floor":19,"gold_loss":0},{"damage_healed":0,"gold_gain":0,"player_choice":"Ignored","damage_taken":0,"max_hp_gain":0,"max_hp_loss":0,"event_name":"N\u0027loth","floor":21,"gold_loss":0}],"is_beta":false,"boss_relics":[{"not_picked":["hubris:RunicObelisk","Coffee Dripper"],"picked":"conspire:SeveredTorchhead"}],"items_purged_floors":[24],"is_endless":true,"potions_floor_spawned":[1,2,3,5,10,13,16],"killed_by":"3 Cultists","ascension_level":0}}