{"host":"br1k745010e75u9o","time":1608084456,"event":{"mods":["BaseMod","CCEM","Conspire","Downfall","Friendly Minions","Hermit","Hubris","Infinite Spire","Mari Mod (Legacy)","Mari\u0027s V1 Patch","Minty Spire (QoL Compilation)","Rare Cards Sparkle","Replay The Spire","StSLib","The Cursed","Yohane!"],"gold_per_floor":[110,110,120,131,131,131,166,185,185,237,237,237,237,9,9,106,106,125,136,9,9,9,9,9,9,9,21,75,75,90,103,103,103,28,133,133,143,162,162,172,189,189,201,216,216,228,242,19,32,32,32,32],"floor_reached":53,"playtime":2591,"items_purged":["Defend_G"],"score":661,"play_id":"a20e67c8-b227-4361-8009-d1ea1e73ffb1","local_time":"20201216020736","is_ascension_mode":false,"campfire_choices":[{"data":"Hidden Blade","floor":6,"key":"SMITH"},{"floor":11,"key":"REST"},{"floor":15,"key":"REST"},{"floor":23,"key":"REST"},{"data":"Infinite Blades","floor":26,"key":"SMITH"},{"data":"Neutralize","floor":29,"key":"SMITH"},{"floor":42,"key":"REST"},{"floor":51,"key":"REST"}],"circlet_count":0,"master_deck":["Strike_G+2","Strike_G+1","Strike_G+3","Strike_G+1","Defend_G+3","Defend_G+1","Defend_G+2","Defend_G+2","Neutralize+1","CurseOfTheBell","Hidden Blade+1","Outmaneuver+1","Infinite Blades+1","Dagger Spray+1","Infinite Blades+1","Hidden Blade","ReplayTheSpireMod:Shiv Toss","Flying Knee+1","Die Die Die+1","Hidden Blade","Blade Dance+1","Accuracy+1","ReplayTheSpireMod:The Works+1"],"relics":["Calling Bell","Nunchaku","hubris:Metronome","Unceasing Top","War Paint","Gremlin Horn","Simple Rune","Molten Egg 2","Gremlin Food","conspire:SpecialSausage","Anchor","Runic Pyramid","conspire:DeflatedDodgeball","Lantern"],"acts_visited":["Exordium","TheCity","TheBeyond"],"potions_floor_usage":[3,4,7,7,10,16,35,44,46,52,52],"damage_taken":[{"damage":5,"enemies":"Jaw Worm","floor":1,"turns":6},{"damage":0,"enemies":"infinitespire:Voidling","floor":3,"turns":1},{"damage":2,"enemies":"Small Slimes","floor":4,"turns":5},{"damage":28,"enemies":"3 Sentries","floor":7,"turns":14},{"damage":8,"enemies":"Red Slaver","floor":8,"turns":5},{"damage":8,"enemies":"conspire:MimicChest","floor":10,"turns":13},{"damage":49,"enemies":"The Guardian","floor":16,"turns":17},{"damage":0,"enemies":"conspire:FuzzyDice","floor":18,"turns":7},{"damage":12,"enemies":"3 Byrds","floor":19,"turns":6},{"damage":0,"enemies":"Sentry and Sphere","floor":27,"turns":3},{"damage":7,"enemies":"conspire:HollyBat","floor":30,"turns":5},{"damage":2,"enemies":"Centurion and Healer","floor":31,"turns":4},{"damage":35,"enemies":"conspire:MysteriousRune","floor":35,"turns":7},{"damage":10,"enemies":"3 Shapes","floor":37,"turns":3},{"damage":0,"enemies":"3 Darklings","floor":38,"turns":2},{"damage":16,"enemies":"Transient","floor":40,"turns":5},{"damage":6,"enemies":"Spire Growth","floor":41,"turns":3},{"damage":18,"enemies":"4 Shapes","floor":43,"turns":3},{"damage":30,"enemies":"Jaw Worm Horde","floor":44,"turns":3},{"damage":3,"enemies":"3 Darklings","floor":46,"turns":4},{"damage":0,"enemies":"Maw","floor":47,"turns":5},{"damage":0,"enemies":"Spire Growth","floor":49,"turns":3},{"damage":51,"enemies":"infinitespire:MassOfShapes","floor":52,"turns":7}],"seed_played":"9198744533589244180","potions_obtained":[{"floor":2,"key":"SneckoOil"},{"floor":2,"key":"Venom Potion"},{"floor":2,"key":"ColorlessPotion"},{"floor":4,"key":"Fruit Juice"},{"floor":8,"key":"ColorlessPotion"},{"floor":10,"key":"Adrenaline Potion"},{"floor":18,"key":"SpeedPotion"},{"floor":19,"key":"Elixir"},{"floor":27,"key":"DistilledChaos"},{"floor":37,"key":"FairyPotion"},{"floor":41,"key":"GhostInAJar"},{"floor":49,"key":"Energy Potion"}],"is_trial":false,"path_per_floor":["M","?","M","M","?","R","E","M","T","?","R","?","T","$","R","B",null,"M","M","$","?","?","R","PTL","PTL","R","M","T","R","M","M","?","AVR","R","B",null,"M","M","?","M","M","R","M","M","T","M","M","$","M","?","R","B",null],"character_chosen":"THE_SILENT","items_purchased":["Infinite Blades","Gremlin Food","Infinite Blades+1","Lantern","Guardian:BlockOnCardUsePotion"],"campfire_rested":5,"item_purchase_floors":[14,14,20,48,48],"current_hp_per_floor":[65,65,65,68,68,68,40,32,32,24,46,39,39,39,61,12,75,75,63,63,63,63,75,75,75,75,75,75,75,68,66,66,66,66,31,75,65,65,65,49,43,65,47,17,17,14,14,14,14,14,36,25],"gold":32,"neow_bonus":"BOSS_RELIC","is_daily":false,"chose_seed":false,"campfire_upgraded":3,"win_rate":0.0,"timestamp":1608084456,"path_taken":["M","?","M","?","?","R","E","?","T","?","R","?","?","$","R","BOSS","M","M","$","?","?","R","PTL","PTL","R","?","T","R","M","M","?","AVR","R","BOSS","M","M","?","M","M","R","M","M","T","M","M","$","M","?","R","BOSS"],"items_purchased_type":["Card","Relic","Card","Relic","Potion"],"build_version":"2020-12-13","purchased_purges":1,"victory":true,"max_hp_per_floor":[70,70,70,75,75,75,75,75,75,75,75,75,75,75,75,75,75,75,75,75,75,75,75,75,75,75,75,75,75,75,75,75,75,75,75,75,75,75,75,75,75,75,75,75,75,75,75,75,75,75,75,75],"card_choices":[{"not_picked":["Footwork","PiercingWail","Acrobatics"],"picked":"SKIP","floor":1},{"not_picked":["hubris:TrickCloak","Masterful Stab"],"picked":"Hidden Blade","floor":3},{"not_picked":["Deadly Poison","Underhanded Strike"],"picked":"Outmaneuver","floor":4},{"not_picked":["Underhanded Strike","Sucker Punch"],"picked":"Toxin Wave","floor":7},{"not_picked":["Underhanded Strike","PiercingWail","Dodge and Roll"],"picked":"SKIP","floor":8},{"not_picked":["hubris:Counter","Escape Plan"],"picked":"hubris:Sniper","floor":10},{"not_picked":["Well Laid Plans","Underhanded Strike+1","Fluid Movement"],"picked":"SKIP","floor":18},{"not_picked":["Sucker Punch+1","Deadly Poison+1"],"picked":"Dagger Spray+1","floor":19},{"not_picked":["Deadly Poison","Dash+1"],"picked":"Hidden Blade","floor":27},{"not_picked":["Flying Knee+1","Masterful Stab+1"],"picked":"ReplayTheSpireMod:Shiv Toss","floor":30},{"not_picked":["Backflip","Caltrops"],"picked":"Flying Knee+1","floor":31},{"not_picked":["Malaise","Bullet Time"],"picked":"Die Die Die+1","floor":35},{"not_picked":["Sucker Punch+1","Deflect+1","Dodge and Roll+1"],"picked":"SKIP","floor":37},{"not_picked":["Poisoned Stab+1","Atom Bomb+1","hubris:SlightOfHand+1"],"picked":"SKIP","floor":38},{"not_picked":["Deflect","Acrobatics+1","Underhanded Strike+1"],"picked":"SKIP","floor":40},{"not_picked":["Deflect","hubris:Counter+1","PiercingWail+1"],"picked":"SKIP","floor":41},{"not_picked":["Bane+1","Predator+1"],"picked":"Hidden Blade","floor":43},{"not_picked":["Underhanded Strike+1","Cloak And Dagger"],"picked":"Blade Dance+1","floor":44},{"not_picked":["Blur+1","Envenom"],"picked":"Accuracy+1","floor":46},{"not_picked":["Crippling Poison+1","Deadly Poison","Sneak Up+1"],"picked":"SKIP","floor":47},{"not_picked":["hubris:SlightOfHand","Dagger Throw+1"],"picked":"ReplayTheSpireMod:The Works+1","floor":49}],"player_experience":43868,"relics_obtained":[{"floor":0,"key":"Nunchaku"},{"floor":0,"key":"hubris:Metronome"},{"floor":0,"key":"Unceasing Top"},{"floor":7,"key":"War Paint"},{"floor":9,"key":"Gremlin Horn"},{"floor":10,"key":"Simple Rune"},{"floor":13,"key":"Molten Egg 2"},{"floor":28,"key":"Anchor"},{"floor":45,"key":"conspire:DeflatedDodgeball"}],"event_choices":[{"damage_healed":0,"gold_gain":0,"player_choice":"Got Potions","damage_taken":0,"max_hp_gain":0,"max_hp_loss":0,"event_name":"Lab","floor":2,"gold_loss":0},{"cards_removed":["Strike_G"],"damage_healed":0,"gold_gain":0,"player_choice":"Purged","damage_taken":0,"max_hp_gain":0,"max_hp_loss":0,"event_name":"Purifier","floor":5,"gold_loss":0},{"cards_removed":["Toxin Wave"],"damage_healed":0,"gold_gain":0,"player_choice":"Card Removal","damage_taken":7,"max_hp_gain":0,"max_hp_loss":0,"event_name":"Golden Wing","floor":12,"gold_loss":0},{"damage_healed":0,"gold_gain":0,"player_choice":"Simplicity","damage_taken":0,"max_hp_gain":0,"max_hp_loss":0,"event_name":"Back to Basics","floor":21,"gold_loss":0,"cards_upgraded":["Strike_G","Strike_G","Strike_G","Strike_G","Defend_G","Defend_G","Defend_G","Defend_G"]},{"cards_removed":["Survivor"],"damage_healed":0,"gold_gain":0,"player_choice":"Offered Basic","damage_taken":0,"max_hp_gain":0,"max_hp_loss":0,"event_name":"Bonfire Elementals","floor":22,"gold_loss":0},{"damage_healed":0,"gold_gain":0,"player_choice":"Ignored","damage_taken":0,"max_hp_gain":0,"max_hp_loss":0,"event_name":"Ghosts","floor":32,"gold_loss":0},{"cards_removed":["hubris:Sniper"],"damage_healed":0,"gold_gain":0,"player_choice":"Gave Gold","damage_taken":0,"max_hp_gain":0,"max_hp_loss":0,"event_name":"Beggar","floor":34,"gold_loss":75},{"damage_healed":0,"gold_gain":0,"player_choice":"Leave","damage_taken":0,"max_hp_gain":0,"max_hp_loss":0,"event_name":"conspire:Investor","floor":39,"gold_loss":0}],"is_beta":false,"boss_relics":[{"not_picked":["Runic Dome","Replay:Wanted Poster"],"picked":"conspire:SpecialSausage"},{"not_picked":["ReplayTheSpireMod:SealedPack","conspire:RoyalGoblet"],"picked":"Runic Pyramid"}],"items_purged_floors":[20],"is_endless":false,"potions_floor_spawned":[4,8,10,18,19,27,37,41,49],"ascension_level":0}}