{"host":"7ng250kq93p51zyj","time":1608134508,"event":{"mods":["Act Like it!","Aspiration","BaseMod","BetterRewards","Card Forge","Colored Powertips","Energized Spire","Gensokyo","KinomotoSakuraMod(ñÿîVñ{?)","MarisaÅiñ∂âJÅ@ñÇóùçπÅj","Minty Spire (QoL Compilation)","Permanent Neow","Prisma Mod","Replay The Spire","StSLib","The Alterego","The Animator","The Servant 0.9.4","TheSwordswoman"],"gold_per_floor":[114,130,130,147,162,195,195,291,315,315,331,331,347,347,347,471,471,491,491,506,547,547,547,588,613,666,196,211,211,211,62,62,188,188,208,208,222,247,265,265,300,313,313,313,328,352,383,308,308,308,308,308,86,129,129],"floor_reached":56,"playtime":7960,"items_purged":[],"score":1454,"play_id":"08f906fa-8a9c-4b3e-bcf2-4745f11401f1","local_time":"20201216170148","is_ascension_mode":false,"campfire_choices":[{"floor":7.0,"key":"REST"},{"floor":12.0,"key":"RECALL"},{"floor":15.0,"key":"REST"},{"floor":23.0,"key":"REST"},{"floor":29,"key":"REST"},{"floor":32,"key":"REST"},{"floor":40,"key":"REST"},{"floor":49,"key":"REST"},{"floor":52,"key":"REST"}],"circlet_count":0,"master_deck":["blazmod:Strike+1","blazmod:Strike+1","blazmod:Strike+1","blazmod:Strike+1","blazmod:Defend+1","blazmod:Defend+1","blazmod:Defend+1","blazmod:ButterflyEffect+1","blazmod:Kyokasuigetsu+1","blazmod:LoveAndHonor+1","blazmod:MyEverything+1","blazmod:MindAtPeace+1","blazmod:FortifiedVigor+1","blazmod:StanceChange+1","blazmod:StanceChange+1","blazmod:Trasient+1","blazmod:FortifiedVigor+1","blazmod:FancifulFlutter+1","blazmod:FortifiedVigor+1","blazmod:AlmightyPassage+1","blazmod:DevilDivine+1","blazmod:TrueOfHeart+1","blazmod:CastAwayDew+1","blazmod:StanceChange+1","Pot Of Greed+1","Pot Of Greed+1","Pot Of Greed+1","blazmod:DrippingWaterHollowsStone+1","blazmod:StanceChange+1","blazmod:BlindBlade+1","blazmod:InLoveAndWar+1","blazmod:StanceChange+1","blazmod:DanceOfTheGods+1","blazmod:RevolvingPhoenix+1","blazmod:Contingency+1","blazmod:FortifiedVigor+1","blazmod:FortifiedVigor+1","blazmod:DrippingWaterHollowsStone+1","Pot Of Greed+1","blazmod:ButterflyForm+1","blazmod:Swordstorm+1"],"relics":["blazmod:SoshuMasabe","Hammer of Thor","Seething Fire","Anvil of the Gods","Happy Flower","StoneCalendar","ReplayFunnel","Lizard Tail","Golden Idol","Red Mask","Frozen Egg 2","Mango","Grinning Jar","blazmod:Raikiri","Replay:Bottled Steam","aspiration:HatOfInfinitePower","TheAbacus","Painkiller Herb","Bottled Lightning","Nunchaku","Replay:Bottled Eggs","aspiration:ChemicalBlood","Lantern"],"acts_visited":["Exordium","TheCity","TheBeyond","TheEnding"],"potions_floor_usage":[50,50,50,55,55],"damage_taken":[{"damage":3.0,"enemies":"Small Slimes","floor":1.0,"turns":5.0},{"damage":0.0,"enemies":"Cultist","floor":2.0,"turns":3.0},{"damage":0.0,"enemies":"2 Louse","floor":4.0,"turns":4.0},{"damage":11.0,"enemies":"Exordium Thugs","floor":5.0,"turns":4.0},{"damage":0.0,"enemies":"Gremlin Nob","floor":6.0,"turns":3.0},{"damage":0.0,"enemies":"Exordium Wildlife","floor":11.0,"turns":1.0},{"damage":0.0,"enemies":"Lots of Slimes","floor":13.0,"turns":2.0},{"damage":6.0,"enemies":"The Guardian","floor":16.0,"turns":7.0},{"damage":10.0,"enemies":"Spheric Guardian","floor":18.0,"turns":3.0},{"damage":0.0,"enemies":"3 Byrds","floor":20.0,"turns":1.0},{"damage":0.0,"enemies":"Masked Bandits","floor":21.0,"turns":2.0},{"damage":1.0,"enemies":"Book of Stabbing","floor":24.0,"turns":7.0},{"damage":0.0,"enemies":"Snecko","floor":25.0,"turns":5.0},{"damage":0,"enemies":"Cultist and Chosen","floor":28,"turns":4},{"damage":3,"enemies":"Pondfish","floor":33,"turns":8},{"damage":0,"enemies":"Orb Walker","floor":35,"turns":2},{"damage":0,"enemies":"3 Darklings","floor":37,"turns":4},{"damage":1,"enemies":"Jaw Worm Horde","floor":38,"turns":3},{"damage":0,"enemies":"Transient","floor":39,"turns":5},{"damage":3,"enemies":"R_Hoarder","floor":41,"turns":5},{"damage":0,"enemies":"Spire Growth","floor":42,"turns":3},{"damage":12,"enemies":"4 Shapes","floor":45,"turns":2},{"damage":9,"enemies":"Sphere and 2 Shapes","floor":46,"turns":2},{"damage":0,"enemies":"Reptomancer","floor":47,"turns":3},{"damage":1,"enemies":"Replay:Hell Engine","floor":50,"turns":4},{"damage":0,"enemies":"Shield and Spear","floor":54,"turns":4},{"damage":58,"enemies":"The Heart","floor":55,"turns":5}],"seed_played":"1979617207863008505","potions_obtained":[{"floor":4.0,"key":"Adrenaline Potion"},{"floor":16.0,"key":"Weak Potion"},{"floor":24.0,"key":"Swift Potion"},{"floor":28,"key":"Flashbang"}],"is_trial":false,"path_per_floor":["M","M","?","M","M","E","R","?","T","T","M","R","M","?","R","B",null,"M","?","M","?","?","R","E","M","T","$","M","R","T","$","R","B",null,"?","?","?","?","?","T","E","?","T","?","?","?","E","T","T","B",null,"T","T","E","B",null],"character_chosen":"THE_SWORDSWOMAN","items_purchased":["blazmod:Raikiri","blazmod:DrippingWaterHollowsStone+1","blazmod:StanceChange","Replay:Bottled Steam","TheAbacus","blazmod:DrippingWaterHollowsStone+1","blazmod:ButterflyForm+1","aspiration:ChemicalBlood"],"campfire_rested":8,"item_purchase_floors":[27,27,27,27,31,48,53,53],"current_hp_per_floor":[37,37,37,37,26,26,38,38,38,38,38,38,38,38,40,34,40,30,30,30,30,30,40,53,53,53,53,53,54,54,54,54,51,54,54,54,54,53,53,54,51,51,51,51,39,30,30,30,46,45,54,54,54,54,26],"gold":129,"neow_bonus":"RANDOM_COMMON_RELIC","is_daily":false,"chose_seed":false,"campfire_upgraded":0,"win_rate":0.0,"timestamp":1608134508,"path_taken":["M","M","?","?","M","E","R","?","T","?","?","R","M","?","R","BOSS","M","?","M","?","?","R","E","?","T","?","M","R","?","$","R","BOSS","?","?","?","?","?","T","E","?","T","?","?","?","E","T","T","BOSS","T","T","E","BOSS"],"items_purchased_type":["Relic","Card","Card","Relic","Relic","Card","Card","Relic"],"build_version":"2020-12-13","purchased_purges":0,"victory":true,"max_hp_per_floor":[40,40,40,40,40,40,40,40,40,40,40,40,40,40,40,40,40,40,40,40,40,40,40,54,54,54,54,54,54,54,54,54,54,54,54,54,54,54,54,54,54,54,54,54,54,54,54,54,54,54,54,54,54,54,54],"card_choices":[{"not_picked":["blazmod:FleetOfFoot","blazmod:MindsEye"],"picked":"blazmod:LoveAndHonor","floor":1.0},{"not_picked":["blazmod:Crosscut","blazmod:SidewaySolace"],"picked":"blazmod:MyEverything","floor":2.0},{"not_picked":["blazmod:Crosscut","blazmod:PhysicalEndurance"],"picked":"blazmod:FortifiedVigor","floor":4.0},{"not_picked":["blazmod:SidewaySolace","blazmod:FlashRock"],"picked":"blazmod:StanceChange","floor":5.0},{"not_picked":["blazmod:Crosscut","blazmod:Valiance"],"picked":"blazmod:StanceChange","floor":6.0},{"not_picked":["blazmod:Valiance","blazmod:SidewaySolace"],"picked":"blazmod:Trasient","floor":8.0},{"not_picked":["blazmod:BoulderFlash","blazmod:Trasient"],"picked":"blazmod:FortifiedVigor","floor":8.0},{"not_picked":["blazmod:FlashRock","blazmod:FortifiedVigor"],"picked":"blazmod:FancifulFlutter","floor":11.0},{"not_picked":["blazmod:FlashRock","blazmod:ButterFlutter"],"picked":"blazmod:FortifiedVigor","floor":13.0},{"not_picked":["blazmod:TrueSelf","blazmod:SeismicSlash"],"picked":"blazmod:AlmightyPassage","floor":16.0},{"not_picked":["blazmod:ButterFlutter","blazmod:Trasient+1"],"picked":"blazmod:DevilDivine+1","floor":18.0},{"not_picked":["blazmod:DanceOfTheGods+1","blazmod:MentalFocus+1"],"picked":"blazmod:TrueOfHeart","floor":20.0},{"not_picked":["blazmod:SecondSight","blazmod:KatanaStrike"],"picked":"blazmod:CastAwayDew","floor":21.0},{"not_picked":["blazmod:BlindBlade","blazmod:BoulderFlash"],"picked":"blazmod:StanceChange","floor":24.0},{"not_picked":["blazmod:Trasient","blazmod:Lockswords"],"picked":"blazmod:UnderPurifyingWaters+1","floor":25.0},{"not_picked":["blazmod:UnderPurifyingWaters+1","blazmod:FortifiedVigor"],"picked":"blazmod:BlindBlade+1","floor":28},{"not_picked":["blazmod:SeismicSlash","blazmod:TrueSelf"],"picked":"blazmod:InLoveAndWar","floor":33},{"not_picked":["blazmod:BoulderFlash+1","blazmod:Crosscut+1"],"picked":"blazmod:StanceChange","floor":35},{"not_picked":["blazmod:MentalFocus+1","blazmod:FleetOfFoot","blazmod:BlindBlade"],"picked":"SKIP","floor":37},{"not_picked":["blazmod:Unrestrained+1","blazmod:Crosscut+1"],"picked":"blazmod:DanceOfTheGods","floor":38},{"not_picked":["blazmod:MentalFocus+1","blazmod:PureOfSoul+1"],"picked":"blazmod:RevolvingPhoenix+1","floor":39},{"not_picked":["blazmod:KatanaStrike","blazmod:SeismicSlash","blazmod:Valiance"],"picked":"SKIP","floor":41},{"not_picked":["blazmod:SureOfHand+1","blazmod:FleetOfFoot+1"],"picked":"blazmod:Contingency+1","floor":42},{"not_picked":["blazmod:FocusThroughFalls+1","blazmod:Unrestrained+1","blazmod:SidewaySolace+1"],"picked":"SKIP","floor":45},{"not_picked":["blazmod:BlindBlade+1","blazmod:StanceChange+1"],"picked":"blazmod:FortifiedVigor+1","floor":46},{"not_picked":["blazmod:FlawlessDraw+1","blazmod:KatanaStrike"],"picked":"blazmod:FortifiedVigor+1","floor":47},{"not_picked":["blazmod:TravelJournal+1","blazmod:BeTheBlade+1"],"picked":"blazmod:Swordstorm+1","floor":54}],"player_experience":304353,"relics_obtained":[{"floor":6.0,"key":"StoneCalendar"},{"floor":8.0,"key":"ReplayFunnel"},{"floor":10.0,"key":"Lizard Tail"},{"floor":21.0,"key":"Red Mask"},{"floor":24.0,"key":"Mango"},{"floor":26,"key":"Grinning Jar"},{"floor":30,"key":"aspiration:HatOfInfinitePower"},{"floor":41,"key":"Bottled Lightning"},{"floor":43,"key":"Nunchaku"},{"floor":47,"key":"Replay:Bottled Eggs"},{"floor":54,"key":"Lantern"}],"event_choices":[{"damage_healed":0.0,"max_hp_gain":0.0,"max_hp_loss":0.0,"gold_gain":0.0,"cards_transformed":["blazmod:Defend"],"event_name":"Transmorgrifier","player_choice":"Transformed","floor":3.0,"gold_loss":0.0,"damage_taken":0.0,"cards_obtained":["blazmod:MindAtPeace"]},{"damage_healed":0.0,"max_hp_gain":0.0,"max_hp_loss":0.0,"gold_gain":0.0,"event_name":"Golden Idol","player_choice":"Take Wound","floor":14.0,"gold_loss":0.0,"damage_taken":0.0,"relics_obtained":["Golden Idol"],"cards_obtained":["Injury"]},{"damage_healed":0.0,"max_hp_gain":0.0,"max_hp_loss":0.0,"gold_gain":0.0,"event_name":"Back to Basics","player_choice":"Simplicity","floor":19.0,"gold_loss":0.0,"damage_taken":0.0,"cards_upgraded":[]},{"damage_healed":0.0,"max_hp_gain":0.0,"max_hp_loss":0.0,"gold_gain":0.0,"event_name":"Masked Bandits","player_choice":"Fought Bandits","floor":21.0,"gold_loss":0.0,"damage_taken":0.0},{"damage_healed":0.0,"max_hp_gain":0.0,"max_hp_loss":0.0,"gold_gain":0.0,"event_name":"WeMeetAgain","player_choice":"Gave Potion","floor":22.0,"gold_loss":0.0,"damage_taken":0.0,"relics_obtained":["Frozen Egg 2"]},{"cards_removed":["blazmod:UnderPurifyingWaters"],"damage_healed":0,"gold_gain":0,"player_choice":"Removed Power","damage_taken":0,"max_hp_gain":0,"max_hp_loss":0,"event_name":"Falling","floor":44,"gold_loss":0}],"is_beta":false,"boss_relics":[{"not_picked":["energizedSpire:DeadBattery","energizedSpire:StickyHand"],"picked":"blazmod:SoshuMasabe"},{"not_picked":["Empty Cage","SacredBark"],"picked":"Painkiller Herb"}],"items_purged_floors":[],"is_endless":false,"potions_floor_spawned":[4,16,24,28,33,37,39,45,46],"ascension_level":0}}