{"host":"c5j8t0wyh2hvx9ju","time":1608114077,"event":{"mods":["Astrologer","BaseMod","BetterRewards","HololiveMod","Minty Spire (QoL Compilation)","Prisma Mod","StSLib"],"gold_per_floor":[119,119,134,134,150,185,35,35,35,49,63,81,6,6,6,6,6],"floor_reached":16,"playtime":603,"items_purged":["Defend_B"],"score":198,"play_id":"ce4c4962-14ec-4e85-a89b-c3ab2b36b126","local_time":"20201216192117","is_ascension_mode":true,"campfire_choices":[{"floor":8.0,"key":"REST"},{"floor":15.0,"key":"REST"}],"circlet_count":0,"master_deck":["Strike_B","Strike_B","Strike_B","Strike_B","Defend_B","Defend_B","Zap","Dualcast","Defragment","Hologram","Genetic Algorithm","All For One","Storm","Chaos","Injury"],"relics":["Cracked Core","Turnip","Shuriken","DataDisk","InkBottle","Golden Idol"],"acts_visited":["Exordium"],"potions_floor_usage":[16,16],"damage_taken":[{"damage":3.0,"enemies":"2 Louse","floor":1.0,"turns":3.0},{"damage":1.0,"enemies":"Cultist","floor":3.0,"turns":3.0},{"damage":1.0,"enemies":"Small Slimes","floor":5.0,"turns":3.0},{"damage":54.0,"enemies":"3 Sentries","floor":6.0,"turns":7.0},{"damage":2.0,"enemies":"3 Louse","floor":10.0,"turns":4.0},{"damage":16.0,"enemies":"2 Fungi Beasts","floor":11.0,"turns":4.0},{"damage":8.0,"enemies":"Looter","floor":12.0,"turns":3.0},{"damage":28,"enemies":"The Guardian","floor":16,"turns":6}],"seed_played":"-4633595735745228784","potions_obtained":[{"floor":3.0,"key":"GamblersBrew"},{"floor":6.0,"key":"SkillPotion"},{"floor":10.0,"key":"Dexterity Potion"}],"is_trial":false,"path_per_floor":["M","?","M","?","M","E","$","R","T","M","M","M","$","?","R","B"],"character_chosen":"DEFECT","items_purchased":["Defragment","Turnip","Hologram","DataDisk"],"campfire_rested":2,"item_purchase_floors":[0,0,0,7],"current_hp_per_floor":[65,65,64,64,63,9,9,31,31,29,13,5,5,5,27,0,0],"gold":6,"neow_bonus":"","is_daily":false,"chose_seed":false,"campfire_upgraded":0,"win_rate":0.0,"timestamp":1608114077,"path_taken":["M","?","?","?","M","E","$","R","T","M","?","?","$","?","R","BOSS"],"items_purchased_type":["Card","Relic","Card","Relic"],"build_version":"2020-12-13","purchased_purges":1,"victory":false,"max_hp_per_floor":[75,75,75,75,75,75,75,75,75,75,75,75,75,75,75,75,75],"card_choices":[{"not_picked":["Compile Driver","Ball Lightning","Go for the Eyes"],"picked":"SKIP","floor":1.0},{"not_picked":["Leap","Consume","Streamline"],"picked":"SKIP","floor":3.0},{"not_picked":["Consume","Streamline"],"picked":"Genetic Algorithm","floor":5.0},{"not_picked":["Hologram","Turbo"],"picked":"All For One","floor":6.0},{"not_picked":["Compile Driver","Turbo"],"picked":"Storm","floor":10.0},{"not_picked":["Chill","Scrape","Auto Shields"],"picked":"SKIP","floor":11.0},{"not_picked":["Streamline","Darkness"],"picked":"Chaos","floor":12.0}],"player_experience":851046,"relics_obtained":[{"floor":6.0,"key":"Shuriken"},{"floor":9.0,"key":"InkBottle"}],"event_choices":[{"cards_removed":["Defend_B"],"damage_healed":0.0,"max_hp_gain":0.0,"max_hp_loss":0.0,"gold_gain":0.0,"event_name":"Purifier","player_choice":"Purged","floor":2.0,"gold_loss":0.0,"damage_taken":0.0},{"damage_healed":0.0,"max_hp_gain":0.0,"max_hp_loss":0.0,"gold_gain":0.0,"event_name":"Match and Keep!","player_choice":"0 cards matched","floor":4.0,"gold_loss":0.0,"damage_taken":0.0,"cards_obtained":[]},{"damage_healed":0.0,"max_hp_gain":0.0,"max_hp_loss":0.0,"gold_gain":0.0,"event_name":"Golden Idol","player_choice":"Take Wound","floor":14.0,"gold_loss":0.0,"damage_taken":0.0,"relics_obtained":["Golden Idol"],"cards_obtained":["Injury"]}],"is_beta":false,"boss_relics":[],"items_purged_floors":[13],"is_endless":false,"potions_floor_spawned":[3,6,10],"killed_by":"The Guardian","ascension_level":6}}