{"host":"8xp52u5o8fcssvzz","time":1608155582,"event":{"mods":["2.2 Compatiblity","AchievementEnabler","Act Like it!","Aspiration","BaseMod","Better Altar","Better Match","Better Note","Better Sensory Stone","Better Skull","Better Third Choice","BetterRewards","Colored Map","Conspire","Downfall","GifTheSpireLib","Googly Eyes","Halation","Hallownest","Highlight Path","Hubris","Infinite Spire","Jorbs\u0027s Wanderer Trilogy","Koishi","Lobotomy","LobotomyExtend","Luminous","Magitek Elite","Marisa????????","Mimic Mod","Minty Spire (QoL Compilation)","Prisma Mod","Reimu??????","Remilia_Scarlet Moed?????·?????3.3.5","Remilia??????","Replay The Spire","Shade Mod","Spicy Shops","StSLib","Stuff the Spire","The Administrix","The Blackbeard","The Bladedancer","The Construct","The Cursed","The Gatherer","The Necromancer","The Runesmith","The Servant 0.9.4","TheFirefly","TheSwordswoman","Unceasing Turn Reminder","everything is the same but u backflip on backflip"],"gold_per_floor":[117,42,53,53,63,63,95,95,132,132,132,132,147,32,32,136,136,148,259,276,288,305,305,305,305],"floor_reached":24,"playtime":1260,"items_purged":["Regret"],"score":198,"play_id":"5a7feab4-08c7-4f48-b7ef-47e3e4860f94","local_time":"20201216135302","is_ascension_mode":false,"campfire_choices":[{"data":"Koishi:Provoke","floor":6,"key":"SMITH"},{"data":"Koishi:RacingHeart","floor":8,"key":"SMITH"},{"data":"Koishi:StingingMind","floor":12,"key":"SMITH"},{"data":"Koishi:BramblyRoseGarden","floor":15,"key":"SMITH"},{"floor":23,"key":"REST"}],"circlet_count":0,"master_deck":["Koishi:BasicStrike","Koishi:BasicStrike","Koishi:BasicStrike","Koishi:BasicStrike","Koishi:BasicDefend","Koishi:BasicDefend","Koishi:BasicDefend","Koishi:BasicDefend","Koishi:Provoke+1","Koishi:HauntingSlash+1","Koishi:RorschachInDanmaku","Koishi:BramblyRoseGarden+1","Koishi:UnconsciousUprising+1","Koishi:RorschachInDanmaku","Koishi:MindNumbingTerror","Koishi:RacingHeart+1","Koishi:StingingMind+1","Koishi:FidgetySnatcher","Koishi:BramblyRoseGarden+1","Koishi:PerfectMindControl","Koishi:DreadfulBlow","Koishi:LastRemote","Koishi:FreudianInstinct","Koishi:FidgetySnatcher"],"relics":["Koishi:ImaginaryFriend","LetterFromLob","conspire:DeflatedDodgeball","Akabeko","StuffTheSpire:RedRose","hubris:Icosahedron","hubris:VirtuousBlindfold"],"acts_visited":["Exordium","TheCity"],"potions_floor_usage":[7,16,16,16,21],"damage_taken":[{"damage":3,"enemies":"Jaw Worm","floor":1,"turns":5},{"damage":4,"enemies":"Cultist","floor":3,"turns":5},{"damage":0,"enemies":"2 Louse","floor":5,"turns":4},{"damage":13,"enemies":"Lagavulin","floor":7,"turns":17},{"damage":0,"enemies":"Gremlin Gang","floor":9,"turns":12},{"damage":6,"enemies":"Gremlin Gang","floor":13,"turns":3},{"damage":23,"enemies":"Fading Forest","floor":16,"turns":11},{"damage":0,"enemies":"3 Byrds","floor":18,"turns":2},{"damage":25,"enemies":"2 Thieves","floor":19,"turns":5},{"damage":9,"enemies":"Sentry and Sphere","floor":20,"turns":4},{"damage":7,"enemies":"Centurion and Healer","floor":21,"turns":5},{"damage":21,"enemies":"Snake Plant","floor":22,"turns":2},{"damage":55,"enemies":"Gremlin Leader","floor":24,"turns":4}],"seed_played":"-3144757615760223542","potions_obtained":[{"floor":0,"key":"SpeedPotion"},{"floor":0,"key":"Milkshake"},{"floor":0,"key":"Toxic Potion"},{"floor":5,"key":"Strength Potion"},{"floor":13,"key":"ZuzhouPotion:ReiMu"},{"floor":20,"key":"Fire Potion"},{"floor":22,"key":"Guardian:BlockOnCardUsePotion"}],"is_trial":false,"path_per_floor":["M","?","M","?","M","R","E","R","MIM","?","?","R","M","$","R","B",null,"M","M","M","M","M","R","E"],"character_chosen":"KOISHI","items_purchased":["Koishi:BramblyRoseGarden"],"campfire_rested":1,"item_purchase_floors":[14],"current_hp_per_floor":[59,59,56,56,56,56,53,53,53,53,53,53,49,49,49,36,60,60,41,32,36,19,37,0,0],"gold":305,"neow_bonus":"THREE_SMALL_POTIONS","is_daily":false,"chose_seed":false,"campfire_upgraded":4,"win_rate":0.0,"timestamp":1608155582,"path_taken":["M","?","M","?","M","R","E","R","MIM","?","?","R","?","$","R","BOSS","M","?","M","M","M","R","E"],"items_purchased_type":["Card"],"build_version":"2020-12-13","purchased_purges":1,"victory":false,"max_hp_per_floor":[60,60,60,60,60,60,60,60,60,60,60,60,60,60,60,60,60,60,60,60,60,60,60,60,60],"card_choices":[{"not_picked":["Koishi:PhilosophyOfTheDespised","Koishi:TremblingHands"],"picked":"Koishi:RorschachInDanmaku","floor":1},{"not_picked":["Koishi:Catatonia+1","Koishi:Bloodlust+1"],"picked":"Koishi:BramblyRoseGarden+1","floor":2},{"not_picked":["Koishi:PhantomBarrier+1","Koishi:HeartfeltFancy+1"],"picked":"Koishi:UnconsciousUprising+1","floor":2},{"not_picked":["Koishi:EmbryosDream","Koishi:MindNumbingTerror"],"picked":"Koishi:RorschachInDanmaku","floor":3},{"not_picked":["Koishi:HeartfeltFancy","Koishi:Vanish"],"picked":"Koishi:MindNumbingTerror","floor":5},{"not_picked":["Koishi:HeartfeltFancy","Koishi:UnansweredLove"],"picked":"Koishi:RacingHeart","floor":7},{"not_picked":["Koishi:HeartfeltFancy","Koishi:Whimsy"],"picked":"Koishi:StingingMind","floor":9},{"not_picked":["Koishi:SubterraneanRose","Koishi:BloodcurdlingScream"],"picked":"Koishi:FidgetySnatcher","floor":13},{"not_picked":["Koishi:MindStellarRelief","Koishi:RuptureMind"],"picked":"Koishi:PerfectMindControl","floor":16},{"not_picked":["Koishi:CatchAndRose","Koishi:UnconsciousUprising"],"picked":"Koishi:DreadfulBlow","floor":18},{"not_picked":["Koishi:RacingHeart","Koishi:PhantomStrike"],"picked":"Koishi:LastRemote","floor":19},{"not_picked":["Koishi:Bloodlust+1","Koishi:CatchAndRose+1","Koishi:ParalyzingFear"],"picked":"SKIP","floor":20},{"not_picked":["Koishi:Bloodlust","Koishi:ParalyzingFear"],"picked":"Koishi:FreudianInstinct","floor":21},{"not_picked":["Koishi:DreadfulBlow+1","Koishi:FreudianInstinct"],"picked":"Koishi:FidgetySnatcher","floor":22}],"player_experience":443247,"relics_obtained":[{"floor":1,"key":"LetterFromLob"},{"floor":7,"key":"conspire:DeflatedDodgeball"},{"floor":9,"key":"Akabeko"}],"event_choices":[{"damage_healed":0,"gold_gain":0,"player_choice":"2","damage_taken":0,"max_hp_gain":0,"max_hp_loss":0,"event_name":"betterMatch:BetterMatch","floor":2,"gold_loss":0,"cards_obtained":["betterMatch:UncommonCard","betterMatch:CommonCard"]},{"damage_healed":0,"gold_gain":0,"player_choice":"Forge","damage_taken":0,"max_hp_gain":0,"max_hp_loss":0,"event_name":"Accursed Blacksmith","floor":4,"gold_loss":0,"cards_upgraded":["Koishi:HauntingSlash"]}],"is_beta":false,"boss_relics":[{"not_picked":["aspiration:DefectSkillbook","halation:PinkAlligatorPlush"],"picked":"hubris:VirtuousBlindfold"}],"items_purged_floors":[14],"is_endless":false,"potions_floor_spawned":[5,13,20,22],"killed_by":"Gremlin Leader","ascension_level":0}}