{"host":"eckg3lzugnpjvwsg","time":1608153132,"event":{"mods":["Act Like it!","Aspiration","Bard","BaseMod","Bestiary","Better Third Choice","Curses Come First","Filter the Spire","Gremlin Mod","Hermit","Infinite Spire","Mad Scientist","Mimic Mod","Minty Spire (QoL Compilation)","Replay The Spire","StSLib","The Bladedancer","The Disciple","The Gatherer","The Jungle","The Mystic","The Necromancer","The Poker Player","The Runesmith"],"gold_per_floor":[112,130,94,94,94,139,151,174,213,225,237,279,291,303,315,339,339],"floor_reached":16,"playtime":1031,"items_purged":[],"score":106,"play_id":"1627c665-dde0-42cf-a896-b07bcf9450da","local_time":"20201216191212","is_ascension_mode":false,"campfire_choices":[{"data":"MadScienceMod:ExploreOptions","floor":7.0,"key":"SMITH"},{"data":"MadScienceMod:HideBehindJunk","floor":10.0,"key":"SMITH"},{"data":"MadScienceMod:BoxOfScraps","floor":13.0,"key":"SMITH"},{"data":"MadScienceMod:RecyclingStation","floor":15.0,"key":"SMITH"}],"circlet_count":0,"master_deck":["MadScienceMod:Strike_MadScience","MadScienceMod:Strike_MadScience","MadScienceMod:Strike_MadScience","MadScienceMod:Strike_MadScience","MadScienceMod:Defend_MadScience","MadScienceMod:Defend_MadScience","MadScienceMod:Defend_MadScience","MadScienceMod:Defend_MadScience","MadScienceMod:PoweredStrike","MadScienceMod:HideBehindJunk+1","MadScienceMod:FragmentationGrenade","MadScienceMod:TimeDilationField","MadScienceMod:RecyclingStation+1","Regret","MadScienceMod:ExploreOptions+1","MadScienceMod:BoxOfScraps+1","Iron Wave+1"],"relics":["MadScienceMod:FuelTank","Vajra","MawBank","Molten Egg 2","infinitespire:PuzzleCube","Replay:Bandana"],"acts_visited":["Exordium"],"potions_floor_usage":[16],"damage_taken":[{"damage":2.0,"enemies":"Jaw Worm","floor":1.0,"turns":5.0},{"damage":0.0,"enemies":"Cultist","floor":2.0,"turns":4.0},{"damage":49.0,"enemies":"3 Sentries","floor":6.0,"turns":12.0},{"damage":3.0,"enemies":"2 Louse","floor":8.0,"turns":3.0},{"damage":12.0,"enemies":"Lagavulin","floor":12.0,"turns":7.0},{"damage":9,"enemies":"Slime Boss","floor":16,"turns":5}],"seed_played":"346937490558607575","potions_obtained":[{"floor":0.0,"key":"SpeedPotion"},{"floor":0.0,"key":"LifebloodPotion"},{"floor":0.0,"key":"Explosive Potion"}],"is_trial":false,"path_per_floor":["M","M","$","?","T","E","R","M","T","R","$","E","R","?","R","B"],"character_chosen":"MAD_SCIENTIST","items_purchased":["MadScienceMod:RecyclingStation"],"campfire_rested":0,"item_purchase_floors":[3],"current_hp_per_floor":[73,73,73,73,73,24,24,21,21,21,21,9,9,9,9,0,0],"gold":339,"neow_bonus":"THREE_SMALL_POTIONS","is_daily":false,"chose_seed":false,"campfire_upgraded":4,"win_rate":0.0,"timestamp":1608153132,"path_taken":["M","M","$","?","?","E","R","?","T","R","?","E","R","?","R","BOSS"],"items_purchased_type":["Card"],"build_version":"2020-12-13","purchased_purges":0,"victory":false,"max_hp_per_floor":[75,75,75,75,75,75,75,75,75,75,75,75,75,75,75,75,75],"card_choices":[{"not_picked":["MadScienceMod:Refuel","MadScienceMod:AntimatterBomb"],"picked":"MadScienceMod:FragmentationGrenade","floor":1.0},{"not_picked":["MadScienceMod:FragmentationGrenade","MadScienceMod:MechanicalClaw"],"picked":"MadScienceMod:TimeDilationField","floor":2.0},{"not_picked":["MadScienceMod:AntimatterBomb","MadScienceMod:ShrinkRay"],"picked":"MadScienceMod:ExploreOptions","floor":6.0},{"not_picked":["MadScienceMod:Refuel","MadScienceMod:Detonate+1"],"picked":"MadScienceMod:Sprocket","floor":8.0},{"not_picked":["MadScienceMod:Strafe+1","MadScienceMod:ParticleBeam+1"],"picked":"MadScienceMod:BoxOfScraps","floor":12.0}],"player_experience":9077,"relics_obtained":[{"floor":5.0,"key":"MawBank"},{"floor":6.0,"key":"Molten Egg 2"},{"floor":9.0,"key":"infinitespire:PuzzleCube"},{"floor":12.0,"key":"Replay:Bandana"}],"event_choices":[{"damage_healed":0.0,"max_hp_gain":0.0,"max_hp_loss":0.0,"gold_gain":0.0,"event_name":"Big Fish","player_choice":"Box","floor":4.0,"gold_loss":0.0,"damage_taken":0.0,"relics_obtained":["Vajra"],"cards_obtained":["Regret"]},{"cards_removed":["MadScienceMod:Sprocket"],"damage_healed":0.0,"max_hp_gain":0.0,"max_hp_loss":0.0,"gold_gain":0.0,"event_name":"NoteForYourself","player_choice":"Took Card","floor":14.0,"gold_loss":0.0,"damage_taken":0.0,"cards_obtained":["Iron Wave"]}],"is_beta":false,"boss_relics":[],"items_purged_floors":[],"is_endless":false,"potions_floor_spawned":[6,8,12],"killed_by":"Slime Boss","ascension_level":0}}