{"host":"3o6vp6vwg41o825i","time":1608137501,"event":{"mods":["AchievementEnabler","Act Like it!","Aspiration","BaseMod","Better Altar","Better Match","Better Note","Better Sensory Stone","Better Skull","Better Third Choice","BetterRewards","CCEM","Clawfect","Colored Map","Conspire","GifTheSpireLib","Halation","Hallownest","Highlight Path","Hubris","Infinite Spire","Jorbs\u0027s Wanderer Trilogy","Mimic Mod","Minty Spire (QoL Compilation)","Replay The Spire","Shop Mod","StSLib","Stuff the Spire","The Bug Knight","The Cursed","The Jungle","Unceasing Turn Reminder","everything is the same but u backflip on backflip"],"gold_per_floor":[114,114,77,112,75,101,121,150,174,174,187,203,238,248,248,346,346,365,365,384,401,421,421,446,457,481,493,493,519,534,449,449,547,547,563,563,563,577,30,30,30],"floor_reached":40,"playtime":2202,"items_purged":[],"score":473,"play_id":"a033fcae-f82f-4437-b4b9-1e26b763fb8b","local_time":"20201216175141","is_ascension_mode":false,"campfire_choices":[{"data":"Judgement","floor":10,"key":"SMITH"},{"floor":15,"key":"REST"},{"floor":23,"key":"REST"},{"floor":28,"key":"REST"},{"floor":32,"key":"REST"}],"circlet_count":0,"master_deck":["Strike_P","Strike_P","Strike_P","Strike_P","Defend_P","Defend_P","Defend_P","Defend_P","Eruption+1","Vigilance","Halt","MentalFortress","EmptyFist","Wallop","Judgement+1","LikeWater","Replay:Vibes","ReachHeaven","DeusExMachina","Clawfect:ClawSnap","SashWhip","Clawfect:ClawForTheEyes+1","Lockon","ReplayRNGCard","Clawfect:Clawrage","Clawfect:ClawCell+1","Judgement","StuffTheSpire:Coldhearted+1","Alpha"],"relics":["PureWater","NeowsBlessing","Kunai","Omamori","conspire:TopHat","Toy Ornithopter","hubris:PeanutButter","aspiration:DefectSkillbook","aspiration:FaultyCoupler","HollowMod:PaleOreRelic","Replay:Bottled Flurry","StuffTheSpire:Kangaroo","halation:EternalFortune","halation:AfternoonTea","Singing Bowl","MerchantsRug"],"acts_visited":["Exordium","TheCity","TheBeyond"],"potions_floor_usage":[14,16,16,24,30],"damage_taken":[{"damage":0,"enemies":"Cultist","floor":1,"turns":1},{"damage":0,"enemies":"conspire:MimicChest","floor":4,"turns":1},{"damage":0,"enemies":"Gremlin Nob","floor":6,"turns":1},{"damage":7,"enemies":"Small Slimes","floor":7,"turns":3},{"damage":9,"enemies":"Lagavulin","floor":8,"turns":4},{"damage":7,"enemies":"Jaw Worm","floor":11,"turns":3},{"damage":0,"enemies":"Blue Slaver","floor":12,"turns":3},{"damage":23,"enemies":"3 Sentries","floor":13,"turns":8},{"damage":0,"enemies":"3 Louse","floor":14,"turns":3},{"damage":42,"enemies":"Hexaghost","floor":16,"turns":8},{"damage":18,"enemies":"conspire:FuzzyDice","floor":18,"turns":5},{"damage":2,"enemies":"2 Thieves","floor":20,"turns":4},{"damage":6,"enemies":"Snecko","floor":21,"turns":5},{"damage":11,"enemies":"Centurion and Healer","floor":22,"turns":5},{"damage":11,"enemies":"Book of Stabbing","floor":24,"turns":5},{"damage":9,"enemies":"Shelled Parasite and Fungi","floor":25,"turns":7},{"damage":0,"enemies":"Snecko","floor":27,"turns":4},{"damage":28,"enemies":"HollowMod:Nosk","floor":29,"turns":5},{"damage":2,"enemies":"Chosen and Byrds","floor":30,"turns":3},{"damage":19,"enemies":"Automaton","floor":33,"turns":6},{"damage":26,"enemies":"3 Shapes","floor":35,"turns":7},{"damage":0,"enemies":"Orb Walker","floor":38,"turns":3},{"damage":52,"enemies":"Transient","floor":40,"turns":4}],"seed_played":"-7168190811615123366","potions_obtained":[{"floor":4,"key":"Venom Potion"},{"floor":8,"key":"BottledMiracle"},{"floor":13,"key":"Adrenaline Potion"},{"floor":14,"key":"Elixir"},{"floor":21,"key":"Block Potion"},{"floor":24,"key":"Milkshake"},{"floor":27,"key":"FearPotion"},{"floor":33,"key":"Strength Potion"}],"is_trial":false,"path_per_floor":["M","?","$","?","$","E","M","E","T","R","M","M","E","M","R","B",null,"M","?","M","M","M","R","E","M","T","M","R","E","M","?","R","B",null,"M","?","?","M","$","M"],"character_chosen":"WATCHER","items_purchased":["MentalFortress","Wallop","Alpha","Singing Bowl","MerchantsRug"],"campfire_rested":4,"item_purchase_floors":[3,5,39,39,39],"current_hp_per_floor":[72,72,72,72,72,72,65,56,56,56,49,49,26,31,52,20,72,54,54,52,46,35,56,50,41,41,41,62,34,37,37,58,39,72,46,49,49,49,49,0,0],"gold":30,"neow_bonus":"THREE_ENEMY_KILL","is_daily":false,"chose_seed":false,"campfire_upgraded":1,"win_rate":0.0,"timestamp":1608137501,"path_taken":["M","?","?","?","$","E","M","E","T","R","M","M","E","M","R","BOSS","M","?","?","M","M","R","E","M","T","?","R","E","M","?","R","BOSS","M","?","?","M","$","M"],"items_purchased_type":["Card","Card","Card","Relic","Relic"],"build_version":"2020-12-13","purchased_purges":0,"victory":false,"max_hp_per_floor":[72,72,72,72,72,72,72,72,72,72,72,72,72,72,72,72,72,72,72,72,72,72,72,72,72,72,72,72,72,72,72,72,72,72,72,75,75,75,75,75,75],"card_choices":[{"not_picked":["Replay:BluntJabs","JustLucky"],"picked":"Halt","floor":1},{"not_picked":["Consecrate","Fasting2"],"picked":"EmptyFist","floor":4},{"not_picked":["FollowUp","EmptyBody"],"picked":"Judgement","floor":6},{"not_picked":["JustLucky","FlurryOfBlows","Crescendo"],"picked":"SKIP","floor":7},{"not_picked":["Evaluate","WreathOfFlame"],"picked":"LikeWater","floor":8},{"not_picked":["Evaluate","Nirvana"],"picked":"Replay:Vibes","floor":11},{"not_picked":["Study","FlurryOfBlows","FlyingSleeves"],"picked":"SKIP","floor":12},{"not_picked":["ForeignInfluence","Swivel"],"picked":"ReachHeaven","floor":13},{"not_picked":["SandsOfTime","FlyingSleeves","PathToVictory"],"picked":"SKIP","floor":14},{"not_picked":["Scrawl","MasterReality"],"picked":"DeusExMachina","floor":16},{"not_picked":["Replay:ManipulateFuture","Recycle","FlyingSleeves"],"picked":"Clawfect:ClawSnap","floor":18},{"not_picked":["Clawfect:ScrapingClaw","Sanctity","Stack"],"picked":"SashWhip","floor":20},{"not_picked":["BowlingBash","Hologram","Crescendo+1"],"picked":"Clawfect:ClawForTheEyes+1","floor":21},{"not_picked":["Swivel","Panic Button","CutThroughFate"],"picked":"Lockon","floor":22},{"not_picked":["Halt","Clawfect:Clawrage","ThirdEye"],"picked":"ReplayRNGCard","floor":24},{"not_picked":["ReplayTheSpireMod:Reroute Power","WreathOfFlame","Replay:BluntJabs"],"picked":"Clawfect:Clawrage","floor":25},{"not_picked":["Rebound","Replay:AtTheReady+1","Clawfect:ScrapingClaw","Establishment"],"picked":"SKIP","floor":27},{"not_picked":["Panic Button","Replay:AtTheReady","FTL","StuffTheSpire:LoadUp"],"picked":"SKIP","floor":29},{"not_picked":["Consecrate","Turbo","BasicCrystalCard"],"picked":"Clawfect:ClawCell+1","floor":30},{"not_picked":["hubris:DoWhile","Replay:AllIn","Blasphemy"],"picked":"Judgement","floor":33},{"not_picked":["Steam","Crescendo+1","ForeignInfluence"],"picked":"StuffTheSpire:Coldhearted+1","floor":35},{"not_picked":["FlyingSleeves","CutThroughFate","Darkness","ReplaySolidLightProjector+1"],"picked":"SKIP","floor":38}],"player_experience":218512,"relics_obtained":[{"floor":4,"key":"Kunai"},{"floor":6,"key":"Omamori"},{"floor":8,"key":"conspire:TopHat"},{"floor":9,"key":"Toy Ornithopter"},{"floor":13,"key":"hubris:PeanutButter"},{"floor":24,"key":"aspiration:FaultyCoupler"},{"floor":29,"key":"HollowMod:PaleOreRelic"}],"event_choices":[{"damage_healed":0,"gold_gain":0,"player_choice":"Upgraded","damage_taken":0,"max_hp_gain":0,"max_hp_loss":0,"event_name":"Upgrade Shrine","floor":2,"gold_loss":0,"cards_upgraded":["Eruption"]},{"cards_removed":["Defend_P"],"damage_healed":0,"gold_gain":0,"player_choice":"Give","damage_taken":0,"max_hp_gain":0,"max_hp_loss":0,"event_name":"betterNote:BetterNote","floor":19,"gold_loss":0,"cards_obtained":["Defend_R"]},{"damage_healed":0,"gold_gain":0,"player_choice":"Obtained Relic","damage_taken":0,"relics_obtained":["Replay:Bottled Flurry"],"max_hp_gain":0,"max_hp_loss":0,"event_name":"Addict","floor":31,"gold_loss":85}],"is_beta":false,"boss_relics":[{"not_picked":["hubris:Stopwatch","conspire:SeveredTorchhead"],"picked":"aspiration:DefectSkillbook"},{"not_picked":["aspiration:FutureDiary","Snecko Eye"],"picked":"StuffTheSpire:Kangaroo"}],"items_purged_floors":[],"is_endless":false,"potions_floor_spawned":[4,8,13,14,21,24,27,29,33,38],"killed_by":"Transient","ascension_level":0}}