{"host":"jw4qy1ihmjslahm8","time":1608109761,"event":{"mods":["Act Like it!","BaseMod","Colored Map","Downfall","Gensokyo","HololiveMod","Infinite Spire","MarisaÅiñ∂âJÅ@ñÇóùçπÅj","Minty Spire (QoL Compilation)","Replay The Spire","StSLib","The Animator"],"gold_per_floor":[99,99,99,126,126,155,252,252,285,285,285,126,159,122,147,263,263,263,276,304,454,468,480,480],"floor_reached":23,"playtime":1519,"items_purged":[],"score":189,"play_id":"5528cea0-8251-48a8-986a-7dadba46d201","local_time":"20201216010921","is_ascension_mode":false,"campfire_choices":[{"data":"animator:DolaSchwi","floor":1,"key":"SMITH"},{"data":"animator:DolaCouronne","floor":5,"key":"SMITH"},{"data":"animator:Strike_NoGameNoLife","floor":8,"key":"SMITH"},{"floor":10,"key":"REST"},{"floor":18,"key":"DIG"}],"circlet_count":0,"master_deck":["animator:Strike_NoGameNoLife+1","animator:Defend_NoGameNoLife","animator:Strike","animator:Strike","animator:Strike","animator:Defend","animator:Defend","animator:Defend","animator:DolaSchwi+1","animator:DolaCouronne+1","Voices","animator:Rena","animator:SakuraMatou","animator:Add","animator:Rider","animator:Curse_Greed","animator:Archer","animator:DolaRiku","animator:Urushihara","animator:KrulTepes","animator:Curse_Nutcracker","animator:PinaCoLada","Guardian:Aged"],"relics":["animator:TheMissingPiece","animator:PurgingStone","Hololive_Finger","Ring of Peace","ReplayTheSpireMod:Ring of Collecting","Ring of Greed","Blue Doll","infinitespire:Midas Blood","MealTicket","Replay:Bandana","SsserpentHead","ReplayTheSpireMod:TigerMarble","Hololive_TopUpMoneyS","Question Card"],"acts_visited":["Exordium","TheCity"],"potions_floor_usage":[16,22],"damage_taken":[{"damage":0,"enemies":"2 Louse","floor":4,"turns":5},{"damage":0,"enemies":"Small Slimes","floor":6,"turns":4},{"damage":36,"enemies":"Gremlin Nob","floor":9,"turns":6},{"damage":0,"enemies":"downfall:FleeingMerchant","floor":12,"turns":4},{"damage":0,"enemies":"Jaw Worm","floor":13,"turns":5},{"damage":0,"enemies":"downfall:FleeingMerchant","floor":14,"turns":4},{"damage":3,"enemies":"Large Slime","floor":15,"turns":7},{"damage":39,"enemies":"downfall:Defect","floor":16,"turns":6},{"damage":0,"enemies":"3 Byrds","floor":19,"turns":4},{"damage":42,"enemies":"Spheric Guardian","floor":20,"turns":8},{"damage":16,"enemies":"Shelled Parasite and Fungi","floor":22,"turns":3},{"damage":11,"enemies":"Chosen and Byrds","floor":23,"turns":4}],"seed_played":"9202936003497398516","potions_obtained":[{"floor":15,"key":"ColorlessPotion"},{"floor":16,"key":"sneckomod:MuddlingPotion"},{"floor":19,"key":"SmokeBomb"}],"is_trial":false,"path_per_floor":["R_BF","?","?","M","R","M","T","R","E","R","?","$","M","$","M","B",null,"R_BF","M","M","?","M","M"],"character_chosen":"THE_ANIMATOR","items_purchased":["ReplayTheSpireMod:TigerMarble","animator:Urushihara"],"campfire_rested":1,"item_purchase_floors":[12,14],"current_hp_per_floor":[66,66,66,66,66,66,66,66,31,51,51,67,67,68,65,26,68,68,68,26,26,10,0,0],"gold":480,"neow_bonus":"BOSS_RELIC","is_daily":false,"chose_seed":false,"campfire_upgraded":3,"win_rate":0.0,"timestamp":1608109761,"path_taken":["R_BF","?","?","M","R","?","T","R","E","R","?","$","M","?","M","BOSS","R_BF","M","M","?","M","M"],"items_purchased_type":["Relic","Card"],"build_version":"2020-12-13","purchased_purges":0,"victory":false,"max_hp_per_floor":[66,66,66,66,66,66,66,66,67,67,67,68,68,68,68,68,68,68,68,68,68,68,68,68],"card_choices":[{"not_picked":["animator:Tyuule","animator:MamiTomoe"],"picked":"animator:Rena","floor":4},{"not_picked":["animator:Benimaru","animator:SayakaMiki"],"picked":"animator:SakuraMatou","floor":6},{"not_picked":["animator:Hakurou","animator:Gilgamesh"],"picked":"animator:Add","floor":9},{"not_picked":["animator:Archer","animator:Assassin"],"picked":"animator:Rider","floor":12},{"not_picked":["animator:Millim","animator:Shigure"],"picked":"animator:Archer","floor":13},{"not_picked":["animator:Raven","animator:Alexander"],"picked":"animator:DolaRiku","floor":14},{"not_picked":["animator:Millim","animator:Bozes"],"picked":"animator:KrulTepes","floor":15},{"not_picked":["animator:Boros","animator:Saber"],"picked":"animator:PinaCoLada","floor":16}],"player_experience":29536,"relics_obtained":[{"floor":2,"key":"Ring of Peace"},{"floor":2,"key":"ReplayTheSpireMod:Ring of Collecting"},{"floor":7,"key":"Ring of Greed"},{"floor":7,"key":"Blue Doll"},{"floor":7,"key":"infinitespire:Midas Blood"},{"floor":7,"key":"MealTicket"},{"floor":9,"key":"Replay:Bandana"},{"floor":18,"key":"Question Card"}],"event_choices":[{"damage_healed":0,"gold_gain":0,"player_choice":"Trade","damage_taken":0,"relics_obtained":["SsserpentHead"],"max_hp_gain":0,"max_hp_loss":0,"event_name":"FaceTrader","floor":11,"gold_loss":0}],"is_beta":false,"boss_relics":[{"not_picked":["Runic Dome","Replay:Drink Me"],"picked":"Hololive_TopUpMoneyS"}],"items_purged_floors":[],"is_endless":false,"potions_floor_spawned":[15,16,19,22],"killed_by":"Chosen and Byrds","ascension_level":0}}