{"host":"7y3xcojbvgknqiob","time":1608162258,"event":{"mods":["Aspiration","BaseMod","Best Route Mod","Downfall","Hermit","Magitek Elite","Minty Spire (QoL Compilation)","Potionbrewer","Quick Restart","StSLib","The Bug Knight"],"gold_per_floor":[99,274,199,231,231,250,274,274,292,292,308,308,327,338,350,449,449,449,449,449,461,561,593,666,666,677,677,695,762,307,327,346,448,448,448,498,516,583,653,653,653,688,538,567,128,148,198,51,63,63,63,92,46,46,46],"floor_reached":56,"playtime":6503,"items_purged":["Guardian:Strike_Guardian+1"],"score":1329,"play_id":"0519b01c-6b1d-4a6f-bd90-cfe977becc2d","local_time":"20201216154418","is_ascension_mode":false,"campfire_choices":[{"floor":1,"key":"RECALL"},{"data":"Guardian:TwinSlam","floor":3,"key":"SMITH"},{"floor":8,"key":"REST"},{"data":"Guardian:TemporalStrike","floor":10,"key":"SMITH"},{"data":"Guardian:DecasProtection","floor":18,"key":"SMITH"},{"data":"Guardian:PiercingHide","floor":20,"key":"SMITH"},{"data":"Guardian:Clone","floor":25,"key":"SMITH"},{"data":"Guardian:StasisStrike","floor":27,"key":"SMITH"},{"data":"Guardian:Orbwalk","floor":35,"key":"SMITH"},{"floor":40,"key":"REST"},{"data":"Guardian:StasisField","floor":43,"key":"SMITH"},{"floor":54,"key":"REST"}],"circlet_count":0,"master_deck":["Guardian:Strike_Guardian+1","Guardian:Strike_Guardian+1","Guardian:Strike_Guardian+1","Guardian:Defend_Guardian+1","Guardian:Defend_Guardian+1","Guardian:Defend_Guardian+1","Guardian:Defend_Guardian+1","Guardian:CurlUp+1","Guardian:TwinSlam+1","Doubt","Guardian:BronzeOrb","Guardian:VentSteam","Guardian:TemporalStrike+1","Guardian:DecasProtection+1","Guardian:TimeSifter","Guardian:PiercingHide+1","Guardian:TimeCapacitor+1","Guardian:Clone+1","Guardian:Repulse","Guardian:StasisStrike+1","Guardian:Orbwalk+1","Guardian:StasisStrike","Guardian:StasisField+1","Guardian:Suspension+1","Guardian:Reroute+1","Guardian:Incinerate","Guardian:RevengeProtocol","Guardian:SpikerProtocol","Guardian:BronzeOrb","Guardian:SphericShield","Guardian:TimeBomb","Guardian:Emergency+1"],"relics":["Guardian:ModeShifter","downfall:HeartBlessingRed","Lantern","Akabeko","downfall:ShatteredFragment","Gem_Box","downfall:CloakOfManyFaces","CultistMask","FaceOfCleric","NlothsMask","GremlinMask","SsserpentHead","Pear","Matryoshka","Black Star","PreservedInsect","Thread and Needle","Juzu Bracelet","downfall:HeartBlessingGreen","downfall:HeartBlessingBlue","Kunai","Dead Branch","Orichalcum","aspiration:KaomsHeart"],"acts_visited":["Exordium","TheCity","TheBeyond","TheEnding"],"potions_floor_usage":[16,16,23,33,33,39,42,50,52,52],"damage_taken":[{"damage":58,"enemies":"Lagavulin","floor":4,"turns":9},{"damage":2,"enemies":"Jaw Worm","floor":6,"turns":3},{"damage":0,"enemies":"Small Slimes","floor":9,"turns":3},{"damage":0,"enemies":"Cultist","floor":11,"turns":2},{"damage":0,"enemies":"Red Slaver","floor":13,"turns":1},{"damage":0,"enemies":"Large Slime","floor":14,"turns":4},{"damage":0,"enemies":"Gremlin Gang","floor":15,"turns":3},{"damage":15,"enemies":"downfall:Watcher","floor":16,"turns":9},{"damage":0,"enemies":"Spheric Guardian","floor":21,"turns":4},{"damage":6,"enemies":"downfall:FaceTrader","floor":22,"turns":6},{"damage":3,"enemies":"Book of Stabbing","floor":23,"turns":4},{"damage":26,"enemies":"Cultist and Chosen","floor":26,"turns":7},{"damage":1,"enemies":"Chosen and Byrds","floor":28,"turns":5},{"damage":3,"enemies":"Centurion and Healer","floor":29,"turns":6},{"damage":0,"enemies":"downfall:FleeingMerchant","floor":30,"turns":4},{"damage":12,"enemies":"Snecko","floor":31,"turns":5},{"damage":8,"enemies":"Sentry and Sphere","floor":32,"turns":6},{"damage":11,"enemies":"downfall:Defect","floor":33,"turns":9},{"damage":11,"enemies":"3 Darklings","floor":37,"turns":6},{"damage":0,"enemies":"Orb Walker","floor":38,"turns":3},{"damage":32,"enemies":"Spire Growth","floor":39,"turns":6},{"damage":13,"enemies":"Giant Head","floor":42,"turns":8},{"damage":0,"enemies":"Nemesis","floor":44,"turns":4},{"damage":0,"enemies":"downfall:FleeingMerchant","floor":45,"turns":4},{"damage":9,"enemies":"4 Shapes","floor":46,"turns":4},{"damage":0,"enemies":"downfall:FleeingMerchant","floor":48,"turns":1},{"damage":17,"enemies":"3 Darklings","floor":49,"turns":4},{"damage":149,"enemies":"downfall:Silent","floor":50,"turns":12},{"damage":39,"enemies":"downfall:CharBossMerchant","floor":52,"turns":11},{"damage":14,"enemies":"downfall:NeowBoss","floor":55,"turns":22}],"seed_played":"-8162168389732768613","potions_obtained":[{"floor":6,"key":"Guardian:DefensiveModePotion"},{"floor":11,"key":"Energy Potion"},{"floor":14,"key":"Guardian:DefensiveModePotion"},{"floor":22,"key":"potionbrewer:HastePotion"},{"floor":23,"key":"potionbrewer:CleansingPotion"},{"floor":26,"key":"potionbrewer:HastePotion"},{"floor":33,"key":"Dexterity Potion"},{"floor":36,"key":"ColorlessPotion"},{"floor":44,"key":"AttackPotion"},{"floor":46,"key":"SkillPotion"}],"is_trial":false,"path_per_floor":["R","?","R","E","?","M","T","R","M","R","M","?","M","M","M","B",null,"R","?","R","M","?","E","T","R","M","R","M","M","$","M","M","B",null,"R","?","M","M","M","R","T","E","R","E","$","M","?","?","M","B",null,"E","$","R","B",null],"character_chosen":"GUARDIAN","items_purchased":["Matryoshka","Guardian:Orbwalk","Guardian:StasisStrike","Guardian:Gem_Crimson","Orichalcum","Guardian:SpikerProtocol","Guardian:BronzeOrb","aspiration:KaomsHeart","aspiration:KMNothing","aspiration:KMNothing","aspiration:KMNothing","Guardian:Gem_Red"],"campfire_rested":3,"item_purchase_floors":[30,30,30,45,45,45,45,48,53,53,53,53],"current_hp_per_floor":[80,80,80,22,27,25,25,50,50,50,50,26,26,26,26,11,85,85,85,85,85,79,87,87,87,62,62,62,60,61,50,43,33,103,103,103,93,94,63,94,94,82,92,93,94,86,86,187,171,23,223,185,185,224,211],"gold":46,"neow_bonus":"UPGRADE_CARD","is_daily":false,"chose_seed":false,"campfire_upgraded":8,"win_rate":0.0,"timestamp":1608162258,"path_taken":["R","?","R","E","?","M","T","R","M","R","M","?","M","M","M","BOSS","R","?","R","M","?","E","T","R","M","R","M","?","?","M","M","BOSS","R","?","M","?","?","R","T","E","R","E","$","M","?","?","M","BOSS","E","$","R","BOSS"],"items_purchased_type":["Relic","Card","Card","Card","Relic","Card","Card","Relic","Relic","Relic","Relic","Card"],"build_version":"2020-12-13","purchased_purges":1,"victory":true,"max_hp_per_floor":[80,80,80,80,85,85,85,85,85,85,85,85,85,85,85,85,85,85,85,85,85,85,96,96,96,97,97,98,99,100,101,102,103,103,103,103,104,105,106,106,106,107,117,118,119,120,120,221,222,223,223,224,224,224,225],"card_choices":[{"not_picked":["Guardian:Suspension","Guardian:Gem_Cyan"],"picked":"Guardian:BronzeOrb","floor":4},{"not_picked":["Guardian:WalkerClaw","Guardian:CrystalBeam"],"picked":"Guardian:VentSteam","floor":6},{"not_picked":["Guardian:Gem_Lightblue","Guardian:Suspension"],"picked":"Guardian:TemporalStrike","floor":9},{"not_picked":["Guardian:Gem_Red","Guardian:BronzeOrb"],"picked":"Guardian:Gem_Cyan","floor":11},{"not_picked":["Guardian:GuardianWhirl","Guardian:ChargeCore"],"picked":"Guardian:DecasProtection","floor":13},{"not_picked":["Guardian:Planning","Guardian:TimeBomb"],"picked":"Guardian:TimeSifter","floor":14},{"not_picked":["Guardian:Suspension","Guardian:Gem_Red"],"picked":"Guardian:PiercingHide","floor":15},{"not_picked":["Guardian:HyperBeam_Guardian","Guardian:RevengeProtocol"],"picked":"Guardian:Gem_Orange","floor":16},{"not_picked":["Guardian:TemporalStrike","Guardian:Planning+1"],"picked":"Guardian:TimeCapacitor+1","floor":21},{"not_picked":["Guardian:Gem_Crimson","Guardian:TemporalShield"],"picked":"Guardian:Clone","floor":22},{"not_picked":["Guardian:Suspension","Guardian:ArmoredProtocol"],"picked":"Guardian:Repulse","floor":23},{"not_picked":["Guardian:TemporalShield+1","Guardian:PiercingHide"],"picked":"Guardian:StasisStrike","floor":26},{"not_picked":["Guardian:Gem_Cyan","Guardian:Gem_Blue"],"picked":"Guardian:Gem_Red","floor":28},{"not_picked":["Guardian:MultiBeam+1","Guardian:Gem_Cyan"],"picked":"Guardian:Gem_Lightblue","floor":29},{"not_picked":["Guardian:TemporalShield","Guardian:PrismaticBeam"],"picked":"Guardian:Gem_Green","floor":30},{"not_picked":["Guardian:Gem_Cyan","Guardian:ChargeCore"],"picked":"Guardian:StasisField","floor":31},{"not_picked":["Guardian:Emergency","Guardian:PrimingBeam+1"],"picked":"Guardian:Gem_Lightblue","floor":32},{"not_picked":["Guardian:FierceBash","Guardian:Gem_Orange"],"picked":"Guardian:Gem_Synthetic","floor":33},{"not_picked":["Guardian:Incinerate+1","Guardian:Repulse"],"picked":"Guardian:Suspension+1","floor":37},{"not_picked":["Guardian:Preprogram","Guardian:TemporalStrike+1"],"picked":"Guardian:Reroute+1","floor":38},{"not_picked":["Guardian:Reroute+1","Guardian:Emergency+1"],"picked":"Guardian:Gem_Purple","floor":39},{"not_picked":["Guardian:PrismaticBarrier","Guardian:Harden"],"picked":"Guardian:Incinerate","floor":42},{"not_picked":["Guardian:MultiBeam+1","Guardian:WalkerClaw+1"],"picked":"Guardian:RevengeProtocol","floor":44},{"not_picked":["Guardian:TemporalShield+1","Guardian:Repulse+1"],"picked":"Guardian:Gem_Lightblue","floor":45},{"not_picked":["Guardian:Recover+1","Guardian:Clone"],"picked":"Guardian:SphericShield","floor":46},{"not_picked":["Guardian:TimeSifter","Guardian:RollAttack"],"picked":"Guardian:TimeBomb","floor":48},{"not_picked":["Guardian:TemporalStrike","Guardian:CrystalBeam"],"picked":"Guardian:Emergency+1","floor":49},{"not_picked":["Guardian:PolyBeam","Guardian:Gem_Blue"],"picked":"Guardian:Gem_Green","floor":52}],"player_experience":306949,"relics_obtained":[{"floor":4,"key":"Lantern"},{"floor":7,"key":"Akabeko"},{"floor":22,"key":"downfall:CloakOfManyFaces"},{"floor":23,"key":"Pear"},{"floor":41,"key":"PreservedInsect"},{"floor":42,"key":"Thread and Needle"},{"floor":42,"key":"Juzu Bracelet"},{"floor":44,"key":"Kunai"},{"floor":44,"key":"Dead Branch"},{"floor":52,"key":"aspiration:KMNothing"},{"floor":52,"key":"aspiration:KMNothing"}],"event_choices":[{"damage_healed":0,"gold_gain":0,"player_choice":"Donut","damage_taken":0,"max_hp_gain":5,"max_hp_loss":0,"event_name":"Big Fish","floor":5,"gold_loss":0},{"damage_healed":0,"gold_gain":0,"player_choice":"Simplicity","damage_taken":0,"max_hp_gain":0,"max_hp_loss":0,"event_name":"Back to Basics","floor":19,"gold_loss":0,"cards_upgraded":["Guardian:Strike_Guardian","Guardian:Strike_Guardian","Guardian:Strike_Guardian","Guardian:Strike_Guardian","Guardian:Defend_Guardian","Guardian:Defend_Guardian","Guardian:Defend_Guardian","Guardian:Defend_Guardian"]},{"damage_healed":0,"gold_gain":0,"player_choice":"Got Potions","damage_taken":0,"max_hp_gain":0,"max_hp_loss":0,"event_name":"Lab","floor":36,"gold_loss":0},{"damage_healed":0,"gold_gain":0,"player_choice":"Ignored","damage_taken":0,"max_hp_gain":0,"max_hp_loss":0,"event_name":"Mysterious Sphere","floor":47,"gold_loss":0}],"is_beta":false,"boss_relics":[{"not_picked":["Tiny House","Guardian:ModeShifterPlus"],"picked":"Gem_Box"},{"not_picked":["Golden_Hairpin","Busted Crown"],"picked":"Black Star"}],"items_purged_floors":[45],"is_endless":false,"potions_floor_spawned":[6,11,14,22,23,26,33,37,44,46,49],"ascension_level":0}}