{"host":"esx1hwjnbftf3eqj","time":1608149602,"event":{"mods":["BaseMod","Colored Map","Minty Spire (QoL Compilation)","StSLib","Wandering Minibosses"],"gold_per_floor":[118,134,134,59,234,234,244,270,270,300,315,315,315],"floor_reached":12,"playtime":589,"items_purged":["Decay"],"score":97,"play_id":"87943e7b-8895-4668-93c0-7fdbcf7e37b4","local_time":"20201216121322","is_ascension_mode":true,"campfire_choices":[{"data":"Zap","floor":6,"key":"SMITH"}],"circlet_count":0,"master_deck":["Strike_B","Strike_B","Strike_B","Strike_B","Defend_B","Defend_B","Defend_B","Defend_B","Zap+1","Dualcast","Bandage Up","Turbo","Leap","Doubt","Defragment","Conserve Battery","Capacitor","Capacitor"],"relics":["Cracked Core","Question Card","StrikeDummy","Gambling Chip"],"acts_visited":["Exordium"],"potions_floor_usage":[12],"damage_taken":[{"damage":0,"enemies":"Small Slimes","floor":1,"turns":3},{"damage":1,"enemies":"Cultist","floor":2,"turns":3},{"damage":3,"enemies":"2 Louse","floor":7,"turns":3},{"damage":33,"enemies":"Lagavulin","floor":8,"turns":8},{"damage":33,"enemies":"3 Sentries","floor":10,"turns":10},{"damage":8,"enemies":"2 Fungi Beasts","floor":11,"turns":3},{"damage":31,"enemies":"Gremlin Nob","floor":12,"turns":4}],"seed_played":"7578193000529165042","potions_obtained":[{"floor":10,"key":"ColorlessPotion"}],"is_trial":false,"path_per_floor":["M","M","?","$","?","R","M","E","T","E","M","E"],"character_chosen":"DEFECT","items_purchased":[],"campfire_rested":0,"item_purchase_floors":[],"current_hp_per_floor":[75,74,74,74,74,74,75,46,46,17,13,0,0],"gold":315,"neow_bonus":"RANDOM_COLORLESS","is_daily":false,"chose_seed":false,"campfire_upgraded":1,"win_rate":0.0,"timestamp":1608149602,"path_taken":["M","M","?","?","?","R","M","E","T","E","M","E"],"items_purchased_type":[],"build_version":"2020-12-13","purchased_purges":1,"victory":false,"max_hp_per_floor":[75,75,75,75,75,75,75,75,75,75,75,75,75],"card_choices":[{"not_picked":["Trip","Madness"],"picked":"Bandage Up","floor":0},{"not_picked":["Beam Cell","Gash"],"picked":"Turbo","floor":1},{"not_picked":["Redo","Stack"],"picked":"Leap","floor":2},{"not_picked":["Streamline","Redo"],"picked":"Defragment","floor":7},{"not_picked":["Skim","Buffer"],"picked":"Conserve Battery","floor":8},{"not_picked":["Heatsinks","Hologram","Chaos"],"picked":"Capacitor","floor":10},{"not_picked":["Gash","Sweeping Beam","Go for the Eyes"],"picked":"Capacitor","floor":11}],"player_experience":401224,"relics_obtained":[{"floor":8,"key":"Question Card"},{"floor":9,"key":"StrikeDummy"},{"floor":10,"key":"Gambling Chip"}],"event_choices":[{"damage_healed":0,"gold_gain":0,"player_choice":"Cursed","damage_taken":0,"max_hp_gain":0,"max_hp_loss":0,"event_name":"Wheel of Change","floor":3,"gold_loss":0,"cards_obtained":["Decay"]},{"damage_healed":0,"gold_gain":175,"player_choice":"AGREE","damage_taken":0,"max_hp_gain":0,"max_hp_loss":0,"event_name":"Liars Game","floor":5,"gold_loss":0,"cards_obtained":["Doubt"]}],"is_beta":false,"boss_relics":[],"items_purged_floors":[4],"is_endless":false,"potions_floor_spawned":[10],"killed_by":"Gremlin Nob","ascension_level":2}}