{"host":"mg3e76uznu9x14du","time":1608162438,"event":{"mods":["BaseMod","Colored Map","Downfall","Minty Spire (QoL Compilation)","Permanent Neow","Relic Stats","StSLib","Waifu the Spire","everything is the same but u backflip on backflip"],"gold_per_floor":[99,130,32,57,77,93,169,188,213,138,152,170,186,186,203,203,203],"floor_reached":16,"playtime":969,"items_purged":[],"score":143,"play_id":"1a58b7a5-8909-4f1d-b792-280d0c22ba54","local_time":"20201216184718","is_ascension_mode":true,"campfire_choices":[{"data":"sneckomod:Unknown","floor":1,"key":"SMITH"},{"floor":10,"key":"REST"}],"circlet_count":0,"master_deck":["sneckomod:Strike","sneckomod:Strike","sneckomod:Strike","sneckomod:Defend","sneckomod:Defend","sneckomod:Defend","sneckomod:TailWhip","sneckomod:SnekBite","sneckomod:Unknown+1","sneckomod:Unknown","sneckomod:Mudshield","sneckomod:UnknownVulnerable","sneckomod:SerpentIdol","sneckomod:SoulDraw","sneckomod:UnknownClassGREEN","sneckomod:UnknownWeak","sneckomod:Unknown0Cost","sneckomod:Rotation","sneckomod:Unknown0Cost","sneckomod:UnknownBlock","sneckomod:Nope","sneckomod:SnakeSap+1","sneckomod:QuickMove","sneckomod:SoulExchange"],"relics":["sneckomod:SneckoSoul","hexamod:BolsterEngine","Bronze Scales","The Courier","Juzu Bracelet","downfall:HeartBlessingGreen"],"acts_visited":["Exordium"],"potions_floor_usage":[16,16,16],"damage_taken":[{"damage":15,"enemies":"Lagavulin","floor":2,"turns":6},{"damage":0,"enemies":"downfall:FleeingMerchant","floor":3,"turns":4},{"damage":43,"enemies":"Gremlin Nob","floor":4,"turns":5},{"damage":0,"enemies":"Cultist","floor":5,"turns":4},{"damage":9,"enemies":"2 Louse","floor":6,"turns":2},{"damage":12,"enemies":"Jaw Worm","floor":8,"turns":2},{"damage":17,"enemies":"Lagavulin","floor":9,"turns":4},{"damage":14,"enemies":"Lots of Slimes","floor":11,"turns":3},{"damage":16,"enemies":"Large Slime","floor":12,"turns":6},{"damage":18,"enemies":"Exordium Thugs","floor":13,"turns":4},{"damage":0,"enemies":"2 Fungi Beasts","floor":15,"turns":3},{"damage":24,"enemies":"downfall:Watcher","floor":16,"turns":7}],"seed_played":"8453097520908022481","potions_obtained":[{"floor":4,"key":"champ:CounterPotion"},{"floor":5,"key":"sneckomod:OffclassReductionPotion"},{"floor":9,"key":"Weak Potion"},{"floor":12,"key":"Regen Potion"}],"is_trial":false,"path_per_floor":["R","E","$","E","M","M","T","M","E","R","M","M","M","?","M","B"],"character_chosen":"THE_SNECKO","items_purchased":["sneckomod:SoulDraw","sneckomod:UnknownClassGREEN"],"campfire_rested":1,"item_purchase_floors":[3,3],"current_hp_per_floor":[90,76,77,35,36,37,37,26,14,42,28,21,3,3,3,0,0],"gold":203,"neow_bonus":"ONE_RANDOM_RARE_CARD","is_daily":false,"chose_seed":false,"campfire_upgraded":1,"win_rate":0.0,"timestamp":1608162438,"path_taken":["R","E","$","E","M","?","T","M","E","R","M","M","M","?","M","BOSS"],"items_purchased_type":["Card","Card"],"build_version":"2020-12-13","purchased_purges":0,"victory":false,"max_hp_per_floor":[90,91,92,93,94,94,94,95,96,96,96,96,96,96,96,96,96],"relic_stats":{"counters":[12,49],"Bronze Scales":[59],"Juzu Bracelet":0,"obtain_stats":[{"Bronze Scales":4,"downfall:HeartBlessingGreen":10,"The Courier":7,"Juzu Bracelet":9,"hexamod:BolsterEngine":2,"sneckomod:SneckoSoul":0},{"Bronze Scales":3,"downfall:HeartBlessingGreen":7,"The Courier":5,"Juzu Bracelet":7,"hexamod:BolsterEngine":1,"sneckomod:SneckoSoul":0},{"Bronze Scales":14,"downfall:HeartBlessingGreen":26,"The Courier":20,"Juzu Bracelet":26,"hexamod:BolsterEngine":6,"sneckomod:SneckoSoul":0}]},"card_choices":[{"not_picked":["sneckomod:UnknownWeak","sneckomod:UnknownClassSLIMEBOUND"],"picked":"sneckomod:UnknownVulnerable","floor":2},{"not_picked":["sneckomod:QuickBite","sneckomod:QuickMove"],"picked":"sneckomod:SerpentIdol","floor":3},{"not_picked":["sneckomod:DiceBlock","sneckomod:UnknownUncommonSkill"],"picked":"sneckomod:UnknownWeak","floor":4},{"not_picked":["sneckomod:UnknownVulnerable","sneckomod:QuickMove"],"picked":"sneckomod:Unknown0Cost","floor":5},{"not_picked":["sneckomod:UnknownCommonSkill","sneckomod:UnknownWeak"],"picked":"sneckomod:Rotation","floor":6},{"not_picked":["sneckomod:SoulRoll","sneckomod:IronFang"],"picked":"sneckomod:Unknown0Cost","floor":8},{"not_picked":["sneckomod:UnknownCommonAttack","sneckomod:QuickBite"],"picked":"sneckomod:UnknownBlock","floor":9},{"not_picked":["sneckomod:UnknownClassSLIMEBOUND","sneckomod:UnknownVulnerable"],"picked":"sneckomod:Nope","floor":11},{"not_picked":["sneckomod:UnknownClassPURPLE","sneckomod:Nope"],"picked":"sneckomod:SnakeSap","floor":12},{"not_picked":["sneckomod:DiceCrush","sneckomod:IronFang"],"picked":"sneckomod:QuickMove","floor":13},{"not_picked":["sneckomod:SoulCleanse","sneckomod:UnknownWeak"],"picked":"sneckomod:SoulExchange","floor":15}],"player_experience":402454,"relics_obtained":[{"floor":2,"key":"hexamod:BolsterEngine"},{"floor":4,"key":"Bronze Scales"},{"floor":7,"key":"The Courier"},{"floor":9,"key":"Juzu Bracelet"}],"event_choices":[{"damage_healed":0,"gold_gain":0,"player_choice":"Forge","damage_taken":0,"max_hp_gain":0,"max_hp_loss":0,"event_name":"Accursed Blacksmith","floor":14,"gold_loss":0,"cards_upgraded":["sneckomod:SnakeSap"]}],"is_beta":false,"boss_relics":[],"items_purged_floors":[],"is_endless":false,"potions_floor_spawned":[4,5,9,12,15],"killed_by":"downfall:Watcher","ascension_level":3}}