{"host":"gxmig9bwvxt5mpcx","time":1608136957,"event":{"mods":["AchievementEnabler","BaseMod","Beaked The Cultist","Better Match","Better Note","Colored Powertips","Dio Mod","Downfall","Hermit","Hubris","Minty Spire (QoL Compilation)","Permanent Neow","Replay The Spire","StSLib","The Mystic","TheArtist","TheVacant"],"gold_per_floor":[99,99,129,129,182,107,178,177,199,124,158,158,272,322,349,465,465,465,515,515,559,559,583,583,583,614,655,705,705],"floor_reached":28,"playtime":2206,"items_purged":[],"score":302,"play_id":"5938fbc4-6d18-4edf-bd5a-6f5e0b938ec4","local_time":"20201216114237","is_ascension_mode":false,"campfire_choices":[{"floor":1,"key":"RECALL"},{"data":"Guardian:CurlUp","floor":6,"key":"SMITH"},{"data":"Guardian:StasisField","floor":10,"key":"SMITH"},{"data":"Guardian:TwinSlam","floor":18,"key":"SMITH"},{"data":"Guardian:PrimingBeam","floor":20,"key":"SMITH"},{"data":"Guardian:TimeBomb","floor":22,"key":"SMITH"},{"data":"Guardian:PiercingHide","floor":25,"key":"SMITH"}],"circlet_count":0,"master_deck":["Guardian:Strike_Guardian","Guardian:Strike_Guardian","Guardian:Defend_Guardian","Guardian:Defend_Guardian","Guardian:Defend_Guardian","Guardian:CurlUp+1","Guardian:TwinSlam+1","Guardian:SentryBeam","Guardian:ShieldCharger","Guardian:StasisField+1","Guardian:PrimingBeam+1","Guardian:PiercingHide+1","Guardian:TimeBomb+1","Guardian:BronzeOrb","Guardian:RevengeProtocol"],"relics":["Guardian:ModeShifter","Replay:Bandana","Juzu Bracelet","downfall:HeartBlessingRed","downfall:HeartBlessingBlue","downfall:CloakOfManyFaces","CultistMask","FaceOfCleric","NlothsMask","GremlinMask","SsserpentHead","hubris:BottledHeart","Centennial Puzzle","Nunchaku"],"acts_visited":["Exordium","TheCity"],"potions_floor_usage":[13,16,16,21,27],"damage_taken":[{"damage":0,"enemies":"Small Slimes","floor":3,"turns":3},{"damage":16,"enemies":"3 Sentries","floor":5,"turns":9},{"damage":10,"enemies":"downfall:FleeingMerchant","floor":8,"turns":4},{"damage":0,"enemies":"Jaw Worm","floor":9,"turns":4},{"damage":0,"enemies":"Cultist","floor":11,"turns":3},{"damage":10,"enemies":"downfall:FaceTrader","floor":13,"turns":8},{"damage":13,"enemies":"3 Louse","floor":15,"turns":4},{"damage":6,"enemies":"downfall:Watcher","floor":16,"turns":7},{"damage":0,"enemies":"Replay:Snechameleon","floor":21,"turns":6},{"damage":0,"enemies":"3 Byrds","floor":23,"turns":3},{"damage":0,"enemies":"Spheric Guardian","floor":26,"turns":4},{"damage":0,"enemies":"Book of Stabbing","floor":27,"turns":6}],"seed_played":"5971413824182917806","potions_obtained":[{"floor":11,"key":"Weak Potion"},{"floor":13,"key":"Swift Potion"},{"floor":15,"key":"hexamod:EctoCoolerPotion"},{"floor":16,"key":"SkillPotion"},{"floor":26,"key":"Weak Potion"},{"floor":27,"key":"Elixir"}],"is_trial":false,"path_per_floor":["R","?","M","?","E","R","T","$","M","R","M","?","?","?","M","B",null,"R","?","R","E","R","M","T","R","M","E","?"],"character_chosen":"GUARDIAN","items_purchased":[],"campfire_rested":0,"item_purchase_floors":[],"current_hp_per_floor":[80,80,80,80,64,64,64,54,54,64,64,64,54,54,42,37,92,92,1,1,1,1,1,1,1,1,1,0,0],"gold":705,"neow_bonus":"RANDOM_COMMON_RELIC","is_daily":false,"chose_seed":false,"campfire_upgraded":6,"win_rate":0.0,"timestamp":1608136957,"path_taken":["R","?","M","?","E","R","T","?","M","R","M","?","?","?","M","BOSS","R","?","R","E","R","M","T","R","M","E","?"],"items_purchased_type":[],"build_version":"2020-12-13","purchased_purges":0,"victory":false,"max_hp_per_floor":[80,80,80,80,80,80,80,80,80,90,90,90,90,90,91,92,92,92,1,1,1,1,1,1,1,1,1,1,1],"card_choices":[{"not_picked":["Guardian:ShieldCharger","Guardian:Planning"],"picked":"Guardian:SentryBeam","floor":3},{"not_picked":["Guardian:CrystalBeam","Guardian:Harden"],"picked":"Guardian:ShieldCharger","floor":5},{"not_picked":["Guardian:DonusPower","Guardian:Gem_Red"],"picked":"Guardian:StasisField","floor":8},{"not_picked":["Guardian:ArmoredProtocol","Guardian:MultiBeam"],"picked":"Guardian:PrimingBeam","floor":9},{"not_picked":["Guardian:Planning","Guardian:ShieldSpikes"],"picked":"Guardian:PiercingHide","floor":11},{"not_picked":["Guardian:Gem_Cyan","Guardian:TemporalStrike"],"picked":"Guardian:TimeBomb","floor":13},{"not_picked":["Guardian:TemporalStrike","Guardian:Suspension"],"picked":"Guardian:Gem_Red","floor":15},{"not_picked":["Guardian:BronzeOrb","Guardian:TimeCapacitor"],"picked":"Guardian:Gem_Fragmented","floor":21},{"not_picked":["Guardian:CrystalBeam","Guardian:RollAttack","Guardian:Reroute"],"picked":"SKIP","floor":23},{"not_picked":["Guardian:WalkerClaw","Guardian:EvasiveProtocol"],"picked":"Guardian:BronzeOrb","floor":26},{"not_picked":["Guardian:Gem_Red","Guardian:ChargeCore"],"picked":"Guardian:RevengeProtocol","floor":27}],"player_experience":14934,"relics_obtained":[{"floor":5,"key":"Juzu Bracelet"},{"floor":13,"key":"downfall:CloakOfManyFaces"},{"floor":21,"key":"Centennial Puzzle"},{"floor":27,"key":"Nunchaku"}],"event_choices":[{"cards_removed":["Guardian:TwinSlam"],"damage_healed":0,"gold_gain":0,"player_choice":"Give","damage_taken":0,"max_hp_gain":0,"max_hp_loss":0,"event_name":"betterNote:BetterNote","floor":14,"gold_loss":0,"cards_obtained":["None"]}],"is_beta":false,"boss_relics":[{"not_picked":["beaked:MawFillet","hubris:RunicObelisk","Cursed Key"]}],"items_purged_floors":[],"is_endless":false,"potions_floor_spawned":[11,13,15,16,26,27],"ascension_level":0}}