{"host":"1c52r9kaxdyo25eq","time":1608097449,"event":{"mods":["AchievementEnabler","BaseMod","Minty Spire (QoL Compilation)","Rare Cards Sparkle","SuperFastMode","everything is the same but u backflip on backflip"],"gold_per_floor":[112,61,74,74,85,85,135,135,135,160,180,194,194,208,208,282,282,301,301,301,301],"floor_reached":20,"playtime":454,"items_purged":[],"score":348,"play_id":"e0cd9a32-9f94-473e-87a1-362168610046","local_time":"20201216144409","is_ascension_mode":true,"campfire_choices":[{"data":"Deadly Poison","floor":6.0,"key":"SMITH"},{"data":"Adrenaline","floor":8,"key":"SMITH"},{"floor":13,"key":"REST"},{"data":"Poisoned Stab","floor":15,"key":"SMITH"}],"circlet_count":0,"master_deck":["AscendersBane","Strike_G","Strike_G","Strike_G","Strike_G","Defend_G","Defend_G","Defend_G","Defend_G","Defend_G","Survivor","Neutralize","Adrenaline+1","Backflip","Dagger Throw","Accuracy","Deadly Poison+1","Poisoned Stab+1","Blade Dance","Corpse Explosion","Cloak And Dagger"],"relics":["Ring of the Snake","Gremlin Horn","Letter Opener","SlaversCollar"],"acts_visited":["Exordium","TheCity"],"potions_floor_usage":[16],"damage_taken":[{"damage":0.0,"enemies":"2 Louse","floor":1.0,"turns":2.0},{"damage":3.0,"enemies":"Cultist","floor":3.0,"turns":4.0},{"damage":13.0,"enemies":"Jaw Worm","floor":5.0,"turns":4.0},{"damage":32,"enemies":"3 Sentries","floor":10,"turns":11},{"damage":0,"enemies":"Blue Slaver","floor":11,"turns":2},{"damage":3,"enemies":"Exordium Wildlife","floor":12,"turns":3},{"damage":0,"enemies":"2 Fungi Beasts","floor":14,"turns":2},{"damage":15,"enemies":"The Guardian","floor":16,"turns":10},{"damage":41,"enemies":"Shell Parasite","floor":18,"turns":5},{"damage":0,"enemies":"2 Thieves","floor":20,"turns":1}],"seed_played":"3773997049082050806","potions_obtained":[{"floor":10,"key":"Energy Potion"},{"floor":11,"key":"GhostInAJar"},{"floor":16,"key":"Poison Potion"}],"is_trial":false,"path_per_floor":["M","$","M","$","M","R","?","R","T","E","M","M","R","M","R","B",null,"M","?","M"],"character_chosen":"THE_SILENT","items_purchased":["Dagger Throw"],"campfire_rested":1,"item_purchase_floors":[2],"current_hp_per_floor":[59,59,56,56,43,43,37,37,37,5,5,2,20,20,20,5,46,5,5,5,5],"gold":301,"neow_bonus":"THREE_RARE_CARDS","is_daily":false,"chose_seed":false,"campfire_upgraded":3,"win_rate":0.0,"timestamp":1608097449,"path_taken":["M","$","M","$","M","R","?","R","T","E","?","M","R","?","R","BOSS","M","?","M"],"items_purchased_type":["Card"],"build_version":"2020-12-13","purchased_purges":0,"victory":false,"max_hp_per_floor":[60,60,60,60,60,60,60,60,60,60,60,60,60,60,60,60,60,60,60,60,60],"card_choices":[{"not_picked":["Burst","Wraith Form v2"],"picked":"Adrenaline","floor":0.0},{"not_picked":["Deflect","Outmaneuver"],"picked":"Backflip","floor":1.0},{"not_picked":["Flechettes","Sucker Punch"],"picked":"Accuracy","floor":3.0},{"not_picked":["Sucker Punch","Outmaneuver"],"picked":"Deadly Poison","floor":5.0},{"not_picked":["Finisher","Dagger Spray"],"picked":"Poisoned Stab","floor":10},{"not_picked":["PiercingWail","Expertise","All Out Attack"],"picked":"SKIP","floor":11},{"not_picked":["Caltrops","Dodge and Roll"],"picked":"Blade Dance","floor":12},{"not_picked":["Poisoned Stab","Wraith Form v2","Skewer"],"picked":"SKIP","floor":14},{"not_picked":["Wraith Form v2","Die Die Die"],"picked":"Corpse Explosion","floor":16},{"not_picked":["Flying Knee","Dagger Throw"],"picked":"Cloak And Dagger","floor":18}],"player_experience":482212,"relics_obtained":[{"floor":9,"key":"Gremlin Horn"},{"floor":10,"key":"Letter Opener"}],"event_choices":[{"damage_healed":0,"gold_gain":50,"player_choice":"Touch","damage_taken":6,"max_hp_gain":0,"max_hp_loss":0,"event_name":"FaceTrader","floor":7,"gold_loss":0},{"cards_removed":["Strike_G"],"damage_healed":0,"gold_gain":0,"player_choice":"Elegance","damage_taken":0,"max_hp_gain":0,"max_hp_loss":0,"event_name":"Back to Basics","floor":19,"gold_loss":0}],"is_beta":false,"boss_relics":[{"not_picked":["Coffee Dripper","Calling Bell"],"picked":"SlaversCollar"}],"items_purged_floors":[],"is_endless":false,"potions_floor_spawned":[10,11,12,16,18],"killed_by":"2 Thieves","ascension_level":20}}