{"host":"lpcuyq4u4vmck93u","time":1608101579,"event":{"mods":["BaseMod","HololiveMod","Minty Spire (QoL Compilation)","Rare Cards Sparkle","StSLib"],"gold_per_floor":[76,96,14,14,33,33,33,33,33,74,74,74,101,132,132,261,261,284,234,254,267,289,289,331,348,375,429,463,128,164,188,188,317,317,332,334,334],"floor_reached":36,"playtime":1652,"items_purged":[],"score":533,"play_id":"37edf669-5edf-45f5-8952-0d0fd4f54754","local_time":"20201215235259","is_ascension_mode":false,"campfire_choices":[{"data":"Hololive_CallTokinoSora","floor":6,"key":"SMITH"},{"data":"Hololive_CallMurasakiShion","floor":8,"key":"SMITH"},{"data":"Hololive_IdolExercise","floor":11,"key":"SMITH"},{"data":"Hololive_CallAkiRosenthal","floor":15,"key":"SMITH"},{"floor":23,"key":"RECALL"},{"data":"Hololive_CallShishiroBotan","floor":32,"key":"SMITH"}],"circlet_count":0,"master_deck":["Hololive_Strike","Hololive_Strike","Hololive_Defend","Hololive_Defend","Hololive_StrengthChampion","Hololive_CallUruhaRushia","Hololive_CallSpadeEcho","Hololive_CallTokinoSora+1","Hololive_CallAkiRosenthal+1","Hololive_CallFriendA","Hololive_CocoNews","Hololive_CallMurasakiShion+1","Hololive_SummonFox","Hololive_CallYozoraMel","Hololive_IdolExercise+1","Hololive_CallNakiriAyame","Hololive_SummonFox","Hololive_DiamondStrike","Hololive_CallShishiroBotan+1","Hololive_LuckPotion","Hololive_CallShiranuiFlare","Hololive_CallOmaruPolka","Hololive_CallHimemoriLuna+1","Hololive_CallTsunomakiWatame+1","Hololive_BeCareful","Hololive_CallYukihanaLamy+1","Hololive_CallKiryuuCoco+1","Hololive_CallYogiri+1","Hololive_CallAyundaRisu+1","Hololive_DDD","Hololive_CallMomosuzuNene+2"],"relics":["Hololive_TheStar","NeowsBlessing","Golden Idol","CaptainsWheel","Peace Pipe","Hololive_ChaosS","Tiny Chest","Frozen Egg 2","Vajra","Strawberry","Runic Pyramid"],"acts_visited":["Exordium","TheCity","TheBeyond"],"potions_floor_usage":[28,28,36,36,36],"damage_taken":[{"damage":0,"enemies":"Cultist","floor":1,"turns":1},{"damage":0,"enemies":"Small Slimes","floor":2,"turns":2},{"damage":0,"enemies":"2 Louse","floor":5,"turns":1},{"damage":0,"enemies":"Lagavulin","floor":10,"turns":4},{"damage":0,"enemies":"Lots of Slimes","floor":13,"turns":4},{"damage":0,"enemies":"Large Slime","floor":14,"turns":4},{"damage":0,"enemies":"Slime Boss","floor":16,"turns":4},{"damage":0,"enemies":"Spheric Guardian","floor":18,"turns":4},{"damage":0,"enemies":"Shell Parasite","floor":20,"turns":4},{"damage":0,"enemies":"Sentry and Sphere","floor":21,"turns":3},{"damage":0,"enemies":"Snake Plant","floor":22,"turns":3},{"damage":0,"enemies":"Book of Stabbing","floor":24,"turns":3},{"damage":0,"enemies":"Chosen and Byrds","floor":25,"turns":3},{"damage":0,"enemies":"Centurion and Healer","floor":27,"turns":6},{"damage":0,"enemies":"Gremlin Leader","floor":28,"turns":7},{"damage":0,"enemies":"3 Cultists","floor":30,"turns":5},{"damage":0,"enemies":"Snecko","floor":31,"turns":3},{"damage":3,"enemies":"Champ","floor":33,"turns":7},{"damage":7,"enemies":"Orb Walker","floor":35,"turns":3},{"damage":58,"enemies":"3 Darklings","floor":36,"turns":6}],"seed_played":"211011790100766409","potions_obtained":[{"floor":5,"key":"LiquidMemories"},{"floor":10,"key":"Fire Potion"},{"floor":14,"key":"Weak Potion"},{"floor":30,"key":"Swift Potion"},{"floor":31,"key":"Regen Potion"}],"is_trial":false,"path_per_floor":["M","M","$","?","M","R","$","R","T","E","R","?","M","M","R","B",null,"M","?","M","M","M","R","E","M","T","M","E","$","M","M","R","B",null,"M","M"],"character_chosen":"Hololive_HololiveCharacter","items_purchased":["Hololive_SummonFox","Hololive_HuntDinosaur","Hololive_CallKiryuuCoco+1","Vajra","Strawberry"],"campfire_rested":0,"item_purchase_floors":[3,3,29,29,29],"current_hp_per_floor":[35,35,35,27,27,27,27,27,27,27,27,32,32,32,32,32,35,35,35,35,35,35,35,35,35,35,35,35,42,42,42,42,39,42,35,0,0],"gold":334,"neow_bonus":"THREE_ENEMY_KILL","is_daily":false,"chose_seed":false,"campfire_upgraded":5,"win_rate":0.0,"timestamp":1608101579,"path_taken":["M","M","$","?","M","R","$","R","T","E","R","?","?","M","R","BOSS","M","?","?","M","M","R","E","M","T","M","E","$","M","M","R","BOSS","M","M"],"items_purchased_type":["Card","Card","Card","Relic","Relic"],"build_version":"2020-12-13","purchased_purges":0,"victory":false,"max_hp_per_floor":[35,35,35,35,35,35,35,35,35,35,35,35,35,35,35,35,35,35,35,35,35,35,35,35,35,35,35,35,42,42,42,42,42,42,42,42,42],"card_choices":[{"not_picked":["Hololive_Spy","Hololive_HuntDinosaur","Hololive_OvertimeWork"],"picked":"Hololive_CocoNews","floor":1},{"not_picked":["Hololive_CallAkaiHaato","Hololive_OvertimeWork","Hololive_Rebound"],"picked":"Hololive_CallMurasakiShion","floor":2},{"not_picked":["Hololive_FlyingPonyTail","Hololive_StrengthChampion","Hololive_FlareMind"],"picked":"Hololive_CallYozoraMel","floor":5},{"not_picked":["Hololive_CallTokinoSora","Hololive_StrengthChampion","Hololive_Psychosis"],"picked":"Hololive_IdolExercise","floor":10},{"not_picked":["Hololive_CallArtia","Hololive_OvertimeWork","Hololive_Psychosis"],"picked":"Hololive_CallNakiriAyame","floor":13},{"not_picked":["Hololive_LuckPotion","Hololive_Psychosis","Hololive_StrengthChampion"],"picked":"Hololive_SummonFox","floor":14},{"not_picked":["Hololive_IdolExercise","Hololive_Thief","Hololive_FlareMind"],"picked":"Hololive_DiamondStrike","floor":16},{"not_picked":["Hololive_Psychosis","Hololive_CallSpadeEcho","Hololive_Watashimo"],"picked":"Hololive_CallShishiroBotan","floor":18},{"not_picked":["Hololive_Psychosis","Hololive_OvertimeWork","Hololive_CocoNews"],"picked":"Hololive_LuckPotion","floor":20},{"not_picked":["Hololive_StrengthChampion+1","Hololive_CallAZKi","Hololive_CocoNews"],"picked":"Hololive_CallShiranuiFlare","floor":21},{"not_picked":["Hololive_Sequa","Hololive_RevenueBasedLive","Hololive_CallManoAloe"],"picked":"Hololive_CallOmaruPolka","floor":22},{"not_picked":["Hololive_RevenueBasedLive","Hololive_HuntDinosaur","Hololive_FlyingPonyTail+1"],"picked":"Hololive_CallHimemoriLuna+1","floor":24},{"not_picked":["Hololive_CallHimemoriLuna","Hololive_Psychosis+1","Hololive_Drill"],"picked":"Hololive_CallTsunomakiWatame+1","floor":25},{"not_picked":["Hololive_FlyingPonyTail","Hololive_HuntDinosaur","Hololive_Trident+1"],"picked":"Hololive_BeCareful","floor":27},{"not_picked":["Hololive_CallTokinoSora+1","Hololive_CallSpadeEcho+1","Hololive_StrengthChampion"],"picked":"Hololive_CallYukihanaLamy+1","floor":28},{"not_picked":["Hololive_CocoNews+1","Hololive_Rebound","Hololive_CallSpadeEcho+1"],"picked":"Hololive_CallYogiri+1","floor":30},{"not_picked":["Hololive_AWSL","Hololive_CallFriendA+1","Hololive_HuntDinosaur"],"picked":"Hololive_CallAyundaRisu+1","floor":31},{"not_picked":["Hololive_WolfAndLamb","Hololive_Rebirth","Hololive_DurableLive"],"picked":"Hololive_DDD","floor":33},{"not_picked":["Hololive_Drill","Hololive_Rebound+1","Hololive_CocoNews"],"picked":"Hololive_CallMomosuzuNene+1","floor":35}],"player_experience":407127,"relics_obtained":[{"floor":9,"key":"CaptainsWheel"},{"floor":10,"key":"Peace Pipe"},{"floor":24,"key":"Tiny Chest"},{"floor":28,"key":"Frozen Egg 2"}],"event_choices":[{"damage_healed":0,"gold_gain":0,"player_choice":"Take Damage","damage_taken":8,"relics_obtained":["Golden Idol"],"max_hp_gain":0,"max_hp_loss":0,"event_name":"Golden Idol","floor":4,"gold_loss":0},{"cards_removed":["Hololive_HuntDinosaur"],"damage_healed":5,"gold_gain":0,"player_choice":"Offered Common","damage_taken":0,"max_hp_gain":0,"max_hp_loss":0,"event_name":"Bonfire Elementals","floor":12,"gold_loss":0},{"cards_removed":["Hololive_HuntDinosaur"],"damage_healed":5,"gold_gain":0,"player_choice":"Offered Special","damage_taken":0,"max_hp_gain":0,"max_hp_loss":0,"event_name":"Bonfire Elementals","floor":12,"gold_loss":0},{"damage_healed":0,"gold_gain":0,"player_choice":"Bet on Murderer","damage_taken":0,"max_hp_gain":0,"max_hp_loss":0,"event_name":"The Joust","floor":19,"gold_loss":50}],"is_beta":false,"boss_relics":[{"not_picked":["SacredBark","Sozu"],"picked":"Hololive_ChaosS"},{"not_picked":["Snecko Eye","Coffee Dripper"],"picked":"Runic Pyramid"}],"items_purged_floors":[],"is_endless":false,"potions_floor_spawned":[5,10,14,18,20,25,30,31],"killed_by":"3 Darklings","ascension_level":0}}