{"host":"kw4o7b3ro2ktmmbe","time":1608111082,"event":{"mods":["BaseMod","Minty Spire (QoL Compilation)","Robot Space Explorer","StSLib","Treasure Hunter"],"gold_per_floor":[110,124,124,124,139,139,139,154,154,169,203,203,216,231,231,336,336,351,351,351,367,128,154,154,154,180,180,201,201,201,252,252,357,357,371,371,80,97,148,148,179,179,247,247,261,275,291,291,291],"floor_reached":48,"playtime":6618,"items_purged":[],"score":530,"play_id":"b3a1911b-a84f-4814-a5a5-5b3a0bef8a74","local_time":"20201216223122","is_ascension_mode":false,"campfire_choices":[{"data":"RobotSpaceExplorer:Pulsar","floor":6.0,"key":"SMITH"},{"data":"TH:TreasureMap","floor":12.0,"key":"SMITH"},{"data":"RobotSpaceExplorer:PowerGlove","floor":15.0,"key":"SMITH"},{"data":"RobotSpaceExplorer:PowerGlove","floor":24.0,"key":"SMITH"},{"data":"RobotSpaceExplorer:MiniLasers","floor":27.0,"key":"SMITH"},{"data":"TH:BikiniMail","floor":29.0,"key":"SMITH"},{"data":"TH:CursedSword","floor":32.0,"key":"SMITH"},{"floor":40.0,"key":"REST"},{"floor":42.0,"key":"REST"},{"data":"TH:BikiniMail","floor":44.0,"key":"SMITH"}],"circlet_count":0,"master_deck":["RobotSpaceExplorer:Strike+1","RobotSpaceExplorer:Strike+1","RobotSpaceExplorer:Strike+1","RobotSpaceExplorer:Strike+1","RobotSpaceExplorer:Defend+1","RobotSpaceExplorer:Defend+1","RobotSpaceExplorer:Defend+1","RobotSpaceExplorer:Defend+1","RobotSpaceExplorer:Scan","RobotSpaceExplorer:MiniLasers+1","RobotSpaceExplorer:PowerGlove+1","RobotSpaceExplorer:Pulsar+1","RobotSpaceExplorer:PowerGlove+1","TH:CopperCoins","TH:TreasureMap+1","RobotSpaceExplorer:ScrapToss+1","TH:BikiniMail+1","RobotSpaceExplorer:ChargingLaser+1","RobotSpaceExplorer:MiniDrones+1","TH:CursedSword+1","RobotSpaceExplorer:MiniDrones+1","TH:Mimic","TH:CursedSword","TH:DeckOfManyThings","RobotSpaceExplorer:ShockMissile+1","TH:BikiniMail+1","TH:TreasureMap","RobotSpaceExplorer:FreezeRay+1","RobotSpaceExplorer:Reload","RobotSpaceExplorer:PlasmaMissile+1"],"relics":["RobotSpaceExplorer:RoboCore","Singing Bowl","Omamori","Molten Egg 2","Philosopher\u0027s Stone","Eternal Feather","Akabeko","Strawberry","Vajra","Cursed Key","Regal Pillow","ClockworkSouvenir","CaptainsWheel","Smiling Mask","Pantograph"],"acts_visited":["Exordium","TheCity","TheBeyond"],"potions_floor_usage":[47,48],"damage_taken":[{"damage":0.0,"enemies":"Jaw Worm","floor":1.0,"turns":4.0},{"damage":0.0,"enemies":"2 Louse","floor":2.0,"turns":3.0},{"damage":0.0,"enemies":"Cultist","floor":5.0,"turns":4.0},{"damage":0.0,"enemies":"2 Fungi Beasts","floor":8.0,"turns":3.0},{"damage":2.0,"enemies":"Blue Slaver","floor":10.0,"turns":3.0},{"damage":6.0,"enemies":"3 Sentries","floor":11.0,"turns":7.0},{"damage":2.0,"enemies":"Large Slime","floor":13.0,"turns":6.0},{"damage":1.0,"enemies":"3 Louse","floor":14.0,"turns":3.0},{"damage":30.0,"enemies":"Slime Boss","floor":16.0,"turns":10.0},{"damage":7.0,"enemies":"Chosen","floor":18.0,"turns":4.0},{"damage":27.0,"enemies":"Spheric Guardian","floor":21.0,"turns":7.0},{"damage":8.0,"enemies":"Gremlin Leader","floor":23.0,"turns":5.0},{"damage":17.0,"enemies":"3 Cultists","floor":28.0,"turns":5.0},{"damage":107.0,"enemies":"Collector","floor":33.0,"turns":14.0},{"damage":44.0,"enemies":"3 Darklings","floor":35.0,"turns":7.0},{"damage":12.0,"enemies":"Orb Walker","floor":38.0,"turns":4.0},{"damage":26.0,"enemies":"Mind Bloom Boss Battle","floor":39.0,"turns":6.0},{"damage":63.0,"enemies":"Giant Head","floor":41.0,"turns":9.0},{"damage":37.0,"enemies":"Maw","floor":45.0,"turns":10.0},{"damage":47.0,"enemies":"Writhing Mass","floor":46.0,"turns":9.0},{"damage":12,"enemies":"Jaw Worm Horde","floor":47,"turns":4},{"damage":44,"enemies":"Nemesis","floor":48,"turns":5}],"seed_played":"-7698687247343246847","potions_obtained":[{"floor":1.0,"key":"Regen Potion"},{"floor":5.0,"key":"Energy Potion"},{"floor":13.0,"key":"Ancient Potion"},{"floor":14.0,"key":"Explosive Potion"},{"floor":16.0,"key":"Fire Potion"},{"floor":21.0,"key":"SkillPotion"},{"floor":23.0,"key":"LiquidBronze"},{"floor":28.0,"key":"FairyPotion"},{"floor":38.0,"key":"LiquidMemories"},{"floor":39.0,"key":"Swift Potion"},{"floor":46.0,"key":"Regen Potion"},{"floor":47,"key":"Energy Potion"}],"is_trial":false,"path_per_floor":["M","M","?","?","M","R","$","M","T","M","E","R","M","M","R","B",null,"M","?","?","M","$","E","R","?","T","R","M","R","?","T","R","B",null,"M","?","$","M","?","R","E","R","T","R","M","M","M","E"],"character_chosen":"RobotSpaceExplorer","items_purchased":["Eternal Feather","Regal Pillow","ClockworkSouvenir"],"campfire_rested":2,"item_purchase_floors":[22,37,37],"current_hp_per_floor":[82,82,82,82,84,84,84,84,84,84,80,80,80,79,79,49,90,83,83,65,40,40,32,44,44,51,63,48,60,60,60,72,3,106,64,64,64,54,30,93,32,96,96,111,74,27,27,0,0],"gold":291,"neow_bonus":"TEN_PERCENT_HP_BONUS","is_daily":false,"chose_seed":false,"campfire_upgraded":8,"win_rate":0.0,"timestamp":1608111082,"path_taken":["M","M","?","?","M","R","$","?","T","M","E","R","M","M","R","BOSS","M","?","?","M","$","E","R","?","T","R","M","R","?","?","R","BOSS","M","?","$","M","?","R","E","R","T","R","M","M","?","E"],"items_purchased_type":["Relic","Relic","Relic"],"build_version":"2020-12-13","purchased_purges":0,"victory":false,"max_hp_per_floor":[82,82,82,82,84,84,84,84,84,86,88,88,90,90,90,90,90,90,90,95,97,97,97,97,97,104,104,106,106,106,106,106,106,106,108,108,108,110,112,112,114,114,114,114,114,114,114,114,114],"card_choices":[{"not_picked":["RobotSpaceExplorer:Electroshield","RobotSpaceExplorer:SurgingStrike"],"picked":"RobotSpaceExplorer:PowerGlove","floor":1.0},{"not_picked":["RobotSpaceExplorer:ShockKick","RobotSpaceExplorer:StunGrenade"],"picked":"RobotSpaceExplorer:Pulsar","floor":2.0},{"not_picked":["RobotSpaceExplorer:LuckyStrike","RobotSpaceExplorer:JunkDive","RobotSpaceExplorer:SwiftStep"],"picked":"Singing Bowl","floor":5.0},{"not_picked":["RobotSpaceExplorer:MetalStrike","RobotSpaceExplorer:SurgingStrike"],"picked":"RobotSpaceExplorer:PowerGlove","floor":8.0},{"not_picked":["TH:Mimic"],"picked":"TH:CopperCoins","floor":9.0},{"not_picked":["RobotSpaceExplorer:GlueShot","RobotSpaceExplorer:TurboDodge","RobotSpaceExplorer:StunGrenade"],"picked":"Singing Bowl","floor":10.0},{"not_picked":["TH:Mimic"],"picked":"TH:TreasureMap","floor":11.0},{"not_picked":["RobotSpaceExplorer:SurgingShield","RobotSpaceExplorer:ShockKick+1","RobotSpaceExplorer:ImprovisedAttack+1"],"picked":"Singing Bowl","floor":11.0},{"not_picked":["RobotSpaceExplorer:Electropulse+1","RobotSpaceExplorer:SwiftStep","RobotSpaceExplorer:SurgingStrike+1"],"picked":"Singing Bowl","floor":13.0},{"not_picked":["RobotSpaceExplorer:ImprovisedAttack+1","RobotSpaceExplorer:SurgingShield"],"picked":"RobotSpaceExplorer:ScrapToss+1","floor":14.0},{"not_picked":["TH:PixieDust"],"picked":"TH:BikiniMail","floor":16.0},{"not_picked":["RobotSpaceExplorer:BlastShield","RobotSpaceExplorer:Blaster+1"],"picked":"RobotSpaceExplorer:ChargingLaser+1","floor":16.0},{"not_picked":["RobotSpaceExplorer:ShockKick+1","RobotSpaceExplorer:DoubleBlock+1"],"picked":"RobotSpaceExplorer:PowerGlove","floor":18.0},{"not_picked":["RobotSpaceExplorer:SurgingShield+1","RobotSpaceExplorer:SlimeMissile+1","RobotSpaceExplorer:DualCore"],"picked":"Singing Bowl","floor":21.0},{"not_picked":["TH:TreasureMap"],"picked":"TH:CursedSword","floor":23.0},{"not_picked":["RobotSpaceExplorer:Counterblock+1","RobotSpaceExplorer:MiniBoosters"],"picked":"RobotSpaceExplorer:MiniDrones+1","floor":23.0},{"not_picked":["TH:PixieDust"],"picked":"TH:Mimic","floor":26.0},{"not_picked":["RobotSpaceExplorer:IronShell","RobotSpaceExplorer:FrostMissile+1","RobotSpaceExplorer:SlimeMissile+1"],"picked":"Singing Bowl","floor":28.0},{"not_picked":["TH:DeckOfManyThings"],"picked":"TH:CursedSword","floor":31.0},{"not_picked":["TH:EnergyPotion"],"picked":"TH:DeckOfManyThings","floor":33.0},{"not_picked":["RobotSpaceExplorer:TrailblazerForm","RobotSpaceExplorer:Arsenal"],"picked":"RobotSpaceExplorer:ShockMissile+1","floor":33.0},{"not_picked":["RobotSpaceExplorer:Counterblock","RobotSpaceExplorer:Ammunition","RobotSpaceExplorer:ImprovisedAttack+1"],"picked":"Singing Bowl","floor":35.0},{"not_picked":["RobotSpaceExplorer:FrostMissile+1","RobotSpaceExplorer:ScrapMissile+1","RobotSpaceExplorer:SwiftStep"],"picked":"Singing Bowl","floor":38.0},{"not_picked":["RobotSpaceExplorer:SurgingShield","RobotSpaceExplorer:Probe+1","RobotSpaceExplorer:Counterblock"],"picked":"Singing Bowl","floor":39.0},{"not_picked":["TH:Mimic"],"picked":"TH:BikiniMail","floor":41.0},{"not_picked":["RobotSpaceExplorer:Counterblock","RobotSpaceExplorer:SurgingShield","RobotSpaceExplorer:MetalStrike+1"],"picked":"Singing Bowl","floor":41.0},{"not_picked":["TH:BikiniMail"],"picked":"TH:TreasureMap","floor":43.0},{"not_picked":["RobotSpaceExplorer:ScrapShield","RobotSpaceExplorer:ScrapToss+1"],"picked":"RobotSpaceExplorer:FreezeRay+1","floor":45.0},{"not_picked":["RobotSpaceExplorer:FreezeRay","RobotSpaceExplorer:Electropulse+1"],"picked":"RobotSpaceExplorer:Reload","floor":46.0},{"not_picked":["RobotSpaceExplorer:Smokescreen+1","RobotSpaceExplorer:ShockKick+1"],"picked":"RobotSpaceExplorer:PlasmaMissile+1","floor":47}],"player_experience":1723902,"relics_obtained":[{"floor":9.0,"key":"Omamori"},{"floor":11.0,"key":"Molten Egg 2"},{"floor":23.0,"key":"Akabeko"},{"floor":26.0,"key":"Strawberry"},{"floor":31.0,"key":"Vajra"},{"floor":39.0,"key":"CaptainsWheel"},{"floor":41.0,"key":"Smiling Mask"},{"floor":43.0,"key":"Pantograph"}],"event_choices":[{"damage_healed":0.0,"max_hp_gain":0.0,"max_hp_loss":0.0,"gold_gain":0.0,"event_name":"The Cleric","player_choice":"Leave","floor":3.0,"gold_loss":0.0,"damage_taken":0.0},{"damage_healed":0.0,"max_hp_gain":0.0,"max_hp_loss":0.0,"gold_gain":0.0,"event_name":"WeMeetAgain","player_choice":"Gave Potion","floor":4.0,"gold_loss":0.0,"damage_taken":0.0,"relics_obtained":["Singing Bowl"]},{"damage_healed":0.0,"max_hp_gain":0.0,"max_hp_loss":0.0,"gold_gain":0.0,"event_name":"The Library","player_choice":"Read","floor":19.0,"gold_loss":0.0,"damage_taken":0.0,"cards_obtained":["RobotSpaceExplorer:MiniDrones"]},{"damage_healed":0.0,"max_hp_gain":5.0,"max_hp_loss":0.0,"gold_gain":0.0,"event_name":"Forgotten Altar","player_choice":"Shed Blood","floor":20.0,"gold_loss":0.0,"damage_taken":23.0},{"damage_healed":0.0,"max_hp_gain":0.0,"max_hp_loss":0.0,"gold_gain":0.0,"event_name":"Beggar","player_choice":"Ignored","floor":25.0,"gold_loss":0.0,"damage_taken":0.0},{"damage_healed":0.0,"max_hp_gain":0.0,"max_hp_loss":0.0,"gold_gain":0.0,"event_name":"Back to Basics","player_choice":"Simplicity","floor":30.0,"gold_loss":0.0,"damage_taken":0.0,"cards_upgraded":["RobotSpaceExplorer:Strike","RobotSpaceExplorer:Strike","RobotSpaceExplorer:Strike","RobotSpaceExplorer:Strike","RobotSpaceExplorer:Defend","RobotSpaceExplorer:Defend","RobotSpaceExplorer:Defend","RobotSpaceExplorer:Defend"]},{"cards_removed":["RobotSpaceExplorer:PowerGlove"],"damage_healed":0.0,"max_hp_gain":0.0,"max_hp_loss":0.0,"gold_gain":0.0,"event_name":"Falling","player_choice":"Removed Power","floor":36.0,"gold_loss":0.0,"damage_taken":0.0},{"damage_healed":0.0,"max_hp_gain":0.0,"max_hp_loss":0.0,"gold_gain":0.0,"event_name":"MindBloom","player_choice":"Fight","floor":39.0,"gold_loss":0.0,"damage_taken":0.0}],"is_beta":false,"boss_relics":[{"not_picked":["Pandora\u0027s Box","Calling Bell"],"picked":"Philosopher\u0027s Stone"},{"not_picked":["Fusion Hammer","RobotSpaceExplorer:SearchSpecs"],"picked":"Cursed Key"}],"items_purged_floors":[],"is_endless":false,"potions_floor_spawned":[1,5,13,14,16,21,23,28,38,39,46,47],"killed_by":"Nemesis","ascension_level":0}}