{"host":"h5acbxt0wmjo1kpm","time":1608077697,"event":{"mods":["2.2 Compatiblity","Act Like it!","AlwaysNeverKeys","Aspiration","Bartender","BaseMod","Better Third Choice","Colored Map","Downfall","Elementarium","Gensokyo","GifTheSpireLib","Hallownest","Marisa????????","Minty Spire (QoL Compilation)","Permanent Neow","Potionbrewer","Relic Filter","Replay The Spire","Robot Space Explorer","RumiaBox-????????","Shade Mod","Spicy Shops","StSLib","The Blackbeard","The Dragon Tamer","The Forsaken","The Gatherer","The Problem Sleuth","The Servant 0.9.4","Wandering Minibosses","vexMod"],"gold_per_floor":[111,127,137,147,147,247,247,266,266,281,281,65,65,96,96,175,175,189,189,209,113,113,132,132,154,154,154,174,174,174,209,134,177,102,188,188,217,240,304,331,359,359,359,274,199,232,232,261,146,171,171,257,257,289,8,8,8],"floor_reached":58,"playtime":5043,"items_purged":["hexamod:Strike","hexamod:Strike","hexamod:FifthSeal"],"score":2477,"play_id":"8c123578-f56c-4815-bcea-bc2638badd94","local_time":"20201215161457","is_ascension_mode":true,"campfire_choices":[{"data":"hexamod:CatchUp","floor":5.0,"key":"SMITH"},{"data":"hexamod:NecessarySacrifice","floor":15.0,"key":"SMITH"},{"data":"Replay:SS_hec_1","floor":22,"key":"SMITH"},{"floor":32,"key":"RECALL"},{"floor":34,"key":"DIG"},{"floor":42,"key":"DIG"},{"floor":45,"key":"DIG"},{"floor":47,"key":"DIG"},{"floor":51,"key":"DIG"},{"floor":56,"key":"DIG"}],"circlet_count":0,"master_deck":["AscendersBane","hexamod:Strike+1","hexamod:Strike","hexamod:Defend","hexamod:Defend+1","hexamod:Defend","hexamod:Defend","hexamod:Sear+1","hexamod:Float","expansioncontent:BronzeBeam","hexamod:FastForward+1","hexamod:RainOfEmbers","hexamod:Hexaguard+1","hexamod:CatchUp+1","hexamod:NecessarySacrifice+1","hexamod:TimeWarp+1","hexamod:FastForward","hexamod:PhantomFireball+1","hexamod:Hexaguard+1","hexamod:Hexaguard+1","Replay:SS_hec_1+1","hexamod:FirstSeal","hexamod:StepThrough","hexamod:FifthSeal","hexamod:GiftsFromTheDead+1","hexamod:FifthSeal","hexamod:FirstSeal","hexamod:FifthSeal","hexamod:FifthSeal","hexamod:FourthSeal","hexamod:PhantomFireball","hexamod:TimeOfNeed+1","hexamod:ParanormalForm+1","hexamod:FifthSeal","hexamod:Hexaguard+1","hexamod:FirstSeal","hexamod:SpectersWail+1","Hallownest:skillKingdomsEdgeMap+1","hexamod:WildfireWeapon+1","hexamod:RecurringNightmare+1","hexamod:UnleashSpirits+1"],"relics":["hexamod:SpiritBrand","aspiration:DSix","downfall:ShatteredFragment","Membership Card","Mirror","Snecko Heart","Golden Egg","hexamod:TheBrokenSeal","Nilry\u0027s Codex","Shovel","SecretRecord","downfall:HeartBlessingGreen","hexamod:CandleOfCauterizing","downfall:HeartBlessingRed","GodSword1","Fusion Hammer","theForsaken:Lifeblossom","hexamod:MatchstickCase","downfall:HeartBlessingBlue","Nunchaku","aspiration:StickyExplosives_weak","MawBank","Replay:Bottled Eggs","Torii","Toolbox","Bronze Scales","aspiration:StickyExplosives","GodSword4","MagicDraw3","GodSword6","hexamod:TheBrokenSeal"],"acts_visited":["Exordium","TheCity","Hallownest:KingdomsEdge","TheEnding"],"potions_floor_usage":[18,21,25,31,31,33,38,40,41,41,48,49,54,54,57],"damage_taken":[{"damage":0.0,"enemies":"Cultist","floor":1.0,"turns":3.0},{"damage":0.0,"enemies":"Small Slimes","floor":2.0,"turns":3.0},{"damage":3.0,"enemies":"2 Louse","floor":3.0,"turns":2.0},{"damage":12.0,"enemies":"Large Slime","floor":4.0,"turns":7.0},{"damage":1.0,"enemies":"Exordium Wildlife","floor":8.0,"turns":3.0},{"damage":2.0,"enemies":"Blue Slaver","floor":10.0,"turns":4.0},{"damage":4.0,"enemies":"downfall:FleeingMerchant","floor":12.0,"turns":6.0},{"damage":2.0,"enemies":"Lagavulin","floor":14.0,"turns":5.0},{"damage":25.0,"enemies":"downfall:Silent","floor":16.0,"turns":8.0},{"damage":40,"enemies":"3 Byrds","floor":18,"turns":6},{"damage":0,"enemies":"Spheric Guardian","floor":20,"turns":4},{"damage":0,"enemies":"downfall:FleeingMerchant","floor":21,"turns":4},{"damage":21,"enemies":"Snecko","floor":23,"turns":6},{"damage":8,"enemies":"Shelled Parasite and Fungi","floor":25,"turns":6},{"damage":10,"enemies":"Centurion and Healer","floor":28,"turns":6},{"damage":31,"enemies":"Slavers","floor":31,"turns":6},{"damage":2,"enemies":"Gremlin Leader","floor":33,"turns":6},{"damage":9,"enemies":"downfall:Defect","floor":35,"turns":8},{"damage":2,"enemies":"Hallownest:Shield_Heavy","floor":37,"turns":4},{"damage":33,"enemies":"Hallownest:3_Siblings","floor":38,"turns":9},{"damage":19,"enemies":"Hallownest:Slobbering_and_Violent","floor":40,"turns":7},{"damage":25,"enemies":"Hallownest:StalkingDevout","floor":41,"turns":6},{"damage":7,"enemies":"Hallownest:eliteCollector","floor":46,"turns":7},{"damage":0,"enemies":"Hallownest:Xero_Hu_Marmu","floor":48,"turns":3},{"damage":0,"enemies":"downfall:FleeingMerchant","floor":49,"turns":4},{"damage":14,"enemies":"Hallownest:Shield_Sturdy","floor":50,"turns":6},{"damage":0,"enemies":"downfall:Watcher","floor":52,"turns":5},{"damage":2,"enemies":"downfall:CharBossMerchant","floor":54,"turns":7},{"damage":9,"enemies":"downfall:NeowBoss","floor":57,"turns":15}],"seed_played":"8952749541031194258","potions_obtained":[{"floor":3.0,"key":"champ:CounterPotion"},{"floor":8.0,"key":"LifebloodPotion"},{"floor":14.0,"key":"SteroidPotion"},{"floor":16.0,"key":"BlessingOfTheForge"},{"floor":20,"key":"hexamod:EctoCoolerPotion"},{"floor":23,"key":"potionbrewer:HastePotion"},{"floor":25,"key":"champ:CounterPotion"},{"floor":28,"key":"potionbrewer:CleansingPotion"},{"floor":31,"key":"SkillPotion"},{"floor":33,"key":"hexamod:InfernoChargePotion"},{"floor":35,"key":"FearPotion"},{"floor":38,"key":"PowerPotion"},{"floor":40,"key":"potionbrewer:ToxicPotion"},{"floor":41,"key":"LiquidBronze"},{"floor":46,"key":"potionbrewer:HastePotion"},{"floor":48,"key":"CultistPotion"},{"floor":49,"key":"potionbrewer:AcidPotion"},{"floor":52,"key":"potionbrewer:EndurancePotion"},{"floor":54,"key":"SneckoOil"},{"floor":54,"key":"Venom Potion"}],"is_trial":false,"path_per_floor":["R_BF","M","M","M","R","?","T","M","?","M","?","$","?","E","R","B",null,"R_BF","?","M","$","R","M","T","M","PTL","PTL","M","?","T","E","R","E","R","B",null,"M","M","?","M","E","R","T","?","R","E","R","M","$","M","R","B",null,"E","$","R","B",null],"character_chosen":"THE_SPIRIT","items_purchased":["Membership Card","Fruit Juice","Replay:SS_hec_1","Replay:Bottled Eggs","Torii","Toolbox","GodSword4","MagicDraw3","Adrenaline Potion"],"campfire_rested":0,"item_purchase_floors":[12,12,21,49,49,49,55,55,55],"current_hp_per_floor":[57,57,54,42,42,42,42,41,41,39,18,14,35,33,33,13,54,14,36,43,50,50,36,36,78,78,78,78,62,62,38,38,60,60,59,73,71,62,43,48,47,47,47,47,57,88,88,88,88,88,88,88,88,88,88,88,98],"gold":8,"neow_bonus":"RANDOM_COLORLESS","is_daily":false,"chose_seed":false,"campfire_upgraded":3,"win_rate":0.0,"timestamp":1608077697,"path_taken":["R_BF","M","M","M","R","?","T","M","?","?","?","$","?","E","R","BOSS","R_BF","?","M","$","R","M","T","M","PTL","PTL","M","?","?","E","R","E","R","BOSS","M","M","?","M","E","R","T","?","R","E","R","?","$","M","R","BOSS","E","$","R","BOSS"],"items_purchased_type":["Relic","Potion","Card","Relic","Relic","Relic","Relic","Relic","Potion"],"build_version":"2020-12-13","purchased_purges":3,"victory":true,"max_hp_per_floor":[63,63,63,63,63,63,63,63,63,63,63,63,63,63,63,68,68,68,68,68,68,68,68,68,78,78,78,78,78,78,78,78,78,78,78,78,78,78,78,78,78,78,78,78,88,88,88,88,88,88,88,88,88,88,88,88,98],"card_choices":[{"not_picked":["vexMod:EmailVexCard","Deep Breath"],"picked":"expansioncontent:BronzeBeam","floor":0.0},{"not_picked":["hexamod:Again","hexamod:HauntingEcho"],"picked":"hexamod:FastForward","floor":1.0},{"not_picked":["hexamod:GhostLash","hexamod:NightmareGuise"],"picked":"hexamod:RainOfEmbers","floor":2.0},{"not_picked":["hexamod:SwordOfDarkness","hexamod:SpectralAdrenaline"],"picked":"hexamod:Hexaguard","floor":3.0},{"not_picked":["hexamod:SpectersWail","hexamod:RainOfEmbers"],"picked":"hexamod:CatchUp","floor":4.0},{"not_picked":["hexamod:ApocalypseNow","hexamod:ThermalTransfer"],"picked":"hexamod:NecessarySacrifice","floor":8.0},{"not_picked":["hexamod:NightmareGuise","hexamod:Firestarter"],"picked":"hexamod:FastForward","floor":10.0},{"not_picked":["hexamod:Rewind","hexamod:GhostShield"],"picked":"hexamod:PhantomFireball","floor":12.0},{"not_picked":["hexamod:AdvancingGuard","hexamod:ApocalypseNow"],"picked":"hexamod:SixthSeal","floor":14.0},{"not_picked":["hexamod:UnlimitedPower","hexamod:WildfireWeapon"],"picked":"hexamod:FifthSeal","floor":16.0},{"not_picked":["hexamod:ThirdSeal","hexamod:FourthSeal"],"picked":"hexamod:FirstSeal","floor":18},{"not_picked":["hexamod:FastForward","hexamod:AdvancingGuard"],"picked":"hexamod:Hexaguard+1","floor":18},{"not_picked":["hexamod:FirstSeal","hexamod:SecondSeal"],"picked":"hexamod:FifthSeal","floor":20},{"not_picked":["hexamod:GhostOfSpireFuture","hexamod:RetreatToShadows"],"picked":"hexamod:Hexaguard","floor":20},{"not_picked":["hexamod:FirstSeal","hexamod:SecondSeal"],"picked":"hexamod:FourthSeal","floor":21},{"not_picked":["hexamod:FourthSeal","hexamod:FirstSeal"],"picked":"hexamod:FifthSeal","floor":21},{"not_picked":["hexamod:AdvancingGuard","hexamod:FastForward"],"picked":"hexamod:ThirdSeal","floor":21},{"not_picked":["hexamod:ThirdSeal","hexamod:FifthSeal"],"picked":"hexamod:FirstSeal","floor":23},{"not_picked":["hexamod:FirstSeal","hexamod:ThirdSeal"],"picked":"hexamod:SecondSeal","floor":23},{"not_picked":["hexamod:NightmareStrike","hexamod:RainOfEmbers"],"picked":"hexamod:FirstSeal","floor":23},{"not_picked":["hexamod:RetreatToShadows","hexamod:InspiringFlames"],"picked":"hexamod:StepThrough","floor":23},{"not_picked":["hexamod:ThirdSeal","hexamod:FourthSeal"],"picked":"hexamod:FifthSeal","floor":25},{"not_picked":["hexamod:RetreatToShadows","hexamod:Firestarter"],"picked":"hexamod:GiftsFromTheDead","floor":25},{"not_picked":["hexamod:FirstSeal","hexamod:SecondSeal"],"picked":"hexamod:FourthSeal","floor":28},{"not_picked":["hexamod:FourthSeal","hexamod:FirstSeal"],"picked":"hexamod:FifthSeal","floor":28},{"not_picked":["hexamod:ThermalTransfer","hexamod:GhostOfSpireFuture"],"picked":"hexamod:SecondSeal","floor":28},{"not_picked":["hexamod:FourthSeal","hexamod:FifthSeal"],"picked":"hexamod:FirstSeal","floor":31},{"not_picked":["hexamod:FifthSeal","hexamod:SecondSeal"],"picked":"hexamod:ThirdSeal","floor":31},{"not_picked":["hexamod:ThirdSeal","hexamod:FirstSeal"],"picked":"hexamod:FifthSeal","floor":31},{"not_picked":["hexamod:GhostLash","hexamod:ExtraCrispy","hexamod:ApocalypseNow"],"picked":"SKIP","floor":31},{"not_picked":["hexamod:SecondSeal","hexamod:FourthSeal"],"picked":"hexamod:FifthSeal","floor":33},{"not_picked":["hexamod:ThirdSeal","hexamod:FirstSeal"],"picked":"hexamod:FourthSeal","floor":33},{"not_picked":["hexamod:Rewind","hexamod:AdvancingGuard"],"picked":"hexamod:PhantomFireball","floor":33},{"not_picked":["hexamod:ThermalTransfer","hexamod:GhostOfSpireFuture","hexamod:FastForward"],"picked":"SKIP","floor":33},{"not_picked":["hexamod:FourthSeal","hexamod:ThirdSeal","hexamod:SecondSeal"],"picked":"SKIP","floor":33},{"not_picked":["hexamod:TimeWarp","hexamod:ApocalypticArmor"],"picked":"hexamod:TimeOfNeed","floor":35},{"not_picked":["hexamod:GhostflameInferno","hexamod:GiftsFromTheDead"],"picked":"hexamod:ParanormalForm","floor":35},{"not_picked":["hexamod:SecondSeal","hexamod:FirstSeal"],"picked":"hexamod:FifthSeal","floor":35},{"not_picked":["hexamod:ThirdSeal","hexamod:FirstSeal","hexamod:FifthSeal"],"picked":"SKIP","floor":37},{"not_picked":["hexamod:FifthSeal","hexamod:FirstSeal","hexamod:ThirdSeal"],"picked":"SKIP","floor":37},{"not_picked":["hexamod:NightmareGuise","hexamod:PhantomCloak","hexamod:SwordOfDarkness"],"picked":"SKIP","floor":37},{"not_picked":["hexamod:ThirdSeal","hexamod:FourthSeal","hexamod:FifthSeal"],"picked":"SKIP","floor":38},{"not_picked":["hexamod:SecondSeal","hexamod:FifthSeal","hexamod:ThirdSeal"],"picked":"SKIP","floor":38},{"not_picked":["hexamod:FourthSeal","hexamod:ThirdSeal","hexamod:FifthSeal"],"picked":"SKIP","floor":38},{"not_picked":["hexamod:ThirdSeal","hexamod:FirstSeal","hexamod:SecondSeal"],"picked":"SKIP","floor":38},{"not_picked":["hexamod:FirstSeal","hexamod:ThirdSeal","hexamod:FourthSeal"],"picked":"SKIP","floor":38},{"not_picked":["hexamod:FifthSeal","hexamod:FirstSeal","hexamod:FourthSeal"],"picked":"SKIP","floor":38},{"not_picked":["hexamod:ExtraCrispy+1","hexamod:TurnItUp","hexamod:AdvancingGuard"],"picked":"SKIP","floor":38},{"not_picked":["hexamod:ThirdSeal","hexamod:GhostOfSpireFuture","hexamod:NightmareGuise"],"picked":"SKIP","floor":38},{"not_picked":["hexamod:AdvancingGuard","hexamod:RainOfEmbers"],"picked":"hexamod:Hexaguard","floor":40},{"not_picked":["hexamod:FourthSeal","hexamod:FifthSeal"],"picked":"hexamod:FirstSeal","floor":40},{"not_picked":["hexamod:FifthSeal","hexamod:SecondSeal","hexamod:FourthSeal"],"picked":"SKIP","floor":40},{"not_picked":["hexamod:FirstSeal","hexamod:FourthSeal","hexamod:ThirdSeal"],"picked":"SKIP","floor":40},{"not_picked":["hexamod:FourthSeal","hexamod:FifthSeal","hexamod:ThirdSeal"],"picked":"SKIP","floor":40},{"not_picked":["hexamod:FirstSeal","hexamod:FifthSeal","hexamod:ThirdSeal"],"picked":"SKIP","floor":40},{"not_picked":["hexamod:FirstSeal","hexamod:SecondSeal","hexamod:FifthSeal"],"picked":"SKIP","floor":40},{"not_picked":["hexamod:FirstSeal","hexamod:ShieldOfDarkness+1","hexamod:EmpoweredFlame+1"],"picked":"SKIP","floor":40},{"not_picked":["hexamod:Hexaguard","hexamod:PhantomFireball"],"picked":"hexamod:SpectersWail+1","floor":41},{"not_picked":["hexamod:FifthSeal","hexamod:ThirdSeal","hexamod:FourthSeal"],"picked":"SKIP","floor":41},{"not_picked":["hexamod:ThirdSeal","hexamod:FifthSeal","hexamod:FirstSeal"],"picked":"SKIP","floor":41},{"not_picked":["hexamod:FifthSeal","hexamod:SecondSeal","hexamod:ThirdSeal"],"picked":"SKIP","floor":41},{"not_picked":["hexamod:FourthSeal","hexamod:ThirdSeal","hexamod:SecondSeal"],"picked":"SKIP","floor":41},{"not_picked":["hexamod:SecondSeal","hexamod:TimeOfNeed"],"picked":"hexamod:WildfireWeapon","floor":46},{"not_picked":["hexamod:FourthSeal","hexamod:FifthSeal","hexamod:ThirdSeal"],"picked":"SKIP","floor":46},{"not_picked":["hexamod:ThirdSeal","hexamod:FourthSeal","hexamod:FirstSeal"],"picked":"SKIP","floor":46},{"not_picked":["hexamod:ThirdSeal","hexamod:FifthSeal","hexamod:FourthSeal"],"picked":"SKIP","floor":46},{"not_picked":["hexamod:ThirdSeal","hexamod:FirstSeal","hexamod:FourthSeal"],"picked":"SKIP","floor":46},{"not_picked":["hexamod:FifthSeal","hexamod:SecondSeal","hexamod:FirstSeal"],"picked":"SKIP","floor":46},{"not_picked":["hexamod:HauntingEcho+1","hexamod:ShieldOfDarkness","hexamod:ChargedBarrage"],"picked":"SKIP","floor":46},{"not_picked":["hexamod:NightmareGuise","hexamod:SpectralAdrenaline"],"picked":"hexamod:RecurringNightmare+1","floor":48},{"not_picked":["hexamod:FifthSeal","hexamod:SecondSeal","hexamod:FirstSeal"],"picked":"SKIP","floor":48},{"not_picked":["hexamod:SecondSeal","hexamod:ThirdSeal","hexamod:FifthSeal"],"picked":"SKIP","floor":48},{"not_picked":["hexamod:FourthSeal","hexamod:FifthSeal","hexamod:SecondSeal"],"picked":"SKIP","floor":48},{"not_picked":["hexamod:FifthSeal","hexamod:FirstSeal","hexamod:ThirdSeal"],"picked":"SKIP","floor":49},{"not_picked":["hexamod:FifthSeal","hexamod:FirstSeal","hexamod:SecondSeal"],"picked":"SKIP","floor":49},{"not_picked":["hexamod:ThirdSeal","hexamod:TurnItUp","hexamod:CrushingStance"],"picked":"SKIP","floor":49},{"not_picked":["hexamod:ThirdSeal","hexamod:FourthSeal","hexamod:FifthSeal"],"picked":"SKIP","floor":50},{"not_picked":["hexamod:FirstSeal","hexamod:FourthSeal","hexamod:SecondSeal"],"picked":"SKIP","floor":50},{"not_picked":["hexamod:FifthSeal","hexamod:ThirdSeal","hexamod:FirstSeal"],"picked":"SKIP","floor":50},{"not_picked":["hexamod:FirstSeal","hexamod:HauntingEcho","hexamod:HeatMetal"],"picked":"SKIP","floor":50},{"not_picked":["hexamod:SearingWound","hexamod:CrushingStance"],"picked":"hexamod:UnleashSpirits","floor":52},{"not_picked":["hexamod:TimeWarp","hexamod:TimeOfNeed"],"picked":"hexamod:SixthSeal","floor":52},{"not_picked":["hexamod:SecondSeal","hexamod:FirstSeal","hexamod:FourthSeal"],"picked":"SKIP","floor":54},{"not_picked":["hexamod:FirstSeal","hexamod:FourthSeal","hexamod:FifthSeal"],"picked":"SKIP","floor":54},{"not_picked":["hexamod:FourthSeal","hexamod:SecondSeal","hexamod:ThirdSeal"],"picked":"SKIP","floor":54},{"not_picked":["hexamod:ThirdSeal","hexamod:FifthSeal","hexamod:FirstSeal"],"picked":"SKIP","floor":54},{"not_picked":["hexamod:InspiringFlames+1","hexamod:SecondSeal","hexamod:ShieldOfDarkness"],"picked":"SKIP","floor":54}],"player_experience":2262658,"relics_obtained":[{"floor":7.0,"key":"aspiration:DSix"},{"floor":14.0,"key":"Mirror"},{"floor":24,"key":"Golden Egg"},{"floor":29,"key":"Nilry\u0027s Codex"},{"floor":30,"key":"Shovel"},{"floor":31,"key":"SecretRecord"},{"floor":33,"key":"hexamod:CandleOfCauterizing"},{"floor":34,"key":"GodSword1"},{"floor":41,"key":"theForsaken:Lifeblossom"},{"floor":42,"key":"hexamod:MatchstickCase"},{"floor":45,"key":"Nunchaku"},{"floor":46,"key":"aspiration:StickyExplosives_weak"},{"floor":47,"key":"MawBank"},{"floor":51,"key":"Bronze Scales"},{"floor":54,"key":"aspiration:StickyExplosives"},{"floor":56,"key":"GodSword6"}],"event_choices":[{"damage_healed":21.0,"max_hp_gain":0.0,"max_hp_loss":0.0,"gold_gain":0.0,"event_name":"Big Fish","player_choice":"Banana","floor":13.0,"gold_loss":0.0,"damage_taken":0.0},{"damage_healed":22,"gold_gain":0,"player_choice":"Heal","damage_taken":0,"max_hp_gain":0,"max_hp_loss":0,"event_name":"The Library","floor":19,"gold_loss":0}],"is_beta":false,"boss_relics":[{"not_picked":["aspiration:ServantSkillbook","ChewingGum"],"picked":"Snecko Heart"},{"not_picked":["aspiration:PoetsPen","SoulBox"],"picked":"Fusion Hammer"}],"items_purged_floors":[21,49,49],"is_endless":false,"potions_floor_spawned":[3,8,14,16,20,25,28],"ascension_level":14}}