{"host":"m6aaltr68g9tvoay","time":1608088101,"event":{"mods":["AchievementEnabler","BaseMod","Colored Map","Minty Spire (QoL Compilation)","StSLib"],"gold_per_floor":[110,30,30,30,30,62,62,87,113,113,72,106,128,152,164,176,176],"floor_reached":16,"playtime":441,"items_purged":[],"score":349,"play_id":"43d9c6cf-cd20-407d-9d8d-3175ac18ebc8","local_time":"20201215190821","is_ascension_mode":true,"campfire_choices":[{"data":"Accuracy","floor":10.0,"key":"SMITH"},{"floor":15.0,"key":"REST"}],"circlet_count":0,"master_deck":["AscendersBane","Strike_G","Strike_G","Strike_G","Strike_G","Strike_G","Defend_G","Defend_G","Defend_G","Defend_G","Survivor","Neutralize","Cloak And Dagger","Accuracy+1","Tools of the Trade","Noxious Fumes","Crippling Poison","PiercingWail","Catalyst"],"relics":["Ring of the Snake","NeowsBlessing","Omamori","Mango","Strawberry","MawBank"],"acts_visited":["Exordium"],"potions_floor_usage":[16,16],"damage_taken":[{"damage":0.0,"enemies":"Small Slimes","floor":1.0,"turns":1.0},{"damage":0.0,"enemies":"Lagavulin","floor":6.0,"turns":1.0},{"damage":0.0,"enemies":"Gremlin Nob","floor":8.0,"turns":1.0},{"damage":53.0,"enemies":"Lagavulin","floor":12.0,"turns":7.0},{"damage":3.0,"enemies":"Jaw Worm","floor":13.0,"turns":5.0},{"damage":1.0,"enemies":"2 Louse","floor":14.0,"turns":3.0},{"damage":56,"enemies":"Slime Boss","floor":16,"turns":10}],"seed_played":"-256661498966385453","potions_obtained":[{"floor":6.0,"key":"DistilledChaos"},{"floor":8.0,"key":"ColorlessPotion"},{"floor":12.0,"key":"EntropicBrew"},{"floor":14.0,"key":"Dexterity Potion"}],"is_trial":false,"path_per_floor":["M","$","?","?","$","E","$","E","T","R","?","E","M","M","R","B"],"character_chosen":"THE_SILENT","items_purchased":["Accuracy"],"campfire_rested":1,"item_purchase_floors":[2],"current_hp_per_floor":[59,59,59,59,59,59,59,73,80,80,80,27,24,23,49,0,0],"gold":176,"neow_bonus":"THREE_ENEMY_KILL","is_daily":false,"chose_seed":false,"campfire_upgraded":1,"win_rate":0.0,"timestamp":1608088101,"path_taken":["M","$","?","?","?","E","$","E","T","R","?","E","M","?","R","BOSS"],"items_purchased_type":["Card"],"build_version":"2020-12-13","purchased_purges":0,"victory":false,"max_hp_per_floor":[66,66,66,66,66,66,66,80,87,87,87,87,87,87,87,87,87],"card_choices":[{"not_picked":["PiercingWail","All Out Attack"],"picked":"Cloak And Dagger","floor":1.0},{"not_picked":["Underhanded Strike","Riddle With Holes"],"picked":"Noxious Fumes","floor":6.0},{"not_picked":["Acrobatics","Prepared","Terror"],"picked":"SKIP","floor":8.0},{"not_picked":["Escape Plan","Accuracy"],"picked":"Crippling Poison","floor":12.0},{"not_picked":["Bane","Reflex"],"picked":"PiercingWail","floor":13.0},{"not_picked":["Outmaneuver","Prepared"],"picked":"Catalyst","floor":14.0}],"player_experience":1240534,"relics_obtained":[{"floor":6.0,"key":"Omamori"},{"floor":8.0,"key":"Mango"},{"floor":9.0,"key":"Strawberry"},{"floor":12.0,"key":"MawBank"}],"event_choices":[{"damage_healed":0.0,"max_hp_gain":0.0,"max_hp_loss":0.0,"gold_gain":0.0,"event_name":"Golden Wing","player_choice":"Ignored","floor":3.0,"gold_loss":0.0,"damage_taken":0.0},{"damage_healed":0.0,"max_hp_gain":0.0,"max_hp_loss":0.0,"gold_gain":0.0,"cards_transformed":["Defend_G"],"event_name":"Living Wall","player_choice":"Change","floor":4.0,"gold_loss":0.0,"damage_taken":0.0,"cards_obtained":["Tools of the Trade"]},{"damage_healed":0.0,"max_hp_gain":0.0,"max_hp_loss":0.0,"gold_gain":0.0,"event_name":"World of Goop","player_choice":"Left Gold","floor":11.0,"gold_loss":41.0,"damage_taken":0.0}],"is_beta":false,"boss_relics":[],"items_purged_floors":[],"is_endless":false,"potions_floor_spawned":[6,8,12,14],"killed_by":"Slime Boss","ascension_level":19}}