{"host":"cr9rpoy6dx9riis3","time":1608147943,"event":{"mods":["AchievementEnabler","BaseMod","Better Altar","Better Note","Better Sensory Stone","Better Skull","Better Third Choice","Better-Laid Plans","BetterRewards","Block Reminder","Curses Come First","Displayed Cursed Tome","Emptier Cage","Marked Mod","Minty Spire (QoL Compilation)","Permanent Neow","Relic Sorter","StSLib","The Blue Laboratory","Transform Curses"],"gold_per_floor":[110,60,60,76,76,76,109,18,43,55,74,92,123,140,140,242,242,259,277,291,0,0,0,10,10,37,37,37,37],"floor_reached":28,"playtime":1090,"items_purged":[],"score":380,"play_id":"a4346bea-7e25-4507-a525-2b9c231f67d2","local_time":"20201216204543","is_ascension_mode":true,"campfire_choices":[{"data":"Uppercut","floor":6.0,"key":"SMITH"},{"floor":15.0,"key":"REST"},{"data":"Reaper","floor":23,"key":"SMITH"},{"floor":27,"key":"REST"}],"circlet_count":0,"master_deck":["Strike_R","Strike_R","Strike_R","Strike_R","Defend_R","Defend_R","Defend_R","Defend_R","Bash","Uppercut+1","Sadistic Nature+1","Trip","Flame Barrier","Intimidate","Reaper+1","CurseOfTheBell","Spot Weakness","Shockwave","Inflame","Bash"],"relics":["Burning Blood","Torii","PreservedInsect","HandDrill","Sundial","Pen Nib","Nunchaku"],"acts_visited":["Exordium","TheCity"],"potions_floor_usage":[16,24,24],"damage_taken":[{"damage":0.0,"enemies":"Small Slimes","floor":1.0,"turns":2.0},{"damage":5.0,"enemies":"Jaw Worm","floor":4.0,"turns":5.0},{"damage":25.0,"enemies":"3 Sentries","floor":7.0,"turns":5.0},{"damage":0.0,"enemies":"Cultist","floor":10.0,"turns":2.0},{"damage":1.0,"enemies":"Large Slime","floor":11.0,"turns":6.0},{"damage":6.0,"enemies":"Looter","floor":12.0,"turns":3.0},{"damage":27.0,"enemies":"Lagavulin","floor":13.0,"turns":5.0},{"damage":18.0,"enemies":"3 Louse","floor":14.0,"turns":3.0},{"damage":49,"enemies":"The Guardian","floor":16,"turns":11},{"damage":55,"enemies":"Spheric Guardian","floor":18,"turns":6},{"damage":14,"enemies":"Chosen","floor":19,"turns":5},{"damage":15,"enemies":"Snecko","floor":20,"turns":5},{"damage":34,"enemies":"Snake Plant","floor":24,"turns":5},{"damage":46,"enemies":"Chosen and Byrds","floor":28,"turns":6}],"seed_played":"-1333108833081699755","potions_obtained":[{"floor":4.0,"key":"PowerPotion"},{"floor":10.0,"key":"blueLaboratory:BottledHope"},{"floor":14.0,"key":"SteroidPotion"},{"floor":16,"key":"blueLaboratory:BottleOfVodka"},{"floor":18,"key":"blueLaboratory:BottleOfVodka"}],"is_trial":false,"path_per_floor":["M","?","$","M","?","R","E","$","T","M","M","M","E","M","R","B",null,"M","M","M","$","?","R","M","?","T","R","M"],"character_chosen":"IRONCLAD","items_purchased":["Uppercut","Sadistic Nature","Trip","HandDrill","PreservedInsect"],"campfire_rested":2,"item_purchase_floors":[0,0,8,21,21],"current_hp_per_floor":[72,72,72,73,73,73,54,54,54,60,65,65,44,32,56,13,80,31,29,26,26,26,26,8,8,8,32,0,0],"gold":37,"neow_bonus":"","is_daily":false,"chose_seed":false,"campfire_upgraded":2,"win_rate":0.0,"timestamp":1608147943,"path_taken":["M","?","$","M","?","R","E","?","T","M","M","M","E","?","R","BOSS","M","M","M","$","?","R","M","?","T","R","M"],"items_purchased_type":["Card","Card","Card","Relic","Relic"],"build_version":"2020-12-13","purchased_purges":0,"victory":false,"max_hp_per_floor":[80,80,80,80,80,80,80,80,80,80,80,80,80,80,80,80,80,80,80,80,80,80,80,80,80,80,80,80,80],"card_choices":[{"not_picked":["Cleave","Flex","Clash"],"picked":"SKIP","floor":1.0},{"not_picked":["Armaments","True Grit","Intimidate"],"picked":"SKIP","floor":4.0},{"not_picked":["Evolve","Twin Strike","Clothesline"],"picked":"SKIP","floor":7.0},{"not_picked":["Iron Wave","Headbutt"],"picked":"Flame Barrier","floor":10.0},{"not_picked":["Clothesline","Reckless Charge","Heavy Blade"],"picked":"SKIP","floor":11.0},{"not_picked":["Twin Strike","Carnage"],"picked":"Intimidate","floor":12.0},{"not_picked":["Corruption","Twin Strike","Battle Trance"],"picked":"SKIP","floor":13.0},{"not_picked":["Clothesline","Shrug It Off","Pummel"],"picked":"SKIP","floor":14.0},{"not_picked":["Offering","Brutality"],"picked":"Reaper","floor":16},{"not_picked":["Blood for Blood","Rampage"],"picked":"Spot Weakness","floor":18},{"not_picked":["Iron Wave+1","Whirlwind"],"picked":"Shockwave","floor":19},{"not_picked":["Combust","Pommel Strike"],"picked":"Inflame","floor":20},{"not_picked":["Battle Trance+1","Twin Strike","Perfected Strike+1"],"picked":"SKIP","floor":24}],"player_experience":717751,"relics_obtained":[{"floor":7.0,"key":"Ornamental Fan"},{"floor":17,"key":"Torii"},{"floor":17,"key":"Sundial"},{"floor":17,"key":"Pen Nib"},{"floor":26,"key":"Nunchaku"}],"event_choices":[{"cards_removed":["Strike_R"],"damage_healed":0.0,"max_hp_gain":0.0,"max_hp_loss":0.0,"gold_gain":0.0,"event_name":"The Cleric","player_choice":"Card Removal","floor":2.0,"gold_loss":50.0,"damage_taken":0.0},{"damage_healed":0.0,"max_hp_gain":0.0,"max_hp_loss":0.0,"gold_gain":0.0,"event_name":"Golden Idol","player_choice":"Ignored","floor":5.0,"gold_loss":0.0,"damage_taken":0.0},{"damage_healed":0,"gold_gain":0,"player_choice":"Forge","damage_taken":0,"max_hp_gain":0,"max_hp_loss":0,"event_name":"Accursed Blacksmith","floor":22,"gold_loss":0,"cards_upgraded":["Sadistic Nature"]},{"damage_healed":0,"gold_gain":0,"player_choice":"1 cards matched","damage_taken":0,"max_hp_gain":0,"max_hp_loss":0,"event_name":"Match and Keep!","floor":25,"gold_loss":0,"cards_obtained":["Bash"]}],"is_beta":false,"boss_relics":[{"not_picked":["Velvet Choker","Coffee Dripper"],"picked":"Calling Bell"}],"items_purged_floors":[],"is_endless":false,"potions_floor_spawned":[4,10,14,16,18,20],"killed_by":"Chosen and Byrds","ascension_level":3}}