{"host":"2pffx5rqbod9ds0c","time":1608082247,"event":{"mods":["BaseMod","Better Altar","Better Match","Better Note","Better Sensory Stone","Better Skull","Better Third Choice","Custom Start","Hubris","Minty Spire (QoL Compilation)","Quick Restart","Relic Stats","Robot Space Explorer","Spicy Shops","StSLib"],"gold_per_floor":[115,115,65,240,9148,9148,7831,7865,7919,7944,7956,7956,7991,8007,8007,8110,8110,8124,8034,7959,7969,7987,7987,6709,6736,6736,6736,6764,6777,6044,6072,6072,6170,6170,6190,4820,4837,4837,4855,4880,4026,4036,4036,4036,4036,4036,4064,4082,4082,4082],"floor_reached":51,"playtime":2257,"items_purged":["Doubt","Clumsy","RobotSpaceExplorer:Strike","RobotSpaceExplorer:Defend+1","RobotSpaceExplorer:Defend","RobotSpaceExplorer:MiniDrones","RobotSpaceExplorer:Defend","RobotSpaceExplorer:Defend+1"],"score":1023,"play_id":"48d29c2f-7ce6-4515-80ae-319a31e8c83c","local_time":"20201215173047","is_ascension_mode":true,"campfire_choices":[{"data":"RobotSpaceExplorer:ImprovisedAttack","floor":6.0,"key":"SMITH"},{"data":"RobotSpaceExplorer:FreezeRay","floor":12.0,"key":"SMITH"},{"data":"RobotSpaceExplorer:PowerGlove","floor":15.0,"key":"SMITH"},{"data":"Omniscience","floor":23.0,"key":"SMITH"},{"data":"Crescendo","floor":27.0,"key":"SMITH"},{"data":"RobotSpaceExplorer:FreezeRay","floor":32,"key":"SMITH"},{"floor":45,"key":"REST"},{"floor":49,"key":"RECALL"}],"circlet_count":0,"master_deck":["RobotSpaceExplorer:Scan+1","RobotSpaceExplorer:MiniLasers+1","RobotSpaceExplorer:ImprovisedAttack+1","Master of Strategy+1","RobotSpaceExplorer:GlueShot+1","RobotSpaceExplorer:FreezeRay+1","RobotSpaceExplorer:Smokescreen+1","RobotSpaceExplorer:PowerGlove+1","RobotSpaceExplorer:ImprovisedAttack+1","RobotSpaceExplorer:ShovelStrike+1","RobotSpaceExplorer:StunGrenade+1","Omniscience+1","RobotSpaceExplorer:TrailblazerForm+1","RobotSpaceExplorer:ChargingLaser+1","RobotSpaceExplorer:FreezeRay+1","Devotion+1","RobotSpaceExplorer:Arsenal+1","Master of Strategy+1","Madness+1"],"relics":["RobotSpaceExplorer:RoboCore","hubris:Towel","hubris:Reverence","Lantern","hubris:BottledRain","War Paint","Blood Vial","ClockworkSouvenir","hubris:DisguiseKit","Omamori","Blue Candle","Oddly Smooth Stone","hubris:TenFootPole","RobotSpaceExplorer:ClockworkSextant","hubris:CrystalStatue","Runic Dome","Vajra","Letter Opener","Lizard Tail","Bottled Tornado","Medical Kit","Mango","Toxic Egg 2","Turnip","Chemical X","hubris:BundleOfHerbs","PreservedInsect","hubris:SlimyHat","Bag of Preparation","RobotSpaceExplorer:Reprocessor","Art of War","InkBottle","Sling","TheAbacus","Bronze Scales","hubris:MysteriousPyramids","Mark of the Bloom","Thread and Needle","Membership Card","RobotSpaceExplorer:FoglandsKnife","hubris:ToyBattleship","RobotSpaceExplorer:BottledGravity","HandDrill","White Beast Statue","Gremlin Horn"],"acts_visited":["Exordium","TheCity","TheBeyond"],"potions_floor_usage":[50],"damage_taken":[{"damage":3.0,"enemies":"Jaw Worm","floor":1.0,"turns":4.0},{"damage":22.0,"enemies":"Lagavulin","floor":8.0,"turns":10.0},{"damage":16.0,"enemies":"Gremlin Nob","floor":10.0,"turns":5.0},{"damage":0.0,"enemies":"2 Louse","floor":11.0,"turns":1.0},{"damage":12.0,"enemies":"3 Sentries","floor":13.0,"turns":4.0},{"damage":0.0,"enemies":"Small Slimes","floor":14.0,"turns":2.0},{"damage":7.0,"enemies":"Hexaghost","floor":16.0,"turns":7.0},{"damage":0.0,"enemies":"Spheric Guardian","floor":18.0,"turns":4.0},{"damage":2.0,"enemies":"3 Byrds","floor":21.0,"turns":3.0},{"damage":3.0,"enemies":"Centurion and Healer","floor":22.0,"turns":2.0},{"damage":0.0,"enemies":"Gremlin Leader","floor":25.0,"turns":3.0},{"damage":17,"enemies":"Book of Stabbing","floor":28,"turns":4},{"damage":0,"enemies":"3 Cultists","floor":29,"turns":2},{"damage":0,"enemies":"Gremlin Leader","floor":31,"turns":2},{"damage":0,"enemies":"Automaton","floor":33,"turns":6},{"damage":12,"enemies":"3 Darklings","floor":35,"turns":3},{"damage":0,"enemies":"Orb Walker","floor":37,"turns":1},{"damage":0,"enemies":"Transient","floor":39,"turns":5},{"damage":7,"enemies":"Giant Head","floor":40,"turns":3},{"damage":0,"enemies":"4 Shapes","floor":42,"turns":1},{"damage":0,"enemies":"Nemesis","floor":47,"turns":1},{"damage":0,"enemies":"Writhing Mass","floor":48,"turns":1},{"damage":9,"enemies":"hubris:GrandSnecko","floor":50,"turns":3}],"seed_played":"-6714790630999975384","potions_obtained":[{"floor":11.0,"key":"RobotSpaceExplorer:PlasmaFlask"},{"floor":18.0,"key":"RobotSpaceExplorer:RecyclePotion"},{"floor":25.0,"key":"AttackPotion"}],"is_trial":false,"path_per_floor":["M","?","?","?","$","R","$","E","T","E","M","R","E","M","R","B",null,"M","?","?","M","M","R","$","E","T","R","E","M","$","E","R","B",null,"M","$","M","?","M","E","$","M","T","?","R","?","E","M","R","B",null],"character_chosen":"RobotSpaceExplorer","items_purchased":["hubris:Reverence","Lantern","hubris:BottledRain","War Paint","Master of Strategy","Blood Vial","ClockworkSouvenir","hubris:DisguiseKit","Omamori","Blue Candle","RobotSpaceExplorer:GlueShot","RobotSpaceExplorer:FreezeRay","RobotSpaceExplorer:Smokescreen","Vajra","Letter Opener","Lizard Tail","Bottled Tornado","Medical Kit","Chemical X","hubris:BundleOfHerbs","PreservedInsect","hubris:SlimyHat","Art of War","InkBottle","Sling","TheAbacus","Bronze Scales","RobotSpaceExplorer:Arsenal+1","hubris:MysteriousPyramids","Membership Card","RobotSpaceExplorer:FoglandsKnife","hubris:ToyBattleship","RobotSpaceExplorer:BottledGravity","HandDrill","White Beast Statue","Master of Strategy+1"],"campfire_rested":1,"item_purchase_floors":[5,5,5,5,5,7,7,7,7,7,7,7,7,24,24,24,24,24,30,30,30,30,36,36,36,36,36,36,36,41,41,41,41,41,41,41],"current_hp_per_floor":[72,72,72,72,72,72,72,52,52,38,40,40,30,32,32,27,75,75,75,75,73,72,72,72,88,88,88,72,74,74,76,76,78,89,77,77,79,79,79,72,72,72,72,64,64,64,64,64,64,55],"gold":4082,"neow_bonus":"THREE_CARDS","is_daily":false,"chose_seed":false,"campfire_upgraded":6,"win_rate":0.0,"timestamp":1608082247,"path_taken":["M","?","?","?","$","R","$","E","T","E","M","R","E","?","R","BOSS","M","?","?","M","M","R","$","E","T","R","E","M","$","E","R","BOSS","M","$","M","?","M","E","$","M","T","?","R","?","E","M","R","BOSS"],"items_purchased_type":["Relic","Relic","Relic","Relic","Card","Relic","Relic","Relic","Relic","Relic","Card","Card","Card","Relic","Relic","Relic","Relic","Relic","Relic","Relic","Relic","Relic","Relic","Relic","Relic","Relic","Relic","Card","Relic","Relic","Relic","Relic","Relic","Relic","Relic","Card"],"build_version":"2020-12-13","purchased_purges":8,"victory":true,"max_hp_per_floor":[75,75,75,75,75,75,75,75,75,75,75,75,75,75,75,75,75,75,75,75,75,75,75,75,89,89,89,89,89,89,89,89,89,89,89,89,89,89,89,89,89,89,89,89,89,85,85,85,85,85],"relic_stats":{"Mark of the Bloom":38,"Gremlin Horn":[1,1],"counters":[23,77],"Blue Candle":[0],"PreservedInsect":219,"Bag of Preparation":[19],"Letter Opener":[96],"War Paint":["RobotSpaceExplorer:Defend","RobotSpaceExplorer:Scan"],"Medical Kit":[1],"Blood Vial":25,"Lizard Tail":0,"TheAbacus":[42],"Bronze Scales":[18],"Turnip":[0],"Art of War":[0],"HandDrill":[20],"Chemical X":[8],"obtain_stats":[{"RobotSpaceExplorer:ClockworkSextant":10,"Lantern":5,"Mark of the Bloom":38,"hubris:CrystalStatue":13,"Gremlin Horn":47,"Vajra":24,"Mango":25,"hubris:SlimyHat":30,"Bag of Preparation":31,"Bottled Tornado":24,"hubris:MysteriousPyramids":36,"Sling":36,"ClockworkSouvenir":7,"Blood Vial":7,"Lizard Tail":24,"TheAbacus":36,"RobotSpaceExplorer:BottledGravity":41,"HandDrill":41,"Chemical X":30,"Toxic Egg 2":26,"InkBottle":36,"hubris:DisguiseKit":7,"Blue Candle":7,"Oddly Smooth Stone":8,"RobotSpaceExplorer:RoboCore":0,"Thread and Needle":40,"PreservedInsect":30,"Omamori":7,"Letter Opener":24,"RobotSpaceExplorer:Reprocessor":34,"hubris:Towel":2,"War Paint":5,"Medical Kit":24,"White Beast Statue":41,"Runic Dome":17,"RobotSpaceExplorer:FoglandsKnife":41,"Bronze Scales":36,"Turnip":28,"hubris:BundleOfHerbs":30,"hubris:TenFootPole":9,"Art of War":36,"hubris:ToyBattleship":41,"Membership Card":41,"hubris:Reverence":5,"hubris:BottledRain":5},{"RobotSpaceExplorer:ClockworkSextant":3,"Lantern":1,"Mark of the Bloom":17,"hubris:CrystalStatue":5,"Gremlin Horn":21,"Vajra":10,"Mango":11,"hubris:SlimyHat":13,"Bag of Preparation":14,"Bottled Tornado":10,"hubris:MysteriousPyramids":16,"Sling":16,"ClockworkSouvenir":1,"Blood Vial":1,"Lizard Tail":10,"TheAbacus":16,"RobotSpaceExplorer:BottledGravity":19,"HandDrill":19,"Chemical X":13,"Toxic Egg 2":11,"InkBottle":16,"hubris:DisguiseKit":1,"Blue Candle":1,"Oddly Smooth Stone":2,"RobotSpaceExplorer:RoboCore":0,"Thread and Needle":19,"PreservedInsect":13,"Omamori":1,"Letter Opener":10,"RobotSpaceExplorer:Reprocessor":15,"hubris:Towel":1,"War Paint":1,"Medical Kit":10,"White Beast Statue":19,"Runic Dome":7,"RobotSpaceExplorer:FoglandsKnife":19,"Bronze Scales":16,"Turnip":12,"hubris:BundleOfHerbs":13,"hubris:TenFootPole":2,"Art of War":16,"hubris:ToyBattleship":19,"Membership Card":19,"hubris:Reverence":1,"hubris:BottledRain":1},{"RobotSpaceExplorer:ClockworkSextant":19,"Lantern":4,"Mark of the Bloom":63,"hubris:CrystalStatue":24,"Gremlin Horn":73,"Vajra":42,"Mango":45,"hubris:SlimyHat":51,"Bag of Preparation":53,"Bottled Tornado":42,"hubris:MysteriousPyramids":62,"Sling":62,"ClockworkSouvenir":4,"Blood Vial":4,"Lizard Tail":42,"TheAbacus":62,"RobotSpaceExplorer:BottledGravity":71,"HandDrill":71,"Chemical X":51,"Toxic Egg 2":45,"InkBottle":62,"hubris:DisguiseKit":4,"Blue Candle":4,"Oddly Smooth Stone":14,"RobotSpaceExplorer:RoboCore":0,"Thread and Needle":71,"PreservedInsect":51,"Omamori":4,"Letter Opener":42,"RobotSpaceExplorer:Reprocessor":59,"hubris:Towel":4,"War Paint":4,"Medical Kit":42,"White Beast Statue":71,"Runic Dome":33,"RobotSpaceExplorer:FoglandsKnife":71,"Bronze Scales":62,"Turnip":49,"hubris:BundleOfHerbs":51,"hubris:TenFootPole":14,"Art of War":62,"hubris:ToyBattleship":71,"Membership Card":71,"hubris:Reverence":4,"hubris:BottledRain":4}],"InkBottle":[15]},"card_choices":[{"not_picked":["RobotSpaceExplorer:GlueShot","RobotSpaceExplorer:Reload"],"picked":"RobotSpaceExplorer:ImprovisedAttack","floor":0.0},{"not_picked":["RobotSpaceExplorer:SwiftStep","RobotSpaceExplorer:GlueShot"],"picked":"RobotSpaceExplorer:MiniDrones","floor":1.0},{"not_picked":["RobotSpaceExplorer:Calculate","RobotSpaceExplorer:FrostMissile","JustLucky"],"picked":"RobotSpaceExplorer:PowerGlove","floor":8.0},{"not_picked":["RobotSpaceExplorer:GlueShot","RobotSpaceExplorer:Counterblock","BowlingBash"],"picked":"RobotSpaceExplorer:ImprovisedAttack","floor":10.0},{"not_picked":["RobotSpaceExplorer:JunkDive","RobotSpaceExplorer:Ammunition","RobotSpaceExplorer:Counterblock","Prostrate"],"picked":"SKIP","floor":11.0},{"not_picked":["RobotSpaceExplorer:SurgingStrike","RobotSpaceExplorer:SwiftStep","RobotSpaceExplorer:ShovelStrike","Halt"],"picked":"SKIP","floor":13.0},{"not_picked":["RobotSpaceExplorer:SurgingStrike","RobotSpaceExplorer:SwiftStep","Halt"],"picked":"RobotSpaceExplorer:ShovelStrike","floor":13.0},{"not_picked":["RobotSpaceExplorer:ScrapMissile","RobotSpaceExplorer:FranticSearch","LikeWater"],"picked":"RobotSpaceExplorer:StunGrenade","floor":14.0},{"not_picked":["RobotSpaceExplorer:Comet","RobotSpaceExplorer:TrailblazerForm","RobotSpaceExplorer:Exploration"],"picked":"Omniscience","floor":16.0},{"not_picked":["RobotSpaceExplorer:MakeshiftVolley","RobotSpaceExplorer:ShovelStrike","RobotSpaceExplorer:SlimeMissile+1","FearNoEvil"],"picked":"SKIP","floor":18.0},{"not_picked":["RobotSpaceExplorer:BlastShield+1","RobotSpaceExplorer:Asteroid+1","RobotSpaceExplorer:ChargingLaser+1"],"picked":"RobotSpaceExplorer:TrailblazerForm+1","floor":20.0},{"not_picked":["RobotSpaceExplorer:Asteroid+1","RobotSpaceExplorer:ShockMissile+1","RobotSpaceExplorer:DroneSwarm+1"],"picked":"RobotSpaceExplorer:Wormhole+1","floor":20.0},{"not_picked":["RobotSpaceExplorer:DroneSwarm+1","RobotSpaceExplorer:ChargingLaser+1","RobotSpaceExplorer:Comet+1"],"picked":"RobotSpaceExplorer:Wormhole+1","floor":20.0},{"not_picked":["RobotSpaceExplorer:SurgingStrike","RobotSpaceExplorer:ImprovisedAttack","RobotSpaceExplorer:Counterblock","SashWhip"],"picked":"SKIP","floor":21.0},{"not_picked":["RobotSpaceExplorer:ShockKick+1","RobotSpaceExplorer:ShovelStrike","RobotSpaceExplorer:Jetpack","ThirdEye"],"picked":"SKIP","floor":22.0},{"not_picked":["RobotSpaceExplorer:SurgingStrike","RobotSpaceExplorer:Pulsar","RobotSpaceExplorer:Probe"],"picked":"Crescendo","floor":25.0},{"not_picked":["RobotSpaceExplorer:ExhaustFan","RobotSpaceExplorer:DoubleBlock+1","Halt"],"picked":"RobotSpaceExplorer:ChargingLaser","floor":28},{"not_picked":["RobotSpaceExplorer:Counterblock+1","RobotSpaceExplorer:ScrapMissile","RobotSpaceExplorer:ScrapShield+1","Consecrate"],"picked":"SKIP","floor":29},{"not_picked":["RobotSpaceExplorer:Counterblock+1","RobotSpaceExplorer:FrostMissile","FollowUp"],"picked":"RobotSpaceExplorer:FreezeRay","floor":31},{"not_picked":["RobotSpaceExplorer:Arsenal+1","RobotSpaceExplorer:Blaster","RobotSpaceExplorer:ShockMissile"],"picked":"Devotion","floor":33},{"not_picked":["RobotSpaceExplorer:ImprovisedAttack+1","RobotSpaceExplorer:IronShell+1","RobotSpaceExplorer:Ammunition+1","Halt"],"picked":"SKIP","floor":35},{"not_picked":["RobotSpaceExplorer:SurgingStrike+1","RobotSpaceExplorer:ScrapShield+1","RobotSpaceExplorer:Calculate+1","SignatureMove"],"picked":"SKIP","floor":37},{"not_picked":["RobotSpaceExplorer:DualCore","RobotSpaceExplorer:ToxicBomb+1","RobotSpaceExplorer:ShovelStrike","EmptyFist"],"picked":"SKIP","floor":39},{"not_picked":["RobotSpaceExplorer:Smokescreen+1","RobotSpaceExplorer:FreezingShield+1","RobotSpaceExplorer:Fix+1","ClearTheMind"],"picked":"SKIP","floor":40},{"not_picked":["RobotSpaceExplorer:Discharger+1","RobotSpaceExplorer:SurgingShield+1","RobotSpaceExplorer:Scanner","SandsOfTime"],"picked":"SKIP","floor":42},{"not_picked":["RobotSpaceExplorer:Electropulse","RobotSpaceExplorer:ScrapToss","RobotSpaceExplorer:Discharger","Sanctity"],"picked":"SKIP","floor":47},{"not_picked":["RobotSpaceExplorer:ToxicBomb+1","RobotSpaceExplorer:ScrapMissile+1","RobotSpaceExplorer:MiniDrones","ThirdEye"],"picked":"SKIP","floor":48}],"player_experience":763610,"relics_obtained":[{"floor":8.0,"key":"Oddly Smooth Stone"},{"floor":9.0,"key":"hubris:TenFootPole"},{"floor":10.0,"key":"RobotSpaceExplorer:ClockworkSextant"},{"floor":13.0,"key":"hubris:CrystalStatue"},{"floor":25.0,"key":"Mango"},{"floor":26.0,"key":"Toxic Egg 2"},{"floor":28,"key":"Turnip"},{"floor":31,"key":"Bag of Preparation"},{"floor":40,"key":"Thread and Needle"},{"floor":47,"key":"Gremlin Horn"}],"event_choices":[{"cards_removed":["RobotSpaceExplorer:Strike"],"damage_healed":0.0,"max_hp_gain":0.0,"max_hp_loss":0.0,"gold_gain":0.0,"event_name":"The Cleric","player_choice":"Card Removal","floor":3.0,"gold_loss":50.0,"damage_taken":0.0},{"damage_healed":0.0,"max_hp_gain":0.0,"max_hp_loss":0.0,"gold_gain":175.0,"event_name":"betterThird:BetterSerpent","player_choice":"AGREE","floor":4.0,"gold_loss":0.0,"damage_taken":65.0},{"cards_removed":["RobotSpaceExplorer:Strike"],"damage_healed":0.0,"max_hp_gain":0.0,"max_hp_loss":0.0,"gold_gain":0.0,"event_name":"Designer","player_choice":"Upgrade and Remove","floor":19.0,"gold_loss":90.0,"damage_taken":0.0,"cards_upgraded":["RobotSpaceExplorer:Defend"]},{"damage_healed":0.0,"max_hp_gain":0.0,"max_hp_loss":0.0,"gold_gain":0.0,"event_name":"betterMatch:BetterMatch","player_choice":"3","floor":20.0,"gold_loss":0.0,"damage_taken":0.0,"cards_obtained":["betterMatch:RareCard"]},{"damage_healed":0,"gold_gain":0,"player_choice":"Upgrade","damage_taken":0,"relics_obtained":["Mark of the Bloom"],"max_hp_gain":0,"max_hp_loss":0,"event_name":"MindBloom","floor":38,"gold_loss":0,"cards_upgraded":["RobotSpaceExplorer:MiniLasers","Master of Strategy","RobotSpaceExplorer:GlueShot","RobotSpaceExplorer:Smokescreen","RobotSpaceExplorer:ImprovisedAttack","RobotSpaceExplorer:ShovelStrike","RobotSpaceExplorer:StunGrenade","RobotSpaceExplorer:ChargingLaser","Devotion"]},{"damage_healed":0,"gold_gain":3,"player_choice":"2","damage_taken":0,"max_hp_gain":0,"max_hp_loss":17,"event_name":"betterStone:BetterStone","floor":44,"gold_loss":0},{"damage_healed":0,"gold_gain":0,"player_choice":"Max HP","damage_taken":0,"max_hp_gain":0,"max_hp_loss":4,"event_name":"Winding Halls","floor":46,"gold_loss":0}],"is_beta":false,"boss_relics":[{"not_picked":["Runic Pyramid","hubris:ScarierMask"],"picked":"Runic Dome"},{"not_picked":["Empty Cage","Astrolabe"],"picked":"RobotSpaceExplorer:Reprocessor"}],"items_purged_floors":[5,7,7,24,24,30,36,41],"is_endless":false,"potions_floor_spawned":[11,18,25,33,37,42,47,48],"ascension_level":1}}