{"host":"56r0xio184xezcbq","time":1608152956,"event":{"mods":["2.2 Compatiblity","BaseMod","Bestiary","Colored Powertips","GifTheSpireLib","Minty Spire (QoL Compilation)","Relic Stats","StSLib","thorton"],"gold_per_floor":[112,123,71,71,87,136,64,64,90,120,120,161,132,172,172,197,197,197],"floor_reached":16,"playtime":553,"items_purged":[],"score":102,"play_id":"614ec99a-e33b-49ed-b705-ae4c5ac61a98","local_time":"20201216150916","is_ascension_mode":false,"campfire_choices":[{"floor":8.0,"key":"REST"},{"floor":15,"key":"REST"}],"circlet_count":0,"master_deck":["thethorton:Strike","thethorton:Strike","thethorton:Strike","thethorton:Strike","thethorton:Defend","thethorton:Defend","thethorton:Defend","thethorton:Defend","thethorton:Heckle","thethorton:CreditCard","Normality","thethorton:ChartProject","thethorton:LongTermPayoff","thethorton:CashBash","thethorton:GoldBuffer","thethorton:BusinessBoom","thethorton:MomentaryBreak","thethorton:ShoutAndRun","thethorton:SummonProfit","thethorton:CoinShield","thethorton:SheetShred"],"relics":["thethorton:CouragePotion","NeowsBlessing","Golden Idol","Orichalcum","Dream Catcher"],"acts_visited":["Exordium"],"potions_floor_usage":[14,14,14],"damage_taken":[{"damage":0.0,"enemies":"2 Louse","floor":1.0,"turns":1.0},{"damage":0.0,"enemies":"Jaw Worm","floor":2.0,"turns":1.0},{"damage":0.0,"enemies":"Cultist","floor":5.0,"turns":1.0},{"damage":48.0,"enemies":"Lagavulin","floor":6.0,"turns":9.0},{"damage":11.0,"enemies":"Blue Slaver","floor":10.0,"turns":6.0},{"damage":19,"enemies":"2 Fungi Beasts","floor":12,"turns":6},{"damage":8,"enemies":"Large Slime","floor":14,"turns":7},{"damage":38,"enemies":"Slime Boss","floor":16,"turns":7}],"seed_played":"7185936875437564067","potions_obtained":[{"floor":1.0,"key":"FearPotion"},{"floor":2.0,"key":"Fire Potion"},{"floor":12,"key":"Regen Potion"}],"is_trial":false,"path_per_floor":["M","M","$","?","M","E","$","R","T","M","?","M","?","M","R","B"],"character_chosen":"THE_THORT","items_purchased":["thethorton:CashBash","thethorton:MomentaryBreak"],"campfire_rested":2,"item_purchase_floors":[3,7],"current_hp_per_floor":[68,68,68,63,63,15,15,33,33,25,25,9,9,9,27,0,0,0],"gold":197,"neow_bonus":"THREE_ENEMY_KILL","is_daily":false,"chose_seed":false,"campfire_upgraded":0,"win_rate":0.0,"timestamp":1608152956,"path_taken":["M","M","$","?","M","E","$","R","T","M","?","?","?","M","R","BOSS"],"items_purchased_type":["Card","Card"],"build_version":"2020-12-13","purchased_purges":0,"victory":false,"max_hp_per_floor":[68,68,68,63,63,63,63,63,63,63,63,63,63,63,63,63,63,63],"relic_stats":{"Dream Catcher":1,"counters":[8,38],"Golden Idol":19,"Orichalcum":[42],"obtain_stats":[{"Dream Catcher":9,"NeowsBlessing":0,"Golden Idol":4,"thethorton:CouragePotion":0,"Orichalcum":6},{"Dream Catcher":4,"NeowsBlessing":0,"Golden Idol":2,"thethorton:CouragePotion":0,"Orichalcum":4},{"Dream Catcher":12,"NeowsBlessing":0,"Golden Idol":2,"thethorton:CouragePotion":0,"Orichalcum":12}]},"card_choices":[{"not_picked":["thethorton:Investment","thethorton:DockPay"],"picked":"thethorton:ChartProject","floor":1.0},{"not_picked":["thethorton:TakeAccounts","thethorton:ShoutAndRun"],"picked":"thethorton:LongTermPayoff","floor":2.0},{"not_picked":["thethorton:ShoutAndRun","thethorton:RunningKick"],"picked":"thethorton:GoldBuffer","floor":5.0},{"not_picked":["thethorton:TakeAccounts","thethorton:LastDitchEffort"],"picked":"thethorton:BusinessBoom","floor":6.0},{"not_picked":["thethorton:TakeAccounts","thethorton:DoubleRun"],"picked":"thethorton:ShoutAndRun","floor":10.0},{"not_picked":["thethorton:CoffeeBlast","thethorton:DownPayment","thethorton:SicklyRun"],"picked":"SKIP","floor":12},{"not_picked":["thethorton:DualBap","thethorton:DownPayment","thethorton:BoardroomBlast"],"picked":"SKIP","floor":14},{"not_picked":["thethorton:YoureFired","thethorton:RunningFeint"],"picked":"thethorton:SheetShred","floor":15}],"player_experience":9628,"relics_obtained":[{"floor":6.0,"key":"Orichalcum"},{"floor":9.0,"key":"Dream Catcher"}],"event_choices":[{"damage_healed":0.0,"max_hp_gain":0.0,"max_hp_loss":5.0,"gold_gain":0.0,"event_name":"Golden Idol","player_choice":"Lose Max HP","floor":4.0,"gold_loss":0.0,"damage_taken":0.0,"relics_obtained":["Golden Idol"]},{"damage_healed":0,"gold_gain":0,"player_choice":"2 cards matched","damage_taken":0,"max_hp_gain":0,"max_hp_loss":0,"event_name":"Match and Keep!","floor":11,"gold_loss":0,"cards_obtained":["thethorton:SummonProfit","thethorton:CoinShield"]},{"damage_healed":0,"gold_gain":0,"player_choice":"Left Gold","damage_taken":0,"max_hp_gain":0,"max_hp_loss":0,"event_name":"World of Goop","floor":13,"gold_loss":29}],"is_beta":false,"boss_relics":[],"items_purged_floors":[],"is_endless":false,"potions_floor_spawned":[1,2,12],"killed_by":"Slime Boss","ascension_level":0}}