{"host":"kh6fvhxn285ncg0o","time":1608090332,"event":{"mods":["Act Like it!","BaseMod","Colored Map","Friendly Minions","Keyboard Shortcuts","Minty Spire (QoL Compilation)","Quick Restart","Relic Stats","StSLib","SuperFastMode"],"gold_per_floor":[111,261,261,336,336,376,376,376,376,417,136,180,199,213,213,312,312,331,352,352,61,86,126,151,191,271,271,271,271],"floor_reached":28,"playtime":710,"items_purged":["Doubt","Strike_R"],"score":708,"play_id":"c1e6efe9-0436-4724-ad3c-055956a169ec","local_time":"20201216124532","is_ascension_mode":true,"campfire_choices":[{"data":"Armaments","floor":7.0,"key":"SMITH"},{"data":"Battle Trance","floor":15.0,"key":"SMITH"},{"floor":27.0,"key":"REST"}],"circlet_count":0,"master_deck":["AscendersBane","Strike_R","Strike_R","Strike_R","Strike_R","Defend_R","Defend_R","Defend_R","Defend_R","Bash","Armaments+1","Evolve","Finesse","Carnage","Battle Trance+1","Seeing Red","Impervious","Body Slam","Entrench","Immolate","Barricade","Shockwave"],"relics":["Burning Blood","NeowsBlessing","Juzu Bracelet","Golden Idol","Smiling Mask","Kunai","Regal Pillow","Calipers","Mark of Pain","Red Mask","WingedGreaves","Toxic Egg 2"],"acts_visited":["Exordium","TheCity"],"potions_floor_usage":[],"damage_taken":[{"damage":0.0,"enemies":"Jaw Worm","floor":1.0,"turns":1.0},{"damage":0.0,"enemies":"Lagavulin","floor":6.0,"turns":1.0},{"damage":0.0,"enemies":"Gremlin Nob","floor":10.0,"turns":1.0},{"damage":10.0,"enemies":"3 Sentries","floor":12.0,"turns":7.0},{"damage":1.0,"enemies":"2 Louse","floor":13.0,"turns":3.0},{"damage":3.0,"enemies":"Small Slimes","floor":14.0,"turns":4.0},{"damage":36.0,"enemies":"The Guardian","floor":16.0,"turns":15.0},{"damage":29.0,"enemies":"Shell Parasite","floor":18.0,"turns":6.0},{"damage":11.0,"enemies":"Chosen","floor":19.0,"turns":5.0},{"damage":27.0,"enemies":"Shelled Parasite and Fungi","floor":22.0,"turns":3.0},{"damage":21.0,"enemies":"Masked Bandits","floor":23.0,"turns":3.0},{"damage":8.0,"enemies":"3 Cultists","floor":24.0,"turns":5.0},{"damage":0.0,"enemies":"Book of Stabbing","floor":25.0,"turns":5.0},{"damage":78,"enemies":"Gremlin Leader","floor":28,"turns":8}],"seed_played":"-6167470528527728493","potions_obtained":[{"floor":1.0,"key":"Dexterity Potion"},{"floor":10.0,"key":"Fire Potion"},{"floor":13.0,"key":"Explosive Potion"},{"floor":16.0,"key":"BloodPotion"},{"floor":19.0,"key":"AttackPotion"},{"floor":22.0,"key":"Regen Potion"},{"floor":24.0,"key":"LiquidBronze"}],"is_trial":false,"path_per_floor":["M","?","?","?","?","E","R","?","T","E","$","E","M","M","R","B",null,"M","M","?","$","M","?","M","E","T","R","E"],"character_chosen":"IRONCLAD","items_purchased":["Evolve","Finesse","Carnage","Immolate","Barricade"],"campfire_rested":1,"item_purchase_floors":[11,11,11,21,21],"current_hp_per_floor":[74,74,63,52,26,32,32,37,37,43,43,39,44,47,47,17,64,41,52,52,52,31,25,23,29,29,68,0,0],"gold":271,"neow_bonus":"THREE_ENEMY_KILL","is_daily":false,"chose_seed":false,"campfire_upgraded":2,"win_rate":0.0,"timestamp":1608090332,"path_taken":["M","?","?","?","?","E","R","?","T","E","?","E","M","M","R","BOSS","M","M","?","$","M","?","M","E","T","R","E"],"items_purchased_type":["Card","Card","Card","Card","Card"],"build_version":"2020-12-13","purchased_purges":2,"victory":false,"max_hp_per_floor":[75,75,75,75,75,75,75,80,80,80,80,80,80,80,80,80,80,80,80,80,80,80,80,80,80,80,80,80,80],"relic_stats":{"Regal Pillow":15,"counters":[14,67],"Golden Idol":86,"Juzu Bracelet":0,"Kunai":[9],"Smiling Mask":75,"obtain_stats":[{"Regal Pillow":10,"Calipers":12,"NeowsBlessing":0,"Golden Idol":5,"Mark of Pain":17,"WingedGreaves":25,"Juzu Bracelet":3,"Red Mask":23,"Kunai":9,"Toxic Egg 2":26,"Smiling Mask":6,"Burning Blood":0},{"Regal Pillow":3,"Calipers":4,"NeowsBlessing":0,"Golden Idol":1,"Mark of Pain":7,"WingedGreaves":13,"Juzu Bracelet":1,"Red Mask":11,"Kunai":2,"Toxic Egg 2":13,"Smiling Mask":2,"Burning Blood":0},{"Regal Pillow":3,"Calipers":10,"NeowsBlessing":0,"Golden Idol":1,"Mark of Pain":32,"WingedGreaves":59,"Juzu Bracelet":1,"Red Mask":49,"Kunai":2,"Toxic Egg 2":59,"Smiling Mask":2,"Burning Blood":0}],"Burning Blood":78},"card_choices":[{"not_picked":["Heavy Blade","Perfected Strike"],"picked":"Armaments","floor":6.0},{"not_picked":["Heavy Blade","Clash","Sword Boomerang"],"picked":"SKIP","floor":10.0},{"not_picked":["Sword Boomerang","Feed"],"picked":"Battle Trance","floor":12.0},{"not_picked":["Twin Strike","Blood for Blood","Iron Wave"],"picked":"SKIP","floor":13.0},{"not_picked":["Sword Boomerang","Hemokinesis"],"picked":"Seeing Red","floor":14.0},{"not_picked":["Corruption","Reaper"],"picked":"Impervious","floor":16.0},{"not_picked":["Pommel Strike","Rampage","Thunderclap"],"picked":"SKIP","floor":18.0},{"not_picked":["Ghostly Armor","Twin Strike"],"picked":"Body Slam","floor":19.0},{"not_picked":["Infernal Blade","Rupture","Sword Boomerang"],"picked":"SKIP","floor":22.0},{"not_picked":["Body Slam","Feel No Pain"],"picked":"Shockwave","floor":24.0},{"not_picked":["Dropkick","Blood for Blood","Whirlwind"],"picked":"SKIP","floor":25.0}],"player_experience":3191608,"relics_obtained":[{"floor":6.0,"key":"Smiling Mask"},{"floor":9.0,"key":"Kunai"},{"floor":10.0,"key":"Regal Pillow"},{"floor":12.0,"key":"Calipers"},{"floor":23.0,"key":"Red Mask"},{"floor":25.0,"key":"WingedGreaves"},{"floor":26.0,"key":"Toxic Egg 2"}],"event_choices":[{"damage_healed":0.0,"max_hp_gain":0.0,"max_hp_loss":0.0,"gold_gain":150.0,"event_name":"Liars Game","player_choice":"AGREE","floor":2.0,"gold_loss":0.0,"damage_taken":0.0,"cards_obtained":["Doubt"]},{"damage_healed":0.0,"max_hp_gain":0.0,"max_hp_loss":0.0,"gold_gain":0.0,"event_name":"Scrap Ooze","player_choice":"Success","floor":3.0,"gold_loss":0.0,"damage_taken":11.0,"relics_obtained":["Juzu Bracelet"]},{"damage_healed":0.0,"max_hp_gain":0.0,"max_hp_loss":0.0,"gold_gain":75.0,"event_name":"World of Goop","player_choice":"Gather Gold","floor":4.0,"gold_loss":0.0,"damage_taken":11.0},{"damage_healed":0.0,"max_hp_gain":0.0,"max_hp_loss":0.0,"gold_gain":0.0,"event_name":"Golden Idol","player_choice":"Take Damage","floor":5.0,"gold_loss":0.0,"damage_taken":26.0,"relics_obtained":["Golden Idol"]},{"damage_healed":0.0,"max_hp_gain":5.0,"max_hp_loss":0.0,"gold_gain":0.0,"event_name":"Big Fish","player_choice":"Donut","floor":8.0,"gold_loss":0.0,"damage_taken":0.0},{"damage_healed":0.0,"max_hp_gain":0.0,"max_hp_loss":0.0,"gold_gain":0.0,"event_name":"The Library","player_choice":"Read","floor":20.0,"gold_loss":0.0,"damage_taken":0.0,"cards_obtained":["Entrench"]},{"damage_healed":0.0,"max_hp_gain":0.0,"max_hp_loss":0.0,"gold_gain":0.0,"event_name":"Masked Bandits","player_choice":"Fought Bandits","floor":23.0,"gold_loss":0.0,"damage_taken":0.0}],"is_beta":false,"boss_relics":[{"not_picked":["Fusion Hammer","Sozu"],"picked":"Mark of Pain"}],"items_purged_floors":[11,21],"is_endless":false,"potions_floor_spawned":[1,10,13,14,16,19,22,24],"killed_by":"Gremlin Leader","ascension_level":20}}