{"host":"8qb550oiisecbnz6","time":1608151921,"event":{"mods":["AchievementEnabler","BaseMod","Colored Map","Colored Powertips","Minty Spire (QoL Compilation)","Quick Restart","Slay-I","StSLib"],"gold_per_floor":[110,110,124,124,185,210,210,242,242,257,257,257],"floor_reached":11,"playtime":401,"items_purged":[],"score":104,"play_id":"14829c4a-749c-4891-ae5d-aa47a19d40cb","local_time":"20201216215201","is_ascension_mode":true,"campfire_choices":[{"data":"Armaments","floor":7.0,"key":"SMITH"}],"circlet_count":0,"master_deck":["Strike_R","Strike_R+1","Strike_R","Strike_R","Strike_R","Defend_R","Defend_R","Defend_R","Defend_R","Bash+1","Clash","Armaments+1","Battle Trance","Shrug It Off","Clash"],"relics":["Burning Blood","NeowsBlessing","SsserpentHead","Akabeko","Kunai","Nunchaku"],"acts_visited":["Exordium"],"potions_floor_usage":[10],"damage_taken":[{"damage":0.0,"enemies":"Jaw Worm","floor":1.0,"turns":1.0},{"damage":0.0,"enemies":"Cultist","floor":3.0,"turns":1.0},{"damage":0.0,"enemies":"2 Louse","floor":5.0,"turns":1.0},{"damage":43.0,"enemies":"Lagavulin","floor":6.0,"turns":7.0},{"damage":23.0,"enemies":"Gremlin Nob","floor":8.0,"turns":4.0},{"damage":2,"enemies":"Exordium Thugs","floor":10,"turns":5},{"damage":17,"enemies":"3 Sentries","floor":11,"turns":8}],"seed_played":"6794260670026421858","potions_obtained":[{"floor":6.0,"key":"FearPotion"}],"is_trial":false,"path_per_floor":["M","?","M","?","M","E","R","E","T","M","E"],"character_chosen":"IRONCLAD","items_purchased":[],"campfire_rested":0,"item_purchase_floors":[],"current_hp_per_floor":[80,64,70,70,76,39,39,22,22,26,9,9],"gold":257,"neow_bonus":"THREE_ENEMY_KILL","is_daily":false,"chose_seed":false,"campfire_upgraded":1,"win_rate":0.0,"timestamp":1608151921,"path_taken":["M","?","M","?","?","E","R","E","T","M","E"],"items_purchased_type":[],"build_version":"2020-12-13","purchased_purges":0,"victory":false,"max_hp_per_floor":[80,80,80,80,80,80,80,80,80,80,80,80],"card_choices":[{"not_picked":["Wild Strike","Clothesline"],"picked":"Clash","floor":1.0},{"not_picked":["Sword Boomerang","Thunderclap","Anger"],"picked":"SKIP","floor":3.0},{"not_picked":["Thunderclap","Havoc"],"picked":"Armaments","floor":5.0},{"not_picked":["Thunderclap","Offering"],"picked":"Battle Trance","floor":6.0},{"not_picked":["Seeing Red","True Grit"],"picked":"Shrug It Off","floor":8.0},{"not_picked":["Twin Strike","Warcry"],"picked":"Clash","floor":10}],"player_experience":371861,"relics_obtained":[{"floor":6.0,"key":"Akabeko"},{"floor":8.0,"key":"Kunai"},{"floor":9.0,"key":"Nunchaku"}],"event_choices":[{"damage_healed":0.0,"max_hp_gain":0.0,"max_hp_loss":0.0,"gold_gain":0.0,"event_name":"Shining Light","player_choice":"Entered Light","floor":2.0,"gold_loss":0.0,"damage_taken":16.0,"cards_upgraded":["Strike_R","Bash"]},{"damage_healed":0.0,"max_hp_gain":0.0,"max_hp_loss":0.0,"gold_gain":0.0,"event_name":"FaceTrader","player_choice":"Trade","floor":4.0,"gold_loss":0.0,"damage_taken":0.0,"relics_obtained":["SsserpentHead"]}],"is_beta":false,"boss_relics":[],"items_purged_floors":[],"is_endless":false,"potions_floor_spawned":[6],"killed_by":"3 Sentries","ascension_level":5}}