{"host":"3jpwrwmmgyabjceh","time":1608134299,"event":{"mods":["BaseMod","Minty Spire (QoL Compilation)","StSLib"],"gold_per_floor":[109,129,149,161,171,171,186,186,186,201,226,242,242,258,258,355,355,280,27,44,60,74,74,74,74,97,97,128,146,146,164,164,265,265,283,283,60,72,72,72],"floor_reached":39,"playtime":3247,"items_purged":["Strike_G","Strike_G"],"score":522,"play_id":"eac04f45-5f1e-46b6-a605-9d476339928e","local_time":"20201216185819","is_ascension_mode":true,"campfire_choices":[{"data":"Footwork","floor":6,"key":"SMITH"},{"data":"Well Laid Plans","floor":13,"key":"SMITH"},{"data":"Sucker Punch","floor":15,"key":"SMITH"},{"floor":23,"key":"REST"},{"data":"A Thousand Cuts","floor":27,"key":"SMITH"},{"floor":32,"key":"REST"}],"circlet_count":0,"master_deck":["Strike_G","Strike_G","Defend_G","Defend_G","Defend_G","Defend_G","Defend_G","Survivor","Neutralize","PiercingWail","Outmaneuver","Poisoned Stab","Deadly Poison","Footwork+1","Backstab","Sucker Punch+1","Cloak And Dagger","Well Laid Plans+1","Outmaneuver","Acrobatics","A Thousand Cuts+1","PiercingWail+1","Backflip","Infinite Blades","Deadly Poison","Sucker Punch","Backstab","Poisoned Stab","Poisoned Stab+1","Accuracy","Tactician","Tools of the Trade","All Out Attack","Accuracy","Blade Dance","Escape Plan+1"],"relics":["Ring of the Serpent","Ornamental Fan","White Beast Statue","PreservedInsect","MutagenicStrength","HoveringKite"],"acts_visited":["Exordium","TheCity","TheBeyond"],"potions_floor_usage":[11,11,11,16,16,16,22,28,31,33,33,35,39,39],"damage_taken":[{"damage":8,"enemies":"Cultist","floor":1,"turns":6},{"damage":1,"enemies":"Small Slimes","floor":2,"turns":4},{"damage":0,"enemies":"2 Louse","floor":3,"turns":5},{"damage":8,"enemies":"Blue Slaver","floor":4,"turns":4},{"damage":8,"enemies":"Large Slime","floor":5,"turns":9},{"damage":0,"enemies":"3 Louse","floor":7,"turns":5},{"damage":4,"enemies":"Gremlin Gang","floor":10,"turns":7},{"damage":0,"enemies":"Lagavulin","floor":11,"turns":8},{"damage":0,"enemies":"2 Fungi Beasts","floor":12,"turns":4},{"damage":0,"enemies":"Blue Slaver","floor":14,"turns":4},{"damage":1,"enemies":"The Guardian","floor":16,"turns":11},{"damage":14,"enemies":"2 Thieves","floor":18,"turns":5},{"damage":0,"enemies":"3 Byrds","floor":20,"turns":7},{"damage":5,"enemies":"Snecko","floor":21,"turns":6},{"damage":21,"enemies":"Cultist and Chosen","floor":22,"turns":7},{"damage":7,"enemies":"Gremlin Leader","floor":28,"turns":7},{"damage":15,"enemies":"Centurion and Healer","floor":29,"turns":8},{"damage":3,"enemies":"Snecko","floor":31,"turns":3},{"damage":70,"enemies":"Automaton","floor":33,"turns":12},{"damage":12,"enemies":"3 Shapes","floor":35,"turns":6},{"damage":12,"enemies":"3 Darklings","floor":38,"turns":5},{"damage":56,"enemies":"Spire Growth","floor":39,"turns":6}],"seed_played":"-7815016031934307842","potions_obtained":[{"floor":2,"key":"GamblersBrew"},{"floor":4,"key":"EntropicBrew"},{"floor":5,"key":"Block Potion"},{"floor":7,"key":"SkillPotion"},{"floor":11,"key":"ColorlessPotion"},{"floor":12,"key":"Dexterity Potion"},{"floor":14,"key":"DistilledChaos"},{"floor":16,"key":"FairyPotion"},{"floor":18,"key":"SteroidPotion"},{"floor":20,"key":"SteroidPotion"},{"floor":21,"key":"Fire Potion"},{"floor":22,"key":"CunningPotion"},{"floor":28,"key":"SpeedPotion"},{"floor":31,"key":"BlessingOfTheForge"},{"floor":33,"key":"EssenceOfSteel"},{"floor":35,"key":"LiquidMemories"},{"floor":38,"key":"Poison Potion"}],"is_trial":false,"path_per_floor":["M","M","M","M","M","R","M","?","T","M","E","M","R","M","R","B",null,"M","$","M","M","M","R","?","?","T","R","E","M","?","M","R","B",null,"M","?","$","M","M"],"character_chosen":"THE_SILENT","items_purchased":["Backflip","Infinite Blades","Deadly Poison","Sucker Punch","Accuracy","Blade Dance"],"campfire_rested":2,"item_purchase_floors":[19,19,19,19,37,37],"current_hp_per_floor":[69,68,68,60,52,52,52,52,52,48,48,48,48,48,48,47,77,63,63,63,58,37,60,60,60,60,60,53,38,38,35,58,19,77,65,65,65,53,0,0],"gold":72,"neow_bonus":"TEN_PERCENT_HP_BONUS","is_daily":false,"chose_seed":false,"campfire_upgraded":4,"win_rate":0.0,"timestamp":1608134299,"path_taken":["M","M","M","?","M","R","M","?","T","M","E","M","R","M","R","BOSS","M","$","?","M","M","R","?","?","T","R","E","M","?","M","R","BOSS","M","?","$","M","?"],"items_purchased_type":["Card","Card","Card","Card","Card","Card"],"build_version":"2020-12-13","purchased_purges":2,"victory":false,"max_hp_per_floor":[77,77,77,77,77,77,77,77,77,77,77,77,77,77,77,77,77,77,77,77,77,77,77,77,77,77,77,77,77,77,77,77,77,77,77,77,77,77,77,77],"card_choices":[{"not_picked":["Outmaneuver","Dagger Throw"],"picked":"PiercingWail","floor":1},{"not_picked":["Heel Hook","Flechettes"],"picked":"Outmaneuver","floor":2},{"not_picked":["Bane","Blade Dance"],"picked":"Poisoned Stab","floor":3},{"not_picked":["Masterful Stab","Sucker Punch"],"picked":"Deadly Poison","floor":4},{"not_picked":["Quick Slash","Riddle With Holes"],"picked":"Footwork","floor":5},{"not_picked":["Distraction","Dagger Spray"],"picked":"Backstab","floor":7},{"not_picked":["Crippling Poison","Dagger Spray"],"picked":"Cloak And Dagger","floor":10},{"not_picked":["Dagger Spray","Dash"],"picked":"Well Laid Plans","floor":11},{"not_picked":["Deflect","Bane"],"picked":"Outmaneuver","floor":12},{"not_picked":["Slice","Dagger Throw"],"picked":"Acrobatics","floor":14},{"not_picked":["Envenom","Grand Finale"],"picked":"A Thousand Cuts","floor":16},{"not_picked":["Acrobatics+1","Dodge and Roll"],"picked":"PiercingWail+1","floor":18},{"not_picked":["Eviscerate","Grand Finale"],"picked":"Backstab","floor":20},{"not_picked":["Bouncing Flask","Prepared+1"],"picked":"Poisoned Stab","floor":21},{"not_picked":["Masterful Stab","Dagger Spray"],"picked":"Poisoned Stab+1","floor":22},{"not_picked":["Predator","Sucker Punch+1","Expertise"],"picked":"SKIP","floor":28},{"not_picked":["Deflect+1","Outmaneuver"],"picked":"Accuracy","floor":29},{"not_picked":["Acrobatics","Concentrate"],"picked":"Tactician","floor":31},{"not_picked":["Doppelganger","Night Terror"],"picked":"Tools of the Trade","floor":33},{"not_picked":["Slice+1","Dash"],"picked":"All Out Attack","floor":35},{"not_picked":["Masterful Stab+1","PiercingWail"],"picked":"Escape Plan+1","floor":38}],"player_experience":200755,"relics_obtained":[{"floor":9,"key":"Ornamental Fan"},{"floor":11,"key":"White Beast Statue"},{"floor":28,"key":"PreservedInsect"}],"event_choices":[{"damage_healed":0,"gold_gain":0,"cards_transformed":["Strike_G"],"player_choice":"Transformed","damage_taken":0,"max_hp_gain":0,"max_hp_loss":0,"event_name":"Transmorgrifier","floor":8,"gold_loss":0,"cards_obtained":["Sucker Punch"]},{"damage_healed":0,"gold_gain":0,"player_choice":"Ignored","damage_taken":0,"max_hp_gain":0,"max_hp_loss":0,"event_name":"Ghosts","floor":24,"gold_loss":0},{"damage_healed":0,"gold_gain":0,"player_choice":"Ignored","damage_taken":0,"max_hp_gain":0,"max_hp_loss":0,"event_name":"Vampires","floor":25,"gold_loss":0},{"damage_healed":0,"gold_gain":0,"player_choice":"Inject Mutagens","damage_taken":0,"relics_obtained":["MutagenicStrength"],"max_hp_gain":0,"max_hp_loss":0,"event_name":"Drug Dealer","floor":30,"gold_loss":0},{"damage_healed":0,"gold_gain":0,"player_choice":"Bought 0 Potions","damage_taken":0,"max_hp_gain":0,"max_hp_loss":0,"event_name":"The Woman in Blue","floor":36,"gold_loss":0}],"is_beta":false,"boss_relics":[{"not_picked":["Philosopher\u0027s Stone","Pandora\u0027s Box"],"picked":"Ring of the Serpent"},{"not_picked":["Cursed Key","Astrolabe"],"picked":"HoveringKite"}],"items_purged_floors":[19,37],"is_endless":false,"potions_floor_spawned":[2,4,5,7,11,12,14,16,18,20,21,22,28,29,31,33,35,38],"killed_by":"Spire Growth","ascension_level":3}}