{"host":"z9grmtg2w0nmz8n1","time":1608077189,"event":{"mods":["Aspiration","Bard","BaseMod","Beaked The Cultist","Better Altar","Better Match","Better Third Choice","BetterRewards","CCEM","Colored Map","Conspire","GifTheSpireLib","Googly Eyes","Highlight Path","Hubris","Infinite Spire","Jedi Mod","Jorbs\u0027s Wanderer Trilogy","Minty Spire (QoL Compilation)","Permanent Neow","Replay The Spire","Spicy Shops","StSLib","Stuff the Spire","The Bug Knight"],"gold_per_floor":[111,111,36,56,56,89,102,137,137,137,137],"floor_reached":10,"playtime":527,"items_purged":["Strike_G"],"score":80,"play_id":"453185a6-5445-47ae-86e5-749a0741cf3a","local_time":"20201215220629","is_ascension_mode":true,"campfire_choices":[],"circlet_count":0,"master_deck":["Strike_G","Strike_G","Strike_G","Strike_G","Defend_G","Defend_G","Defend_G","Defend_G","Defend_G","Survivor","Neutralize","Cloak And Dagger+1","jedi:collectorvenom"],"relics":["Ring of the Snake","Replay:Wax Seal","Regal Pillow","CCEMRelics:FryingPan"],"acts_visited":["Exordium"],"potions_floor_usage":[6,8],"damage_taken":[{"damage":0,"enemies":"Cultist","floor":1,"turns":4},{"damage":1,"enemies":"Jaw Worm","floor":4,"turns":5},{"damage":21,"enemies":"3 Sentries","floor":6,"turns":11},{"damage":0,"enemies":"Small Slimes","floor":7,"turns":4},{"damage":29,"enemies":"Lagavulin","floor":8,"turns":8},{"damage":17,"enemies":"Gremlin Nob","floor":10,"turns":5}],"seed_played":"-2372749993573675573","potions_obtained":[{"floor":4,"key":"Explosive Potion"},{"floor":7,"key":"AttackPotion"}],"is_trial":false,"path_per_floor":["M","?","$","M","?","E","M","E","T","E"],"character_chosen":"THE_SILENT","items_purchased":[],"campfire_rested":0,"item_purchase_floors":[],"current_hp_per_floor":[70,70,70,69,69,48,48,19,19,2,2],"gold":137,"neow_bonus":"RANDOM_COMMON_RELIC","is_daily":false,"chose_seed":false,"campfire_upgraded":0,"win_rate":0.0,"timestamp":1608077189,"path_taken":["M","?","$","?","?","E","M","E","T","E"],"items_purchased_type":[],"build_version":"2020-12-13","purchased_purges":1,"victory":false,"max_hp_per_floor":[70,70,70,70,70,70,70,70,70,70,70],"card_choices":[{"not_picked":["hubris:SlightOfHand","Dodge and Roll"],"picked":"Cloak And Dagger","floor":1},{"not_picked":["StuffTheSpire:Repulse","StuffTheSpire:BrimstoneBlast"],"picked":"jedi:collectorvenom","floor":4},{"not_picked":["Prepared","jedi:pocketpoison"],"picked":"jedi:collectorvenom","floor":6},{"not_picked":["Bouncing Flask","Dagger Throw","StuffTheSpire:Injection"],"picked":"SKIP","floor":7},{"not_picked":["Glass Knife","StuffTheSpire:BumpUp"],"picked":"jedi:collectorvenom","floor":8}],"player_experience":559022,"relics_obtained":[{"floor":6,"key":"Regal Pillow"},{"floor":8,"key":"CCEMRelics:FryingPan"}],"event_choices":[{"damage_healed":0,"gold_gain":0,"player_choice":"Upgraded","damage_taken":0,"max_hp_gain":0,"max_hp_loss":0,"event_name":"Upgrade Shrine","floor":2,"gold_loss":0,"cards_upgraded":["Cloak And Dagger"]}],"is_beta":false,"boss_relics":[],"items_purged_floors":[3],"is_endless":false,"potions_floor_spawned":[4,7],"killed_by":"Gremlin Nob","ascension_level":1}}