{"host":"d7qmn60fs48wu5y6","time":1608148011,"event":{"mods":["BaseMod","Downfall","Marisa????????","Minty Spire (QoL Compilation)","Shade Mod","StSLib","The Bug Knight","The Cursed","The Disciple","The Necromancer","The Servant 0.9.4"],"gold_per_floor":[113,13,30,48,61,61,61,61,61,61,61,12,32,42,42,138,138,153,139,149,167,183,183,196,196,196,214,230,247,247,247],"floor_reached":30,"playtime":1621,"items_purged":["Strike_W"],"score":230,"play_id":"7d687ca7-5dc0-4adc-8d71-6640a96eda4b","local_time":"20201216114651","is_ascension_mode":false,"campfire_choices":[{"data":"Bone_Wall","floor":6,"key":"SMITH"},{"data":"Consume_Illness","floor":8,"key":"SMITH"},{"data":"Defend_W","floor":11,"key":"SMITH"},{"data":"expansioncontent:Chronoboost","floor":15,"key":"SMITH"},{"floor":23,"key":"REST"},{"floor":25,"key":"REST"}],"circlet_count":0,"master_deck":["Strike_W","Strike_W","Strike_W","Defend_W","Defend_W","Defend_W","Defend_W+1","Negative_Energy_Arrows","Bone_Wall+1","expansioncontent:Chronoboost+1","Consume_Illness+1","Finger_Of_Death","Negative_Energy_Javelin","Plague_Bolt","Negative_Energy_Javelin","Negative_Energy_Sphere","Spectral_Walk","Skeleton_Dragon","Spectral_Armor+1","Siphon_Strength","Negative_Energy_Shield","Scare","Stop_Heart","Bone_Shift","Negative_Energy_Shield","Spectral_Armor"],"relics":["Vampire_Amulet","SlaversCollar","Question Card"],"acts_visited":["Exordium","TheCity"],"potions_floor_usage":[16,16,18,19,21,27,29,30],"damage_taken":[{"damage":12,"enemies":"Cultist","floor":1,"turns":6},{"damage":0,"enemies":"2 Louse","floor":3,"turns":3},{"damage":2,"enemies":"Small Slimes","floor":4,"turns":3},{"damage":7,"enemies":"Blue Slaver","floor":5,"turns":4},{"damage":6,"enemies":"Red Slaver","floor":13,"turns":4},{"damage":3,"enemies":"Looter","floor":14,"turns":3},{"damage":45,"enemies":"Slime Boss","floor":16,"turns":11},{"damage":10,"enemies":"Spheric Guardian","floor":18,"turns":6},{"damage":1,"enemies":"2 Thieves","floor":19,"turns":4},{"damage":33,"enemies":"Sentry and Sphere","floor":20,"turns":9},{"damage":0,"enemies":"Centurion and Healer","floor":21,"turns":8},{"damage":41,"enemies":"Cultist and Chosen","floor":22,"turns":10},{"damage":16,"enemies":"Sentry and Sphere","floor":24,"turns":11},{"damage":11,"enemies":"Shelled Parasite and Fungi","floor":27,"turns":7},{"damage":12,"enemies":"Snecko","floor":28,"turns":5},{"damage":9,"enemies":"Snake Plant","floor":29,"turns":7},{"damage":31,"enemies":"Gremlin Leader","floor":30,"turns":4}],"seed_played":"3343364574004564328","potions_obtained":[{"floor":4,"key":"hexamod:EctoCoolerPotion"},{"floor":14,"key":"Weak Potion"},{"floor":16,"key":"ColorlessPotion"},{"floor":18,"key":"Block Potion"},{"floor":20,"key":"PowerPotion"},{"floor":24,"key":"Fire Potion"},{"floor":27,"key":"CultistPotion"},{"floor":29,"key":"SkillPotion"}],"is_trial":false,"path_per_floor":["M","$","M","M","M","R","?","R","T","?","R","$","M","M","R","B",null,"M","M","M","M","M","R","M","R","T","M","M","M","E"],"character_chosen":"NECROMANCER","items_purchased":["Finger_Of_Death","Negative_Energy_Sphere"],"campfire_rested":2,"item_purchase_floors":[2,12],"current_hp_per_floor":[65,65,69,74,69,69,69,69,69,75,75,75,74,73,73,39,75,67,68,39,43,9,31,22,44,44,40,30,23,0,0],"gold":247,"neow_bonus":"RANDOM_COLORLESS","is_daily":false,"chose_seed":false,"campfire_upgraded":4,"win_rate":0.0,"timestamp":1608148011,"path_taken":["M","$","?","M","M","R","?","R","T","?","R","$","?","M","R","BOSS","M","M","M","?","M","R","M","R","T","M","M","M","E"],"items_purchased_type":["Card","Card"],"build_version":"2020-12-13","purchased_purges":1,"victory":false,"max_hp_per_floor":[75,75,75,75,75,75,75,75,75,75,75,75,75,75,75,75,75,75,75,75,75,75,75,75,75,75,75,75,75,75,75],"card_choices":[{"not_picked":["Bandage Up","Panacea"],"picked":"expansioncontent:Chronoboost","floor":0},{"not_picked":["Uncharnel","Finger_Of_Death"],"picked":"Consume_Illness","floor":1},{"not_picked":["Bone_Shift","Toxic_Smoke_Screen"],"picked":"Negative_Energy_Javelin","floor":3},{"not_picked":["Death_Coil","Scare"],"picked":"Plague_Bolt","floor":4},{"not_picked":["Shackles_Of_Pain","Slay_Living"],"picked":"Negative_Energy_Javelin","floor":5},{"not_picked":["Strike_from_Beyond","Necrotic_Claws","Blood_Whip"],"picked":"SKIP","floor":13},{"not_picked":["Blood_Whip","Summon_Undead"],"picked":"Spectral_Walk","floor":14},{"not_picked":["Blood_Magic","Requiem"],"picked":"Skeleton_Dragon","floor":16},{"not_picked":["Thousand_Bone_Knives","Vampiric_Strike","Bone_Spikes"],"picked":"SKIP","floor":18},{"not_picked":["Negative_Energy_Javelin","Negative_Energy_Mist+1"],"picked":"Spectral_Armor+1","floor":19},{"not_picked":["Negative_Energy_Sphere","Violent_Necrosis"],"picked":"Siphon_Strength","floor":20},{"not_picked":["Blood_Wake","Exploit"],"picked":"Negative_Energy_Shield","floor":21},{"not_picked":["Negative_Energy_Sphere+1","Death_Coil+1"],"picked":"Scare","floor":22},{"not_picked":["Acid_Javelin","Consume_Illness"],"picked":"Stop_Heart","floor":24},{"not_picked":["Scare","Bones_to_Steel","Spectral_Armor"],"picked":"Bone_Shift","floor":27},{"not_picked":["Death_Coil","Scare","Stop_Heart"],"picked":"Negative_Energy_Shield","floor":28},{"not_picked":["Bone_Spikes","Negative_Energy_Javelin","Blood_Whip"],"picked":"Spectral_Armor","floor":29}],"player_experience":872686,"relics_obtained":[{"floor":26,"key":"Question Card"}],"event_choices":[{"damage_healed":0,"gold_gain":0,"player_choice":"Ignored","damage_taken":0,"max_hp_gain":0,"max_hp_loss":0,"event_name":"Golden Idol","floor":7,"gold_loss":0},{"damage_healed":6,"gold_gain":0,"player_choice":"Full Heal","damage_taken":0,"max_hp_gain":0,"max_hp_loss":0,"event_name":"Wheel of Change","floor":10,"gold_loss":0}],"is_beta":false,"boss_relics":[{"not_picked":["Runic Dome","Busted Crown"],"picked":"SlaversCollar"}],"items_purged_floors":[2],"is_endless":false,"potions_floor_spawned":[4,14,16,18,20,24,27,29],"killed_by":"Gremlin Leader","ascension_level":0}}