{"host":"ei424ha2zqt1xblg","time":1608120814,"event":{"mods":["BaseMod","Downfall-Rebalance","Minty Spire (QoL Compilation)","MostiFishMod","StSLib","TestMod","Waifu the Spire"],"gold_per_floor":[118,138,150,164,179,212,212,56,79,52,78,478,438,452,452,573,573,583,149,149,160,180,180,230,260,309,335,350,376,393,323,323,452,452,465,117,117,64,79,79,105,105,173,173,189,220,245,245,245,245,245,245,245,13,43,43],"floor_reached":57,"playtime":1042,"items_purged":["Strike_R","Strike_R","Strike_R","Strike_R"],"score":3581,"play_id":"10a3a92e-4943-4c98-ab8a-c95ef6b0f0b9","local_time":"20201216201334","is_ascension_mode":true,"campfire_choices":[{"data":"Whirlwind","floor":7.0,"key":"SMITH"},{"data":"MostiFishMod:CullingBlade","floor":15.0,"key":"SMITH"},{"data":"Barricade","floor":23.0,"key":"SMITH"},{"data":"MostiFishMod:TemporaryOutbreak","floor":32,"key":"SMITH"},{"data":"MostiFishMod:TemporaryOutbreak","floor":40,"key":"SMITH"},{"data":"Rupture","floor":42,"key":"SMITH"},{"data":"Berserk","floor":44,"key":"SMITH"},{"floor":49,"key":"RECALL"},{"data":"Reaper","floor":53,"key":"SMITH"}],"circlet_count":0,"master_deck":["AscendersBane","Strike_R","Defend_R","Defend_R","Defend_R","Defend_R","Bash+1","Whirlwind+1","Flex+1","Burning Pact+1","Reaper+1","MostiFishMod:CullingBlade+1","Second Wind+1","Barricade+1","Shockwave+1","Reaper+1","MostiFishMod:CullingBlade+1","Shrug It Off+1","MostiFishMod:TemporaryOutbreak+1","Berserk+1","MostiFishMod:TemporaryOutbreak+1","Rupture+1","Limit Break"],"relics":["testmod-TestBox","HaiYi:Twilight","Transparent","testmod-AscensionHeart","testmod-BalancedPeriapt","Akabeko","Ancient Tea Set","ImportantClient","testmod-SaigiyounoYou","Prayer Wheel","Technique","Bag of Preparation","Happy Flower","Bag of Marbles","JellyFishMachine","Bottled Lightning","Frozen Egg 2","Meat on the Bone","StrikeDummy","testmod-CasingShield","Ying","Whetstone"],"acts_visited":["Exordium","TheCity","TheBeyond","TheEnding"],"potions_floor_usage":[30,36,56,56],"damage_taken":[{"damage":14.0,"enemies":"2 Louse","floor":1.0,"turns":2.0},{"damage":14.0,"enemies":"Cultist","floor":2.0,"turns":2.0},{"damage":7.0,"enemies":"Small Slimes","floor":3.0,"turns":1.0},{"damage":7.0,"enemies":"3 Louse","floor":4.0,"turns":1.0},{"damage":7.0,"enemies":"Blue Slaver","floor":5.0,"turns":1.0},{"damage":14.0,"enemies":"Gremlin Nob","floor":6.0,"turns":2.0},{"damage":7.0,"enemies":"Lagavulin","floor":11.0,"turns":1.0},{"damage":14.0,"enemies":"Looter","floor":14.0,"turns":2.0},{"damage":21.0,"enemies":"Hexaghost","floor":16.0,"turns":3.0},{"damage":14.0,"enemies":"Shell Parasite","floor":18.0,"turns":2.0},{"damage":14.0,"enemies":"Chosen","floor":21.0,"turns":2.0},{"damage":7.0,"enemies":"Snecko","floor":22.0,"turns":1.0},{"damage":7,"enemies":"Gremlin Leader","floor":25,"turns":1},{"damage":7,"enemies":"Slavers","floor":27,"turns":1},{"damage":7,"enemies":"Cultist and Chosen","floor":28,"turns":1},{"damage":7,"enemies":"Gremlin Leader","floor":29,"turns":1},{"damage":7,"enemies":"Snake Plant","floor":30,"turns":1},{"damage":14,"enemies":"Automaton","floor":33,"turns":2},{"damage":7,"enemies":"3 Shapes","floor":35,"turns":1},{"damage":14,"enemies":"3 Darklings","floor":39,"turns":2},{"damage":7,"enemies":"Giant Head","floor":41,"turns":1},{"damage":14,"enemies":"Transient","floor":45,"turns":2},{"damage":7,"enemies":"Nemesis","floor":46,"turns":1},{"damage":14,"enemies":"Mind Bloom Boss Battle","floor":47,"turns":2},{"damage":14,"enemies":"Awakened One","floor":50,"turns":2},{"damage":17,"enemies":"Time Eater","floor":51,"turns":2},{"damage":7,"enemies":"Shield and Spear","floor":55,"turns":1},{"damage":55,"enemies":"The Heart","floor":56,"turns":5}],"seed_played":"-2870972471641938973","potions_obtained":[{"floor":3.0,"key":"Swift Potion"},{"floor":4.0,"key":"AttackPotion"},{"floor":13.0,"key":"ElixirPotion"},{"floor":28,"key":"Swift Potion"},{"floor":30,"key":"testmod-SpacePotion"},{"floor":39,"key":"Dexterity Potion"},{"floor":47,"key":"AttackPotion"}],"is_trial":false,"path_per_floor":["M","M","M","M","M","E","R","$","T","$","E","?","?","M","R","B",null,"M","$","?","M","M","R","?","E","T","E","M","E","M","$","R","B",null,"M","$","?","$","M","R","E","R","T","R","M","E","?","?","R","B","B",null,"R","$","E","B",null],"character_chosen":"IRONCLAD","items_purchased":["MostiFishMod:CullingBlade","Second Wind","Prayer Wheel","Technique","testmod-SpacePotion","Bottled Lightning","Rupture","Ying"],"campfire_rested":0,"item_purchase_floors":[8,10,19,19,36,36,38,54],"current_hp_per_floor":[75,75,75,75,75,76,76,76,76,76,76,76,76,76,76,76,76,76,76,76,76,76,76,73,76,76,76,76,76,76,76,76,76,76,76,76,71,71,76,76,76,76,76,76,76,76,76,76,76,76,76,76,76,76,76,76],"gold":43,"neow_bonus":"BOSS_RELIC","is_daily":false,"chose_seed":false,"campfire_upgraded":8,"win_rate":0.0,"timestamp":1608120814,"path_taken":["M","M","M","M","M","E","R","$","T","$","E","?","?","?","R","BOSS","M","$","?","M","?","R","?","E","T","E","?","E","M","$","R","BOSS","M","$","?","$","M","R","E","R","T","R","?","E","?","?","R","BOSS","BOSS","R","$","E","BOSS"],"items_purchased_type":["Card","Card","Relic","Relic","Potion","Relic","Card","Relic"],"build_version":"2020-12-13","purchased_purges":4,"victory":true,"max_hp_per_floor":[75,75,75,75,75,76,76,76,76,76,76,76,76,76,76,76,76,76,76,76,76,76,76,76,76,76,76,76,76,76,76,76,76,76,76,76,76,76,76,76,76,76,76,76,76,76,76,76,76,76,76,76,76,76,76,76],"card_choices":[{"not_picked":["Sword Boomerang","Warcry"],"picked":"Whirlwind","floor":1.0},{"not_picked":["True Grit","Seeing Red"],"picked":"Flex","floor":2.0},{"not_picked":["Intimidate","Clash","Body Slam"],"picked":"SKIP","floor":3.0},{"not_picked":["Rampage","Wild Strike"],"picked":"Burning Pact","floor":4.0},{"not_picked":["Clothesline","Flex","Cleave"],"picked":"SKIP","floor":5.0},{"not_picked":["MostiFishMod:DarkDeal","Impervious"],"picked":"Reaper","floor":6.0},{"not_picked":["Immolate","MostiFishMod:NewArrival"],"picked":"Barricade","floor":11.0},{"not_picked":["Wild Strike","Clothesline"],"picked":"Shockwave","floor":14.0},{"not_picked":["Immolate","Fiend Fire"],"picked":"Reaper","floor":16.0},{"not_picked":["Warcry","Thunderclap","Rampage"],"picked":"SKIP","floor":18.0},{"not_picked":["Armaments","Body Slam","Brutality"],"picked":"SKIP","floor":21.0},{"not_picked":["Sword Boomerang","Clash","True Grit"],"picked":"SKIP","floor":21.0},{"not_picked":["Armaments","Rampage"],"picked":"Shrug It Off","floor":22.0},{"not_picked":["Dark Embrace","Warcry","Clash"],"picked":"SKIP","floor":22.0},{"not_picked":["Reaper","MostiFishMod:#F4004"],"picked":"MostiFishMod:TemporaryOutbreak","floor":25},{"not_picked":["MostiFishMod:UltimateDefense","Corruption","MostiFishMod:404NotFound"],"picked":"SKIP","floor":27},{"not_picked":["Clash","Second Wind","MostiFishMod:NewArrival"],"picked":"SKIP","floor":28},{"not_picked":["MostiFishMod:BrandingRite","Armaments+1","Flex"],"picked":"SKIP","floor":28},{"not_picked":["Brutality","Fiend Fire"],"picked":"Berserk","floor":29},{"not_picked":["Body Slam","Intimidate","Heavy Blade"],"picked":"SKIP","floor":30},{"not_picked":["Rupture+1","Thunderclap","Infernal Blade"],"picked":"SKIP","floor":30},{"not_picked":["Double Tap","Immolate"],"picked":"MostiFishMod:TemporaryOutbreak","floor":33},{"not_picked":["Warcry","Heavy Blade","Body Slam"],"picked":"SKIP","floor":35},{"not_picked":["Carnage","Reckless Charge","Armaments"],"picked":"SKIP","floor":35},{"not_picked":["Metallicize","Second Wind","MostiFishMod:FlyOverUtopia"],"picked":"SKIP","floor":39},{"not_picked":["Rage","Cleave","Blood for Blood"],"picked":"SKIP","floor":39},{"not_picked":["Fiend Fire","MostiFishMod:UltimateDefense","Bludgeon"],"picked":"SKIP","floor":41},{"not_picked":["Clash","Combust+1","Perfected Strike"],"picked":"SKIP","floor":45},{"not_picked":["Shrug It Off","Anger","Battle Trance"],"picked":"SKIP","floor":45},{"not_picked":["Barricade","MostiFishMod:#F4004","MostiFishMod:#F4004"],"picked":"SKIP","floor":46},{"not_picked":["MostiFishMod:#F4004","MostiFishMod:RacingGame"],"picked":"Limit Break","floor":55}],"player_experience":441670,"relics_obtained":[{"floor":6.0,"key":"testmod-BalancedPeriapt"},{"floor":9.0,"key":"Akabeko"},{"floor":11.0,"key":"Ancient Tea Set"},{"floor":16.0,"key":"ImportantClient"},{"floor":25,"key":"Bag of Preparation"},{"floor":27,"key":"Happy Flower"},{"floor":29,"key":"Bag of Marbles"},{"floor":41,"key":"Frozen Egg 2"},{"floor":43,"key":"Meat on the Bone"},{"floor":46,"key":"StrikeDummy"},{"floor":47,"key":"testmod-CasingShield"},{"floor":55,"key":"Whetstone"}],"event_choices":[{"damage_healed":0.0,"max_hp_gain":0.0,"max_hp_loss":0.0,"gold_gain":400.0,"event_name":"¶÷ÂåË¹µÄÅÌ×Ó","player_choice":"Sell","floor":12.0,"relics_lost":["DaveBox"],"gold_loss":0.0,"damage_taken":0.0},{"damage_healed":0.0,"max_hp_gain":0.0,"max_hp_loss":0.0,"gold_gain":0.0,"event_name":"The Woman in Blue","player_choice":"Bought 3 Potions","floor":13.0,"gold_loss":0.0,"damage_taken":0.0},{"damage_healed":0.0,"max_hp_gain":0.0,"max_hp_loss":0.0,"gold_gain":0.0,"event_name":"Duplicator","player_choice":"Copied","floor":20.0,"gold_loss":0.0,"damage_taken":0.0,"cards_obtained":["MostiFishMod:CullingBlade"]},{"damage_healed":0,"gold_gain":50,"player_choice":"Touch","damage_taken":7,"max_hp_gain":0,"max_hp_loss":0,"event_name":"FaceTrader","floor":24,"gold_loss":0},{"damage_healed":0,"gold_gain":0,"player_choice":"Damaged","damage_taken":11,"max_hp_gain":0,"max_hp_loss":0,"event_name":"Wheel of Change","floor":37,"gold_loss":0},{"damage_healed":0,"gold_gain":0,"player_choice":"Fight","damage_taken":0,"max_hp_gain":0,"max_hp_loss":0,"event_name":"MindBloom","floor":47,"gold_loss":0},{"damage_healed":0,"gold_gain":0,"player_choice":"Memory 1","damage_taken":0,"max_hp_gain":0,"max_hp_loss":0,"event_name":"SensoryStone","floor":48,"gold_loss":0}],"is_beta":false,"boss_relics":[{"not_picked":["Empty Cage","testmod-BloodSacrificeSpiritualization"],"picked":"testmod-SaigiyounoYou"},{"not_picked":["Busted Crown","testmod-BatchProcessingSystem"],"picked":"JellyFishMachine"}],"items_purged_floors":[19,31,36,54],"is_endless":false,"potions_floor_spawned":[3,4,11,16,18,22,27,28,30,39,47],"ascension_level":20}}