{"host":"rygf0m8z92bga31f","time":1608159924,"event":{"mods":["BaseMod","Bestiary","Colored Powertips","Filter the Spire","Minty Spire (QoL Compilation)","Rare Cards Sparkle","Relic Stats","StSLib","Waifu the Spire"],"gold_per_floor":[112,130,146,146,159,189,199,233,315,315,350,363,363,378,378,476,476,495,511,511,527,132,158,158,158,230,258,258,288,300,317,317,412,412,425,425,440,460,460,495,507,553,614,654,666,697,729,795,807,819,831,843,185,219,219],"floor_reached":56,"playtime":2021,"items_purged":["Strike_R","Strike_R"],"score":1497,"play_id":"6350728c-fe65-4396-8024-bfef70ea9806","local_time":"20201217010524","is_ascension_mode":true,"campfire_choices":[{"data":"True Grit","floor":15,"key":"SMITH"},{"data":"Perfected Strike","floor":28,"key":"SMITH"},{"data":"Dual Wield","floor":32,"key":"SMITH"},{"data":"Perfected Strike","floor":45,"key":"SMITH"},{"floor":49,"key":"RECALL"},{"data":"Perfected Strike","floor":52,"key":"SMITH"}],"circlet_count":0,"master_deck":["Strike_R","Defend_R","Defend_R","Defend_R","Defend_R","Bash+1","Perfected Strike+1","True Grit+1","Perfected Strike+1","Dark Embrace","Power Through","Thunderclap","Panacea","Perfected Strike+1","Clothesline","Inflame","Immolate","Dual Wield+1","Inflame","Impervious","Perfected Strike+1","Juggernaut","Shrug It Off","Headbutt+1","Corruption","Sever Soul+1","Blood for Blood+1","Pommel Strike+1","Impervious","Uppercut+1","Dual Wield+1","Pommel Strike+1","Burning Pact+1","Flame Barrier","Master of Strategy","Carnage"],"relics":["Philosopher\u0027s Stone","Champion Belt","Eternal Feather","Question Card","StoneCalendar","Snecko Eye","Bottled Tornado","PreservedInsect","Strawberry","Enchiridion","Pear","Mummified Hand","Calipers","Empty Cage","MawBank","Vajra","Magic Flower","Gambling Chip","Membership Card","Ginger","Sundial","Du-Vu Doll"],"acts_visited":["Exordium","TheCity","TheBeyond","TheEnding"],"potions_floor_usage":[16,27,30,55,55,55],"damage_taken":[{"damage":7,"enemies":"Jaw Worm","floor":1,"turns":3},{"damage":6,"enemies":"2 Louse","floor":2,"turns":2},{"damage":0,"enemies":"Cultist","floor":3,"turns":2},{"damage":5,"enemies":"2 Fungi Beasts","floor":5,"turns":3},{"damage":20,"enemies":"3 Sentries","floor":6,"turns":7},{"damage":10,"enemies":"Red Slaver","floor":7,"turns":2},{"damage":11,"enemies":"Gremlin Nob","floor":8,"turns":3},{"damage":14,"enemies":"Lagavulin","floor":11,"turns":6},{"damage":1,"enemies":"Looter","floor":12,"turns":2},{"damage":0,"enemies":"3 Louse","floor":14,"turns":3},{"damage":23,"enemies":"Hexaghost","floor":16,"turns":10},{"damage":13,"enemies":"2 Thieves","floor":18,"turns":3},{"damage":0,"enemies":"Spheric Guardian","floor":19,"turns":1},{"damage":6,"enemies":"Shelled Parasite and Fungi","floor":21,"turns":3},{"damage":8,"enemies":"Book of Stabbing","floor":23,"turns":4},{"damage":3,"enemies":"Slavers","floor":27,"turns":4},{"damage":0,"enemies":"Gremlin Leader","floor":29,"turns":3},{"damage":3,"enemies":"Cultist and Chosen","floor":30,"turns":3},{"damage":0,"enemies":"Centurion and Healer","floor":31,"turns":3},{"damage":22,"enemies":"Champ","floor":33,"turns":7},{"damage":0,"enemies":"3 Darklings","floor":35,"turns":3},{"damage":0,"enemies":"Orb Walker","floor":37,"turns":2},{"damage":1,"enemies":"Sphere and 2 Shapes","floor":38,"turns":2},{"damage":0,"enemies":"Nemesis","floor":40,"turns":3},{"damage":0,"enemies":"Reptomancer","floor":42,"turns":3},{"damage":5,"enemies":"Giant Head","floor":44,"turns":3},{"damage":10,"enemies":"Maw","floor":46,"turns":5},{"damage":1,"enemies":"Writhing Mass","floor":47,"turns":2},{"damage":0,"enemies":"2 Orb Walkers","floor":48,"turns":2},{"damage":48,"enemies":"Donu and Deca","floor":50,"turns":5},{"damage":24,"enemies":"Shield and Spear","floor":54,"turns":5},{"damage":20,"enemies":"The Heart","floor":55,"turns":4}],"seed_played":"-1183696247317114679","potions_obtained":[{"floor":6,"key":"Ancient Potion"},{"floor":8,"key":"LiquidBronze"},{"floor":11,"key":"SpeedPotion"},{"floor":12,"key":"HeartOfIron"},{"floor":13,"key":"FairyPotion"},{"floor":18,"key":"LiquidBronze"},{"floor":23,"key":"DistilledChaos"},{"floor":27,"key":"CultistPotion"},{"floor":30,"key":"ElixirPotion"},{"floor":47,"key":"AttackPotion"},{"floor":48,"key":"EssenceOfSteel"}],"is_trial":false,"path_per_floor":["M","M","M","?","M","E","M","E","T","?","E","M","?","M","R","B",null,"M","M","T","M","$","E","?","?","T","E","R","E","M","M","R","B",null,"M","?","M","M","?","E","?","E","T","E","R","M","M","?","R","B",null,"R","$","E","B",null],"character_chosen":"IRONCLAD","items_purchased":["PreservedInsect","Impervious","Membership Card","Ginger","Sundial","HeartOfIron","SpeedPotion","Master of Strategy","Carnage"],"campfire_rested":0,"item_purchase_floors":[22,22,53,53,53,53,53,53,53],"current_hp_per_floor":[73,67,67,67,62,42,32,21,21,21,7,6,6,6,18,19,80,67,67,67,61,61,60,60,44,54,51,66,66,63,63,78,56,97,97,97,97,96,92,92,92,92,92,87,92,82,81,81,92,44,92,92,92,68,48],"gold":219,"neow_bonus":"BOSS_RELIC","is_daily":false,"chose_seed":false,"campfire_upgraded":5,"win_rate":0.0,"timestamp":1608159924,"path_taken":["M","M","M","?","M","E","M","E","T","?","E","?","?","M","R","BOSS","M","M","?","M","$","E","?","?","T","E","R","E","M","M","R","BOSS","M","?","M","M","?","E","?","E","T","E","R","M","?","?","R","BOSS","R","$","E","BOSS"],"items_purchased_type":["Relic","Card","Relic","Relic","Relic","Potion","Potion","Card","Card"],"build_version":"2020-12-13","purchased_purges":2,"victory":true,"max_hp_per_floor":[80,80,80,80,80,80,80,80,80,80,80,80,80,80,80,80,80,80,80,80,80,80,87,87,87,97,97,97,97,97,97,97,97,97,97,97,97,97,92,92,92,92,92,92,92,92,92,92,92,92,92,92,92,92,92],"relic_stats":{"counters":[32,113],"Magic Flower":[0],"Eternal Feather":58,"StoneCalendar":[52],"PreservedInsect":424,"Ginger":[2],"Question Card":23,"MawBank":156,"Mummified Hand":[160],"Sundial":[0],"Gambling Chip":[11],"Snecko Eye":[153,148,169,174],"Champion Belt":[47],"obtain_stats":[{"Pear":26,"Calipers":29,"Enchiridion":25,"Vajra":42,"Magic Flower":44,"Eternal Feather":8,"StoneCalendar":11,"PreservedInsect":22,"Ginger":53,"Bottled Tornado":20,"Question Card":9,"Empty Cage":34,"MawBank":40,"Burning Blood":0,"Du-Vu Doll":54,"Mummified Hand":27,"Sundial":53,"Strawberry":23,"Gambling Chip":48,"Snecko Eye":17,"Philosopher\u0027s Stone":0,"Champion Belt":6,"Membership Card":53},{"Pear":15,"Calipers":17,"Enchiridion":15,"Vajra":25,"Magic Flower":26,"Eternal Feather":7,"StoneCalendar":8,"PreservedInsect":14,"Ginger":30,"Bottled Tornado":13,"Question Card":7,"Empty Cage":20,"MawBank":24,"Burning Blood":0,"Du-Vu Doll":31,"Mummified Hand":16,"Sundial":30,"Strawberry":15,"Gambling Chip":29,"Snecko Eye":11,"Philosopher\u0027s Stone":0,"Champion Belt":5,"Membership Card":30},{"Pear":54,"Calipers":61,"Enchiridion":54,"Vajra":87,"Magic Flower":90,"Eternal Feather":22,"StoneCalendar":28,"PreservedInsect":50,"Ginger":104,"Bottled Tornado":47,"Question Card":22,"Empty Cage":74,"MawBank":84,"Burning Blood":0,"Du-Vu Doll":109,"Mummified Hand":58,"Sundial":104,"Strawberry":54,"Gambling Chip":99,"Snecko Eye":43,"Philosopher\u0027s Stone":0,"Champion Belt":17,"Membership Card":104}]},"card_choices":[{"not_picked":["Wild Strike","Blood for Blood"],"picked":"Anger","floor":1},{"not_picked":["Havoc","Anger"],"picked":"Perfected Strike","floor":2},{"not_picked":["Evolve","Sever Soul"],"picked":"True Grit","floor":3},{"not_picked":["Heavy Blade","Shrug It Off"],"picked":"Perfected Strike","floor":5},{"not_picked":["True Grit","Cleave"],"picked":"Dark Embrace","floor":6},{"not_picked":["Cleave","Sever Soul"],"picked":"Power Through","floor":7},{"not_picked":["Havoc","True Grit"],"picked":"Thunderclap","floor":8},{"not_picked":["Sentinel","Havoc","Spot Weakness"],"picked":"Perfected Strike","floor":11},{"not_picked":["Twin Strike","Pommel Strike","Cleave"],"picked":"Clothesline","floor":12},{"not_picked":["Carnage","Clash","Rage"],"picked":"Inflame","floor":14},{"not_picked":["Brutality","Bludgeon","Corruption"],"picked":"Immolate","floor":16},{"not_picked":["Sword Boomerang+1","True Grit","Searing Blow"],"picked":"Dual Wield","floor":18},{"not_picked":["Combust","Ghostly Armor","Intimidate"],"picked":"Inflame","floor":19},{"not_picked":["Body Slam","Iron Wave","Dark Embrace","Wild Strike+1"],"picked":"SKIP","floor":21},{"not_picked":["Clothesline","Heavy Blade","Clash","Body Slam+1"],"picked":"SKIP","floor":23},{"not_picked":["Twin Strike","Battle Trance","Clash"],"picked":"Perfected Strike+1","floor":27},{"not_picked":["Rupture","Sever Soul+1","Anger"],"picked":"Juggernaut","floor":29},{"not_picked":["Clash","Intimidate","Headbutt"],"picked":"Shrug It Off","floor":30},{"not_picked":["Pommel Strike","Shrug It Off","Spot Weakness+1"],"picked":"Headbutt+1","floor":31},{"not_picked":["Double Tap","Immolate","Feed"],"picked":"Corruption","floor":33},{"not_picked":["Intimidate+1","Headbutt+1","Whirlwind+1"],"picked":"Sever Soul+1","floor":35},{"not_picked":["Searing Blow","Bloodletting+1","Iron Wave+1"],"picked":"Blood for Blood+1","floor":37},{"not_picked":["Twin Strike","Clash","Immolate"],"picked":"Pommel Strike+1","floor":38},{"not_picked":["Seeing Red+1","Intimidate","Rage"],"picked":"Impervious","floor":40},{"not_picked":["Warcry","Second Wind","Clothesline+1"],"picked":"Uppercut+1","floor":42},{"not_picked":["Uppercut+1","Iron Wave+1","Disarm+1"],"picked":"Dual Wield+1","floor":44},{"not_picked":["Thunderclap","Twin Strike+1","Disarm"],"picked":"Pommel Strike+1","floor":46},{"not_picked":["Brutality","Combust","Havoc"],"picked":"Burning Pact+1","floor":47},{"not_picked":["Flex+1","Heavy Blade+1","Entrench"],"picked":"Flame Barrier","floor":48},{"not_picked":["Searing Blow","Havoc","Clash+1","Body Slam"],"picked":"SKIP","floor":54}],"player_experience":1815954,"relics_obtained":[{"floor":6,"key":"Champion Belt"},{"floor":8,"key":"Eternal Feather"},{"floor":9,"key":"Question Card"},{"floor":11,"key":"StoneCalendar"},{"floor":20,"key":"Bottled Tornado"},{"floor":23,"key":"Strawberry"},{"floor":25,"key":"Enchiridion"},{"floor":26,"key":"Pear"},{"floor":27,"key":"Mummified Hand"},{"floor":29,"key":"Calipers"},{"floor":40,"key":"MawBank"},{"floor":42,"key":"Vajra"},{"floor":44,"key":"Magic Flower"},{"floor":48,"key":"Gambling Chip"},{"floor":54,"key":"Du-Vu Doll"}],"event_choices":[{"damage_healed":0,"gold_gain":0,"player_choice":"Grow","damage_taken":0,"max_hp_gain":0,"max_hp_loss":0,"event_name":"Living Wall","floor":4,"gold_loss":0,"cards_upgraded":["Bash"]},{"damage_healed":0,"gold_gain":0,"player_choice":"1 cards matched","damage_taken":0,"max_hp_gain":0,"max_hp_loss":0,"event_name":"Match and Keep!","floor":10,"gold_loss":0,"cards_obtained":["Panacea"]},{"damage_healed":0,"gold_gain":0,"player_choice":"Got Potions","damage_taken":0,"max_hp_gain":0,"max_hp_loss":0,"event_name":"Lab","floor":13,"gold_loss":0},{"damage_healed":0,"gold_gain":0,"player_choice":"Ignored","damage_taken":0,"max_hp_gain":0,"max_hp_loss":0,"event_name":"Vampires","floor":24,"gold_loss":0},{"damage_healed":0,"gold_gain":0,"player_choice":"Obtained Book","damage_taken":16,"max_hp_gain":0,"max_hp_loss":0,"event_name":"Cursed Tome","floor":25,"gold_loss":0},{"damage_healed":0,"gold_gain":0,"player_choice":"Ignored","damage_taken":0,"max_hp_gain":0,"max_hp_loss":0,"event_name":"Tomb of Lord Red Mask","floor":36,"gold_loss":0},{"damage_healed":0,"gold_gain":0,"player_choice":"Max HP","damage_taken":0,"max_hp_gain":0,"max_hp_loss":5,"event_name":"Winding Halls","floor":39,"gold_loss":0},{"cards_removed":["Strike_R"],"damage_healed":0,"gold_gain":0,"player_choice":"Card Removal","damage_taken":0,"max_hp_gain":0,"max_hp_loss":0,"event_name":"Wheel of Change","floor":41,"gold_loss":0},{"damage_healed":0,"gold_gain":0,"player_choice":"Fight","damage_taken":0,"max_hp_gain":0,"max_hp_loss":0,"event_name":"Mysterious Sphere","floor":48,"gold_loss":0}],"is_beta":false,"boss_relics":[{"not_picked":["Velvet Choker","Busted Crown"],"picked":"Snecko Eye"},{"not_picked":["SacredBark","SlaversCollar"],"picked":"Empty Cage"}],"items_purged_floors":[22,53],"is_endless":false,"potions_floor_spawned":[6,8,11,12,18,23,27,30,44,47,48],"ascension_level":1}}