{"host":"lctcqud4f9t1q6q5","time":1608116849,"event":{"mods":["BaseMod","Better Vampires","Block Reminder","Colored Map","Colored Powertips","Downfall","Highlight Path","KinomotoSakuraMod(木之本樱)","Lobotomy","LobotomyExtend","Marisa（F雨　魔理沙）","Minty Spire (QoL Compilation)","Quick Restart","Reimu（博丽灵梦）","Relic Stats","Replay The Spire","RumiaBox-露米娅的神秘盒子","Shop Mod","Spicy Shops","StSLib","TestMod","The Bug Knight","Thieving Mod","WarShipGirlsR/战舰少女R mod","vexMod","【功能Mod】混沌之环修复补丁","篝火指南"],"gold_per_floor":[359,376,551,326,339,339,339],"floor_reached":6,"playtime":213,"items_purged":["Doubt"],"score":41,"play_id":"fc56a939-d77f-4eec-994b-41f9de09b8ea","local_time":"20201216190729","is_ascension_mode":true,"campfire_choices":[],"circlet_count":0,"master_deck":["Strike_P","Strike_P","Strike_P","Strike_P","Defend_P","Defend_P","Defend_P","Defend_P","Eruption","Vigilance","TalkToTheHand"],"relics":["PureWater","testmod-TestBox","LetterFromLob","vexMod:Spyglass"],"acts_visited":["Exordium"],"potions_floor_usage":[5],"damage_taken":[{"damage":4,"enemies":"Jaw Worm","floor":1,"turns":3},{"damage":0,"enemies":"Small Slimes","floor":2,"turns":4},{"damage":0,"enemies":"Cultist","floor":5,"turns":2},{"damage":57,"enemies":"Lagavulin","floor":6,"turns":7}],"seed_played":"5741532994971238700","potions_obtained":[{"floor":1,"key":"Fire Potion"}],"is_trial":false,"path_per_floor":["M","M","?","$","M","E"],"character_chosen":"WATCHER","items_purchased":["vexMod:Spyglass"],"campfire_rested":0,"item_purchase_floors":[4],"current_hp_per_floor":[61,61,61,61,61,4,4],"gold":339,"neow_bonus":"TWO_FIFTY_GOLD","is_daily":false,"chose_seed":false,"campfire_upgraded":0,"win_rate":0.0,"timestamp":1608116849,"path_taken":["M","M","?","$","M","E"],"items_purchased_type":["Relic"],"build_version":"2020-12-13","purchased_purges":1,"victory":false,"max_hp_per_floor":[65,65,65,65,65,65,65],"relic_stats":{"counters":[4,16],"obtain_stats":[{"testmod-TestBox":0,"LetterFromLob":1,"PureWater":0,"vexMod:Spyglass":4},{"testmod-TestBox":0,"LetterFromLob":1,"PureWater":0,"vexMod:Spyglass":2},{"testmod-TestBox":0,"LetterFromLob":3,"PureWater":0,"vexMod:Spyglass":7}]},"card_choices":[{"not_picked":["WheelKick","FlyingSleeves","Replay:BluntJabs"],"picked":"SKIP","floor":1},{"not_picked":["JustLucky","SashWhip","Replay:ManipulateFuture"],"picked":"SKIP","floor":2},{"not_picked":["Protect","JustLucky"],"picked":"TalkToTheHand","floor":5}],"player_experience":331678,"relics_obtained":[{"floor":1,"key":"LetterFromLob"}],"event_choices":[{"damage_healed":0,"gold_gain":175,"player_choice":"AGREE","damage_taken":0,"max_hp_gain":0,"max_hp_loss":0,"event_name":"Liars Game","floor":3,"gold_loss":0,"cards_obtained":["Doubt"]}],"is_beta":false,"boss_relics":[],"items_purged_floors":[4],"is_endless":false,"potions_floor_spawned":[1],"killed_by":"Lagavulin","ascension_level":3}}