{"host":"bq4pt811tk9yrmjl","time":1608129016,"event":{"mods":["AchievementEnabler","BaseMod","Colored Map","Colored Powertips","Defuse TimeMaze Blight","Minty Spire (QoL Compilation)","StSLib","SuperFastMode","UnlockEverythingMod"],"gold_per_floor":[109,284,66,66,79,114,114,129,204,235,235,270,286,300,300,405,405,419,439,439,455,472,472,472,472],"floor_reached":24,"playtime":492,"items_purged":["Doubt"],"score":281,"play_id":"5ab32282-5852-4862-9173-eb3c74a621b5","local_time":"20201216123016","is_ascension_mode":true,"campfire_choices":[{"data":"Anger","floor":7.0,"key":"SMITH"},{"floor":11.0,"key":"RECALL"},{"data":"Bash","floor":15.0,"key":"SMITH"},{"data":"Berserk","floor":23,"key":"SMITH"}],"circlet_count":0,"master_deck":["Strike_R","Strike_R","Strike_R","Strike_R","Strike_R+1","Defend_R","Defend_R","Defend_R","Defend_R","Bash+1","Anger+1","Clash","Feel No Pain","Berserk+1","Body Slam+1","Iron Wave","Thunderclap+1","Pummel+1"],"relics":["Black Blood","NeowsBlessing","Anchor","Bag of Marbles","Pantograph","Whetstone","Dream Catcher"],"acts_visited":["Exordium","TheCity"],"potions_floor_usage":[21,24],"damage_taken":[{"damage":0.0,"enemies":"Cultist","floor":1.0,"turns":1.0},{"damage":0.0,"enemies":"2 Louse","floor":5.0,"turns":1.0},{"damage":0.0,"enemies":"Gremlin Nob","floor":6.0,"turns":1.0},{"damage":1.0,"enemies":"Jaw Worm","floor":8.0,"turns":2.0},{"damage":0.0,"enemies":"3 Sentries","floor":10.0,"turns":8.0},{"damage":18.0,"enemies":"Lagavulin","floor":12.0,"turns":3.0},{"damage":5.0,"enemies":"Large Slime","floor":13.0,"turns":3.0},{"damage":0.0,"enemies":"Lots of Slimes","floor":14.0,"turns":4.0},{"damage":55.0,"enemies":"Hexaghost","floor":16.0,"turns":9.0},{"damage":39.0,"enemies":"2 Thieves","floor":18.0,"turns":4.0},{"damage":27.0,"enemies":"3 Byrds","floor":19.0,"turns":9.0},{"damage":9,"enemies":"Cultist and Chosen","floor":21,"turns":5},{"damage":32,"enemies":"Shelled Parasite and Fungi","floor":22,"turns":5},{"damage":25,"enemies":"Gremlin Leader","floor":24,"turns":7}],"seed_played":"-2800077501579497488","potions_obtained":[{"floor":1.0,"key":"EntropicBrew"},{"floor":4.0,"key":"HeartOfIron"},{"floor":4.0,"key":"Block Potion"},{"floor":12.0,"key":"Regen Potion"},{"floor":13.0,"key":"Ancient Potion"},{"floor":18.0,"key":"Regen Potion"},{"floor":19.0,"key":"SmokeBomb"},{"floor":22,"key":"LiquidMemories"}],"is_trial":false,"path_per_floor":["M","?","$","?","M","E","R","M","T","E","R","E","M","M","R","B",null,"M","M","?","M","M","R","E"],"character_chosen":"IRONCLAD","items_purchased":["Anchor"],"campfire_rested":0,"item_purchase_floors":[3],"current_hp_per_floor":[80,80,80,80,80,80,80,80,80,80,80,68,69,75,75,31,80,53,67,67,70,50,50,25,25],"gold":472,"neow_bonus":"THREE_ENEMY_KILL","is_daily":false,"chose_seed":false,"campfire_upgraded":3,"win_rate":0.0,"timestamp":1608129016,"path_taken":["M","?","$","?","M","E","R","M","T","E","R","E","?","M","R","BOSS","M","M","?","M","M","R","E"],"items_purchased_type":["Relic"],"build_version":"2020-12-13","purchased_purges":1,"victory":false,"max_hp_per_floor":[80,80,80,80,80,80,80,80,80,80,80,80,80,80,80,80,80,80,80,80,80,80,80,80,80],"card_choices":[{"not_picked":["Bloodletting","Ghostly Armor"],"picked":"Heavy Blade","floor":1.0},{"not_picked":["Flex","Shrug It Off"],"picked":"Anger","floor":5.0},{"not_picked":["Iron Wave","Evolve","Immolate"],"picked":"SKIP","floor":6.0},{"not_picked":["Twin Strike","Infernal Blade"],"picked":"Clash","floor":8.0},{"not_picked":["Thunderclap","Hemokinesis","Clash"],"picked":"SKIP","floor":10.0},{"not_picked":["Sword Boomerang","Twin Strike","Clash"],"picked":"SKIP","floor":12.0},{"not_picked":["Flex","Iron Wave","Carnage"],"picked":"SKIP","floor":13.0},{"not_picked":["Shrug It Off","Havoc"],"picked":"Feel No Pain","floor":14.0},{"not_picked":["Barricade","Bludgeon"],"picked":"Berserk","floor":16.0},{"not_picked":["Iron Wave","Shockwave"],"picked":"Body Slam+1","floor":18.0},{"not_picked":["True Grit","Dropkick","Flex"],"picked":"SKIP","floor":19.0},{"not_picked":["Combust","Clothesline"],"picked":"Thunderclap+1","floor":21},{"not_picked":["Heavy Blade","Havoc"],"picked":"Pummel+1","floor":22}],"player_experience":58288,"relics_obtained":[{"floor":6.0,"key":"Bag of Marbles"},{"floor":9.0,"key":"Pantograph"},{"floor":10.0,"key":"Whetstone"},{"floor":12.0,"key":"Dream Catcher"}],"event_choices":[{"damage_healed":0.0,"max_hp_gain":0.0,"max_hp_loss":0.0,"gold_gain":175.0,"event_name":"Liars Game","player_choice":"AGREE","floor":2.0,"gold_loss":0.0,"damage_taken":0.0,"cards_obtained":["Doubt"]},{"damage_healed":0.0,"max_hp_gain":0.0,"max_hp_loss":0.0,"gold_gain":0.0,"event_name":"Lab","player_choice":"Got Potions","floor":4.0,"gold_loss":0.0,"damage_taken":0.0},{"cards_removed":["Heavy Blade"],"damage_healed":0.0,"max_hp_gain":0.0,"max_hp_loss":0.0,"gold_gain":0.0,"event_name":"NoteForYourself","player_choice":"Took Card","floor":20.0,"gold_loss":0.0,"damage_taken":0.0,"cards_obtained":["Iron Wave"]}],"is_beta":false,"boss_relics":[{"not_picked":["Runic Cube","Black Star"],"picked":"Black Blood"}],"items_purged_floors":[3],"is_endless":false,"potions_floor_spawned":[1,8,12,13,14,18,19,22],"killed_by":"Gremlin Leader","ascension_level":1}}