{"host":"ab2s6ezjqdgtrlyf","time":1608132320,"event":{"mods":["BaseMod","Colored Map","Highlight Path","Marked Mod","Minty Spire (QoL Compilation)","Quick Restart","Relic Stats","Replay The Spire","StSLib","Waifu the Spire","vexMod"],"gold_per_floor":[116,116,60,122,122,122,140,140,167,167,182,202,202,202,202,279,279,298,298,348,348,348,348,348,348,348,348,100,120,162,191,191,275,275,295,295,295,32,52,52,52,52],"floor_reached":41,"playtime":1134,"items_purged":["Defend_B"],"score":766,"play_id":"23a12b7e-12f7-4c10-a103-de154a23c0ea","local_time":"20201216232520","is_ascension_mode":true,"campfire_choices":[{"data":"Leap","floor":6.0,"key":"SMITH"},{"data":"Ball Lightning","floor":10.0,"key":"SMITH"},{"floor":13.0,"key":"REST"},{"data":"Strike_B","floor":15.0,"key":"PURGE"},{"floor":23.0,"key":"REST"},{"data":"Thunder Strike","floor":25.0,"key":"SMITH"},{"data":"Zap","floor":27.0,"key":"SMITH"},{"floor":32.0,"key":"REST"},{"floor":40,"key":"REST"}],"circlet_count":0,"master_deck":["AscendersBane","Strike_B+1","Defend_B","Defend_B+1","Zap+1","Dualcast","Leap+1","Ball Lightning+1","Static Discharge+1","Thunder Strike+1","ReplayTheSpireMod:Calculation Training","Cold Snap","Defragment+1","Machine Learning","Steam","BootSequence+1"],"relics":["Cracked Core","Bronze Scales","Juzu Bracelet","Philosopher\u0027s Stone","CeramicFish","Anchor","Simple Rune","Inserter","Letter Opener"],"acts_visited":["Exordium","TheCity","TheBeyond"],"potions_floor_usage":[35,39],"damage_taken":[{"damage":0.0,"enemies":"2 Louse","floor":1.0,"turns":3.0},{"damage":0.0,"enemies":"Small Slimes","floor":7.0,"turns":3.0},{"damage":0.0,"enemies":"Cultist","floor":11.0,"turns":3.0},{"damage":4.0,"enemies":"Looter","floor":12.0,"turns":3.0},{"damage":39.0,"enemies":"The Guardian","floor":16.0,"turns":9.0},{"damage":9.0,"enemies":"3 Byrds","floor":18.0,"turns":2.0},{"damage":19.0,"enemies":"2 Thieves","floor":29.0,"turns":3.0},{"damage":30.0,"enemies":"Book of Stabbing","floor":30.0,"turns":4.0},{"damage":0.0,"enemies":"Snake Plant","floor":31.0,"turns":3.0},{"damage":33.0,"enemies":"Champ","floor":33.0,"turns":8.0},{"damage":32,"enemies":"3 Darklings","floor":35,"turns":4},{"damage":13,"enemies":"Orb Walker","floor":39,"turns":3},{"damage":68,"enemies":"Reptomancer","floor":41,"turns":2}],"seed_played":"-8568172660248877993","potions_obtained":[{"floor":4.0,"key":"PotionOfCapacity"},{"floor":4.0,"key":"Strength Potion"},{"floor":7.0,"key":"FairyPotion"},{"floor":11.0,"key":"Languid Potion"},{"floor":18.0,"key":"Venom Potion"},{"floor":30.0,"key":"Energy Potion"},{"floor":31.0,"key":"FairyPotion"},{"floor":33.0,"key":"SkillPotion"},{"floor":35,"key":"Languid Potion"}],"is_trial":false,"path_per_floor":["M","?","$","?","?","R","M","?","T","R","M","M","R","?","R_BF","B",null,"M","?","?","?","?","R","?","R","T","R","$","M","E","M","R","B",null,"M","?","?","$","M","R","E"],"character_chosen":"DEFECT","items_purchased":["Leap","Anchor","Letter Opener"],"campfire_rested":4,"item_purchase_floors":[3,28,38],"current_hp_per_floor":[64,64,64,43,43,43,43,43,43,43,43,39,58,58,58,19,53,44,27,27,27,27,47,47,47,47,47,47,28,18,18,38,5,53,21,21,21,21,8,28,0,0],"gold":52,"neow_bonus":"REMOVE_TWO","is_daily":false,"chose_seed":false,"campfire_upgraded":4,"win_rate":0.0,"timestamp":1608132320,"path_taken":["M","?","$","?","?","R","M","?","T","R","M","M","R","?","R_BF","BOSS","M","?","?","?","?","R","?","R","T","R","$","M","E","M","R","BOSS","M","?","?","$","M","R","E"],"items_purchased_type":["Card","Relic","Relic"],"build_version":"2020-12-13","purchased_purges":1,"victory":false,"max_hp_per_floor":[64,64,64,64,64,64,64,64,64,64,64,64,64,64,64,64,64,64,69,69,69,69,69,69,69,69,69,69,69,69,69,69,69,69,69,69,69,69,69,69,69,69],"relic_stats":{"Inserter":[4],"counters":[13,50],"Bronze Scales":[162],"CeramicFish":54,"Juzu Bracelet":2,"Letter Opener":[15],"obtain_stats":[{"Anchor":28,"Inserter":34,"Bronze Scales":8,"CeramicFish":26,"Philosopher\u0027s Stone":17,"Simple Rune":30,"Juzu Bracelet":9,"Letter Opener":38,"Cracked Core":0},{"Anchor":6,"Inserter":10,"Bronze Scales":2,"CeramicFish":6,"Philosopher\u0027s Stone":5,"Simple Rune":8,"Juzu Bracelet":2,"Letter Opener":11,"Cracked Core":0},{"Anchor":23,"Inserter":41,"Bronze Scales":6,"CeramicFish":23,"Philosopher\u0027s Stone":21,"Simple Rune":30,"Juzu Bracelet":6,"Letter Opener":45,"Cracked Core":0}]},"card_choices":[{"not_picked":["Coolheaded","Stack"],"picked":"Chill","floor":1.0},{"not_picked":["ReplayTheSpireMod:Reroute Power","Rebound"],"picked":"Ball Lightning","floor":4.0},{"not_picked":["Leap","Genetic Algorithm","Turbo"],"picked":"SKIP","floor":7.0},{"not_picked":["Coolheaded","Streamline","Turbo"],"picked":"SKIP","floor":11.0},{"not_picked":["Reprogram","Redo","Rebound"],"picked":"SKIP","floor":12.0},{"not_picked":["All For One","Seek"],"picked":"Thunder Strike","floor":16.0},{"not_picked":["Storm","Leap"],"picked":"ReplayTheSpireMod:Calculation Training","floor":18.0},{"not_picked":["Leap","Coolheaded"],"picked":"Cold Snap","floor":29.0},{"not_picked":["Recycle","Biased Cognition"],"picked":"Static Discharge","floor":30.0},{"not_picked":["Ball Lightning","Streamline"],"picked":"Defragment+1","floor":31.0},{"not_picked":["ReplayTheSpireMod:Fabricate Wheel","Mirror Shield"],"picked":"Machine Learning","floor":33.0},{"not_picked":["Stack","Conserve Battery"],"picked":"Steam","floor":35},{"not_picked":["Cold Snap","ReplaySort+1"],"picked":"BootSequence+1","floor":39}],"player_experience":792275,"relics_obtained":[{"floor":9.0,"key":"Juzu Bracelet"},{"floor":26.0,"key":"CeramicFish"},{"floor":30.0,"key":"Simple Rune"}],"event_choices":[{"damage_healed":0.0,"max_hp_gain":0.0,"max_hp_loss":0.0,"gold_gain":0.0,"event_name":"Liars Game","player_choice":"Ignored","floor":2.0,"gold_loss":0.0,"damage_taken":0.0},{"damage_healed":0.0,"max_hp_gain":0.0,"max_hp_loss":0.0,"gold_gain":0.0,"event_name":"WeMeetAgain","player_choice":"Gave Potion","floor":8.0,"gold_loss":0.0,"damage_taken":0.0,"relics_obtained":["Bronze Scales"]},{"damage_healed":0.0,"max_hp_gain":5.0,"max_hp_loss":0.0,"gold_gain":0.0,"event_name":"Forgotten Altar","player_choice":"Shed Blood","floor":19.0,"gold_loss":0.0,"damage_taken":22.0},{"damage_healed":0.0,"max_hp_gain":0.0,"max_hp_loss":0.0,"gold_gain":50.0,"event_name":"Nest","player_choice":"Stole From Cult","floor":20.0,"gold_loss":0.0,"damage_taken":0.0},{"damage_healed":0.0,"max_hp_gain":0.0,"max_hp_loss":0.0,"gold_gain":0.0,"event_name":"Vampires","player_choice":"Ignored","floor":21.0,"gold_loss":0.0,"damage_taken":0.0},{"damage_healed":0.0,"max_hp_gain":0.0,"max_hp_loss":0.0,"gold_gain":0.0,"event_name":"The Mausoleum","player_choice":"Ignored","floor":22.0,"gold_loss":0.0,"damage_taken":0.0},{"damage_healed":0.0,"max_hp_gain":0.0,"max_hp_loss":0.0,"gold_gain":0.0,"event_name":"Cursed Tome","player_choice":"Ignored","floor":24.0,"gold_loss":0.0,"damage_taken":0.0},{"damage_healed":0,"gold_gain":0,"player_choice":"Ignored","damage_taken":0,"max_hp_gain":0,"max_hp_loss":0,"event_name":"Mysterious Sphere","floor":36,"gold_loss":0},{"cards_removed":["Static Discharge"],"damage_healed":0,"gold_gain":0,"player_choice":"Removed Power","damage_taken":0,"max_hp_gain":0,"max_hp_loss":0,"event_name":"Falling","floor":37,"gold_loss":0}],"is_beta":false,"boss_relics":[{"not_picked":["Sozu","FrozenCore"],"picked":"Philosopher\u0027s Stone"},{"not_picked":["Empty Cage","Painkiller Herb"],"picked":"Inserter"}],"items_purged_floors":[28],"is_endless":false,"potions_floor_spawned":[7,11,12,18,30,31,33,35],"killed_by":"Reptomancer","ascension_level":19}}