{"host":"zxezw9t7myeayiva","time":1608146311,"event":{"mods":["2.2 Compatiblity","Act Like it!","BaseMod","Colored Map","Downfall","Hallownest","Hermit","Infinite Spire","Lobotomy","Marisa????????","Minty Spire (QoL Compilation)","Replay The Spire","Somnambulant","StSLib","The Animator","The Cursed","The Disciple","The Hierophant","The Jungle","The Servant 0.9.4"],"gold_per_floor":[20,20,40,315,339,339,370,370,370,370,386,386,425,445,445,445,445],"floor_reached":16,"playtime":785,"items_purged":[],"score":110,"play_id":"82518b8e-526b-4937-a307-88a6b451e4ce","local_time":"20201216131831","is_ascension_mode":false,"campfire_choices":[{"data":"Capacitor","floor":6,"key":"SMITH"},{"data":"Defragment","floor":8,"key":"SMITH"},{"data":"Zap","floor":10,"key":"SMITH"},{"data":"Dualcast","floor":15,"key":"SMITH"}],"circlet_count":0,"master_deck":["Strike_B","Strike_B","Defend_B","Defend_B","Defend_B","Zap+1","Dualcast+1","Beam Cell","Sweeping Beam","Regret","Capacitor+1","Defragment+1","ReplayTheSpireMod:System Scan","Scrape","Coolheaded","White Noise"],"relics":["Cracked Core","Golden Idol","ReplayTheSpireMod:Ninjato","Gremlin Horn","Ice Cream"],"acts_visited":["Exordium"],"potions_floor_usage":[7,13,13],"damage_taken":[{"damage":6,"enemies":"Cultist","floor":1,"turns":3},{"damage":1,"enemies":"Jaw Worm","floor":3,"turns":2},{"damage":1,"enemies":"2 Louse","floor":5,"turns":2},{"damage":8,"enemies":"Gremlin Nob","floor":7,"turns":3},{"damage":9,"enemies":"2 Fungi Beasts","floor":11,"turns":3},{"damage":11,"enemies":"Replay:BlueRogue","floor":13,"turns":3},{"damage":7,"enemies":"3 Louse","floor":14,"turns":2},{"damage":14,"enemies":"Hexaghost","floor":16,"turns":5}],"seed_played":"3497318671721342328","potions_obtained":[{"floor":3,"key":"champ:CounterPotion"},{"floor":7,"key":"Elixir"},{"floor":11,"key":"DistilledChaos"}],"is_trial":false,"path_per_floor":["M","?","M","?","M","R","E","R","T","R","M","?","E","M","R","B"],"character_chosen":"DEFECT","items_purchased":[],"campfire_rested":0,"item_purchase_floors":[],"current_hp_per_floor":[69,51,50,50,49,49,41,41,41,41,32,32,21,14,14,0,0],"gold":445,"neow_bonus":"REMOVE_TWO","is_daily":false,"chose_seed":false,"campfire_upgraded":4,"win_rate":0.0,"timestamp":1608146311,"path_taken":["M","?","M","?","?","R","E","R","T","R","M","?","E","?","R","BOSS"],"items_purchased_type":[],"build_version":"2020-12-13","purchased_purges":0,"victory":false,"max_hp_per_floor":[75,75,75,75,75,75,75,75,75,75,75,75,75,75,75,75,75],"card_choices":[{"not_picked":["ReplayGash","BasicCrystalCard"],"picked":"Beam Cell","floor":1},{"not_picked":["Barrage","Beam Cell"],"picked":"Sweeping Beam","floor":3},{"not_picked":["Conserve Battery","Turbo"],"picked":"Capacitor","floor":5},{"not_picked":["Aggregate","Cold Snap"],"picked":"Defragment","floor":7},{"not_picked":["Rebound","Chill"],"picked":"ReplayTheSpireMod:System Scan","floor":11},{"not_picked":["Conserve Battery","Beam Cell"],"picked":"Coolheaded","floor":13},{"not_picked":["Compile Driver","Hologram"],"picked":"White Noise","floor":14}],"player_experience":297559,"relics_obtained":[{"floor":7,"key":"ReplayTheSpireMod:Ninjato"},{"floor":9,"key":"Gremlin Horn"},{"floor":13,"key":"Ice Cream"}],"event_choices":[{"damage_healed":0,"gold_gain":0,"player_choice":"Take Damage","damage_taken":18,"relics_obtained":["Golden Idol"],"max_hp_gain":0,"max_hp_loss":0,"event_name":"Golden Idol","floor":2,"gold_loss":0},{"damage_healed":0,"gold_gain":275,"player_choice":"Desecrate","damage_taken":0,"max_hp_gain":0,"max_hp_loss":0,"event_name":"Golden Shrine","floor":4,"gold_loss":0,"cards_obtained":["Regret"]},{"damage_healed":0,"gold_gain":0,"cards_transformed":["Strike_B"],"player_choice":"Transformed","damage_taken":0,"max_hp_gain":0,"max_hp_loss":0,"event_name":"Transmorgrifier","floor":12,"gold_loss":0,"cards_obtained":["Scrape"]}],"is_beta":false,"boss_relics":[],"items_purged_floors":[],"is_endless":false,"potions_floor_spawned":[3,7,11],"killed_by":"Hexaghost","ascension_level":0}}