{"host":"3srbdas3e7jgqz5l","time":1608135097,"event":{"mods":["BaseMod","Downfall","Minty Spire (QoL Compilation)","StSLib","The Cursed"],"gold_per_floor":[99,99,112,112,62,92,92,105,105,130,146,146,164,74,91,186,186,61,90,90,102,102,52,77,62,62,12,32,51,51,219,233,335,335,210,239,256,270,270,286,312,326,356,231,243,256,256,11,21,21,21,21,21],"floor_reached":52,"playtime":4888,"items_purged":["Slimebound:Strike_Slimebound","Slimebound:Strike_Slimebound"],"score":767,"play_id":"69576505-79e7-4642-a4c7-b9237a8d4756","local_time":"20201216161137","is_ascension_mode":false,"campfire_choices":[{"data":"Slimebound:Split","floor":1,"key":"SMITH"},{"data":"Slimebound:CorrosiveSpit","floor":5,"key":"SMITH"},{"data":"Slimebound:RallyTheTroops","floor":18,"key":"SMITH"},{"data":"Slimebound:LeadByExample","floor":23,"key":"SMITH"},{"data":"Slimebound:SlimeBarrage","floor":27,"key":"SMITH"},{"floor":35,"key":"RECALL"},{"data":"Slimebound:Overexert","floor":44,"key":"SMITH"}],"circlet_count":0,"master_deck":["Slimebound:Tackle","Slimebound:Defend_Slimebound","Slimebound:Defend_Slimebound","Slimebound:Defend_Slimebound","Slimebound:Defend_Slimebound","Slimebound:Split+1","Slimebound:CorrosiveSpit+1","Slimebound:SplitMire","Slimebound:LeadByExample+1","Slimebound:SlimeBarrage+1","Slimebound:LeechingTouch","Slimebound:SlimeTap","Slimebound:SlimeSpikes","Slimebound:RallyTheTroops+1","Slimebound:FormOfPuddle+1","Ghostly","Ghostly","Ghostly","Ghostly","Ghostly","Slimebound:ProtectTheBoss+1","Necronomicurse","Slimebound:SlimeBrawl+1","Slimebound:MassRepurpose","Slimebound:Overexert+1","Slimebound:LivingWall","Slimebound:SlimeBrawl+1","Slimebound:SamplingLick+1"],"relics":["Slimebound:AbsorbEndCombat","Boot","Slimebound:GreedOozeRelic","Matryoshka","Happy Flower","InkBottle","Oddly Smooth Stone","Black Star","downfall:HeartBlessingGreen","Pocketwatch","Bottled Tornado","Necronomicon","Vajra","Busted Crown","downfall:HeartBlessingBlue","Bag of Marbles","Orichalcum","Art of War","Bronze Scales","MealTicket","downfall:HeartBlessingRed","downfall:TeleportStone","Frozen Eye"],"acts_visited":["Exordium","TheCity","TheBeyond","TheEnding"],"potions_floor_usage":[6,15,21,31,33,52],"damage_taken":[{"damage":8,"enemies":"Small Slimes","floor":3,"turns":3},{"damage":41,"enemies":"Gremlin Nob","floor":6,"turns":4},{"damage":4,"enemies":"Cultist","floor":8,"turns":3},{"damage":18,"enemies":"Lagavulin","floor":10,"turns":5},{"damage":8,"enemies":"2 Louse","floor":11,"turns":2},{"damage":18,"enemies":"Blue Slaver","floor":13,"turns":3},{"damage":12,"enemies":"downfall:FleeingMerchant","floor":14,"turns":4},{"damage":13,"enemies":"Exordium Wildlife","floor":15,"turns":3},{"damage":21,"enemies":"downfall:Watcher","floor":16,"turns":6},{"damage":25,"enemies":"Book of Stabbing","floor":19,"turns":5},{"damage":15,"enemies":"3 Byrds","floor":21,"turns":4},{"damage":8,"enemies":"downfall:FleeingMerchant","floor":25,"turns":4},{"damage":0,"enemies":"Chosen","floor":26,"turns":1},{"damage":4,"enemies":"Snake Plant","floor":28,"turns":2},{"damage":8,"enemies":"Cultist and Chosen","floor":29,"turns":3},{"damage":12,"enemies":"downfall:FleeingMerchant","floor":31,"turns":3},{"damage":5,"enemies":"Shelled Parasite and Fungi","floor":32,"turns":3},{"damage":2,"enemies":"downfall:Defect","floor":33,"turns":4},{"damage":7,"enemies":"Nemesis","floor":36,"turns":7},{"damage":8,"enemies":"3 Shapes","floor":37,"turns":4},{"damage":4,"enemies":"Orb Walker","floor":38,"turns":5},{"damage":10,"enemies":"Transient","floor":40,"turns":5},{"damage":8,"enemies":"Jaw Worm Horde","floor":42,"turns":3},{"damage":9,"enemies":"Giant Head","floor":43,"turns":7},{"damage":4,"enemies":"4 Shapes","floor":45,"turns":4},{"damage":3,"enemies":"Writhing Mass","floor":46,"turns":3},{"damage":3,"enemies":"Maw","floor":49,"turns":4},{"damage":8,"enemies":"downfall:Ironclad","floor":50,"turns":7},{"damage":57,"enemies":"downfall:CharBossMerchant","floor":52,"turns":7}],"seed_played":"-1051348214373745875","potions_obtained":[{"floor":3,"key":"hexamod:EctoCoolerPotion"},{"floor":6,"key":"champ:CounterPotion"},{"floor":8,"key":"Block Potion"},{"floor":13,"key":"Ancient Potion"},{"floor":16,"key":"LiquidMemories"},{"floor":21,"key":"Slimebound:SlimyTonguePotion"},{"floor":32,"key":"BlessingOfTheForge"},{"floor":37,"key":"FairyPotion"},{"floor":38,"key":"PowerPotion"},{"floor":42,"key":"Swift Potion"},{"floor":43,"key":"EntropicBrew"}],"is_trial":false,"path_per_floor":["R","?","M","?","R","E","T","M","?","E","M","?","M","$","M","B",null,"R","E","?","M","?","R","T","$","M","R","M","M","?","$","M","B",null,"R","E","M","M","?","M","T","M","E","R","M","M","?","$","M","B",null,"E"],"character_chosen":"SLIMEBOUND","items_purchased":["Slimebound:MassRepurpose","Frozen Eye"],"campfire_rested":0,"item_purchase_floors":[31,48],"current_hp_per_floor":[60,60,60,60,60,33,33,37,37,31,35,40,40,48,51,52,65,65,58,32,32,16,16,16,26,26,26,28,30,30,32,32,32,32,42,41,41,42,42,42,42,42,42,42,42,42,42,42,42,42,42,0,0],"gold":21,"neow_bonus":"RANDOM_COMMON_RELIC","is_daily":false,"chose_seed":false,"campfire_upgraded":6,"win_rate":0.0,"timestamp":1608135097,"path_taken":["R","?","M","?","R","E","T","?","?","E","M","?","M","?","M","BOSS","R","E","?","M","?","R","T","$","M","R","M","M","?","$","M","BOSS","R","E","M","?","?","M","T","M","E","R","M","M","?","$","M","BOSS","E"],"items_purchased_type":["Card","Relic"],"build_version":"2020-12-13","purchased_purges":2,"victory":false,"max_hp_per_floor":[60,60,60,60,60,60,60,60,60,60,60,65,65,65,65,65,65,65,65,32,32,32,32,32,32,32,32,32,32,32,32,32,32,32,42,42,42,42,42,42,42,42,42,42,42,42,42,42,42,42,42,42,42],"card_choices":[{"not_picked":["Slimebound:SlimeSpikes","Slimebound:RainOfGoop"],"picked":"Slimebound:SplitMire","floor":3},{"not_picked":["Slimebound:ViciousTackle","Slimebound:FirmFortitude"],"picked":"Slimebound:LeadByExample","floor":6},{"not_picked":["Slimebound:FinishingTackle","Slimebound:SpikyOuterGoop"],"picked":"Slimebound:SlimeBarrage","floor":8},{"not_picked":["Slimebound:ForwardTackle","Slimebound:SplitMire","Slimebound:SplitBruiser"],"picked":"SKIP","floor":10},{"not_picked":["Slimebound:SplitBruiser","Slimebound:GoopSpray"],"picked":"Slimebound:LeechingTouch","floor":11},{"not_picked":["Slimebound:SplitLeeching","Slimebound:TongueLash","Slimebound:SamplingLick"],"picked":"SKIP","floor":13},{"not_picked":["Slimebound:SlimeSpikes","Slimebound:AcidTongue"],"picked":"Slimebound:SlimeTap","floor":14},{"not_picked":["Slimebound:ComboTackle","Slimebound:SlimeSpikes","Slimebound:RollThrough"],"picked":"SKIP","floor":15},{"not_picked":["Slimebound:ComboTackle","Slimebound:RollThrough"],"picked":"Slimebound:SlimeSpikes","floor":15},{"not_picked":["Slimebound:MassRepurpose","Slimebound:MassFeed"],"picked":"Slimebound:RallyTheTroops","floor":16},{"not_picked":["Slimebound:HauntingLick","Slimebound:RainOfGoop"],"picked":"Slimebound:FormOfPuddle+1","floor":19},{"not_picked":["Slimebound:ViciousTackle+1","Slimebound:TongueLash"],"picked":"Slimebound:ProtectTheBoss+1","floor":21},{"not_picked":["Slimebound:Schlurp","Slimebound:HauntingLick","Slimebound:SamplingLick"],"picked":"SKIP","floor":25},{"not_picked":["Slimebound:LeechingTouch","Slimebound:FinishingTackle","Slimebound:GrowthPunch"],"picked":"SKIP","floor":26},{"not_picked":["Slimebound:ViciousTackle","Slimebound:ForwardTackle+1"],"picked":"Slimebound:SlimeBrawl","floor":28},{"not_picked":["Slimebound:RollThrough","Slimebound:Chomp","Slimebound:SpikyOuterGoop+1"],"picked":"SKIP","floor":29},{"not_picked":["Slimebound:DisruptingSlam","Slimebound:PressTheAttack+1","Slimebound:ProtectTheBoss"],"picked":"SKIP","floor":31},{"not_picked":["Slimebound:RollThrough+1","Slimebound:Schlurp","Slimebound:SlimeSlap"],"picked":"SKIP","floor":32},{"not_picked":["Slimebound:OneTwoCombo","Slimebound:SelfFormingGoo"],"picked":"Slimebound:Overexert","floor":33},{"not_picked":[],"picked":"Slimebound:LivingWall","floor":36},{"not_picked":["Slimebound:RollThrough+1"],"picked":"SKIP","floor":37},{"not_picked":["Slimebound:Equalize+1"],"picked":"SKIP","floor":38},{"not_picked":[],"picked":"Slimebound:SlimeBrawl+1","floor":40},{"not_picked":["Slimebound:FinishingTackle"],"picked":"SKIP","floor":42},{"not_picked":["Slimebound:FormOfPuddle+1"],"picked":"SKIP","floor":43},{"not_picked":["Slimebound:ViciousTackle+1"],"picked":"SKIP","floor":45},{"not_picked":["Slimebound:LeechingTouch"],"picked":"SKIP","floor":46},{"not_picked":[],"picked":"Slimebound:SamplingLick+1","floor":49}],"player_experience":391885,"relics_obtained":[{"floor":6,"key":"Matryoshka"},{"floor":7,"key":"Happy Flower"},{"floor":7,"key":"InkBottle"},{"floor":10,"key":"Oddly Smooth Stone"},{"floor":19,"key":"Pocketwatch"},{"floor":19,"key":"Bottled Tornado"},{"floor":22,"key":"Necronomicon"},{"floor":24,"key":"Vajra"},{"floor":36,"key":"Bag of Marbles"},{"floor":36,"key":"Orichalcum"},{"floor":41,"key":"Art of War"},{"floor":43,"key":"Bronze Scales"},{"floor":43,"key":"MealTicket"}],"event_choices":[{"cards_removed":["Slimebound:Strike_Slimebound"],"damage_healed":0,"gold_gain":0,"player_choice":"Offered Basic","damage_taken":0,"max_hp_gain":0,"max_hp_loss":0,"event_name":"Bonfire Elementals","floor":4,"gold_loss":0},{"damage_healed":0,"gold_gain":0,"player_choice":"Donut","damage_taken":0,"max_hp_gain":5,"max_hp_loss":0,"event_name":"Big Fish","floor":12,"gold_loss":0},{"damage_healed":0,"gold_gain":0,"player_choice":"Became a Ghost","damage_taken":0,"max_hp_gain":0,"max_hp_loss":33,"event_name":"Ghosts","floor":20,"gold_loss":0,"cards_obtained":["Ghostly","Ghostly","Ghostly","Ghostly","Ghostly"]},{"damage_healed":0,"gold_gain":0,"player_choice":"Forge","damage_taken":0,"max_hp_gain":0,"max_hp_loss":0,"event_name":"Accursed Blacksmith","floor":30,"gold_loss":0,"cards_upgraded":["Slimebound:SlimeBrawl"]}],"is_beta":false,"boss_relics":[{"not_picked":["Empty Cage","Runic Pyramid"],"picked":"Black Star"},{"not_picked":["Sozu","SlaversCollar"],"picked":"Busted Crown"}],"items_purged_floors":[14,48],"is_endless":false,"potions_floor_spawned":[3,6,8,13,16,21,28,32,37,38,42,43],"killed_by":"downfall:CharBossMerchant","ascension_level":0}}