{"host":"ok3pmhc1fiz31noj","time":1608159939,"event":{"mods":["AchievementEnabler","BaseMod","Colored Map","Colored Powertips","Minty Spire (QoL Compilation)","Quick Restart","Relic Stats","Replay The Spire","StSLib"],"gold_per_floor":[115,115,134,134,151,151,27,102,102,102,102,119,135,161,161,266,566,584,432,347,347,347,378,378,388,413,444,454,454,454,329,329,329,329],"floor_reached":33,"playtime":1126,"items_purged":["Defend_R","Spreading Infection","Injury"],"score":306,"play_id":"c43ac17d-538d-46e0-b692-1683164c9e27","local_time":"20201217070539","is_ascension_mode":false,"campfire_choices":[{"data":"Flex","floor":6,"key":"SMITH"},{"data":"Anger","floor":11,"key":"SMITH"},{"data":"Demon Form","floor":24,"key":"SMITH"},{"data":"Anger","floor":30,"key":"SMITH"},{"floor":32,"key":"DIG"}],"circlet_count":0,"master_deck":["Strike_R+1","Strike_R","Strike_R","Strike_R","Defend_R+1","Defend_R","Defend_R","Bash","Pommel Strike","Flex+1","Anger+1","Anger+1","Clash","Warcry+1","Demon Form+1","CommonCold","Clash","Shrug It Off","Clash","Dual Wield"],"relics":["Burning Blood","Tiny Chest","Mango","FossilizedHelix","Mummified Hand","Replay:Ancient Bell","PreservedInsect","ReplayTheSpireMod:Ninjato","Old Coin","ReplayTheSpireMod:Lightbulb","Omamori","Nunchaku","ReplayTheSpireMod:Shallot","Another Sword","Pet Ghost"],"acts_visited":["Exordium","TheCity"],"potions_floor_usage":[14,14,23,33],"damage_taken":[{"damage":11,"enemies":"Jaw Worm","floor":1,"turns":2},{"damage":10,"enemies":"Small Slimes","floor":3,"turns":3},{"damage":2,"enemies":"2 Louse","floor":5,"turns":2},{"damage":0,"enemies":"2 Fungi Beasts","floor":12,"turns":2},{"damage":0,"enemies":"Blue Slaver","floor":13,"turns":2},{"damage":0,"enemies":"Gremlin Nob","floor":14,"turns":2},{"damage":65,"enemies":"The Guardian","floor":16,"turns":8},{"damage":27,"enemies":"Shell Parasite","floor":18,"turns":4},{"damage":7,"enemies":"Slavers","floor":23,"turns":2},{"damage":15,"enemies":"2 Thieves","floor":25,"turns":5},{"damage":24,"enemies":"Book of Stabbing","floor":27,"turns":4},{"damage":0,"enemies":"Snake Plant","floor":28,"turns":3},{"damage":102,"enemies":"Collector","floor":33,"turns":7}],"seed_played":"3016572248393124113","potions_obtained":[{"floor":1,"key":"EntropicBrew"},{"floor":12,"key":"Toxic Potion"},{"floor":23,"key":"DuplicationPotion"}],"is_trial":false,"path_per_floor":["M","?","M","?","M","R","$","?","T","T","R","M","M","E","R_BF","B",null,"M","$","?","?","?","E","R","M","T","E","M","T","R","$","R_BF","B"],"character_chosen":"IRONCLAD","items_purchased":["Anger","Shrug It Off"],"campfire_rested":0,"item_purchase_floors":[7,19],"current_hp_per_floor":[75,59,55,48,52,52,52,41,55,55,55,61,67,73,94,35,94,73,73,73,73,73,72,72,63,63,45,51,51,51,51,51,0,0],"gold":329,"neow_bonus":"RANDOM_COMMON_RELIC","is_daily":false,"chose_seed":false,"campfire_upgraded":4,"win_rate":0.0,"timestamp":1608159939,"path_taken":["M","?","M","?","M","R","$","?","T","?","R","M","M","E","R_BF","BOSS","M","$","?","?","?","E","R","M","T","E","M","?","R","$","R_BF","BOSS"],"items_purchased_type":["Card","Card"],"build_version":"2020-12-13","purchased_purges":3,"victory":false,"max_hp_per_floor":[80,80,80,80,80,80,80,80,94,94,94,94,94,94,94,94,94,94,94,94,94,94,94,94,94,94,94,94,94,94,94,94,94,94],"relic_stats":{"Nunchaku":[4],"counters":[13,46],"Mummified Hand":[3],"Tiny Chest":2,"PreservedInsect":79,"obtain_stats":[{"ReplayTheSpireMod:Ninjato":17,"Mango":9,"PreservedInsect":17,"Replay:Ancient Bell":17,"Omamori":23,"Burning Blood":0,"Pet Ghost":32,"Old Coin":17,"Nunchaku":26,"ReplayTheSpireMod:Shallot":27,"Mummified Hand":14,"Tiny Chest":0,"Another Sword":29,"ReplayTheSpireMod:Lightbulb":20,"FossilizedHelix":10},{"ReplayTheSpireMod:Ninjato":7,"Mango":3,"PreservedInsect":7,"Replay:Ancient Bell":7,"Omamori":9,"Burning Blood":0,"Pet Ghost":12,"Old Coin":7,"Nunchaku":10,"ReplayTheSpireMod:Shallot":11,"Mummified Hand":6,"Tiny Chest":0,"Another Sword":12,"ReplayTheSpireMod:Lightbulb":8,"FossilizedHelix":3},{"ReplayTheSpireMod:Ninjato":21,"Mango":7,"PreservedInsect":21,"Replay:Ancient Bell":21,"Omamori":27,"Burning Blood":0,"Pet Ghost":39,"Old Coin":21,"Nunchaku":32,"ReplayTheSpireMod:Shallot":36,"Mummified Hand":13,"Tiny Chest":0,"Another Sword":39,"ReplayTheSpireMod:Lightbulb":25,"FossilizedHelix":7}],"Burning Blood":72},"card_choices":[{"not_picked":["Evolve","True Grit","Thunderclap"],"picked":"SKIP","floor":1},{"not_picked":["True Grit","Fire Breathing"],"picked":"Pommel Strike","floor":3},{"not_picked":["Run Through","Clothesline"],"picked":"Flex","floor":5},{"not_picked":["Heavy Blade","Replay:Undeath\u0027s Touch"],"picked":"Anger","floor":12},{"not_picked":["Uppercut","Clothesline"],"picked":"Clash","floor":13},{"not_picked":["Pommel Strike","Uppercut"],"picked":"Warcry","floor":14},{"not_picked":["Offering","Fiend Fire"],"picked":"Demon Form","floor":16},{"not_picked":["Languid","Regret"],"picked":"Injury","floor":17},{"not_picked":["ReplayTheSpireMod:IOU","Replay:Hysterical Blindness"],"picked":"CommonCold","floor":17},{"not_picked":["ReplayTheSpireMod:Faulty Equipment","Amnesia"],"picked":"Spreading Infection","floor":17},{"not_picked":["Shockwave","Exhume"],"picked":"Clash","floor":18},{"not_picked":["Perfected Strike","Massacre+1","Uppercut+1"],"picked":"SKIP","floor":23},{"not_picked":["Clothesline","Whirlwind","Replay:Undeath\u0027s Touch"],"picked":"SKIP","floor":25},{"not_picked":["Twin Strike+1","Spot Weakness"],"picked":"Dual Wield","floor":27},{"not_picked":["Pommel Strike","Twin Strike+1","Clothesline"],"picked":"SKIP","floor":28}],"player_experience":126439,"relics_obtained":[{"floor":9,"key":"Mango"},{"floor":10,"key":"FossilizedHelix"},{"floor":14,"key":"Mummified Hand"},{"floor":23,"key":"Omamori"},{"floor":26,"key":"Nunchaku"},{"floor":27,"key":"ReplayTheSpireMod:Shallot"},{"floor":29,"key":"Another Sword"},{"floor":32,"key":"Pet Ghost"}],"event_choices":[{"damage_healed":0,"gold_gain":0,"player_choice":"Entered Light","damage_taken":16,"max_hp_gain":0,"max_hp_loss":0,"event_name":"Shining Light","floor":2,"gold_loss":0,"cards_upgraded":["Defend_R","Strike_R"]},{"cards_removed":["Strike_R"],"damage_healed":0,"gold_gain":0,"player_choice":"Card Removal","damage_taken":7,"max_hp_gain":0,"max_hp_loss":0,"event_name":"Golden Wing","floor":4,"gold_loss":0},{"damage_healed":0,"gold_gain":75,"player_choice":"Gather Gold","damage_taken":11,"max_hp_gain":0,"max_hp_loss":0,"event_name":"World of Goop","floor":8,"gold_loss":0},{"damage_healed":0,"gold_gain":0,"player_choice":"Obtained Relic","damage_taken":0,"relics_obtained":["ReplayTheSpireMod:Lightbulb"],"max_hp_gain":0,"max_hp_loss":0,"event_name":"Addict","floor":20,"gold_loss":85},{"damage_healed":0,"gold_gain":0,"player_choice":"Ignored","damage_taken":0,"max_hp_gain":0,"max_hp_loss":0,"event_name":"Ghosts","floor":21,"gold_loss":0},{"damage_healed":0,"gold_gain":0,"player_choice":"Read","damage_taken":0,"max_hp_gain":0,"max_hp_loss":0,"event_name":"The Library","floor":22,"gold_loss":0,"cards_obtained":["Clash"]}],"is_beta":false,"boss_relics":[{"not_picked":["Ooze Armor","Black Star"],"picked":"Replay:Ancient Bell"},{"not_picked":["MealTicket","Replay:Bandana"],"picked":"PreservedInsect"},{"not_picked":["Onion Ring","Golden Egg"],"picked":"ReplayTheSpireMod:Ninjato"},{"not_picked":["Peace Pipe","Incense Burner"],"picked":"Old Coin"}],"items_purged_floors":[7,19,31],"is_endless":false,"potions_floor_spawned":[1,12,14,16,18,23,25],"killed_by":"Collector","ascension_level":0}}