{"host":"0cnf9zf1gia27zti","time":1608134411,"event":{"mods":["BaseMod","BetterRewards","Card Forge","Colored Map","Colored Powertips","Conspire","Downfall","Minty Spire (QoL Compilation)","Practice Mode","Quick Restart","Replay The Spire","Robot Space Explorer","Shade Mod","Spicy Shops","StSLib"],"gold_per_floor":[114,114,131,148,12,12,24,35,35,55,67,84,112,10,10,88,88,103,117,4,15,29,54,29,29,29],"floor_reached":25,"playtime":39359,"items_purged":["Strike_G"],"score":416,"play_id":"8de80c11-bd60-414d-818a-8b5146ba00a0","local_time":"20201216160011","is_ascension_mode":true,"campfire_choices":[{"floor":6,"key":"REST"},{"data":"Noxious Fumes","floor":15,"key":"SMITH"},{"data":"Accuracy","floor":15,"key":"SMITH"}],"circlet_count":0,"master_deck":["AscendersBane","Strike_G","Strike_G","Strike_G","Strike_G","Defend_G","Defend_G","Defend_G","Defend_G","Defend_G","Survivor","Neutralize","Footwork","Backflip","ReplayTheSpireMod:Speed Training","Prepared","Footwork","Doppelganger","Terror","Accuracy+1","Malaise","Blade Dance","Noxious Fumes+1","ReplayTheSpireMod:From All Sides","Noxious Fumes","Cloak And Dagger"],"relics":["Ring of the Snake","Hammer of Thor","Seething Fire","Anvil of the Gods","Membership Card","Replay:Arrowhead","Letter Opener","Question Card","Potion Belt","Turnip","SsserpentHead","Dream Catcher","Meat on the Bone","Kunai","Pantograph","SacredBark","Boot","Happy Flower"],"acts_visited":["Exordium","TheCity"],"potions_floor_usage":[7,8,8,16,16,16,23,25,25],"damage_taken":[{"damage":7,"enemies":"Small Slimes","floor":1,"turns":4},{"damage":10,"enemies":"Cultist","floor":3,"turns":4},{"damage":0,"enemies":"Jaw Worm","floor":4,"turns":7},{"damage":0,"enemies":"3 Louse","floor":7,"turns":2},{"damage":0,"enemies":"2 Fungi Beasts","floor":8,"turns":3},{"damage":0,"enemies":"Looter","floor":10,"turns":4},{"damage":9,"enemies":"Blue Slaver","floor":11,"turns":5},{"damage":0,"enemies":"Large Slime","floor":12,"turns":9},{"damage":0,"enemies":"Lagavulin","floor":13,"turns":12},{"damage":18,"enemies":"Slime Boss","floor":16,"turns":7},{"damage":12,"enemies":"Shell Parasite","floor":18,"turns":6},{"damage":16,"enemies":"3 Byrds","floor":19,"turns":5},{"damage":11,"enemies":"Snecko","floor":21,"turns":5},{"damage":0,"enemies":"Snake Plant","floor":22,"turns":6},{"damage":35,"enemies":"Book of Stabbing","floor":23,"turns":7},{"damage":0,"enemies":"Gremlin Leader","floor":25,"turns":4}],"seed_played":"2735117875943417367","potions_obtained":[{"floor":1,"key":"Swift Potion"},{"floor":4,"key":"Slimebound:ThreeZeroPotion"},{"floor":7,"key":"CunningPotion"},{"floor":11,"key":"CultistPotion"},{"floor":13,"key":"DuplicationPotion"},{"floor":22,"key":"Adrenaline Potion"},{"floor":23,"key":"ColorlessPotion"}],"is_trial":false,"path_per_floor":["M","?","M","M","$","R","M","M","T","M","M","M","E","$","R","B",null,"M","M","$","M","M","E","$","E"],"character_chosen":"THE_SILENT","items_purchased":["Membership Card","Footwork","Replay:Arrowhead","Letter Opener","Question Card","Potion Belt","Dream Catcher","Meat on the Bone","Blade Dance","Noxious Fumes","Adrenaline Potion","Noxious Fumes","Boot","SkillPotion"],"campfire_rested":1,"item_purchase_floors":[0,0,0,0,0,0,5,5,14,14,14,20,20,24],"current_hp_per_floor":[24,24,14,14,14,35,47,47,47,47,38,38,38,38,38,45,64,52,36,36,37,37,14,14,14,14],"gold":29,"neow_bonus":"","is_daily":false,"chose_seed":false,"campfire_upgraded":2,"win_rate":0.0,"timestamp":1608134411,"path_taken":["M","?","M","M","$","R","M","M","T","?","M","M","E","$","R","BOSS","M","M","$","M","M","E","$","E"],"items_purchased_type":["Relic","Card","Relic","Relic","Relic","Relic","Relic","Relic","Card","Card","Potion","Card","Relic","Potion"],"build_version":"2020-12-13","purchased_purges":1,"victory":false,"max_hp_per_floor":[70,70,70,70,70,70,70,70,70,70,70,70,70,70,70,70,70,70,70,70,70,70,70,70,70,70],"card_choices":[{"not_picked":["Calculated Gamble","Dagger Spray","Hidden Blade"],"picked":"conspire:PoisonWeapons","floor":1},{"not_picked":["Quick Slash","Sucker Punch","Poisoned Stab"],"picked":"Backflip","floor":3},{"not_picked":["Riddle With Holes","Bouncing Flask","Outmaneuver"],"picked":"ReplayTheSpireMod:Speed Training","floor":4},{"not_picked":["Dodge and Roll","Deadly Poison","Masterful Stab"],"picked":"Prepared","floor":6},{"not_picked":["Dodge and Roll","Bane","Backstab"],"picked":"Footwork","floor":7},{"not_picked":["Bane","Acrobatics","Dagger Throw"],"picked":"Doppelganger","floor":8},{"not_picked":["Quick Slash","ReplayTheSpireMod:Speed Training","Outmaneuver"],"picked":"Terror","floor":10},{"not_picked":["Finisher","Endless Agony","Infinite Blades"],"picked":"Accuracy","floor":11},{"not_picked":["Deflect","Toxin Wave","Crippling Poison","Blur"],"picked":"SKIP","floor":12},{"not_picked":["Outmaneuver","Concentrate","Calculated Gamble"],"picked":"Malaise","floor":13},{"not_picked":["Corpse Explosion","Glass Knife","Die Die Die"],"picked":"ReplayTheSpireMod:From All Sides","floor":16},{"not_picked":["Sucker Punch+1","Bane","Dodge and Roll","Deadly Poison"],"picked":"SKIP","floor":18},{"not_picked":["Sucker Punch","Dodge and Roll","ReplayTheSpireMod:The Works+1","Deadly Poison"],"picked":"SKIP","floor":19},{"not_picked":["Dodge and Roll","Catalyst","Deflect"],"picked":"Cloak And Dagger","floor":21},{"not_picked":["Dodge and Roll","Tactician","Quick Slash","Sucker Punch+1"],"picked":"SKIP","floor":22},{"not_picked":["Outmaneuver","Acrobatics","Underhanded Strike","Eviscerate"],"picked":"SKIP","floor":23}],"player_experience":2068378,"relics_obtained":[{"floor":9,"key":"Kunai"},{"floor":13,"key":"Pantograph"},{"floor":23,"key":"Happy Flower"}],"event_choices":[{"damage_healed":0,"gold_gain":0,"player_choice":"Trade","damage_taken":0,"relics_obtained":["SsserpentHead"],"max_hp_gain":0,"max_hp_loss":0,"event_name":"FaceTrader","floor":2,"gold_loss":0}],"is_beta":false,"boss_relics":[{"not_picked":["conspire:RoyalGoblet","Replay:Ancient Bell"],"picked":"SacredBark"}],"items_purged_floors":[0],"is_endless":false,"potions_floor_spawned":[1,4,7,11,13,22,23],"killed_by":"Gremlin Leader","ascension_level":13}}