{"host":"rcuacvep95pje9kw","time":1608155200,"event":{"mods":["2.2 Compatiblity","AchievementEnabler","BaseMod","Card Forge","Downfall","Hermit","Minty Spire (QoL Compilation)","Relic Stats","StSLib"],"gold_per_floor":[109,127,137,137,107,107,27,62,85,101,101,101,3,15,15,15,15],"floor_reached":16,"playtime":861,"items_purged":[],"score":100,"play_id":"749b6051-85ff-4ee6-bc35-0a4820f15c27","local_time":"20201216164640","is_ascension_mode":false,"campfire_choices":[{"data":"champ:TornadoPunch","floor":6,"key":"SMITH"},{"floor":12,"key":"REST"},{"floor":15,"key":"REST"}],"circlet_count":0,"master_deck":["champ:Strike","champ:Strike+1","champ:Strike","champ:Strike","champ:Defend","champ:Defend","champ:Defend","champ:Defend","champ:Execute","champ:Taunt","champ:TornadoPunch+1","champ:StanceDance","champ:EnragedBash+1","champ:RecklessLeap","champ:EndlessRage","champ:GutPunch","champ:ArenaPreparation","expansioncontent:Collect","champ:FanOfKnives"],"relics":["champ:ChampionCrown","Hammer of Thor","Seething Fire","Anvil of the Gods","NeowsBlessing","Whetstone","champ:DefensiveTrainingManual","Peace Pipe"],"acts_visited":["Exordium"],"potions_floor_usage":[8],"damage_taken":[{"damage":0,"enemies":"Jaw Worm","floor":1,"turns":1},{"damage":0,"enemies":"2 Louse","floor":2,"turns":2},{"damage":0,"enemies":"Small Slimes","floor":3,"turns":1},{"damage":14,"enemies":"Looter","floor":5,"turns":4},{"damage":66,"enemies":"Lagavulin","floor":8,"turns":6},{"damage":18,"enemies":"Lots of Slimes","floor":10,"turns":3},{"damage":61,"enemies":"Exordium Wildlife","floor":14,"turns":5},{"damage":82,"enemies":"Hexaghost","floor":16,"turns":9}],"seed_played":"7300904557650147974","potions_obtained":[{"floor":2,"key":"SpeedPotion"},{"floor":3,"key":"Weak Potion"},{"floor":10,"key":"Dexterity Potion"},{"floor":14,"key":"Energy Potion"}],"is_trial":false,"path_per_floor":["M","M","M","?","M","R","$","E","T","M","?","R","$","M","R","B"],"character_chosen":"THE_CHAMP","items_purchased":["champ:EndlessRage","expansioncontent:Collect"],"campfire_rested":2,"item_purchase_floors":[7,13],"current_hp_per_floor":[90,90,90,95,88,88,88,60,60,47,35,63,63,38,66,0,0],"gold":15,"neow_bonus":"THREE_ENEMY_KILL","is_daily":false,"chose_seed":false,"campfire_upgraded":1,"win_rate":0.0,"timestamp":1608155200,"path_taken":["M","M","M","?","M","R","$","E","T","M","?","R","?","?","R","BOSS"],"items_purchased_type":["Card","Card"],"build_version":"2020-12-13","purchased_purges":0,"victory":false,"max_hp_per_floor":[90,90,90,95,95,95,95,95,95,95,95,95,95,95,95,95,95],"relic_stats":{"Peace Pipe":0,"counters":[8,31],"Whetstone":["champ:EnragedBash","champ:Strike"],"obtain_stats":[{"Peace Pipe":11,"NeowsBlessing":0,"Anvil of the Gods":0,"champ:DefensiveTrainingManual":9,"champ:ChampionCrown":0,"Hammer of Thor":0,"Seething Fire":0,"Whetstone":8},{"Peace Pipe":6,"NeowsBlessing":0,"Anvil of the Gods":0,"champ:DefensiveTrainingManual":5,"champ:ChampionCrown":0,"Hammer of Thor":0,"Seething Fire":0,"Whetstone":5},{"Peace Pipe":17,"NeowsBlessing":0,"Anvil of the Gods":0,"champ:DefensiveTrainingManual":14,"champ:ChampionCrown":0,"Hammer of Thor":0,"Seething Fire":0,"Whetstone":14}]},"card_choices":[{"not_picked":["champ:FlashCut","champ:GladiatorStyle"],"picked":"champ:TornadoPunch","floor":1},{"not_picked":["champ:FocusedDefense","champ:BladeFlurry"],"picked":"champ:StanceDance","floor":2},{"not_picked":["champ:IronFortress","champ:Backstep"],"picked":"champ:EnragedBash","floor":3},{"not_picked":["champ:BringItOn","champ:CalledShot"],"picked":"champ:RecklessLeap","floor":5},{"not_picked":["champ:BringItOn","champ:FalseCounter"],"picked":"champ:GutPunch","floor":8},{"not_picked":["champ:TornadoPunch","champ:FocusedBerserking"],"picked":"champ:ArenaPreparation","floor":10},{"not_picked":["champ:Backstep","champ:TornadoPunch"],"picked":"champ:FanOfKnives","floor":14}],"player_experience":79735,"relics_obtained":[{"floor":8,"key":"Whetstone"},{"floor":9,"key":"champ:DefensiveTrainingManual"}],"event_choices":[{"damage_healed":0,"gold_gain":0,"player_choice":"Donut","damage_taken":0,"max_hp_gain":5,"max_hp_loss":0,"event_name":"Big Fish","floor":4,"gold_loss":0},{"damage_healed":0,"gold_gain":0,"player_choice":"Success","damage_taken":12,"relics_obtained":["Peace Pipe"],"max_hp_gain":0,"max_hp_loss":0,"event_name":"Scrap Ooze","floor":11,"gold_loss":0}],"is_beta":false,"boss_relics":[],"items_purged_floors":[],"is_endless":false,"potions_floor_spawned":[2,3,10,14],"killed_by":"Hexaghost","ascension_level":0}}