{"host":"kw4o7b3ro2ktmmbe","time":1608149720,"event":{"mods":["BaseMod","Lobotomy","Minty Spire (QoL Compilation)","StSLib","Treasure Hunter"],"gold_per_floor":[126,126,138,138,157,157,173,173,196,208,248,279,309,332,344,356,356],"floor_reached":16,"playtime":2101,"items_purged":[],"score":104,"play_id":"a6498e94-498c-4c08-a65e-b96e66eed2bb","local_time":"20201217091520","is_ascension_mode":false,"campfire_choices":[{"data":"Pummel","floor":6,"key":"SMITH"},{"data":"Twin Strike","floor":8,"key":"SMITH"},{"floor":15,"key":"REST"}],"circlet_count":0,"master_deck":["Strike_R","Strike_R","Strike_R","Strike_R","Strike_R","Defend_R","Defend_R","Defend_R","Bash","Twin Strike+1","Bloodbath","Pummel+1","Murderer","Feel No Pain","CrumblingArmor","Cleave","Wellcheers","TH:ArmorSpikes","TH:BikiniMail","Twin Strike","BlackSwan","Feel No Pain","MHz","Corruption","CherryBlossoms","ShyLook"],"relics":["Burning Blood","CogitoBucket","Boot","MawBank","Omamori","AdjustmentMirror"],"acts_visited":["Exordium"],"potions_floor_usage":[7,12],"damage_taken":[{"damage":8,"enemies":"Small Slimes","floor":1,"turns":3},{"damage":2,"enemies":"2 Louse","floor":3,"turns":2},{"damage":11,"enemies":"Jaw Worm","floor":5,"turns":3},{"damage":16,"enemies":"Red Slaver","floor":7,"turns":4},{"damage":40,"enemies":"3 Sentries","floor":11,"turns":10},{"damage":19,"enemies":"Large Slime","floor":12,"turns":3},{"damage":14,"enemies":"Blue Slaver","floor":13,"turns":3},{"damage":13,"enemies":"Lots of Slimes","floor":14,"turns":3},{"damage":38,"enemies":"Slime Boss","floor":16,"turns":3}],"seed_played":"-2472585872851177728","potions_obtained":[{"floor":3,"key":"SpeedPotion"},{"floor":5,"key":"Block Potion"},{"floor":11,"key":"PowerPotion"}],"is_trial":false,"path_per_floor":["M","?","M","?","M","R","M","R","T","$","E","M","M","M","R","B"],"character_chosen":"IRONCLAD","items_purchased":[],"campfire_rested":1,"item_purchase_floors":[],"current_hp_per_floor":[78,75,80,73,69,69,59,59,59,59,30,20,13,9,33,0,0],"gold":356,"neow_bonus":"","is_daily":false,"chose_seed":false,"campfire_upgraded":2,"win_rate":0.0,"timestamp":1608149720,"path_taken":["M","?","M","?","M","R","M","R","T","$","E","M","M","M","R","BOSS"],"items_purchased_type":[],"build_version":"2020-12-13","purchased_purges":0,"victory":false,"max_hp_per_floor":[80,80,80,80,80,80,80,80,80,80,80,80,80,80,80,80,80],"card_choices":[{"not_picked":["Havoc","Warcry"],"picked":"Twin Strike","floor":1},{"not_picked":["CherryBlossoms","PunishingBird"],"picked":"Bloodbath","floor":1},{"not_picked":["Pommel Strike","Hemokinesis"],"picked":"Pummel","floor":3},{"not_picked":["Scorched","WallGazer"],"picked":"Murderer","floor":3},{"not_picked":["Pommel Strike","Body Slam"],"picked":"Feel No Pain","floor":5},{"not_picked":["BeautyBeast","FairyFestival"],"picked":"CrumblingArmor","floor":5},{"not_picked":["Wild Strike","Bloodletting"],"picked":"Cleave","floor":7},{"not_picked":["Alriune","MeatLantern"],"picked":"Wellcheers","floor":7},{"not_picked":["TH:ElvenBoots"],"picked":"TH:ArmorSpikes","floor":9},{"not_picked":["TH:ElvenBoots"],"picked":"TH:BikiniMail","floor":11},{"not_picked":["Body Slam","Thunderclap"],"picked":"Twin Strike","floor":11},{"not_picked":["QueenOfHatred","QueenBee"],"picked":"BlackSwan","floor":11},{"not_picked":["Pommel Strike","Intimidate"],"picked":"Feel No Pain","floor":12},{"not_picked":["GalaxyChild","PunishingBird"],"picked":"MHz","floor":12},{"not_picked":["Clothesline","Flex"],"picked":"Corruption","floor":13},{"not_picked":["VoidDream","SpiderBud"],"picked":"CherryBlossoms","floor":13},{"not_picked":["NakedNest","Scorched"],"picked":"ShyLook","floor":14},{"not_picked":["Battle Trance","Clash","Perfected Strike"],"picked":"SKIP","floor":14}],"player_experience":1726554,"relics_obtained":[{"floor":9,"key":"MawBank"},{"floor":11,"key":"Omamori"}],"event_choices":[{"damage_healed":0,"gold_gain":0,"player_choice":"Success","damage_taken":3,"relics_obtained":["Boot"],"max_hp_gain":0,"max_hp_loss":0,"event_name":"Scrap Ooze","floor":2,"gold_loss":0},{"cards_removed":["Defend_R"],"damage_healed":0,"gold_gain":0,"player_choice":"Card Removal","damage_taken":7,"max_hp_gain":0,"max_hp_loss":0,"event_name":"Golden Wing","floor":4,"gold_loss":0}],"is_beta":false,"boss_relics":[],"items_purged_floors":[],"is_endless":false,"potions_floor_spawned":[3,5,11],"killed_by":"Slime Boss","ascension_level":0}}