{"host":"sav7uxregyirlf69","time":1608136845,"event":{"mods":["AchievementEnabler","BaseMod","Colored Map","DeckTracker","Keyboard Shortcuts","Minty Spire (QoL Compilation)","READ ME - Guardian Mod","StSLib","SuperFastMode"],"gold_per_floor":[112,37,47,60,60,87,87,7,7,7,7,22,22,34,34,112,112,130,220,84,84,84],"floor_reached":21,"playtime":362,"items_purged":["Strike_G"],"score":354,"play_id":"0210b1b0-ce9b-4fce-b837-d3dcc2210ceb","local_time":"20201217014045","is_ascension_mode":true,"campfire_choices":[{"data":"Blade Dance","floor":7,"key":"SMITH"},{"data":"Noxious Fumes","floor":10,"key":"SMITH"},{"floor":13,"key":"REST"},{"data":"Footwork","floor":15,"key":"SMITH"}],"circlet_count":0,"master_deck":["AscendersBane","Strike_G","Strike_G","Strike_G","Strike_G","Defend_G","Defend_G","Defend_G","Defend_G","Defend_G","Survivor","Neutralize","Blade Dance+1","Infinite Blades","Noxious Fumes+1","Cloak And Dagger","Footwork+1","Blur","Corpse Explosion","Blade Dance","Acrobatics","Reflex"],"relics":["Ring of the Snake","NeowsBlessing","Ornamental Fan","Molten Egg 2","Pen Nib","Runic Pyramid"],"acts_visited":["Exordium","TheCity"],"potions_floor_usage":[16],"damage_taken":[{"damage":0,"enemies":"Cultist","floor":1,"turns":1},{"damage":0,"enemies":"Jaw Worm","floor":3,"turns":1},{"damage":0,"enemies":"2 Louse","floor":4,"turns":1},{"damage":37,"enemies":"3 Sentries","floor":6,"turns":10},{"damage":17,"enemies":"Lots of Slimes","floor":12,"turns":4},{"damage":1,"enemies":"Red Slaver","floor":14,"turns":5},{"damage":9,"enemies":"Slime Boss","floor":16,"turns":12},{"damage":27,"enemies":"3 Byrds","floor":18,"turns":3},{"damage":10,"enemies":"Shell Parasite","floor":21,"turns":3}],"seed_played":"-8728539057916602892","potions_obtained":[{"floor":1,"key":"Weak Potion"},{"floor":3,"key":"LiquidBronze"},{"floor":12,"key":"SneckoOil"},{"floor":16,"key":"BlessingOfTheForge"},{"floor":18,"key":"DistilledChaos"}],"is_trial":false,"path_per_floor":["M","$","M","M","?","E","R","$","T","R","?","M","R","M","R","B",null,"M","?","$","M"],"character_chosen":"THE_SILENT","items_purchased":["Footwork","Acrobatics","Reflex"],"campfire_rested":1,"item_purchase_floors":[8,20,20],"current_hp_per_floor":[59,59,59,59,64,27,27,27,27,27,27,10,31,30,30,21,59,32,20,20,10,10],"gold":84,"neow_bonus":"THREE_ENEMY_KILL","is_daily":false,"chose_seed":false,"campfire_upgraded":3,"win_rate":0.0,"timestamp":1608136845,"path_taken":["M","$","?","M","?","E","R","$","T","R","?","M","R","?","R","BOSS","M","?","?","M"],"items_purchased_type":["Card","Card","Card"],"build_version":"2020-12-13","purchased_purges":1,"victory":false,"max_hp_per_floor":[66,66,66,66,71,71,71,71,71,71,71,71,71,71,71,71,71,71,71,71,71,71],"card_choices":[{"not_picked":["Skewer","Bouncing Flask"],"picked":"Blade Dance","floor":1},{"not_picked":["Deflect","Prepared"],"picked":"Infinite Blades","floor":3},{"not_picked":["Catalyst","Deflect"],"picked":"Noxious Fumes","floor":4},{"not_picked":["Expertise","Reflex"],"picked":"Cloak And Dagger","floor":6},{"not_picked":["Finisher+1","Heel Hook+1"],"picked":"Blur","floor":12},{"not_picked":["Dagger Throw+1","Catalyst","Concentrate"],"picked":"SKIP","floor":14},{"not_picked":["Venomology","Die Die Die+1"],"picked":"Corpse Explosion","floor":16},{"not_picked":["Flying Knee+1","Well Laid Plans"],"picked":"Blade Dance","floor":18}],"player_experience":924820,"relics_obtained":[{"floor":6,"key":"Ornamental Fan"},{"floor":9,"key":"Molten Egg 2"}],"event_choices":[{"damage_healed":0,"gold_gain":0,"player_choice":"Donut","damage_taken":0,"max_hp_gain":5,"max_hp_loss":0,"event_name":"Big Fish","floor":5,"gold_loss":0},{"damage_healed":0,"gold_gain":0,"player_choice":"Gave Potion","damage_taken":0,"relics_obtained":["Pen Nib"],"max_hp_gain":0,"max_hp_loss":0,"event_name":"WeMeetAgain","floor":11,"gold_loss":0},{"damage_healed":0,"gold_gain":90,"player_choice":"GOLD ","damage_taken":12,"max_hp_gain":0,"max_hp_loss":0,"event_name":"Knowing Skull","floor":19,"potions_obtained":[],"gold_loss":0,"cards_obtained":[]}],"is_beta":false,"boss_relics":[{"not_picked":["HoveringKite","Busted Crown"],"picked":"Runic Pyramid"}],"items_purged_floors":[2],"is_endless":false,"potions_floor_spawned":[1,3,12,16,18],"killed_by":"Shell Parasite","ascension_level":20}}