{"host":"gbop6m4qugddaz18","time":1608143917,"event":{"mods":["2.2 Compatiblity","BaseMod","Better Third Choice","Block Reminder","Downfall","GifTheSpireLib","Highlight Path","Minty Spire (QoL Compilation)","Replay The Spire","StSLib"],"gold_per_floor":[144,144,189,189,234,234,234],"floor_reached":6,"playtime":313,"items_purged":[],"score":36,"play_id":"26c1d143-4346-4f31-bc05-7737f6ac5180","local_time":"20201216133837","daily_mods":["Cursed Run","Diverse","Midas"],"is_ascension_mode":false,"campfire_choices":[],"circlet_count":0,"master_deck":["Strike_R","Strike_R","Strike_R","Strike_R","Strike_R","Defend_R","Defend_R","Defend_R","Bash","Dagger Spray","Guardian:Recover","sneckomod:WideSting"],"relics":["Cursed Key","Darkstone Periapt","Du-Vu Doll"],"acts_visited":["Exordium"],"potions_floor_usage":[],"damage_taken":[{"damage":2,"enemies":"Jaw Worm","floor":1,"turns":3},{"damage":0,"enemies":"Cultist","floor":3,"turns":2},{"damage":0,"enemies":"2 Louse","floor":5,"turns":2},{"damage":11,"enemies":"Gremlin Nob","floor":6,"turns":3}],"seed_played":"4580661739168851385","potions_obtained":[{"floor":3,"key":"BloodPotion"}],"is_trial":false,"path_per_floor":["M","?","M","?","M","E"],"character_chosen":"IRONCLAD","items_purchased":[],"campfire_rested":0,"item_purchase_floors":[],"current_hp_per_floor":[78,78,78,78,78,67,67],"gold":234,"neow_bonus":"","is_daily":true,"chose_seed":false,"campfire_upgraded":0,"win_rate":0.0,"timestamp":1608143917,"path_taken":["M","?","?","?","M","E"],"items_purchased_type":[],"build_version":"2020-12-13","purchased_purges":0,"victory":false,"max_hp_per_floor":[80,80,80,80,80,80,80],"card_choices":[{"not_picked":["sneckomod:Unknown1Cost","Calculated Gamble"],"picked":"Dagger Spray","floor":1},{"not_picked":["hexamod:RainOfEmbers","Consecrate"],"picked":"Guardian:Recover","floor":3},{"not_picked":["Scrape","sneckomod:DiceCrush"],"picked":"sneckomod:WideSting","floor":5}],"player_experience":443874,"relics_obtained":[],"event_choices":[{"cards_removed":["Defend_R"],"damage_healed":0,"gold_gain":0,"player_choice":"Card Removal","damage_taken":0,"max_hp_gain":0,"max_hp_loss":0,"event_name":"Wheel of Change","floor":2,"gold_loss":0},{"damage_healed":0,"gold_gain":0,"player_choice":"Ignored","damage_taken":0,"max_hp_gain":0,"max_hp_loss":0,"event_name":"Purifier","floor":4,"gold_loss":0}],"is_beta":false,"boss_relics":[],"items_purged_floors":[],"is_endless":false,"potions_floor_spawned":[3],"killed_by":"Gremlin Nob","ascension_level":0}}