{"host":"cf32014d19ld5mat","time":1608118065,"event":{"mods":["AchievementEnabler","BaseMod","Block Reminder","Minty Spire (QoL Compilation)","Random Character Button","Relic Stats","StSLib"],"gold_per_floor":[20,39,114,114,132,132,162,162,162],"floor_reached":8,"playtime":272,"items_purged":[],"score":112,"play_id":"2b92a3ab-4bcf-4659-af90-7b19691a2875","local_time":"20201216112745","is_ascension_mode":true,"campfire_choices":[{"data":"Reprogram","floor":6.0,"key":"SMITH"}],"circlet_count":0,"master_deck":["AscendersBane","Strike_B","Strike_B+1","Strike_B","Strike_B","Defend_B","Defend_B","Defend_B","Defend_B+1","Zap","Dualcast","Seek","Reprogram+1","Streamline","Beam Cell","Rebound"],"relics":["Cracked Core","WingedGreaves"],"acts_visited":["Exordium"],"potions_floor_usage":[8],"damage_taken":[{"damage":2.0,"enemies":"Jaw Worm","floor":1.0,"turns":3.0},{"damage":2.0,"enemies":"2 Louse","floor":2.0,"turns":3.0},{"damage":0.0,"enemies":"Small Slimes","floor":5.0,"turns":3.0},{"damage":11.0,"enemies":"Lagavulin","floor":7.0,"turns":7.0},{"damage":10,"enemies":"3 Sentries","floor":8,"turns":4}],"seed_played":"-7725933648207572462","potions_obtained":[{"floor":1.0,"key":"BlessingOfTheForge"},{"floor":7.0,"key":"PotionOfCapacity"}],"is_trial":false,"path_per_floor":["M","M","?","?","M","R","E","E"],"character_chosen":"DEFECT","items_purchased":[],"campfire_rested":0,"item_purchase_floors":[],"current_hp_per_floor":[62,60,49,28,28,28,17,7,7],"gold":162,"neow_bonus":"THREE_RARE_CARDS","is_daily":false,"chose_seed":false,"campfire_upgraded":1,"win_rate":0.0,"timestamp":1608118065,"path_taken":["M","M","?","?","M","R","E","E"],"items_purchased_type":[],"build_version":"2020-12-13","purchased_purges":0,"victory":false,"max_hp_per_floor":[71,71,71,71,71,71,71,71,71],"relic_stats":{"counters":[5,20],"obtain_stats":[{"WingedGreaves":7,"Cracked Core":0},{"WingedGreaves":4,"Cracked Core":0},{"WingedGreaves":16,"Cracked Core":0}]},"card_choices":[{"not_picked":["Amplify","Multi-Cast"],"picked":"Seek","floor":0.0},{"not_picked":["Doom and Gloom","Redo"],"picked":"Reprogram","floor":1.0},{"not_picked":["Double Energy","Glacier"],"picked":"Streamline","floor":2.0},{"not_picked":["Heatsinks","Lockon"],"picked":"Beam Cell","floor":5.0},{"not_picked":["Multi-Cast","Glacier"],"picked":"Rebound","floor":7.0}],"player_experience":945542,"relics_obtained":[{"floor":7.0,"key":"WingedGreaves"}],"event_choices":[{"damage_healed":0.0,"max_hp_gain":0.0,"max_hp_loss":0.0,"gold_gain":75.0,"event_name":"World of Goop","player_choice":"Gather Gold","floor":3.0,"gold_loss":0.0,"damage_taken":11.0},{"damage_healed":0.0,"max_hp_gain":0.0,"max_hp_loss":0.0,"gold_gain":0.0,"event_name":"Shining Light","player_choice":"Entered Light","floor":4.0,"gold_loss":0.0,"damage_taken":21.0,"cards_upgraded":["Defend_B","Strike_B"]}],"is_beta":false,"boss_relics":[],"items_purged_floors":[],"is_endless":false,"potions_floor_spawned":[1,7],"killed_by":"3 Sentries","ascension_level":20}}