{"host":"f0gpob8hq9vgebej","time":1608077709,"event":{"mods":["AchievementEnabler","BaseMod","Googly Eyes","Minty Spire (QoL Compilation)","Quick Restart","SuperFastMode"],"gold_per_floor":[369,384,309,328,344,344,372,372,372,372,222,240,240,253,253,350,350,350],"floor_reached":17,"playtime":388,"items_purged":["Strike_G","Defend_G"],"score":204,"play_id":"42583fc4-24df-4e61-af17-a0aefbd9dc88","local_time":"20201216091509","is_ascension_mode":true,"campfire_choices":[{"data":"Tactician","floor":6,"key":"SMITH"},{"data":"Acrobatics","floor":8,"key":"SMITH"},{"data":"Neutralize","floor":10,"key":"SMITH"},{"data":"Blade Dance","floor":15,"key":"SMITH"}],"circlet_count":0,"master_deck":["Strike_G","Strike_G","Strike_G","Strike_G","Defend_G","Defend_G","Defend_G","Defend_G","Survivor","Neutralize+1","Masterful Stab","Blade Dance+1","Tactician+1","Acrobatics+1","Prepared+1","Dodge and Roll+1","Venomology+1"],"relics":["Ring of the Snake","Letter Opener","Toxic Egg 2","StrikeDummy"],"acts_visited":["Exordium","TheCity"],"potions_floor_usage":[12,16,16],"damage_taken":[{"damage":2.0,"enemies":"Jaw Worm","floor":1.0,"turns":7.0},{"damage":0,"enemies":"Small Slimes","floor":2,"turns":2},{"damage":0,"enemies":"2 Louse","floor":4,"turns":2},{"damage":0,"enemies":"2 Fungi Beasts","floor":5,"turns":4},{"damage":24,"enemies":"3 Sentries","floor":7,"turns":10},{"damage":0,"enemies":"Gremlin Gang","floor":12,"turns":3},{"damage":0,"enemies":"Blue Slaver","floor":14,"turns":2},{"damage":26,"enemies":"Slime Boss","floor":16,"turns":7}],"seed_played":"9096979528867706072","potions_obtained":[{"floor":1.0,"key":"Swift Potion"},{"floor":5,"key":"Regen Potion"},{"floor":7,"key":"Block Potion"}],"is_trial":false,"path_per_floor":["M","M","$","M","M","R","E","R","T","R","$","M","?","M","R","B",null],"character_chosen":"THE_SILENT","items_purchased":["Prepared+1"],"campfire_rested":0,"item_purchase_floors":[11],"current_hp_per_floor":[61,61,61,61,61,61,37,37,37,37,37,37,30,30,30,19,52,52],"gold":350,"neow_bonus":"TWO_FIFTY_GOLD","is_daily":false,"chose_seed":false,"campfire_upgraded":4,"win_rate":0.0,"timestamp":1608077709,"path_taken":["M","M","$","M","M","R","E","R","T","R","$","M","?","M","R","BOSS"],"items_purchased_type":["Card"],"build_version":"2020-12-13","purchased_purges":2,"victory":false,"max_hp_per_floor":[63,63,63,63,63,63,63,63,63,63,63,63,63,63,63,63,63,63],"card_choices":[{"not_picked":["Deflect","Sucker Punch"],"picked":"Masterful Stab","floor":1.0},{"not_picked":["Masterful Stab","Dagger Spray"],"picked":"Blade Dance","floor":2},{"not_picked":["Predator","Quick Slash"],"picked":"Tactician","floor":4},{"not_picked":["Slice","Choke"],"picked":"Acrobatics","floor":5},{"not_picked":["Dagger Spray","Deadly Poison","Eviscerate"],"picked":"SKIP","floor":7},{"not_picked":["Dagger Throw","Quick Slash","Sucker Punch"],"picked":"SKIP","floor":12},{"not_picked":["Sucker Punch","Dash"],"picked":"Dodge and Roll+1","floor":14},{"not_picked":["Corpse Explosion+1","Malaise+1"],"picked":"Venomology+1","floor":16}],"player_experience":144524,"relics_obtained":[{"floor":7,"key":"Letter Opener"},{"floor":9,"key":"Toxic Egg 2"}],"event_choices":[{"damage_healed":0,"gold_gain":0,"player_choice":"Success","damage_taken":7,"relics_obtained":["StrikeDummy"],"max_hp_gain":0,"max_hp_loss":0,"event_name":"Scrap Ooze","floor":13,"gold_loss":0}],"is_beta":false,"boss_relics":[{"not_picked":["Fusion Hammer","Coffee Dripper","Busted Crown"]}],"items_purged_floors":[3,11],"is_endless":false,"potions_floor_spawned":[1,5,7],"ascension_level":6}}