{"host":"8xp52u5o8fcssvzz","time":1608084555,"event":{"mods":["2.2 Compatiblity","AchievementEnabler","Act Like it!","Aspiration","BaseMod","Better Altar","Better Match","Better Note","Better Sensory Stone","Better Skull","Better Third Choice","BetterRewards","Colored Map","Conspire","Downfall","GifTheSpireLib","Googly Eyes","Halation","Hallownest","Highlight Path","Hubris","Infinite Spire","Jorbs\u0027s Wanderer Trilogy","Lobotomy","LobotomyExtend","Luminous","Marisa????????","Mimic Mod","Minty Spire (QoL Compilation)","Remilia_Scarlet Moed?????·?????3.3.5","Remilia??????","Replay The Spire","Shade Mod","Spicy Shops","StSLib","Stuff the Spire","The Administrix","The Alterego","The Blackbeard","The Bladedancer","The Cursed","The Gatherer","The Necromancer","The Runesmith","The Servant 0.9.4","TheFirefly","TheSwordswoman","Unceasing Turn Reminder","everything is the same but u backflip on backflip"],"gold_per_floor":[117,131,52,0,0,0,0,0,23,23,42,42,42,42,42,42,42],"floor_reached":16,"playtime":504,"items_purged":[],"score":86,"play_id":"40d9d2e1-734d-4cb1-b90f-d7f225a0486f","local_time":"20201215180915","is_ascension_mode":false,"campfire_choices":[{"data":"thefirefly:Rend","floor":6,"key":"SMITH"},{"data":"thefirefly:Unweft","floor":10,"key":"SMITH"},{"floor":15,"key":"REST"}],"circlet_count":0,"master_deck":["thefirefly:Strike","thefirefly:Strike","thefirefly:Strike","thefirefly:Defend","thefirefly:Defend","thefirefly:Defend+1","thefirefly:Defend","thefirefly:StealthMode+1","thefirefly:PhotonBlast","Laetitia","thefirefly:EvasiveManeuver","thefirefly:Preload+1","thefirefly:Rend+1","thefirefly:ChargedLaser+1","thefirefly:Unweft+1","GreedKing","thefirefly:Pacify"],"relics":["thefirefly:StealthSystem","CogitoBucket","LetterFromLob","halation:EternalFortune","aspiration:TomeofQuesting"],"acts_visited":["Exordium"],"potions_floor_usage":[],"damage_taken":[{"damage":22,"enemies":"Cultist","floor":1,"turns":7},{"damage":3,"enemies":"Small Slimes","floor":2,"turns":8},{"damage":11,"enemies":"Jaw Worm","floor":11,"turns":4},{"damage":59,"enemies":"Fading Forest","floor":16,"turns":7}],"seed_played":"-6698574412396363505","potions_obtained":[{"floor":2,"key":"SteroidPotion"},{"floor":11,"key":"Cursed Concoction"}],"is_trial":false,"path_per_floor":["M","M","$","$","?","R","M","?","T","R","M","$","?","$","R","B"],"character_chosen":"THE_FIREFLY","items_purchased":["thefirefly:Rend","thefirefly:ChargedLaser+1"],"campfire_rested":1,"item_purchase_floors":[3,4],"current_hp_per_floor":[33,30,30,30,30,30,20,23,23,23,12,12,12,12,29,0,0],"gold":42,"neow_bonus":"","is_daily":false,"chose_seed":false,"campfire_upgraded":2,"win_rate":0.0,"timestamp":1608084555,"path_taken":["M","?","?","$","?","R","?","?","T","R","M","$","?","$","R","BOSS"],"items_purchased_type":["Card","Card"],"build_version":"2020-12-13","purchased_purges":0,"victory":false,"max_hp_per_floor":[55,55,55,55,55,55,55,58,58,58,58,58,58,58,58,58,58],"card_choices":[{"not_picked":["CrumblingArmor","UniverseFragment"],"picked":"Laetitia","floor":1},{"not_picked":["thefirefly:FlareScreen","thefirefly:DataMiner"],"picked":"thefirefly:EvasiveManeuver","floor":1},{"not_picked":["thefirefly:QuantumTunneling","thefirefly:Quine"],"picked":"thefirefly:Preload","floor":2},{"not_picked":["GalaxyChild","HappyTeddy"],"picked":"GreedKing","floor":11},{"not_picked":["thefirefly:Flight","thefirefly:ShieldArray"],"picked":"thefirefly:Pacify","floor":11}],"player_experience":429455,"relics_obtained":[{"floor":1,"key":"LetterFromLob"},{"floor":9,"key":"aspiration:TomeofQuesting"}],"event_choices":[{"damage_healed":0,"gold_gain":0,"cards_transformed":["thefirefly:Strike"],"player_choice":"Transformed","damage_taken":0,"max_hp_gain":0,"max_hp_loss":0,"event_name":"Transmorgrifier","floor":5,"gold_loss":0,"cards_obtained":["thefirefly:Unweft"]}],"is_beta":false,"boss_relics":[],"items_purged_floors":[],"is_endless":false,"potions_floor_spawned":[2,11],"killed_by":"Fading Forest","ascension_level":0}}