{"host":"ci7ivtocgfxh0ueo","time":1608124054,"event":{"mods":["BaseMod","GifTheSpireLib","Minty Spire (QoL Compilation)","StSLib"],"gold_per_floor":[111,111,111,261,261,288,288,300,300,300,300],"floor_reached":10,"playtime":128,"items_purged":[],"score":165,"play_id":"c2281e29-63cd-4206-a5e5-f2037ba3a4eb","local_time":"20201216210734","is_ascension_mode":true,"campfire_choices":[{"data":"Spot Weakness","floor":7,"key":"SMITH"}],"circlet_count":0,"master_deck":["AscendersBane","Strike_R","Strike_R","Strike_R","Strike_R","Strike_R","Defend_R","Defend_R","Defend_R","Defend_R","Bash","Cleave","Doubt","Spot Weakness+1","Searing Blow"],"relics":["Burning Blood","NeowsBlessing","Eternal Feather","Dream Catcher","Kunai"],"acts_visited":["Exordium"],"potions_floor_usage":[],"damage_taken":[{"damage":0,"enemies":"2 Louse","floor":1,"turns":1},{"damage":0,"enemies":"3 Sentries","floor":6,"turns":2},{"damage":0,"enemies":"Small Slimes","floor":8,"turns":1},{"damage":80,"enemies":"Lagavulin","floor":10,"turns":8}],"seed_played":"3612828615433617217","potions_obtained":[{"floor":1,"key":"LiquidMemories"}],"is_trial":false,"path_per_floor":["M","?","?","?","T","E","R","M","T","E"],"character_chosen":"IRONCLAD","items_purchased":[],"campfire_rested":0,"item_purchase_floors":[],"current_hp_per_floor":[74,79,79,79,79,80,80,80,80,0,0],"gold":300,"neow_bonus":"THREE_ENEMY_KILL","is_daily":false,"chose_seed":false,"campfire_upgraded":1,"win_rate":0.0,"timestamp":1608124054,"path_taken":["M","?","?","?","?","E","R","M","T","E"],"items_purchased_type":[],"build_version":"2020-12-13","purchased_purges":0,"victory":false,"max_hp_per_floor":[75,80,80,80,80,80,80,80,80,80,80],"card_choices":[{"not_picked":["Combust","Anger"],"picked":"Cleave","floor":1},{"not_picked":["Dual Wield","Entrench"],"picked":"Spot Weakness","floor":6},{"not_picked":["Warcry","Iron Wave"],"picked":"Searing Blow","floor":8}],"player_experience":1250681,"relics_obtained":[{"floor":5,"key":"Eternal Feather"},{"floor":6,"key":"Dream Catcher"},{"floor":9,"key":"Kunai"}],"event_choices":[{"damage_healed":0,"gold_gain":0,"player_choice":"Donut","damage_taken":0,"max_hp_gain":5,"max_hp_loss":0,"event_name":"Big Fish","floor":2,"gold_loss":0},{"damage_healed":0,"gold_gain":0,"player_choice":"Leave","damage_taken":0,"max_hp_gain":0,"max_hp_loss":0,"event_name":"The Cleric","floor":3,"gold_loss":0},{"damage_healed":0,"gold_gain":150,"player_choice":"AGREE","damage_taken":0,"max_hp_gain":0,"max_hp_loss":0,"event_name":"Liars Game","floor":4,"gold_loss":0,"cards_obtained":["Doubt"]}],"is_beta":false,"boss_relics":[],"items_purged_floors":[],"is_endless":false,"potions_floor_spawned":[1],"killed_by":"Lagavulin","ascension_level":17}}