{"host":"6xsbn6ynqlzwllfm","time":1608080594,"event":{"mods":["2.2 Compatiblity","BaseMod","Bestiary","Colored Map","Colored Powertips","Downfall","Googly Eyes","Highlight Path","Minty Spire (QoL Compilation)","Relic Stats","Slay the Relics Exporter","StSLib"],"gold_per_floor":[110,127,140,159,177,210,210,237,237,252,270,270,280,309,309,309,309],"floor_reached":16,"playtime":794,"items_purged":[],"score":279,"play_id":"c10466bf-072a-4dfa-9765-8ce46366a1d2","local_time":"20201215200314","is_ascension_mode":true,"campfire_choices":[{"data":"Static Discharge","floor":7.0,"key":"SMITH"},{"data":"Go for the Eyes","floor":12,"key":"SMITH"},{"data":"Conserve Battery","floor":15,"key":"SMITH"}],"circlet_count":0,"master_deck":["AscendersBane","Strike_B","Strike_B","Strike_B","Strike_B","Defend_B+1","Defend_B","Defend_B","Defend_B+1","Zap","Dualcast","Redo","Conserve Battery+1","Static Discharge+1","Ball Lightning","Go for the Eyes+1","Genetic Algorithm","Reboot","Compile Driver","Heatsinks+1","Defragment+1","Coolheaded"],"relics":["Runic Pyramid","War Paint","Bag of Marbles","Frozen Egg 2","Shuriken"],"acts_visited":["Exordium"],"potions_floor_usage":[11,13,14],"damage_taken":[{"damage":2.0,"enemies":"Cultist","floor":1.0,"turns":4.0},{"damage":4.0,"enemies":"2 Louse","floor":2.0,"turns":3.0},{"damage":5.0,"enemies":"Small Slimes","floor":3.0,"turns":4.0},{"damage":7.0,"enemies":"2 Fungi Beasts","floor":4.0,"turns":4.0},{"damage":7.0,"enemies":"Looter","floor":5.0,"turns":3.0},{"damage":8.0,"enemies":"Lagavulin","floor":6.0,"turns":7.0},{"damage":3.0,"enemies":"Gremlin Nob","floor":8.0,"turns":4.0},{"damage":4.0,"enemies":"Red Slaver","floor":10.0,"turns":3.0},{"damage":0,"enemies":"Exordium Wildlife","floor":11,"turns":4},{"damage":18,"enemies":"Lots of Slimes","floor":13,"turns":3},{"damage":0,"enemies":"Lagavulin","floor":14,"turns":7},{"damage":7,"enemies":"The Guardian","floor":16,"turns":2}],"seed_played":"-7067512303716215534","potions_obtained":[{"floor":2.0,"key":"SpeedPotion"},{"floor":4.0,"key":"ColorlessPotion"},{"floor":11,"key":"EssenceOfSteel"},{"floor":13,"key":"Ancient Potion"},{"floor":14,"key":"Weak Potion"}],"is_trial":false,"path_per_floor":["M","M","M","M","M","E","R","E","T","M","M","R","M","E","R","B"],"character_chosen":"DEFECT","items_purchased":[],"campfire_rested":0,"item_purchase_floors":[],"current_hp_per_floor":[62,58,53,46,39,31,31,28,28,24,24,24,6,6,6,0,0],"gold":309,"neow_bonus":"BOSS_RELIC","is_daily":false,"chose_seed":false,"campfire_upgraded":3,"win_rate":0.0,"timestamp":1608080594,"path_taken":["M","M","M","M","M","E","R","E","T","?","M","R","M","E","R","BOSS"],"items_purchased_type":[],"build_version":"2020-12-13","purchased_purges":0,"victory":false,"max_hp_per_floor":[71,71,71,71,71,71,71,71,71,71,71,71,71,71,71,71,71],"relic_stats":{"counters":[12,48],"Shuriken":[0],"War Paint":["Defend_B","Defend_B"],"obtain_stats":[{"Shuriken":14,"Bag of Marbles":8,"War Paint":6,"Frozen Egg 2":9,"Cracked Core":0,"Runic Pyramid":0},{"Shuriken":11,"Bag of Marbles":7,"War Paint":6,"Frozen Egg 2":7,"Cracked Core":0,"Runic Pyramid":0},{"Shuriken":46,"Bag of Marbles":29,"War Paint":25,"Frozen Egg 2":29,"Cracked Core":0,"Runic Pyramid":0}]},"card_choices":[{"not_picked":["Hologram","Skim"],"picked":"Redo","floor":1.0},{"not_picked":["Leap","Barrage"],"picked":"Conserve Battery","floor":2.0},{"not_picked":["Reboot","Skim"],"picked":"Static Discharge","floor":3.0},{"not_picked":["Recycle","Storm"],"picked":"Ball Lightning","floor":4.0},{"not_picked":["Doom and Gloom","Rebound"],"picked":"Go for the Eyes","floor":5.0},{"not_picked":["Melter","Storm"],"picked":"Genetic Algorithm","floor":6.0},{"not_picked":["Sweeping Beam","Hello World"],"picked":"Reboot","floor":8.0},{"not_picked":["Force Field","White Noise"],"picked":"Compile Driver","floor":10},{"not_picked":["Fusion","FTL"],"picked":"Heatsinks+1","floor":11},{"not_picked":["Turbo","Barrage"],"picked":"Defragment+1","floor":13},{"not_picked":["Ball Lightning","Auto Shields"],"picked":"Coolheaded","floor":14}],"player_experience":1189034,"relics_obtained":[{"floor":6.0,"key":"War Paint"},{"floor":8.0,"key":"Bag of Marbles"},{"floor":9.0,"key":"Frozen Egg 2"},{"floor":14,"key":"Shuriken"}],"event_choices":[],"is_beta":false,"boss_relics":[],"items_purged_floors":[],"is_endless":false,"potions_floor_spawned":[2,4,11,13,14],"killed_by":"The Guardian","ascension_level":17}}