{"host":"vxxgntm1odai56nh","time":1608140477,"event":{"mods":["AchievementEnabler","BaseMod","Colored Map","Colored Powertips","Highlight Path","Minty Spire (QoL Compilation)","Permanent Neow","Rare Cards Sparkle","Relic Stats","StSLib"],"gold_per_floor":[110,120,133,133,148,178,191,191,240,205,240,117,152,171,171,273,273,292,302,77,94,106,106,135,135,135,135,135,148,162,162,162,264,264,281,328,378,378,378,378,403,403,454,454,472,472,472,491,491,491],"floor_reached":51,"playtime":2604,"items_purged":[],"score":807,"play_id":"d2d99a3d-530b-4ccd-8ab1-b657af193be8","local_time":"20201216124117","is_ascension_mode":true,"campfire_choices":[{"floor":8,"key":"REST"},{"floor":15,"key":"REST"},{"data":"ClearTheMind","floor":23,"key":"SMITH"},{"floor":27,"key":"REST"},{"data":"Eruption","floor":32,"key":"SMITH"},{"data":"WindmillStrike","floor":40,"key":"SMITH"},{"data":"Judgement","floor":44,"key":"SMITH"},{"data":"Vault","floor":47,"key":"SMITH"},{"data":"MentalFortress","floor":49,"key":"SMITH"}],"circlet_count":0,"master_deck":["Eruption+1","Vigilance","Halt+1","FlurryOfBlows","WindmillStrike+1","EmptyFist+1","LessonLearned+1","InnerPeace","FollowUp+1","Indignation+1","Consecrate+1","ReachHeaven+1","FlurryOfBlows+1","Ragnarok+1","WindmillStrike+1","EmptyMind","FollowUp+1","Judgement+1","WindmillStrike+1","CarveReality+1","BowlingBash+1","Sanctity","MentalFortress+1","SashWhip+1","JustLucky+1","ClearTheMind+1","Shame","FlurryOfBlows+1","Decay","DevaForm+1","ForeignInfluence+1","Vengeance+1","Purity","Vault+1"],"relics":["PureWater","Molten Egg 2","Gremlin Horn","Anchor","Tiny Chest","White Beast Statue","Pandora\u0027s Box","Membership Card","Toy Ornithopter","Frozen Egg 2","Pantograph","Shuriken","Bronze Scales","Snecko Eye","Ginger","CloakClasp","StrikeDummy","Singing Bowl","Smiling Mask","Letter Opener"],"acts_visited":["Exordium","TheCity","TheBeyond"],"potions_floor_usage":[5,7,13,16,21,22,24,29,36,37,41,45,48,50,50,50],"damage_taken":[{"damage":0,"enemies":"Cultist","floor":1,"turns":4},{"damage":0,"enemies":"2 Louse","floor":2,"turns":2},{"damage":0,"enemies":"Small Slimes","floor":3,"turns":2},{"damage":17,"enemies":"Exordium Wildlife","floor":5,"turns":4},{"damage":15,"enemies":"Gremlin Nob","floor":6,"turns":4},{"damage":0,"enemies":"Lots of Slimes","floor":7,"turns":1},{"damage":54,"enemies":"Lagavulin","floor":11,"turns":5},{"damage":12,"enemies":"Gremlin Nob","floor":13,"turns":3},{"damage":0,"enemies":"2 Fungi Beasts","floor":14,"turns":1},{"damage":10,"enemies":"Hexaghost","floor":16,"turns":7},{"damage":3,"enemies":"Spheric Guardian","floor":18,"turns":3},{"damage":2,"enemies":"Chosen","floor":19,"turns":4},{"damage":4,"enemies":"Centurion and Healer","floor":21,"turns":4},{"damage":6,"enemies":"Cultist and Chosen","floor":22,"turns":2},{"damage":32,"enemies":"Slavers","floor":24,"turns":4},{"damage":0,"enemies":"Snake Plant","floor":29,"turns":2},{"damage":0,"enemies":"Sentry and Sphere","floor":30,"turns":2},{"damage":18,"enemies":"Automaton","floor":33,"turns":6},{"damage":12,"enemies":"3 Shapes","floor":35,"turns":2},{"damage":38,"enemies":"2 Orb Walkers","floor":36,"turns":3},{"damage":24,"enemies":"Mind Bloom Boss Battle","floor":37,"turns":4},{"damage":9,"enemies":"Reptomancer","floor":41,"turns":3},{"damage":3,"enemies":"Orb Walker","floor":45,"turns":2},{"damage":15,"enemies":"Maw","floor":48,"turns":4},{"damage":53,"enemies":"Donu and Deca","floor":50,"turns":4}],"seed_played":"1027646346367915671","potions_obtained":[{"floor":0,"key":"AttackPotion"},{"floor":0,"key":"FearPotion"},{"floor":0,"key":"PowerPotion"},{"floor":11,"key":"SpeedPotion"},{"floor":13,"key":"SmokeBomb"},{"floor":14,"key":"Weak Potion"},{"floor":16,"key":"Block Potion"},{"floor":19,"key":"Energy Potion"},{"floor":21,"key":"ColorlessPotion"},{"floor":22,"key":"Ambrosia"},{"floor":24,"key":"EssenceOfSteel"},{"floor":29,"key":"GamblersBrew"},{"floor":30,"key":"SteroidPotion"},{"floor":33,"key":"Energy Potion"},{"floor":35,"key":"Strength Potion"},{"floor":36,"key":"SteroidPotion"},{"floor":37,"key":"SkillPotion"},{"floor":41,"key":"BlessingOfTheForge"},{"floor":45,"key":"ColorlessPotion"},{"floor":48,"key":"Regen Potion"}],"is_trial":false,"path_per_floor":["M","M","M","?","M","E","M","R","T","?","E","$","E","M","R","B",null,"M","M","$","M","M","R","E","?","T","R","T","M","M","?","R","B",null,"M","?","?","T","?","R","E","?","T","R","M","T","R","M","R","B",null],"character_chosen":"WATCHER","items_purchased":["Indignation","Consecrate+1","Membership Card","Toy Ornithopter"],"campfire_rested":3,"item_purchase_floors":[12,12,20,20],"current_hp_per_floor":[72,72,72,69,52,37,37,58,58,72,18,18,6,6,27,17,72,69,67,67,68,66,66,39,39,39,60,60,65,65,65,65,54,72,60,27,33,33,63,63,59,59,59,59,60,60,60,52,52,19],"gold":491,"neow_bonus":"THREE_SMALL_POTIONS","is_daily":false,"chose_seed":false,"campfire_upgraded":6,"win_rate":0.0,"timestamp":1608140477,"path_taken":["M","M","?","?","M","E","M","R","T","?","E","?","E","M","R","BOSS","M","?","$","M","M","R","E","?","T","R","?","M","M","?","R","BOSS","M","?","?","?","?","R","E","?","T","R","?","?","R","M","R","BOSS"],"items_purchased_type":["Card","Card","Relic","Relic"],"build_version":"2020-12-13","purchased_purges":0,"victory":true,"max_hp_per_floor":[72,72,72,72,72,72,72,72,72,72,72,72,72,72,72,72,72,72,72,72,72,72,72,72,72,72,72,72,72,72,72,72,72,72,72,72,72,72,63,63,63,63,63,63,63,63,63,65,65,65],"relic_stats":{"Gremlin Horn":[15,15],"Singing Bowl":2,"counters":[25,82],"CloakClasp":[44],"Ginger":[3],"Letter Opener":[0],"Smiling Mask":0,"Shuriken":[24],"Pantograph":45,"Bronze Scales":[66],"Snecko Eye":[34,47,40,42],"Tiny Chest":3,"Pandora\u0027s Box":["WindmillStrike","EmptyMind","FollowUp","Judgement","WindmillStrike","CarveReality","BowlingBash","Sanctity"],"obtain_stats":[{"Gremlin Horn":6,"Singing Bowl":41,"CloakClasp":37,"Ginger":36,"Letter Opener":46,"Frozen Egg 2":24,"Smiling Mask":43,"White Beast Statue":13,"Anchor":9,"Shuriken":26,"Pantograph":25,"Bronze Scales":28,"Snecko Eye":34,"Molten Egg 2":4,"Tiny Chest":11,"Pandora\u0027s Box":17,"Membership Card":20,"PureWater":0,"StrikeDummy":38,"Toy Ornithopter":20},{"Gremlin Horn":5,"Singing Bowl":22,"CloakClasp":21,"Ginger":20,"Letter Opener":23,"Frozen Egg 2":15,"Smiling Mask":22,"White Beast Statue":8,"Anchor":6,"Shuriken":15,"Pantograph":15,"Bronze Scales":15,"Snecko Eye":18,"Molten Egg 2":3,"Tiny Chest":7,"Pandora\u0027s Box":10,"Membership Card":12,"PureWater":0,"StrikeDummy":21,"Toy Ornithopter":12},{"Gremlin Horn":16,"Singing Bowl":72,"CloakClasp":69,"Ginger":65,"Letter Opener":74,"Frozen Egg 2":50,"Smiling Mask":72,"White Beast Statue":25,"Anchor":17,"Shuriken":50,"Pantograph":50,"Bronze Scales":50,"Snecko Eye":60,"Molten Egg 2":8,"Tiny Chest":22,"Pandora\u0027s Box":33,"Membership Card":40,"PureWater":0,"StrikeDummy":69,"Toy Ornithopter":40}],"Toy Ornithopter":43},"card_choices":[{"not_picked":["SashWhip","Nirvana"],"picked":"Halt","floor":1},{"not_picked":["CrushJoints","EmptyFist"],"picked":"FlurryOfBlows","floor":2},{"not_picked":["SignatureMove","JustLucky"],"picked":"WindmillStrike","floor":3},{"not_picked":["SignatureMove+1","CrushJoints+1"],"picked":"EmptyFist+1","floor":5},{"not_picked":["Worship","Swivel"],"picked":"LessonLearned+1","floor":6},{"not_picked":["CrushJoints+1","FlyingSleeves+1"],"picked":"InnerPeace","floor":7},{"not_picked":["CarveReality+1","Nirvana"],"picked":"FollowUp+1","floor":11},{"not_picked":["FearNoEvil+1","BowlingBash+1"],"picked":"ReachHeaven+1","floor":13},{"not_picked":["Protect","WheelKick+1"],"picked":"FlurryOfBlows+1","floor":14},{"not_picked":["SpiritShield","Devotion"],"picked":"Ragnarok+1","floor":16},{"not_picked":["EmptyFist+1","Crescendo+1"],"picked":"MentalFortress","floor":18},{"not_picked":["Crescendo","Prostrate+1"],"picked":"SashWhip+1","floor":19},{"not_picked":["FlyingSleeves+1","Halt"],"picked":"JustLucky+1","floor":21},{"not_picked":["JustLucky+1","FlyingSleeves+1"],"picked":"ClearTheMind","floor":22},{"not_picked":["SpiritShield","Nirvana+1","CrushJoints+1"],"picked":"SKIP","floor":24},{"not_picked":["ClearTheMind","Consecrate+1","FlyingSleeves+1"],"picked":"SKIP","floor":29},{"not_picked":["Conclude+1","EmptyMind"],"picked":"FlurryOfBlows+1","floor":30},{"not_picked":["LessonLearned+1","DeusExMachina"],"picked":"DevaForm+1","floor":33},{"not_picked":["ThirdEye+1","FollowUp+1","FlyingSleeves+1"],"picked":"SKIP","floor":35},{"not_picked":["FlurryOfBlows+1","SignatureMove+1"],"picked":"ForeignInfluence+1","floor":37},{"not_picked":["EmptyBody","Pray"],"picked":"Vengeance+1","floor":41},{"not_picked":["FlurryOfBlows+1","ClearTheMind+1"],"picked":"Vault","floor":45},{"not_picked":["ForeignInfluence","InnerPeace+1","PathToVictory"],"picked":"Singing Bowl","floor":48}],"player_experience":108063,"relics_obtained":[{"floor":6,"key":"Gremlin Horn"},{"floor":9,"key":"Anchor"},{"floor":11,"key":"Tiny Chest"},{"floor":13,"key":"White Beast Statue"},{"floor":24,"key":"Frozen Egg 2"},{"floor":26,"key":"Shuriken"},{"floor":28,"key":"Bronze Scales"},{"floor":36,"key":"Ginger"},{"floor":37,"key":"CloakClasp"},{"floor":38,"key":"StrikeDummy"},{"floor":41,"key":"Singing Bowl"},{"floor":43,"key":"Smiling Mask"},{"floor":46,"key":"Letter Opener"}],"event_choices":[{"damage_healed":0,"gold_gain":0,"player_choice":"Success","damage_taken":3,"relics_obtained":["Molten Egg 2"],"max_hp_gain":0,"max_hp_loss":0,"event_name":"Scrap Ooze","floor":4,"gold_loss":0},{"damage_healed":18,"gold_gain":0,"player_choice":"Healed","damage_taken":0,"max_hp_gain":0,"max_hp_loss":0,"event_name":"The Cleric","floor":10,"gold_loss":35},{"damage_healed":0,"gold_gain":0,"player_choice":"Stole Relic","damage_taken":0,"relics_obtained":["Pantograph"],"max_hp_gain":0,"max_hp_loss":0,"event_name":"Addict","floor":25,"gold_loss":0,"cards_obtained":["Shame"]},{"damage_healed":0,"gold_gain":0,"player_choice":"Smashed Altar","damage_taken":0,"max_hp_gain":0,"max_hp_loss":0,"event_name":"Forgotten Altar","floor":31,"gold_loss":0,"cards_obtained":["Decay"]},{"damage_healed":0,"gold_gain":0,"player_choice":"Fight","damage_taken":0,"max_hp_gain":0,"max_hp_loss":0,"event_name":"Mysterious Sphere","floor":36,"gold_loss":0},{"damage_healed":0,"gold_gain":0,"player_choice":"Fight","damage_taken":0,"max_hp_gain":0,"max_hp_loss":0,"event_name":"MindBloom","floor":37,"gold_loss":0},{"damage_healed":63,"gold_gain":0,"player_choice":"Heal","damage_taken":0,"max_hp_gain":0,"max_hp_loss":9,"event_name":"The Moai Head","floor":39,"gold_loss":0},{"damage_healed":0,"gold_gain":0,"player_choice":"1 cards matched","damage_taken":0,"max_hp_gain":0,"max_hp_loss":0,"event_name":"Match and Keep!","floor":42,"gold_loss":0,"cards_obtained":["Purity"]}],"is_beta":false,"boss_relics":[{"not_picked":["Empty Cage","Coffee Dripper"],"picked":"Pandora\u0027s Box"},{"not_picked":["Runic Pyramid","Philosopher\u0027s Stone"],"picked":"Snecko Eye"}],"items_purged_floors":[],"is_endless":false,"potions_floor_spawned":[1,3,11,13,14,16,18,19,21,22,24,29,30,33,35,36,37,41,45,48],"ascension_level":2}}