{"host":"0z6l31g9ps0v9zzp","time":1608089519,"event":{"mods":["Act Like it!","BaseMod","CapriCore","Minty Spire (QoL Compilation)","MostiFishMod","StSLib","Waifu the Spire"],"gold_per_floor":[114,125,125,125,3,3,38,58,130,158,172,201,217,231,231,309,309,322,262,262,276,276,310,310,341,341,441,471,484,498,533,533,607,607,625,625,635,302,302,332,332,359,359,387,287,303,303,316,316,316,316,316,106,141,141],"floor_reached":56,"playtime":1620,"items_purged":["Strike_P+1","Defend_P+1","Madness+1"],"score":2559,"play_id":"62debc12-71f1-4ca4-bc6c-b1e4c8fd9102","local_time":"20201216113159","is_ascension_mode":true,"campfire_choices":[{"data":"Fasting2","floor":6.0,"key":"SMITH"},{"floor":15.0,"key":"REST"},{"floor":24.0,"key":"REST"},{"floor":32.0,"key":"REST"},{"floor":41.0,"key":"RECALL"},{"floor":47,"key":"REST"},{"data":"MostiFishMod:LegendTransform","floor":49,"key":"SMITH"},{"floor":52,"key":"REST"}],"circlet_count":0,"master_deck":["AscendersBane","Strike_P+1","Defend_P+1","Defend_P+1","Defend_P+1","Eruption+1","Vigilance+1","FlurryOfBlows+1","Tantrum+1","Fasting2+1","FearNoEvil+1","MostiFishMod:UniPurple+1","MostiFishMod:Adaptation+1","ConjureBlade+1","DevaForm+1","BowlingBash+1","TalkToTheHand+1","Scrawl+1","Madness+1","WheelKick+1","ForeignInfluence+1","MostiFishMod:LegendTransform+1"],"relics":["PureWater","DaveBox","DSteel32","NeowsBlessing","Question Card","Bronze Scales","Shuriken","Question Card","Toy Ornithopter","Blood Vial","ImportantClient","Whetstone","Kunai","InkBottle","BionicSphere","Bottled Flame","War Paint","Singing Bowl","RhineCircuit","FossilizedHelix","Dream Catcher","MealTicket","Pantograph","Bottled Tornado","Vajra"],"acts_visited":["Exordium","TheCity","TheBeyond","TheEnding"],"potions_floor_usage":[42,46,55,55],"damage_taken":[{"damage":0.0,"enemies":"2 Louse","floor":1.0,"turns":1.0},{"damage":0.0,"enemies":"Cultist","floor":2.0,"turns":1.0},{"damage":0.0,"enemies":"Lagavulin","floor":7.0,"turns":1.0},{"damage":0.0,"enemies":"Jaw Worm","floor":8.0,"turns":4.0},{"damage":0.0,"enemies":"Gremlin Nob","floor":10.0,"turns":3.0},{"damage":0.0,"enemies":"Large Slime","floor":11.0,"turns":3.0},{"damage":26.0,"enemies":"3 Sentries","floor":12.0,"turns":6.0},{"damage":5.0,"enemies":"Exordium Wildlife","floor":13.0,"turns":4.0},{"damage":0.0,"enemies":"Red Slaver","floor":14.0,"turns":2.0},{"damage":3.0,"enemies":"The Guardian","floor":16.0,"turns":6.0},{"damage":2.0,"enemies":"Chosen","floor":18.0,"turns":3.0},{"damage":0.0,"enemies":"Spheric Guardian","floor":21.0,"turns":3.0},{"damage":7.0,"enemies":"Gremlin Leader","floor":23.0,"turns":3.0},{"damage":17.0,"enemies":"Book of Stabbing","floor":25.0,"turns":4.0},{"damage":18.0,"enemies":"Colosseum Slavers","floor":27.0,"turns":2.0},{"damage":14.0,"enemies":"Colosseum Nobs","floor":27.0,"turns":3.0},{"damage":14.0,"enemies":"Gremlin Leader","floor":28.0,"turns":3.0},{"damage":0.0,"enemies":"Centurion and Healer","floor":29.0,"turns":4.0},{"damage":0.0,"enemies":"Snecko","floor":30.0,"turns":2.0},{"damage":18.0,"enemies":"Slavers","floor":31.0,"turns":4.0},{"damage":0.0,"enemies":"Champ","floor":33.0,"turns":6.0},{"damage":0.0,"enemies":"Orb Walker","floor":35.0,"turns":2.0},{"damage":0.0,"enemies":"3 Shapes","floor":37.0,"turns":2.0},{"damage":0.0,"enemies":"Giant Head","floor":40.0,"turns":5.0},{"damage":34,"enemies":"Reptomancer","floor":42,"turns":3},{"damage":0,"enemies":"Nemesis","floor":44,"turns":3},{"damage":0,"enemies":"Writhing Mass","floor":46,"turns":3},{"damage":0,"enemies":"Maw","floor":48,"turns":3},{"damage":62,"enemies":"Donu and Deca","floor":50,"turns":5},{"damage":49,"enemies":"Shield and Spear","floor":54,"turns":5},{"damage":37,"enemies":"The Heart","floor":55,"turns":6}],"seed_played":"3501155738164434535","potions_obtained":[{"floor":1.0,"key":"Fruit Juice"},{"floor":2.0,"key":"Ancient Potion"},{"floor":8.0,"key":"PowerPotion"},{"floor":13.0,"key":"PowerPotion"},{"floor":16.0,"key":"SkillPotion"},{"floor":21.0,"key":"EntropicBrew"},{"floor":27.0,"key":"FearPotion"},{"floor":30.0,"key":"Fire Potion"},{"floor":33.0,"key":"Block Potion"},{"floor":44,"key":"AttackPotion"},{"floor":46,"key":"Dexterity Potion"}],"is_trial":false,"path_per_floor":["M","M","?","?","$","R","E","M","T","E","M","E","M","M","R","B",null,"M","$","?","M","?","E","R","E","T","?","E","M","M","E","R","B",null,"M","?","M","$","?","E","R","E","T","E","$","M","R","M","R","B",null,"R","$","E","B",null],"character_chosen":"WATCHER","items_purchased":["Tantrum","Fasting2","FossilizedHelix","Bottled Tornado"],"campfire_rested":5,"item_purchase_floors":[5,5,38,53],"current_hp_per_floor":[61,66,40,40,40,40,40,40,40,40,40,14,16,18,39,43,66,66,66,45,47,47,57,78,61,61,38,26,28,30,21,45,47,72,76,76,80,80,65,69,69,42,42,46,61,70,90,90,90,28,75,92,92,45,45],"gold":141,"neow_bonus":"THREE_ENEMY_KILL","is_daily":false,"chose_seed":false,"campfire_upgraded":2,"win_rate":0.0,"timestamp":1608089519,"path_taken":["M","M","?","?","$","R","E","M","T","E","M","E","?","M","R","BOSS","M","$","?","M","?","E","R","E","T","?","E","?","M","E","R","BOSS","M","?","?","$","?","E","R","E","T","E","?","M","R","M","R","BOSS","R","$","E","BOSS"],"items_purchased_type":["Card","Card","Relic","Relic"],"build_version":"2020-12-13","purchased_purges":3,"victory":true,"max_hp_per_floor":[68,73,73,73,73,73,73,73,73,73,73,73,73,73,73,73,73,73,73,78,78,78,78,78,78,78,78,78,78,78,80,80,80,80,82,82,84,84,84,86,86,86,86,88,88,90,90,90,90,90,90,92,92,94,94],"card_choices":[{"not_picked":["DeceiveReality","Crescendo","JustLucky"],"picked":"SKIP","floor":1.0},{"not_picked":["Prostrate","InnerPeace","FollowUp"],"picked":"FlurryOfBlows","floor":2.0},{"not_picked":["Halt","DeceiveReality","Prostrate","ReachHeaven"],"picked":"SKIP","floor":7.0},{"not_picked":["EmptyMind","CarveReality","Evaluate","ThirdEye"],"picked":"SKIP","floor":8.0},{"not_picked":["ClearTheMind","Prostrate","Tantrum","FlurryOfBlows","EmptyMind"],"picked":"SKIP","floor":10.0},{"not_picked":["WindmillStrike","Meditate","Nirvana","Devotion","CrushJoints"],"picked":"SKIP","floor":11.0},{"not_picked":["SashWhip","DeceiveReality","Prostrate","Nirvana","SignatureMove"],"picked":"SKIP","floor":12.0},{"not_picked":["Pray","Protect","Nirvana","CrushJoints"],"picked":"FearNoEvil","floor":13.0},{"not_picked":["JustLucky","EmptyBody","ReachHeaven","Protect","LikeWater"],"picked":"SKIP","floor":14.0},{"not_picked":["MostiFishMod:StarOceanP","MostiFishMod:Dust","MostiFishMod:ScryFuture","Establishment"],"picked":"MostiFishMod:UniPurple","floor":16.0},{"not_picked":["EmptyMind","PathToVictory","SashWhip+1","Halt","ThirdEye"],"picked":"SKIP","floor":18.0},{"not_picked":["EmptyFist","Evaluate","SashWhip","SignatureMove","EmptyBody"],"picked":"SKIP","floor":21.0},{"not_picked":["SpiritShield","Tantrum","PathToVictory+1","ClearTheMind"],"picked":"DevaForm","floor":23.0},{"not_picked":["Prostrate+1","Consecrate","DevaForm","WreathOfFlame","Worship"],"picked":"SKIP","floor":25.0},{"not_picked":["Consecrate","Halt","EmptyFist","WaveOfTheHand"],"picked":"BowlingBash","floor":27.0},{"not_picked":["Evaluate","ClearTheMind","Worship","Wallop+1","EmptyBody"],"picked":"SKIP","floor":28.0},{"not_picked":["PathToVictory","EmptyFist","Protect","ClearTheMind+1","CrushJoints"],"picked":"SKIP","floor":29.0},{"not_picked":["EmptyMind","ReachHeaven+1","MostiFishMod:StarLaLaLa","Crescendo"],"picked":"TalkToTheHand","floor":30.0},{"not_picked":["JustLucky","FlyingSleeves","WaveOfTheHand+1","FlurryOfBlows","Consecrate"],"picked":"Singing Bowl","floor":31.0},{"not_picked":["MostiFishMod:Moonprays","Ragnarok","Brilliance","Blasphemy"],"picked":"Scrawl","floor":33.0},{"not_picked":["Nirvana+1","JustLucky+1","EmptyFist","FlyingSleeves","CarveReality+1"],"picked":"Singing Bowl","floor":35.0},{"not_picked":["SignatureMove","Study","ThirdEye","Protect+1","Halt"],"picked":"Singing Bowl","floor":37.0},{"not_picked":["DeusExMachina","WindmillStrike","Evaluate","Protect","SashWhip"],"picked":"Singing Bowl","floor":40.0},{"not_picked":["ThirdEye","ClearTheMind","Protect+1","Study"],"picked":"WheelKick","floor":42},{"not_picked":["PathToVictory","DeceiveReality","Scrawl","ConjureBlade","Indignation"],"picked":"Singing Bowl","floor":44},{"not_picked":["Crescendo","CrushJoints","EmptyBody","Halt","Collect"],"picked":"Singing Bowl","floor":46},{"not_picked":["FlurryOfBlows","Protect","Halt","JustLucky"],"picked":"ForeignInfluence","floor":47},{"not_picked":["MostiFishMod:Disappear","Collect","CrushJoints","Protect+1"],"picked":"MostiFishMod:LegendTransform","floor":48},{"not_picked":["JustLucky+1","CutThroughFate","PathToVictory","CrushJoints","Fasting2"],"picked":"Singing Bowl","floor":52},{"not_picked":["Alpha","Study+1","WaveOfTheHand","Collect","EmptyMind"],"picked":"Singing Bowl","floor":54}],"player_experience":265944,"relics_obtained":[{"floor":1.0,"key":"Question Card"},{"floor":7.0,"key":"Shuriken"},{"floor":9.0,"key":"Question Card"},{"floor":10.0,"key":"Toy Ornithopter"},{"floor":12.0,"key":"Blood Vial"},{"floor":16.0,"key":"ImportantClient"},{"floor":23.0,"key":"Whetstone"},{"floor":25.0,"key":"Kunai"},{"floor":26.0,"key":"InkBottle"},{"floor":27.0,"key":"BionicSphere"},{"floor":27.0,"key":"Bottled Flame"},{"floor":28.0,"key":"War Paint"},{"floor":31.0,"key":"Singing Bowl"},{"floor":40.0,"key":"Dream Catcher"},{"floor":42,"key":"MealTicket"},{"floor":44,"key":"Pantograph"},{"floor":54,"key":"Vajra"}],"event_choices":[{"damage_healed":0.0,"max_hp_gain":0.0,"max_hp_loss":0.0,"gold_gain":0.0,"event_name":"Scrap Ooze","player_choice":"Success","floor":3.0,"gold_loss":0.0,"damage_taken":26.0,"relics_obtained":["Bronze Scales"]},{"damage_healed":0.0,"max_hp_gain":0.0,"max_hp_loss":0.0,"gold_gain":0.0,"event_name":"Match and Keep!","player_choice":"0 cards matched","floor":4.0,"gold_loss":0.0,"damage_taken":0.0,"cards_obtained":[]},{"damage_healed":0.0,"max_hp_gain":5.0,"max_hp_loss":0.0,"gold_gain":0.0,"event_name":"Forgotten Altar","player_choice":"Shed Blood","floor":20.0,"gold_loss":0.0,"damage_taken":26.0},{"damage_healed":0.0,"max_hp_gain":0.0,"max_hp_loss":0.0,"gold_gain":0.0,"cards_transformed":["Strike_P","Strike_P"],"event_name":"Drug Dealer","player_choice":"Became Test Subject","floor":22.0,"gold_loss":0.0,"damage_taken":0.0,"cards_obtained":["MostiFishMod:Adaptation","ConjureBlade"]},{"damage_healed":0.0,"max_hp_gain":0.0,"max_hp_loss":0.0,"gold_gain":0.0,"event_name":"Colosseum","player_choice":"Fight","floor":27.0,"gold_loss":0.0,"damage_taken":0.0},{"damage_healed":0.0,"max_hp_gain":0.0,"max_hp_loss":0.0,"gold_gain":0.0,"event_name":"Colosseum","player_choice":"Fought Nobs","floor":27.0,"gold_loss":0.0,"damage_taken":0.0},{"damage_healed":0.0,"max_hp_gain":0.0,"max_hp_loss":0.0,"gold_gain":0.0,"event_name":"Accursed Blacksmith","player_choice":"Ignored","floor":36.0,"gold_loss":0.0,"damage_taken":0.0},{"damage_healed":0.0,"max_hp_gain":0.0,"max_hp_loss":0.0,"gold_gain":0.0,"event_name":"Winding Halls","player_choice":"Embrace Madness","floor":39.0,"gold_loss":0.0,"damage_taken":15.0,"cards_obtained":["Madness","Madness"]}],"is_beta":false,"boss_relics":[{"not_picked":["Cursed Key","MetatronsCube","EE1DDrone"]},{"not_picked":["DiscerningMonocle","ExusiaiGun"],"picked":"RhineCircuit"}],"items_purged_floors":[19,38,45],"is_endless":false,"potions_floor_spawned":[1,2,8,13,16,21,27,27,30,33,44,46],"ascension_level":16}}