{"host":"kag8mfq4or8nkqb2","time":1608140794,"event":{"mods":["2.2 Compatiblity","BaseMod","Downfall","Minty Spire (QoL Compilation)","StSLib"],"gold_per_floor":[99,118,118,152,166,177,201,126,158,158,175,175,175,40,53,149,149,149,169,169,169],"floor_reached":20,"playtime":1316,"items_purged":["Regret"],"score":321,"play_id":"dc180f89-38b7-4e63-8486-2f434dcfd803","local_time":"20201216174634","is_ascension_mode":true,"campfire_choices":[{"data":"Slimebound:Split","floor":1,"key":"SMITH"},{"data":"Slimebound:SelfFormingGoo","floor":8,"key":"SMITH"},{"data":"Slimebound:SlimeTap","floor":10,"key":"SMITH"},{"floor":18,"key":"RECALL"}],"circlet_count":0,"master_deck":["AscendersBane","Slimebound:Strike_Slimebound","Slimebound:Tackle","Slimebound:Defend_Slimebound","Slimebound:Defend_Slimebound","Slimebound:Defend_Slimebound","Slimebound:Split+1","Slimebound:CorrosiveSpit","Slimebound:Recycling","Slimebound:SplitMire","Slimebound:Recollect","Slimebound:SelfFormingGoo+1","Slimebound:SplitMire","Slimebound:SlimeTap+1","Slimebound:LeadByExample","Slimebound:Equalize","Slimebound:RallyTheTroops"],"relics":["Slimebound:AbsorbEndCombat","Lantern","downfall:HeartBlessingBlue","Smiling Mask","hexamod:BolsterEngine","Empty Cage"],"acts_visited":["Exordium","TheCity"],"potions_floor_usage":[15,20],"damage_taken":[{"damage":27,"enemies":"Jaw Worm","floor":2,"turns":4},{"damage":71,"enemies":"3 Sentries","floor":4,"turns":7},{"damage":39,"enemies":"Cultist","floor":5,"turns":5},{"damage":22,"enemies":"Small Slimes","floor":6,"turns":3},{"damage":40,"enemies":"Lagavulin","floor":9,"turns":6},{"damage":19,"enemies":"3 Louse","floor":11,"turns":4},{"damage":54,"enemies":"downfall:FleeingMerchant","floor":14,"turns":4},{"damage":22,"enemies":"Blue Slaver","floor":15,"turns":4},{"damage":69,"enemies":"downfall:Defect","floor":16,"turns":7},{"damage":49,"enemies":"Spheric Guardian","floor":19,"turns":4},{"damage":61,"enemies":"Slavers","floor":20,"turns":3}],"seed_played":"-8536044381232263524","potions_obtained":[{"floor":4,"key":"DuplicationPotion"},{"floor":5,"key":"Slimebound:SlimedPotion"},{"floor":11,"key":"PowerPotion"},{"floor":19,"key":"PowerPotion"}],"is_trial":false,"path_per_floor":["R","M","?","E","M","M","T","R","E","R","M","?","?","$","M","B",null,"R","M","E"],"character_chosen":"SLIMEBOUND","items_purchased":["Slimebound:LeadByExample"],"campfire_rested":0,"item_purchase_floors":[14],"current_hp_per_floor":[54,45,45,30,25,23,23,33,37,37,42,42,42,42,44,39,58,58,43,0,0],"gold":169,"neow_bonus":"THREE_RARE_CARDS","is_daily":false,"chose_seed":false,"campfire_upgraded":3,"win_rate":0.0,"timestamp":1608140794,"path_taken":["R","M","?","E","?","M","T","R","E","R","M","?","?","$","M","BOSS","R","M","E"],"items_purchased_type":["Card"],"build_version":"2020-12-13","purchased_purges":1,"victory":false,"max_hp_per_floor":[54,54,54,54,54,54,54,64,64,64,64,64,64,64,64,64,64,64,64,64,64],"card_choices":[{"not_picked":["Slimebound:WasteNot","Slimebound:SelfFormingGoo"],"picked":"Slimebound:Recycling","floor":0},{"not_picked":["Slimebound:GoopSpray","Slimebound:ViciousTackle"],"picked":"Slimebound:SplitMire","floor":2},{"not_picked":["Slimebound:SamplingLick","Slimebound:SplitSpecialist"],"picked":"Slimebound:SelfFormingGoo","floor":4},{"not_picked":["Slimebound:LeechEnergy","Slimebound:SplitLeeching"],"picked":"Slimebound:SamplingLick","floor":5},{"not_picked":["Slimebound:SplitLeeching","Slimebound:GrowthPunch"],"picked":"Slimebound:SplitMire","floor":6},{"not_picked":["Slimebound:ViciousTackle","Slimebound:LeechingTouch"],"picked":"Slimebound:SlimeTap","floor":9},{"not_picked":["Slimebound:Repurpose","Slimebound:TagTeam","Slimebound:GrowthPunch"],"picked":"SKIP","floor":11},{"not_picked":["Slimebound:DisruptingSlam","Slimebound:SpikyOuterGoop","Slimebound:SlimeBarrage"],"picked":"SKIP","floor":14},{"not_picked":["Slimebound:FinishingTackle","Slimebound:MegaLick"],"picked":"Slimebound:Equalize","floor":15},{"not_picked":["Slimebound:PrepareCrush","Slimebound:Darklings"],"picked":"Slimebound:RallyTheTroops","floor":16},{"not_picked":["Slimebound:SplitBruiser","Slimebound:ViciousTackle","Slimebound:GoopSpray"],"picked":"SKIP","floor":19}],"player_experience":1030451,"relics_obtained":[{"floor":4,"key":"Lantern"},{"floor":9,"key":"Smiling Mask"}],"event_choices":[{"damage_healed":0,"gold_gain":0,"cards_transformed":["Slimebound:Strike_Slimebound"],"player_choice":"Transformed","damage_taken":0,"max_hp_gain":0,"max_hp_loss":0,"event_name":"Transmorgrifier","floor":3,"gold_loss":0,"cards_obtained":["Slimebound:Recollect"]},{"damage_healed":0,"gold_gain":0,"player_choice":"Box","damage_taken":0,"relics_obtained":["hexamod:BolsterEngine"],"max_hp_gain":0,"max_hp_loss":0,"event_name":"Big Fish","floor":12,"gold_loss":0,"cards_obtained":["Regret"]}],"is_beta":false,"boss_relics":[{"not_picked":["Velvet Choker","Snecko Eye"],"picked":"Empty Cage"}],"items_purged_floors":[14],"is_endless":false,"potions_floor_spawned":[4,5,11,19],"killed_by":"Slavers","ascension_level":11}}