{"host":"7s9cy3ihj997zbmc","time":1608114687,"event":{"mods":["Act Like it!","BaseMod","Card Filter","Custom Start","Downfall","Highlight Path","Minty Spire (QoL Compilation)","Permanent Neow","Quick Restart","Relic Filter","Relic Sorter","StSLib","SuperFastMode"],"gold_per_floor":[0,14,14,31,31,44,68,68,95,20,33,92,102,12,28,127,127,127,127,175,193,43,59,85,116,128,183,223,235,447,659,690,806,818,830,842,892,930,1004,1016,1105,1154,1166,1213,1375,1385,983,1009,1028,1028,1028,1067,519,519,519],"floor_reached":56,"playtime":2838,"items_purged":["hexamod:Defend","hexamod:Sear+1"],"score":4723,"play_id":"28d649a6-c115-4ac3-a684-94467670b516","local_time":"20201216183127","is_ascension_mode":true,"campfire_choices":[{"floor":1.0,"key":"RECALL"},{"data":"hexamod:SpectersWail","floor":8.0,"key":"SMITH"},{"floor":10.0,"key":"REST"},{"data":"hexamod:Incineration","floor":18.0,"key":"SMITH"},{"data":"Sadistic Nature","floor":22.0,"key":"SMITH"},{"data":"hexamod:SoulSteal","floor":26.0,"key":"SMITH"},{"floor":35.0,"key":"REST"},{"floor":40.0,"key":"REST"},{"floor":43.0,"key":"REST"},{"data":"hexamod:SixthSeal","floor":54.0,"key":"PURGE"}],"circlet_count":0,"master_deck":["hexamod:Float+1","hexamod:RecurringNightmare+1","hexamod:SpectersWail+1","hexamod:Incineration+1","hexamod:Rewind+1","hexamod:Hexaguard+1","hexamod:PhantomCloak+1","hexamod:TimeOfNeed+1","hexamod:CouncilsJustice+1","hexamod:CouncilsJustice+1","hexamod:CouncilsJustice+1","Ghostly+1","Ghostly+1","Ghostly+1","hexamod:ExtraCrispy+1","Sadistic Nature+1","hexamod:RetreatToShadows+1","hexamod:SoulSteal+1","hexamod:SecondSeal","hexamod:GhostOfSpirePast+1","hexamod:RecurringNightmare+1","hexamod:Haunted","hexamod:UnlimitedPower+1","hexamod:HeatShield+1","hexamod:RecurringNightmare+1","hexamod:WildfireWeapon","hexamod:SearingWound","hexamod:InspiringFlames+1","hexamod:EtherealExpedition+1","hexamod:EmpoweredFlame","hexamod:Haunt","expansioncontent:StudyTheSpire","hexamod:GhostOfSpireFuture+1","expansioncontent:AwakenDeath"],"relics":["hexamod:SpiritBrand","Guardian:PocketSentry","Du-Vu Doll","downfall:HeartBlessingGreen","Bronze Scales","Runic Dome","downfall:HeartBlessingRed","downfall:HeartBlessingBlue","Lantern","Torii","Fusion Hammer","InkBottle","hexamod:SoulConsumer","Letter Opener","HornCleat","Peace Pipe","War Paint","Lee\u0027s Waffle","Gambling Chip","Orrery"],"acts_visited":["Exordium","TheCity","TheBeyond","TheEnding"],"potions_floor_usage":[55,55],"damage_taken":[{"damage":11.0,"enemies":"2 Louse","floor":2.0,"turns":4.0},{"damage":2.0,"enemies":"Jaw Worm","floor":4.0,"turns":4.0},{"damage":0.0,"enemies":"Small Slimes","floor":6.0,"turns":3.0},{"damage":15.0,"enemies":"Lagavulin","floor":9.0,"turns":6.0},{"damage":2.0,"enemies":"3 Louse","floor":11.0,"turns":3.0},{"damage":12.0,"enemies":"Gremlin Nob","floor":12.0,"turns":3.0},{"damage":6.0,"enemies":"Large Slime","floor":13.0,"turns":5.0},{"damage":0.0,"enemies":"downfall:FleeingMerchant","floor":14.0,"turns":4.0},{"damage":0.0,"enemies":"2 Fungi Beasts","floor":15.0,"turns":2.0},{"damage":0.0,"enemies":"downfall:Watcher","floor":16.0,"turns":8.0},{"damage":5.0,"enemies":"downfall:FleeingMerchant","floor":20.0,"turns":4.0},{"damage":2.0,"enemies":"Shell Parasite","floor":21.0,"turns":4.0},{"damage":1.0,"enemies":"Chosen","floor":23.0,"turns":4.0},{"damage":2.0,"enemies":"Slavers","floor":25.0,"turns":4.0},{"damage":12.0,"enemies":"Book of Stabbing","floor":27.0,"turns":4.0},{"damage":3.0,"enemies":"Snake Plant","floor":28.0,"turns":2.0},{"damage":9.0,"enemies":"Snake Plant","floor":31.0,"turns":4.0},{"damage":4.0,"enemies":"Cultist and Chosen","floor":32.0,"turns":4.0},{"damage":4.0,"enemies":"downfall:Ironclad","floor":33.0,"turns":5.0},{"damage":3.0,"enemies":"Reptomancer","floor":37.0,"turns":5.0},{"damage":0.0,"enemies":"3 Shapes","floor":38.0,"turns":2.0},{"damage":3.0,"enemies":"2 Orb Walkers","floor":39.0,"turns":5.0},{"damage":1.0,"enemies":"Giant Head","floor":42.0,"turns":6.0},{"damage":12.0,"enemies":"Reptomancer","floor":44.0,"turns":5.0},{"damage":16.0,"enemies":"3 Darklings","floor":46.0,"turns":2.0},{"damage":1.0,"enemies":"Transient","floor":48.0,"turns":5.0},{"damage":3.0,"enemies":"Maw","floor":49.0,"turns":4.0},{"damage":6.0,"enemies":"downfall:Silent","floor":50.0,"turns":5.0},{"damage":10.0,"enemies":"downfall:CharBossMerchant","floor":52.0,"turns":6.0},{"damage":10,"enemies":"downfall:NeowBoss","floor":55,"turns":14}],"seed_played":"-6373123067039062872","potions_obtained":[{"floor":4.0,"key":"PowerPotion"},{"floor":6.0,"key":"GamblersBrew"},{"floor":12.0,"key":"Energy Potion"},{"floor":33.0,"key":"Guardian:BlockOnCardUsePotion"}],"is_trial":false,"path_per_floor":["R","M","?","M","?","M","T","R","E","R","M","?","M","$","M","B",null,"R","?","$","M","R","M","T","E","R","E","M","?","?","?","M","B",null,"R","?","E","M","?","R","T","E","R","E","?","M","$","M","M","B",null,"E","$","R","B",null],"character_chosen":"THE_SPIRIT","items_purchased":["hexamod:ExtraCrispy","Sadistic Nature","War Paint","Lee\u0027s Waffle","Orrery","hexamod:EmpoweredFlame","hexamod:Haunt","expansioncontent:StudyTheSpire","expansioncontent:AwakenDeath"],"campfire_rested":4,"item_purchase_floors":[20,20,47,47,53,53,53,53,53],"current_hp_per_floor":[70,59,41,39,39,39,39,39,24,45,43,31,25,25,25,25,70,70,35,30,28,38,37,37,35,35,23,20,20,20,11,7,3,45,45,45,42,42,39,45,45,44,45,33,33,17,52,51,48,42,52,42,42,42,32],"gold":519,"neow_bonus":"THREE_RARE_CARDS","is_daily":false,"chose_seed":false,"campfire_upgraded":4,"win_rate":0.0,"timestamp":1608114687,"path_taken":["R","M","?","M","?","M","T","R","E","R","M","?","?","$","M","BOSS","R","?","$","M","R","M","T","E","R","E","M","?","?","?","M","BOSS","R","?","E","M","?","R","T","E","R","E","?","M","$","?","M","BOSS","E","$","R","BOSS"],"items_purchased_type":["Card","Card","Relic","Relic","Relic","Card","Card","Card","Card"],"build_version":"2020-12-13","purchased_purges":2,"victory":true,"max_hp_per_floor":[70,70,70,70,70,70,70,70,70,70,70,70,70,70,70,70,70,70,35,35,35,45,45,45,45,45,45,45,45,45,45,45,45,45,45,45,45,45,45,45,45,45,45,45,45,45,52,52,52,52,52,52,52,52,52],"card_choices":[{"not_picked":["hexamod:ApocalypseNow","hexamod:GhostflameInferno"],"picked":"hexamod:SixthSeal","floor":0.0},{"not_picked":["hexamod:Firestarter","hexamod:ThermalTransfer","hexamod:RadiantFlame"],"picked":"SKIP","floor":2.0},{"not_picked":["hexamod:ShieldOfDarkness","hexamod:ChargedBarrage"],"picked":"hexamod:RecurringNightmare","floor":4.0},{"not_picked":["hexamod:HauntingEcho","hexamod:GhostLash"],"picked":"hexamod:SpectersWail","floor":6.0},{"not_picked":["hexamod:ApocalypticArmor","hexamod:GhostLash","hexamod:InspiringFlames"],"picked":"SKIP","floor":9.0},{"not_picked":["hexamod:Haunt","hexamod:GhostflameBarrier"],"picked":"hexamod:Incineration","floor":11.0},{"not_picked":["hexamod:NightmareGuise","hexamod:BurningTouch"],"picked":"hexamod:Rewind","floor":13.0},{"not_picked":["hexamod:PhantomFireball","hexamod:TimeWarp"],"picked":"hexamod:Hexaguard","floor":14.0},{"not_picked":["hexamod:SpectralAdrenaline","hexamod:Hexaguard"],"picked":"hexamod:PhantomCloak","floor":15.0},{"not_picked":["hexamod:ParanormalForm","hexamod:UnleashSpirits"],"picked":"hexamod:TimeOfNeed","floor":16.0},{"not_picked":["hexamod:EmpoweredFlame","hexamod:Firestarter+1","hexamod:AdvancingGuard"],"picked":"SKIP","floor":20.0},{"not_picked":["hexamod:SkipABeat+1","hexamod:RainOfEmbers"],"picked":"hexamod:RetreatToShadows","floor":21.0},{"not_picked":["hexamod:NightmareGuise","hexamod:TurnItUp"],"picked":"hexamod:SoulSteal","floor":23.0},{"not_picked":["hexamod:RetreatToShadows","hexamod:EmpoweringStance"],"picked":"hexamod:SecondSeal","floor":25.0},{"not_picked":["hexamod:SkipABeat","hexamod:RainOfEmbers","hexamod:GhostOfSpireFuture"],"picked":"SKIP","floor":27.0},{"not_picked":["hexamod:NightmareStrike","hexamod:EtherealExpedition"],"picked":"hexamod:GhostOfSpirePast","floor":28.0},{"not_picked":["hexamod:AdvancingGuard","hexamod:Firestarter","hexamod:InspiringFlames+1"],"picked":"SKIP","floor":32.0},{"not_picked":["hexamod:TimeOfNeed","hexamod:VolcanoVisage"],"picked":"hexamod:UnlimitedPower","floor":33.0},{"not_picked":["hexamod:SecondSeal","hexamod:GhostLash","hexamod:InspiringFlames+1"],"picked":"SKIP","floor":37.0},{"not_picked":["hexamod:GhostLash+1","hexamod:BurningTouch+1"],"picked":"hexamod:HeatShield+1","floor":38.0},{"not_picked":["hexamod:PhantomFireball+1","hexamod:ShieldOfDarkness+1"],"picked":"hexamod:RecurringNightmare+1","floor":39.0},{"not_picked":["hexamod:AdvancingGuard+1","hexamod:TimeOfNeed","hexamod:NightmareStrike+1"],"picked":"SKIP","floor":42.0},{"not_picked":["hexamod:SpectersWail+1","hexamod:SpectralAdrenaline","hexamod:HeatMetal+1"],"picked":"SKIP","floor":44.0},{"not_picked":["hexamod:InspiringFlames","hexamod:GhostShield","hexamod:RainOfEmbers+1"],"picked":"SKIP","floor":46.0},{"not_picked":["hexamod:GhostLash","hexamod:PhantomCloak","hexamod:ShieldOfDarkness+1"],"picked":"SKIP","floor":48.0},{"not_picked":["hexamod:ThermalTransfer+1","hexamod:SkipABeat+1","hexamod:GhostOfSpirePast"],"picked":"SKIP","floor":49.0},{"not_picked":["hexamod:HauntingEcho","hexamod:RainOfEmbers+1"],"picked":"hexamod:WildfireWeapon","floor":52.0},{"not_picked":["hexamod:ShieldOfDarkness","hexamod:ExtraCrispy+1"],"picked":"hexamod:SearingWound","floor":53.0},{"not_picked":["hexamod:Hexaguard","hexamod:NightmareStrike+1"],"picked":"hexamod:InspiringFlames+1","floor":53.0},{"not_picked":["hexamod:GhostShield","hexamod:TurnItUp"],"picked":"hexamod:EtherealExpedition+1","floor":53.0},{"not_picked":["hexamod:FourthSeal","hexamod:Firestarter"],"picked":"hexamod:GhostOfSpireFuture+1","floor":53.0}],"player_experience":324510,"relics_obtained":[{"floor":9.0,"key":"Du-Vu Doll"},{"floor":24.0,"key":"Lantern"},{"floor":25.0,"key":"MawBank"},{"floor":27.0,"key":"Torii"},{"floor":37.0,"key":"InkBottle"},{"floor":39.0,"key":"hexamod:SoulConsumer"},{"floor":41.0,"key":"Letter Opener"},{"floor":42.0,"key":"HornCleat"},{"floor":44.0,"key":"Peace Pipe"},{"floor":52.0,"key":"Gambling Chip"}],"event_choices":[{"damage_healed":0.0,"max_hp_gain":0.0,"max_hp_loss":0.0,"gold_gain":0.0,"event_name":"Scrap Ooze","player_choice":"Success","floor":3.0,"gold_loss":0.0,"damage_taken":18.0,"relics_obtained":["Guardian:PocketSentry"]},{"cards_removed":["hexamod:Strike"],"damage_healed":0.0,"max_hp_gain":0.0,"max_hp_loss":0.0,"gold_gain":0.0,"event_name":"The Cleric","player_choice":"Card Removal","floor":5.0,"gold_loss":0.0,"damage_taken":0.0},{"damage_healed":0.0,"max_hp_gain":0.0,"max_hp_loss":0.0,"gold_gain":0.0,"event_name":"The Library","player_choice":"Read","floor":29.0,"gold_loss":0.0,"damage_taken":0.0,"cards_obtained":["hexamod:RecurringNightmare"]},{"damage_healed":0.0,"max_hp_gain":0.0,"max_hp_loss":0.0,"gold_gain":0.0,"event_name":"Mysterious Sphere","player_choice":"Fight","floor":39.0,"gold_loss":0.0,"damage_taken":0.0}],"is_beta":false,"boss_relics":[{"not_picked":["Tiny House","Velvet Choker"],"picked":"Runic Dome"},{"not_picked":["hexamod:IceCube","Calling Bell"],"picked":"Fusion Hammer"}],"items_purged_floors":[14,47],"is_endless":false,"potions_floor_spawned":[4,6,12,13,15,23,27,28,31,33,38,44,48,49],"ascension_level":2}}