{"host":"5ezk7t18wcb10u1o","time":1608132084,"event":{"mods":["BaseMod","Bestiary","Colored Powertips","Minty Spire (QoL Compilation)","Relic Sorter"],"gold_per_floor":[15,34,50,50,200,226,226,226,251,251,251,82,112,122,122,196,196,215,215,215,215,228,256,256,287,312,312,332,332,357,374,374,450,450,467,467,483,528,528,528,558,558,558,558,587,603,613,638,638,638],"floor_reached":51,"playtime":3751,"items_purged":[],"score":1409,"play_id":"2d2690c5-f976-4042-9f98-29a2b8a4368f","local_time":"20201216152124","is_ascension_mode":true,"campfire_choices":[{"data":"Go for the Eyes","floor":8.0,"key":"SMITH"},{"data":"Zap","floor":11.0,"key":"SMITH"},{"data":"Loop","floor":15.0,"key":"SMITH"},{"data":"Buffer","floor":24.0,"key":"SMITH"},{"data":"Buffer","floor":27.0,"key":"SMITH"},{"data":"Fusion","floor":29.0,"key":"SMITH"},{"data":"Reinforced Body","floor":32.0,"key":"SMITH"},{"data":"Conserve Battery","floor":40,"key":"SMITH"},{"data":"Defend_B","floor":44,"key":"SMITH"},{"data":"Defragment","floor":49,"key":"SMITH"}],"circlet_count":0,"master_deck":["AscendersBane","Defend_B+1","Defend_B+1","Defend_B+1","Zap+1","Dualcast","Buffer+1","Conserve Battery+1","Ball Lightning","Go for the Eyes+1","Coolheaded","Loop+1","Buffer+1","Buffer+1","Capacitor+1","Bite","Bite","Bite","Bite","Bite","Fusion+1","Streamline+1","Self Repair","Reinforced Body+1","Streamline+1","Chill","Cold Snap","Mayhem","Stack","Conserve Battery+1","Defragment+1","Electrodynamics","Hologram+1"],"relics":["Cracked Core","Pocketwatch","Velvet Choker","Pen Nib","Mercury Hourglass","Omamori","Potion Belt","War Paint","PreservedInsect","MutagenicStrength","Tiny Chest","StrikeDummy","Cursed Key","Torii","Strawberry","Toxic Egg 2","Meat on the Bone","Bag of Preparation","Gambling Chip"],"acts_visited":[],"potions_floor_usage":[50,50],"damage_taken":[{"damage":2.0,"enemies":"Jaw Worm","floor":1.0,"turns":4.0},{"damage":3.0,"enemies":"2 Louse","floor":2.0,"turns":2.0},{"damage":0.0,"enemies":"Small Slimes","floor":3.0,"turns":3.0},{"damage":0.0,"enemies":"Gremlin Nob","floor":6.0,"turns":5.0},{"damage":15.0,"enemies":"3 Sentries","floor":13.0,"turns":5.0},{"damage":0.0,"enemies":"3 Louse","floor":14.0,"turns":2.0},{"damage":12.0,"enemies":"Hexaghost","floor":16.0,"turns":9.0},{"damage":11.0,"enemies":"3 Byrds","floor":18.0,"turns":5.0},{"damage":11.0,"enemies":"2 Thieves","floor":22.0,"turns":4.0},{"damage":23.0,"enemies":"Slavers","floor":23.0,"turns":5.0},{"damage":14.0,"enemies":"Book of Stabbing","floor":25.0,"turns":4.0},{"damage":0.0,"enemies":"3 Cultists","floor":28.0,"turns":5.0},{"damage":19.0,"enemies":"Gremlin Leader","floor":30.0,"turns":7.0},{"damage":0.0,"enemies":"Centurion and Healer","floor":31.0,"turns":6.0},{"damage":34.0,"enemies":"Collector","floor":33.0,"turns":12.0},{"damage":0.0,"enemies":"Orb Walker","floor":35.0,"turns":3.0},{"damage":14.0,"enemies":"3 Darklings","floor":37.0,"turns":7.0},{"damage":25.0,"enemies":"2 Orb Walkers","floor":38.0,"turns":8.0},{"damage":0,"enemies":"Giant Head","floor":41,"turns":9},{"damage":1,"enemies":"Nemesis","floor":45,"turns":7},{"damage":12,"enemies":"Transient","floor":46,"turns":5},{"damage":0,"enemies":"Spire Growth","floor":47,"turns":6},{"damage":10,"enemies":"Mind Bloom Boss Battle","floor":48,"turns":7},{"damage":13,"enemies":"Donu and Deca","floor":50,"turns":10}],"seed_played":"-2201444761995204751","potions_obtained":[{"floor":2.0,"key":"AttackPotion"},{"floor":13.0,"key":"CultistPotion"},{"floor":14.0,"key":"Dexterity Potion"},{"floor":23.0,"key":"FearPotion"},{"floor":30.0,"key":"GamblersBrew"},{"floor":35.0,"key":"Weak Potion"},{"floor":45,"key":"Strength Potion"},{"floor":46,"key":"Weak Potion"},{"floor":47,"key":"FairyPotion"},{"floor":48,"key":"FocusPotion"}],"is_trial":false,"path_per_floor":["M","M","M","?","?","E","T","R","T","?","R","$","E","M","R","B",null,"M","?","?","$","M","E","R","E","T","R","M","R","E","M","R","B",null,"M","?","M","?","?","R","E","T","T","R","E","M","M","?","R","B",null],"character_chosen":"DEFECT","items_purchased":["War Paint"],"campfire_rested":0,"item_purchase_floors":[12],"current_hp_per_floor":[62,59,59,59,59,59,59,59,59,52,52,52,37,37,37,25,60,49,49,49,49,46,31,31,27,27,27,39,39,36,49,49,49,49,49,49,49,37,37,37,56,56,56,56,56,55,56,56,56,55],"gold":638,"neow_bonus":"THREE_RARE_CARDS","is_daily":false,"chose_seed":false,"campfire_upgraded":10,"win_rate":0.0,"timestamp":1608132084,"path_taken":["M","M","M","?","?","E","?","R","T","?","R","$","E","?","R","BOSS","M","?","?","$","M","E","R","E","T","R","M","R","E","M","R","BOSS","M","?","M","?","?","R","E","?","T","R","E","M","M","?","R","BOSS"],"items_purchased_type":["Relic"],"build_version":"2020-12-13","purchased_purges":0,"victory":true,"max_hp_per_floor":[71,71,71,71,71,71,71,71,71,71,71,71,71,71,71,71,71,71,49,49,49,49,49,49,49,49,49,49,49,49,49,49,49,49,49,49,49,49,49,49,56,56,56,56,56,56,56,56,56,56],"card_choices":[{"not_picked":["Meteor Strike","Biased Cognition"],"picked":"Buffer","floor":0.0},{"not_picked":["FTL","Compile Driver"],"picked":"Conserve Battery","floor":1.0},{"not_picked":["Skim","Hologram"],"picked":"Ball Lightning","floor":2.0},{"not_picked":["Leap","Conserve Battery"],"picked":"Go for the Eyes","floor":3.0},{"not_picked":["Reprogram","Skim"],"picked":"Coolheaded","floor":6.0},{"not_picked":["Streamline","Redo"],"picked":"Loop","floor":13.0},{"not_picked":["Coolheaded","Compile Driver"],"picked":"Buffer","floor":14.0},{"not_picked":["Hyperbeam","Rainbow"],"picked":"Buffer","floor":16.0},{"not_picked":["Aggregate","Melter"],"picked":"Capacitor+1","floor":18.0},{"not_picked":["Ball Lightning","Go for the Eyes"],"picked":"Fusion","floor":22.0},{"not_picked":["Lockon","Rebound"],"picked":"Streamline+1","floor":23.0},{"not_picked":["Darkness","Steam Power","Steam"],"picked":"SKIP","floor":25.0},{"not_picked":["Go for the Eyes","Force Field"],"picked":"Self Repair","floor":28.0},{"not_picked":["Double Energy","Coolheaded"],"picked":"Reinforced Body","floor":30.0},{"not_picked":["Turbo","Gash","Hello World+1"],"picked":"SKIP","floor":31.0},{"not_picked":["Sunder","Go for the Eyes"],"picked":"Streamline+1","floor":35.0},{"not_picked":["Coolheaded","Leap+1"],"picked":"Chill","floor":37.0},{"not_picked":["FTL","BootSequence"],"picked":"Cold Snap","floor":38.0},{"not_picked":["Thinking Ahead","Deep Breath"],"picked":"Mayhem","floor":39.0},{"not_picked":["Rebound","Steam Power"],"picked":"Stack","floor":41},{"not_picked":["Force Field+1","Coolheaded+1"],"picked":"Conserve Battery+1","floor":45},{"not_picked":["Sunder","Lockon"],"picked":"Defragment","floor":46},{"not_picked":["Conserve Battery+1","Reprogram+1"],"picked":"Electrodynamics","floor":47},{"not_picked":["Go for the Eyes","Compile Driver"],"picked":"Hologram+1","floor":48}],"player_experience":1033168,"relics_obtained":[{"floor":6.0,"key":"Mercury Hourglass"},{"floor":7.0,"key":"Omamori"},{"floor":9.0,"key":"Potion Belt"},{"floor":13.0,"key":"PreservedInsect"},{"floor":23.0,"key":"Pen Nib"},{"floor":25.0,"key":"Pocketwatch"},{"floor":26.0,"key":"Tiny Chest"},{"floor":30.0,"key":"StrikeDummy"},{"floor":38.0,"key":"Torii"},{"floor":41,"key":"Strawberry"},{"floor":42,"key":"Toxic Egg 2"},{"floor":43,"key":"Meat on the Bone"},{"floor":45,"key":"Bag of Preparation"},{"floor":48,"key":"Gambling Chip"}],"event_choices":[{"damage_healed":0.0,"max_hp_gain":0.0,"max_hp_loss":0.0,"gold_gain":0.0,"event_name":"Living Wall","player_choice":"Grow","floor":4.0,"gold_loss":0.0,"damage_taken":0.0,"cards_upgraded":["Buffer"]},{"damage_healed":0.0,"max_hp_gain":0.0,"max_hp_loss":0.0,"gold_gain":150.0,"event_name":"Liars Game","player_choice":"AGREE","floor":5.0,"gold_loss":0.0,"damage_taken":0.0,"cards_obtained":["Doubt"]},{"cards_removed":["Doubt"],"damage_healed":0.0,"max_hp_gain":0.0,"max_hp_loss":0.0,"gold_gain":0.0,"event_name":"Golden Wing","player_choice":"Card Removal","floor":10.0,"gold_loss":0.0,"damage_taken":7.0},{"damage_healed":0.0,"max_hp_gain":0.0,"max_hp_loss":22.0,"gold_gain":0.0,"event_name":"Vampires","player_choice":"Became a vampire","floor":19.0,"gold_loss":0.0,"damage_taken":0.0,"cards_obtained":["Bite","Bite","Bite","Bite","Bite"]},{"damage_healed":0.0,"max_hp_gain":0.0,"max_hp_loss":0.0,"gold_gain":0.0,"event_name":"Drug Dealer","player_choice":"Inject Mutagens","floor":20.0,"gold_loss":0.0,"damage_taken":0.0,"relics_obtained":["MutagenicStrength"]},{"cards_removed":["Defend_B"],"damage_healed":0.0,"max_hp_gain":0.0,"max_hp_loss":0.0,"gold_gain":0.0,"event_name":"Falling","player_choice":"Removed Skill","floor":36.0,"gold_loss":0.0,"damage_taken":0.0},{"damage_healed":0.0,"max_hp_gain":0.0,"max_hp_loss":0.0,"gold_gain":0.0,"event_name":"Mysterious Sphere","player_choice":"Fight","floor":38.0,"gold_loss":0.0,"damage_taken":0.0},{"damage_healed":0.0,"max_hp_gain":0.0,"max_hp_loss":0.0,"gold_gain":0.0,"event_name":"SensoryStone","player_choice":"Memory 1","floor":39.0,"gold_loss":0.0,"damage_taken":0.0},{"damage_healed":0,"gold_gain":0,"player_choice":"Fight","damage_taken":0,"max_hp_gain":0,"max_hp_loss":0,"event_name":"MindBloom","floor":48,"gold_loss":0}],"is_beta":false,"boss_relics":[{"not_picked":["Runic Dome","Snecko Eye"],"picked":"Velvet Choker"},{"not_picked":["Busted Crown","Fusion Hammer"],"picked":"Cursed Key"}],"items_purged_floors":[],"is_endless":false,"potions_floor_spawned":[2,13,14,23,30,35,45,46,47,48],"ascension_level":16}}