{"host":"rtq35k3rt1qs984b","time":1608149359,"event":{"mods":["2.2 Compatiblity","AchievementEnabler","Act Like it!","Aspiration","BaseMod","Better Note","BetterRewards","Card Forge","Clawfect","Colored Map","Colored Powertips","Conspire","Downfall","Energized Spire","Friendly Minions","Gensokyo","GifTheSpireLib","Grow up Mod","Halation","Hallownest","Highlight Path","Hubris","Infinite Spire","Marked Mod","Minty Spire (QoL Compilation)","Permanent Neow","Rare Cards Sparkle","Replay The Spire","Shop Mod","StSLib","Stuff the Spire","SuperFastMode","The Runesmith","vexMod"],"gold_per_floor":[111,111,111,127,143,170,170,183,183,218,218,243,258,274,274,371,1037,1053,1067,549,549,568,603,620,654,654,654,680,680,700,246,246,350,350,365,365,365,365,377,405,405,438,438,454,474,474,491,522,522,623,623,628,628,626,370,378,383,383,392,392,437,437,440,481,481,481,562,562,554,563,563,413,405,405,409,421,467,467,476,490,176,185,185,255,255,245,220,253,253,251,253,262,273,298,303,294,300,291,284,284,353,353,355,355,362,357,380,392,317,565,565,579,579,591,591,474,474,551,551,551,554,554,509,509,519,519,527,527,527,527,527,329,329,329,453,453,551,577,604,604,936,936,979,979,979,1016,1060,1086,1086,1114,1114,1292,1292,1292,1247,1308,1503],"floor_reached":158,"playtime":4500,"items_purged":["hubris:Prefetch+1","StuffTheSpire:PestControl","conspire:GhostlyDefend","Madness","Madness","Conserve Battery","Rebound","Hallownest:curseDreamersLament","StuffTheSpire:CuriosityCurse+1","Clawfect:ClawingBeam+1"],"score":6029,"play_id":"29562426-5d04-46aa-90d5-38254e52180b","local_time":"20201216200919","is_ascension_mode":true,"campfire_choices":[{"data":"Gash","floor":7.0,"key":"SMITH"},{"data":"hubris:Prefetch","floor":15.0,"key":"SMITH"},{"data":"Zap","floor":32.0,"key":"SMITH"},{"data":"Gash","floor":41.0,"key":"SMITH"},{"data":"Replay:Fractal Strike","floor":49.0,"key":"SMITH"},{"data":"Gash","floor":62,"key":"SMITH"},{"data":"Gash","floor":66,"key":"SMITH"},{"data":"Gash","floor":74,"key":"SMITH"},{"data":"Clawfect:Clawrage","floor":83,"key":"SMITH"},{"data":"Chill","floor":100,"key":"SMITH"},{"data":"Clawfect:Clawrage","floor":115,"key":"SMITH"},{"data":"Clawfect:ClawAndTear","floor":117,"key":"SMITH"},{"data":"Clawfect:Clawrage","floor":126,"key":"SMITH"},{"data":"Clawfect:ClawAndTear","floor":129,"key":"SMITH"},{"data":"Clawfect:ClawingBeam","floor":134,"key":"SMITH"},{"floor":142,"key":"REST"},{"floor":149,"key":"REST"},{"floor":151,"key":"REST"},{"floor":154,"key":"REST"}],"circlet_count":0,"master_deck":["Gash+1","Gash+1","Gash+1","Gash+1","Gash+1","conspire:GhostlyDefend","conspire:GhostlyDefend","Clawfect:ClawLightning","Zap+1","Clawfect:ClawSnap","Clawfect:ClawAndTear+1","Clawfect:Clawter+1","Clawfect:ClawAndTear+1","Clawfect:ClawLightning+1","Clawfect:ClawSnap","Clawfect:ClawAndGloom+1","Trip","Recycle+1","Clawfect:Clawter+1","Clawfect:ClawCell+1","Clawfect:ClawSnap+1","Replay:Fractal Strike+1","Clawfect:ClawForTheEyes","Clawfect:ClawCell","Clawfect:ClawLightning","Clawfect:Clawter","Clawfect:ClawSnap","Gash+1","Clawfect:ClawSnap+1","Clawfect:ClawSnap","Clawfect:Clawrage+1","Clawfect:ClawAndTear+1","Clawfect:ClawLightning+1","Chill+1","Clawfect:ClawAndGloom+1","Gash","Clawfect:Clawrage+1","Clawfect:Clawter+1","Clawfect:ClawForTheEyes","Gash+1","Clawfect:ClawAndGloom","Clawfect:ClawForTheEyes","Clawfect:Clawrage+1","Clawfect:Clawter","Clawfect:ClawAndTear+1","Clawfect:ClawCell+1","Chill+1","Clawfect:Clawrage+1","Clawfect:Clawrage+1"],"relics":["CultistMask","StuffTheSpire:Experiment12","ReplayTheSpireMod:EnergyBall","Unceasing Top","infinitespire:Chaos","infinitespire:Cubic Diamond","hubris:BallOfYels","Du-Vu Doll","infinitespire:SolderingIron","Ice Cream","vexMod:RockOfEvil","Anchor","Potion Belt","Raider\u0027s Mask","Tiny Chest","HornCleat","vexMod:ScavengeHelm","infinitespire:PuzzleCube","StuffTheSpire:RunicHypercube","vexMod:Cooldron","Iron Hammer","Replay:Baseball","halation:PrussianBluePaint","Eternal Feather","hubris:MysteriousPyramids","Empty Cage","halation:LostSnail","Runesmith:Nanobots","hubris:SphereOfDissonance","Lantern","infinitespire:CheckeredPen","aspiration:FutureDiary","DataDisk","WingedGreaves","aspiration:ChemicalBlood","infinitespire:Beetle Shell","The Courier","Durian","Shuriken","MerchantsRug","Whetstone","aspiration:MysteriousAuxiliaryCore","Gremlin Horn","Simple Rune","Frozen Egg 2","Dream Catcher","halation:IllGainedPizza","Pear","StuffTheSpire:Tea","aspiration:MobileForge","aspiration:EnhancedActuators","Hallownest:BankAccountRelic","Pen Nib","aspiration:StickyExplosives_weak","Orichalcum","conspire:BottledYoYo","infinitespire:Freezer","hubris:RunicObelisk","Toxic Egg 2","hubris:MobiusCoin","conspire:Boomerang","infinitespire:Satchel","halation:AfternoonTea","Hallownest:WatcherSealRelic","Replay:Bandana","Runic Capacitor","halation:MonkeysPaw","Gremlin Food","Pet Ghost","hubris:Icosahedron","hubris:Metronome","Replay:Bottled Steam","Replay:Wax Seal","Guide Book","halation:BottledLove"],"acts_visited":["Exordium","TheCity","TheBeyond","Exordium","TheCity","TheBeyond","TheBeyond","Hallownest:Greenpath","TheBeyond","TheEnding"],"potions_floor_usage":[99,110,110,110,110,110,110,110,110,110,116,132,132,141,141,141,141,141,141,155,155],"damage_taken":[{"damage":0.0,"enemies":"Jaw Worm","floor":1.0,"turns":3.0},{"damage":0.0,"enemies":"conspire:RoseBush","floor":4.0,"turns":3.0},{"damage":2.0,"enemies":"2 Louse","floor":5.0,"turns":3.0},{"damage":10.0,"enemies":"Lagavulin","floor":6.0,"turns":4.0},{"damage":10.0,"enemies":"Gremlin Gang","floor":8.0,"turns":4.0},{"damage":0.0,"enemies":"Gremlin Nob","floor":10.0,"turns":3.0},{"damage":3.0,"enemies":"3 Sentries","floor":12.0,"turns":3.0},{"damage":23.0,"enemies":"Lots of Slimes","floor":13.0,"turns":4.0},{"damage":10.0,"enemies":"Exordium Thugs","floor":14.0,"turns":3.0},{"damage":73.0,"enemies":"Hexaghost","floor":16.0,"turns":5.0},{"damage":20.0,"enemies":"conspire:FuzzyDice","floor":18.0,"turns":3.0},{"damage":0.0,"enemies":"Chosen","floor":19.0,"turns":4.0},{"damage":5.0,"enemies":"Shelled Parasite and Fungi","floor":22.0,"turns":3.0},{"damage":8.0,"enemies":"Gremlin Leader","floor":23.0,"turns":3.0},{"damage":0.0,"enemies":"Centurion and Healer","floor":24.0,"turns":2.0},{"damage":5.0,"enemies":"Slavers","floor":25.0,"turns":2.0},{"damage":0.0,"enemies":"Replay:Snechameleon","floor":28.0,"turns":3.0},{"damage":2.0,"enemies":"Snecko","floor":30.0,"turns":3.0},{"damage":0.0,"enemies":"Champ","floor":33.0,"turns":3.0},{"damage":0.0,"enemies":"3 Darklings","floor":35.0,"turns":2.0},{"damage":0.0,"enemies":"3 Shapes","floor":39.0,"turns":1.0},{"damage":0.0,"enemies":"Nemesis","floor":40.0,"turns":1.0},{"damage":0.0,"enemies":"Reptomancer","floor":42.0,"turns":1.0},{"damage":0.0,"enemies":"Sphere and 2 Shapes","floor":44.0,"turns":1.0},{"damage":0.0,"enemies":"Spire Growth","floor":45.0,"turns":1.0},{"damage":0.0,"enemies":"3 Darklings","floor":47.0,"turns":1.0},{"damage":0.0,"enemies":"Nightmare","floor":48.0,"turns":1.0},{"damage":0,"enemies":"Time Eater","floor":50,"turns":3},{"damage":0,"enemies":"Jaw Worm","floor":52,"turns":1},{"damage":0,"enemies":"Small Slimes","floor":54,"turns":1},{"damage":0,"enemies":"2 Louse","floor":56,"turns":1},{"damage":0,"enemies":"3 Sentries","floor":57,"turns":1},{"damage":0,"enemies":"2 Fungi Beasts","floor":58,"turns":1},{"damage":0,"enemies":"Gremlin Nob","floor":59,"turns":1},{"damage":0,"enemies":"3 Louse","floor":63,"turns":1},{"damage":0,"enemies":"Gremlin Nob","floor":64,"turns":1},{"damage":0,"enemies":"The Guardian","floor":67,"turns":1},{"damage":0,"enemies":"3 Byrds","floor":69,"turns":1},{"damage":0,"enemies":"Spheric Guardian","floor":70,"turns":1},{"damage":0,"enemies":"Snake Plant","floor":73,"turns":1},{"damage":0,"enemies":"Book of Stabbing","floor":75,"turns":1},{"damage":0,"enemies":"Replay:Snechameleon","floor":76,"turns":1},{"damage":0,"enemies":"Gremlin Leader","floor":79,"turns":1},{"damage":0,"enemies":"Book of Stabbing","floor":80,"turns":1},{"damage":0,"enemies":"Gremlin Leader","floor":82,"turns":1},{"damage":0,"enemies":"Automaton","floor":84,"turns":1},{"damage":0,"enemies":"3 Darklings","floor":86,"turns":1},{"damage":0,"enemies":"Mind Bloom Boss Battle","floor":88,"turns":1},{"damage":0,"enemies":"3 Shapes","floor":90,"turns":1},{"damage":0,"enemies":"R_Hoarder","floor":91,"turns":2},{"damage":0,"enemies":"Nemesis","floor":92,"turns":1},{"damage":0,"enemies":"Reptomancer","floor":93,"turns":1},{"damage":0,"enemies":"R_Hoarder","floor":95,"turns":2},{"damage":0,"enemies":"Maw","floor":96,"turns":1},{"damage":0,"enemies":"Giant Head","floor":97,"turns":1},{"damage":0,"enemies":"Writhing Mass","floor":98,"turns":1},{"damage":0,"enemies":"4 Shapes","floor":99,"turns":1},{"damage":0,"enemies":"Replay:Hell Engine","floor":101,"turns":1},{"damage":0,"enemies":"Hallownest:monsterHuskGuard","floor":103,"turns":1},{"damage":0,"enemies":"Hallownest:2_MossCreeps","floor":105,"turns":1},{"damage":0,"enemies":"Hallownest:monsterHuskWarrior","floor":106,"turns":1},{"damage":0,"enemies":"Hallownest:eliteCrystalGuardian","floor":108,"turns":1},{"damage":2,"enemies":"Hallownest:eliteVengeflyKing","floor":112,"turns":2},{"damage":0,"enemies":"Hallownest:monsterFoolEater","floor":113,"turns":1},{"damage":0,"enemies":"Hallownest:eliteMossKnight","floor":114,"turns":2},{"damage":17,"enemies":"Hallownest:BossFalseKnight","floor":118,"turns":2},{"damage":0,"enemies":"Hallownest:2_Mistakes","floor":120,"turns":1},{"damage":0,"enemies":"Hallownest:3_Youths","floor":121,"turns":1},{"damage":5,"enemies":"Hallownest:eliteSoulWarrior","floor":125,"turns":2},{"damage":35,"enemies":"Nightmare","floor":127,"turns":3},{"damage":0,"enemies":"Hallownest:BossSoulMaster","floor":135,"turns":2},{"damage":55,"enemies":"3 Darklings","floor":137,"turns":2},{"damage":14,"enemies":"Orb Walker","floor":138,"turns":2},{"damage":0,"enemies":"R_Hoarder","floor":143,"turns":2},{"damage":0,"enemies":"Writhing Mass","floor":146,"turns":1},{"damage":0,"enemies":"Nemesis","floor":147,"turns":1},{"damage":0,"enemies":"4 Shapes","floor":150,"turns":2},{"damage":22,"enemies":"infinitespire:LordOfFortification","floor":152,"turns":5},{"damage":11,"enemies":"Shield and Spear","floor":156,"turns":2},{"damage":193,"enemies":"The Heart","floor":157,"turns":6}],"seed_played":"7437862231210875559","potions_obtained":[{"floor":4.0,"key":"Energy Potion"},{"floor":6.0,"key":"Energy Potion"},{"floor":12.0,"key":"Regen Potion"},{"floor":13.0,"key":"Energy Potion"},{"floor":14.0,"key":"sneckomod:MuddlingPotion"},{"floor":18.0,"key":"Strength Potion"},{"floor":19.0,"key":"ColorlessPotion"},{"floor":28.0,"key":"SpeedPotion"},{"floor":30.0,"key":"SteroidPotion"},{"floor":35.0,"key":"SmokeBomb"},{"floor":39.0,"key":"EntropicBrew"},{"floor":40.0,"key":"EntropicBrew"},{"floor":50,"key":"EntropicBrew"},{"floor":54,"key":"EntropicBrew"},{"floor":59,"key":"EntropicBrew"},{"floor":63,"key":"EntropicBrew"},{"floor":84,"key":"EntropicBrew"},{"floor":86,"key":"EntropicBrew"},{"floor":90,"key":"EntropicBrew"},{"floor":93,"key":"EntropicBrew"},{"floor":97,"key":"EntropicBrew"},{"floor":101,"key":"EntropicBrew"},{"floor":114,"key":"EntropicBrew"},{"floor":121,"key":"EntropicBrew"},{"floor":135,"key":"EntropicBrew"},{"floor":137,"key":"EntropicBrew"},{"floor":150,"key":"EntropicBrew"},{"floor":152,"key":"EntropicBrew"}],"is_trial":false,"path_per_floor":["M","?","?","M","M","E","R","M","T","E","?","E","M","M","R","B",null,"M","M","$","?","M","E","M","E","T","?","E","?","M","$","R","B",null,"M","?","AVR","T","M","E","R","E","T","M","M","?","M","NM","R","B",null,"M","?","M","$","M","E","M","E","T","T","R","M","?","?","R","B",null,"M","M","T","$","M","R","E","E","T","R","E","E","$","E","R","B",null,"M","?","?","T","M","E","E","E","T","E","M","E","M","M","R","B",null,"M","?","M","M","T","E","?","$","T","E","M","E","R","$","R","B",null,"M","M","?","?","T","E","R","NM","T","R","?","?","$","?","R","B",null,"M","M","T","?","$","R","E","?","T","M","E","T","R","M","R","B",null,"R","$","E","B",null],"character_chosen":"DEFECT","items_purchased":["infinitespire:Chaos","Anchor","Potion Belt","Raider\u0027s Mask","Clawfect:ClawSnap","Clawfect:ClawAndGloom","infinitespire:PuzzleCube","Trip","halation:LostSnail","Clawfect:ClawLightning","Shuriken","MerchantsRug","Pen Nib","Gash","EntropicBrew","EntropicBrew","EntropicBrew","EntropicBrew","Clawfect:ClawAndGloom","EntropicBrew","EntropicBrew","EntropicBrew","infinitespire:Freezer","Replay:Bandana","Runic Capacitor","EntropicBrew","EntropicBrew","EntropicBrew","EntropicBrew","Guide Book"],"campfire_rested":4,"item_purchase_floors":[0,20,20,20,31,31,31,31,55,55,81,81,110,110,110,110,110,110,110,110,110,110,116,132,132,132,141,141,141,155],"current_hp_per_floor":[95,105,115,125,133,133,143,143,153,163,173,180,167,167,177,126,133,123,133,143,153,158,160,170,175,185,175,185,195,203,213,223,233,303,313,323,333,343,353,363,373,383,393,403,413,423,433,443,453,463,473,483,493,503,513,523,533,543,553,563,573,583,593,603,613,623,633,643,653,663,673,683,693,703,713,723,733,743,753,768,778,788,798,808,818,828,838,848,858,868,878,888,898,908,928,938,948,958,968,978,988,998,1008,1008,1018,1028,1038,1054,1064,1074,1084,1092,1102,1112,1134,1144,1154,1147,1174,1184,1194,1204,1220,1230,1235,1250,1225,1235,1272,1282,1292,1302,1312,1330,1340,1350,1305,1301,1311,1321,1331,1410,1420,1430,1440,1450,1460,1470,1480,1490,1500,1493,1520,1530,1540,1539,1356],"gold":1503,"neow_bonus":"","is_daily":false,"chose_seed":false,"campfire_upgraded":15,"win_rate":0.0,"timestamp":1608149359,"path_taken":["M","?","?","M","M","E","R","M","T","E","?","E","?","M","R","BOSS","M","?","$","?","M","E","M","E","T","?","E","?","M","$","R","BOSS","M","?","AVR","?","M","E","R","E","T","M","M","?","?","NM","R","BOSS","M","?","M","$","M","E","M","E","T","?","R","?","?","?","R","BOSS","M","M","?","$","M","R","E","E","T","R","E","E","?","E","R","BOSS","M","?","?","?","M","E","E","E","T","E","?","E","M","M","R","BOSS","M","?","?","M","?","E","?","$","T","E","M","E","R","$","R","BOSS","M","M","?","?","?","E","R","NM","T","R","?","?","$","?","R","BOSS","M","M","?","?","$","R","E","?","T","?","E","?","R","M","R","BOSS","R","$","E","BOSS"],"items_purchased_type":["Relic","Relic","Relic","Relic","Card","Card","Relic","Card","Relic","Card","Relic","Relic","Relic","Card","Potion","Potion","Potion","Potion","Card","Potion","Potion","Potion","Relic","Relic","Relic","Potion","Potion","Potion","Potion","Relic"],"build_version":"2020-12-13","purchased_purges":10,"victory":true,"max_hp_per_floor":[95,105,115,125,135,145,155,165,175,185,195,205,215,225,235,245,133,143,153,163,173,183,193,203,213,223,233,243,253,263,273,283,293,303,313,323,333,343,353,363,373,383,393,403,413,423,433,443,453,463,473,483,493,503,513,523,533,543,553,563,573,583,593,603,613,623,633,643,653,663,673,683,693,703,713,723,733,743,753,768,778,788,798,808,818,828,838,848,858,868,878,888,898,908,928,938,948,958,968,978,988,998,1008,1018,1028,1038,1048,1064,1074,1084,1094,1104,1114,1124,1134,1144,1154,1164,1174,1184,1194,1204,1220,1230,1240,1250,1260,1270,1280,1290,1300,1310,1320,1330,1340,1350,1360,1370,1380,1390,1400,1410,1420,1430,1440,1450,1460,1470,1480,1490,1500,1510,1520,1530,1540,1550,1560],"card_choices":[{"not_picked":["ReplayTheSpireMod:Reroute Power","StuffTheSpire:ShieldGenerator"],"picked":"Conserve Battery","floor":1.0},{"not_picked":["Redo","aspiration:Polymerization"],"picked":"Rebound","floor":4.0},{"not_picked":["BasicCrystalCard","ReplaySolidLightProjector"],"picked":"Clawfect:ClawingBeam","floor":5.0},{"not_picked":["Self Repair","Static Discharge","Core Surge"],"picked":"SKIP","floor":6.0},{"not_picked":["Turbo","Clawfect:Clawline"],"picked":"FTL","floor":8.0},{"not_picked":["StuffTheSpire:GlassShard","Redo"],"picked":"Clawfect:ClawLightning","floor":10.0},{"not_picked":["aspiration:Polymerization","Core Surge"],"picked":"Clawfect:ClawSnap","floor":12.0},{"not_picked":["Turbo","Skim"],"picked":"FTL","floor":13.0},{"not_picked":["Conserve Battery","StuffTheSpire:Plugnplay","Coolheaded"],"picked":"SKIP","floor":14.0},{"not_picked":["White Noise","ReplayGash"],"picked":"FTL","floor":18.0},{"not_picked":["Steam Power","Clawfect:Clawter+1"],"picked":"Clawfect:ClawAndTear","floor":19.0},{"not_picked":["Conserve Battery+1","Turbo","ReplayTheSpireMod:Reroute Power"],"picked":"SKIP","floor":22.0},{"not_picked":["hubris:Prefetch","Rebound","Clawfect:Clawline"],"picked":"SKIP","floor":23.0},{"not_picked":["Redo","StuffTheSpire:CleanHardDrive+1"],"picked":"Clawfect:Clawter","floor":24.0},{"not_picked":["ReplayTheSpireMod:Repulse","Steam","Clawfect:Clawrage"],"picked":"SKIP","floor":25.0},{"not_picked":["StuffTheSpire:SnapShoot+1","Force Field"],"picked":"Clawfect:ClawAndTear","floor":28.0},{"not_picked":["Conserve Battery","Rebound+1"],"picked":"Clawfect:ClawLightning","floor":30.0},{"not_picked":["Hologram","StuffTheSpire:CleanHardDrive+1","Clawfect:ClawpileDriver"],"picked":"SKIP","floor":35.0},{"not_picked":["Stack","StuffTheSpire:NuclearReactor+1","Lockon+1"],"picked":"SKIP","floor":39.0},{"not_picked":["White Noise+1","Capacitor","hubris:PowerSurge+1"],"picked":"SKIP","floor":40.0},{"not_picked":["Steam+1","Redo"],"picked":"Recycle+1","floor":42.0},{"not_picked":["Defragment+1","Clawfect:ScrapingClaw"],"picked":"Clawfect:Clawter+1","floor":44.0},{"not_picked":["Heatsinks","White Noise+1"],"picked":"Clawfect:ClawCell+1","floor":45.0},{"not_picked":["Hologram","StuffTheSpire:Plugnplay","Rebound"],"picked":"SKIP","floor":47.0},{"not_picked":["hubris:Fate","infinitespire:SealOfDarkness+"],"picked":"Replay:Fractal Strike","floor":48.0},{"not_picked":["hubris:PowerSurge","Leap+1"],"picked":"Clawfect:ClawForTheEyes","floor":48.0},{"not_picked":["BasicCrystalCard","Consume","Blizzard"],"picked":"SKIP","floor":52},{"not_picked":["BasicCrystalCard","Consume","Blizzard"],"picked":"SKIP","floor":52},{"not_picked":["White Noise","Panic Button"],"picked":"Clawfect:ClawCell","floor":54},{"not_picked":["Panic Button","Fusion","Blizzard"],"picked":"SKIP","floor":56},{"not_picked":["Lockon","FIFO Queue"],"picked":"Clawfect:Clawter","floor":57},{"not_picked":["Chaos","Conserve Battery","StuffTheSpire:GlassShard"],"picked":"SKIP","floor":58},{"not_picked":["Double Energy","ReplayRNGCard","Buffer"],"picked":"SKIP","floor":59},{"not_picked":["StuffTheSpire:Plugnplay","FTL"],"picked":"Clawfect:ClawSnap","floor":63},{"not_picked":["Double Energy","Reprogram"],"picked":"Gash","floor":64},{"not_picked":["Darkness","Clawfect:ClawingBeam+1","White Noise+1"],"picked":"SKIP","floor":69},{"not_picked":["Darkness","Clawfect:ClawingBeam+1","White Noise+1"],"picked":"SKIP","floor":69},{"not_picked":["ReplayTheSpireMod:Reroute Power+1","Clawfect:ClawLightning"],"picked":"Clawfect:ClawSnap+1","floor":70},{"not_picked":["Auto Shields+1","FIFO Queue+1"],"picked":"Clawfect:ClawSnap","floor":73},{"not_picked":["Clawfect:ClawSnap","Undo+1"],"picked":"Clawfect:Clawrage","floor":75},{"not_picked":["Tempest","Force Field","Darkness"],"picked":"SKIP","floor":76},{"not_picked":["ReplayTheSpireMod:Repulse","Clawfect:ClawForTheEyes","StuffTheSpire:Rend"],"picked":"SKIP","floor":79},{"not_picked":["Echo Form","BasicCrystalCard"],"picked":"Clawfect:ClawAndTear","floor":80},{"not_picked":["StuffTheSpire:CleanHardDrive+1","Thunder Strike"],"picked":"Clawfect:ClawLightning+1","floor":82},{"not_picked":["FTL+1","Hologram"],"picked":"Chill","floor":86},{"not_picked":["White Noise","Glacier"],"picked":"Clawfect:ClawAndGloom+1","floor":88},{"not_picked":["Redo","FIFO Queue+1","Clawfect:ClawForTheEyes"],"picked":"SKIP","floor":90},{"not_picked":["StuffTheSpire:ForEach","Lockon+1","Clawfect:ScrapingClaw"],"picked":"SKIP","floor":91},{"not_picked":["Conserve Battery+1","Core Surge","Skim"],"picked":"SKIP","floor":92},{"not_picked":["Clawfect:ScrapingClaw+1","Clawfect:Clawrage"],"picked":"Gash","floor":93},{"not_picked":["ReplayTheSpireMod:Reroute Power","Crystallizer+1","StuffTheSpire:EventHorizon"],"picked":"SKIP","floor":95},{"not_picked":["Glacier+1","Reprogram","Panic Button"],"picked":"SKIP","floor":96},{"not_picked":["Hologram+1","Coolheaded","Leap"],"picked":"SKIP","floor":97},{"not_picked":["Clawfect:ClawpileDriver","Crystallizer+1","Capacitor+1"],"picked":"SKIP","floor":98},{"not_picked":["StuffTheSpire:Plugnplay","Steam Power+1","Coolheaded"],"picked":"SKIP","floor":99},{"not_picked":["FTL","Conserve Battery"],"picked":"Clawfect:Clawrage","floor":103},{"not_picked":["ReplayTheSpireMod:Repulse","ReplaySort"],"picked":"Clawfect:Clawter","floor":105},{"not_picked":["Leap","Clawfect:ClawpileDriver","Panic Button"],"picked":"SKIP","floor":106},{"not_picked":["Darkness","StuffTheSpire:Rend"],"picked":"Clawfect:ClawForTheEyes","floor":108},{"not_picked":["StuffTheSpire:Rend","Chill"],"picked":"Clawfect:ClawForTheEyes","floor":112},{"not_picked":["Coolheaded","Clawfect:ClawingBeam","ReplayGash"],"picked":"SKIP","floor":113},{"not_picked":["Rebound","Gash"],"picked":"Clawfect:Clawrage","floor":114},{"not_picked":["Steam","StuffTheSpire:LoadUp","Rebound"],"picked":"SKIP","floor":120},{"not_picked":["BasicCrystalCard","Clawfect:ClawpileDriver"],"picked":"Clawfect:Clawter","floor":121},{"not_picked":["Fusion","Blizzard"],"picked":"Clawfect:ClawAndTear+1","floor":122},{"not_picked":["Redo+1","Clawfect:ClawSnap+1"],"picked":"Clawfect:ClawCell+1","floor":122},{"not_picked":["Panic Button+1","Conserve Battery+1","ReplaySort+1"],"picked":"SKIP","floor":125},{"not_picked":["Conserve Battery+1","Clawfect:Clawline","Clawfect:ScrapingClaw+1"],"picked":"SKIP","floor":127},{"not_picked":["Force Field+1","Turbo+1","Rebound"],"picked":"SKIP","floor":137},{"not_picked":["Force Field+1","Turbo+1","Rebound"],"picked":"SKIP","floor":137},{"not_picked":["Force Field+1","Turbo+1","Rebound"],"picked":"SKIP","floor":137},{"not_picked":["FTL+1","Redo+1"],"picked":"Chill+1","floor":138},{"not_picked":["Clawfect:ClawingBeam+1","StuffTheSpire:LoadUp+1"],"picked":"Clawfect:Clawrage+1","floor":142},{"not_picked":["Panic Button+1","Reprogram+1","Mirror Shield+1"],"picked":"SKIP","floor":143},{"not_picked":["Chill+1","Coolheaded+1","StuffTheSpire:Plugnplay+1"],"picked":"SKIP","floor":146},{"not_picked":["Blizzard","Clawfect:ClawForOne","Gash+1"],"picked":"SKIP","floor":147},{"not_picked":["Redo+1","Clawfect:ClawForTheEyes"],"picked":"Clawfect:Clawrage+1","floor":150},{"not_picked":["StuffTheSpire:NuclearReactor+1","ReplayRNGCard+1","ReplayTheSpireMod:Dual Polarity+1"],"picked":"SKIP","floor":156}],"player_experience":123359,"relics_obtained":[{"floor":6.0,"key":"hubris:BallOfYels"},{"floor":9.0,"key":"Du-Vu Doll"},{"floor":10.0,"key":"infinitespire:SolderingIron"},{"floor":12.0,"key":"Ice Cream"},{"floor":23.0,"key":"Tiny Chest"},{"floor":25.0,"key":"HornCleat"},{"floor":26.0,"key":"vexMod:ScavengeHelm"},{"floor":28.0,"key":"aspiration:HiddenCompartment"},{"floor":38.0,"key":"Iron Hammer"},{"floor":40.0,"key":"Replay:Baseball"},{"floor":42.0,"key":"halation:PrussianBluePaint"},{"floor":43.0,"key":"Eternal Feather"},{"floor":48.0,"key":"hubris:MysteriousPyramids"},{"floor":57,"key":"Runesmith:Nanobots"},{"floor":59,"key":"halation:LettersToHer"},{"floor":60,"key":"halation:LettersToHer"},{"floor":60,"key":"hubris:SphereOfDissonance"},{"floor":61,"key":"halation:LettersToHer"},{"floor":61,"key":"Lantern"},{"floor":64,"key":"infinitespire:CheckeredPen"},{"floor":71,"key":"halation:LettersToHer"},{"floor":71,"key":"DataDisk"},{"floor":75,"key":"WingedGreaves"},{"floor":76,"key":"aspiration:ChemicalBlood"},{"floor":77,"key":"halation:LettersToHer"},{"floor":77,"key":"infinitespire:Beetle Shell"},{"floor":79,"key":"The Courier"},{"floor":80,"key":"Durian"},{"floor":82,"key":"Whetstone"},{"floor":88,"key":"aspiration:MysteriousAuxiliaryCore"},{"floor":89,"key":"halation:LettersToHer"},{"floor":89,"key":"Gremlin Horn"},{"floor":91,"key":"Simple Rune"},{"floor":92,"key":"Frozen Egg 2"},{"floor":93,"key":"Dream Catcher"},{"floor":94,"key":"halation:LettersToHer"},{"floor":94,"key":"halation:IllGainedPizza"},{"floor":95,"key":"Pear"},{"floor":97,"key":"StuffTheSpire:Tea"},{"floor":107,"key":"halation:LettersToHer"},{"floor":107,"key":"aspiration:EnhancedActuators"},{"floor":108,"key":"vexMod:BerryBomb"},{"floor":111,"key":"halation:LettersToHer"},{"floor":111,"key":"aspiration:StickyExplosives_weak"},{"floor":112,"key":"Orichalcum"},{"floor":114,"key":"conspire:BottledYoYo"},{"floor":124,"key":"Toxic Egg 2"},{"floor":125,"key":"hubris:MobiusCoin"},{"floor":127,"key":"conspire:Boomerang"},{"floor":128,"key":"infinitespire:Satchel"},{"floor":139,"key":"Gremlin Food"},{"floor":143,"key":"Pet Ghost"},{"floor":145,"key":"hubris:Metronome"},{"floor":147,"key":"Replay:Bottled Steam"},{"floor":148,"key":"Replay:Wax Seal"},{"floor":156,"key":"halation:BottledLove"}],"event_choices":[{"damage_healed":0.0,"max_hp_gain":0.0,"max_hp_loss":0.0,"gold_gain":0.0,"event_name":"conspire:LoneGhost","player_choice":"Agree","floor":3.0,"gold_loss":0.0,"damage_taken":0.0},{"damage_healed":0.0,"max_hp_gain":0.0,"max_hp_loss":0.0,"gold_gain":0.0,"event_name":"Match and Keep!","player_choice":"2 cards matched","floor":11.0,"gold_loss":0.0,"damage_taken":0.0,"cards_obtained":["Zap","hubris:Prefetch"]},{"damage_healed":0.0,"max_hp_gain":0.0,"max_hp_loss":0.0,"gold_gain":0.0,"event_name":"Match and Keep!","player_choice":"2 cards matched","floor":11.0,"gold_loss":0.0,"damage_taken":0.0,"cards_obtained":["Zap","hubris:Prefetch"]},{"damage_healed":0.0,"max_hp_gain":0.0,"max_hp_loss":0.0,"gold_gain":0.0,"event_name":"Ghosts","player_choice":"Ignored","floor":21.0,"gold_loss":0.0,"damage_taken":0.0},{"damage_healed":0.0,"max_hp_gain":0.0,"max_hp_loss":0.0,"gold_gain":0.0,"event_name":"Duplicator","player_choice":"Copied","floor":46.0,"gold_loss":0.0,"damage_taken":0.0,"cards_obtained":["Clawfect:ClawSnap"]},{"damage_healed":0,"gold_gain":0,"player_choice":"Bought 0 Potions","damage_taken":0,"max_hp_gain":0,"max_hp_loss":0,"event_name":"The Woman in Blue","floor":53,"gold_loss":0},{"damage_healed":0,"gold_gain":0,"player_choice":"Searched \u00272\u0027 times","damage_taken":0,"max_hp_gain":0,"max_hp_loss":0,"event_name":"Dead Adventurer","floor":64,"gold_loss":0},{"cards_removed":["Madness"],"damage_healed":0,"gold_gain":0,"player_choice":"Forget","damage_taken":0,"max_hp_gain":0,"max_hp_loss":0,"event_name":"Living Wall","floor":65,"gold_loss":0},{"damage_healed":0,"gold_gain":0,"player_choice":"Fight","damage_taken":0,"max_hp_gain":0,"max_hp_loss":0,"event_name":"MindBloom","floor":88,"gold_loss":0},{"damage_healed":0,"gold_gain":0,"player_choice":"Ignored","damage_taken":0,"max_hp_gain":0,"max_hp_loss":0,"event_name":"Tomb of Lord Red Mask","floor":140,"gold_loss":0}],"is_beta":false,"boss_relics":[{"not_picked":["halation:LoveArrow","vexMod:CursedCompass"],"picked":"vexMod:RockOfEvil"},{"not_picked":["conspire:SpecialSausage","hubris:HollowSoul"],"picked":"StuffTheSpire:RunicHypercube"},{"not_picked":["Philosopher\u0027s Stone","Pandora\u0027s Box"],"picked":"Empty Cage"},{"not_picked":["Busted Crown","Painkiller Herb"],"picked":"aspiration:FutureDiary"},{"not_picked":["ReplayTheSpireMod:SealedPack","Calling Bell","vexMod:MysteryBossChallenge"]},{"not_picked":["energizedSpire:RedRose","ChewingGum"],"picked":"aspiration:MobileForge"},{"not_picked":["hubris:ScarierMask","Replay:Wanted Poster"],"picked":"hubris:RunicObelisk"},{"not_picked":["energizedSpire:StickyHand","halation:PinkAlligatorPlush"],"picked":"halation:MonkeysPaw"},{"not_picked":["aspiration:WatcherSkillbook","halation:Risk","halation:PlatinumPhoenix"]}],"items_purged_floors":[20,31,37,55,72,81,116,132,141,155],"is_endless":true,"potions_floor_spawned":[4,6,12,13,14,18,19,28,30,35,39,40,50,54,59,63,64,79,80,84,86,90,93,97,98,101,108,114,121,135,137,150,152],"ascension_level":4}}