{"host":"fdq5pmhluajjrf8d","time":1608139962,"event":{"mods":["BaseMod","Minty Spire (QoL Compilation)"],"gold_per_floor":[17,49,64,214,289,289,322,322,398,433,77,111,111,111],"floor_reached":13,"playtime":359,"items_purged":["Doubt"],"score":150,"play_id":"3cff999c-9d14-4d19-a020-f7beaddbc11e","local_time":"20201216123242","is_ascension_mode":true,"campfire_choices":[{"data":"Defragment","floor":6,"key":"SMITH"},{"data":"Zap","floor":8,"key":"SMITH"}],"circlet_count":0,"master_deck":["AscendersBane","Strike_B","Strike_B","Strike_B","Strike_B","Defend_B","Defend_B","Defend_B","Defend_B","Zap+1","Dualcast","HandOfGreed","Defragment+1","Heatsinks","Loop","Core Surge","Capacitor"],"relics":["Cracked Core","The Courier","OrangePellets"],"acts_visited":["Exordium"],"potions_floor_usage":[10,13,13],"damage_taken":[{"damage":2,"enemies":"Jaw Worm","floor":1,"turns":3},{"damage":3,"enemies":"Small Slimes","floor":2,"turns":3},{"damage":2,"enemies":"Cultist","floor":3,"turns":4},{"damage":1,"enemies":"2 Fungi Beasts","floor":7,"turns":3},{"damage":30,"enemies":"Gremlin Gang","floor":10,"turns":5},{"damage":12,"enemies":"Looter","floor":12,"turns":3},{"damage":10,"enemies":"3 Sentries","floor":13,"turns":3}],"seed_played":"5490416234167724820","potions_obtained":[{"floor":1,"key":"Energy Potion"},{"floor":7,"key":"CultistPotion"},{"floor":12,"key":"Block Potion"}],"is_trial":false,"path_per_floor":["M","M","M","?","?","R","M","R","T","M","$","M","E"],"character_chosen":"DEFECT","items_purchased":["OrangePellets","Core Surge","Capacitor"],"campfire_rested":0,"item_purchase_floors":[11,11,11],"current_hp_per_floor":[62,59,57,57,46,46,45,45,45,15,15,3,0,0],"gold":111,"neow_bonus":"RANDOM_COLORLESS_2","is_daily":false,"chose_seed":false,"campfire_upgraded":2,"win_rate":0.0,"timestamp":1608139962,"path_taken":["M","M","M","?","?","R","M","R","T","M","?","M","E"],"items_purchased_type":["Relic","Card","Card"],"build_version":"2020-12-13","purchased_purges":1,"victory":false,"max_hp_per_floor":[71,71,71,71,71,71,71,71,71,71,71,71,71,71],"card_choices":[{"not_picked":["Secret Technique","Violence"],"picked":"HandOfGreed","floor":0},{"not_picked":["Coolheaded","Leap"],"picked":"Defragment","floor":1},{"not_picked":["Sweeping Beam","Leap","Steam Power"],"picked":"SKIP","floor":2},{"not_picked":["Scrape","Steam","Undo"],"picked":"SKIP","floor":3},{"not_picked":["Undo","Conserve Battery"],"picked":"Heatsinks","floor":7},{"not_picked":["Storm","BootSequence"],"picked":"Loop","floor":10},{"not_picked":["Sweeping Beam","Go for the Eyes","Beam Cell"],"picked":"SKIP","floor":12}],"player_experience":1870077,"relics_obtained":[{"floor":9,"key":"The Courier"}],"event_choices":[{"damage_healed":0,"gold_gain":150,"player_choice":"AGREE","damage_taken":0,"max_hp_gain":0,"max_hp_loss":0,"event_name":"Liars Game","floor":4,"gold_loss":0,"cards_obtained":["Doubt"]},{"damage_healed":0,"gold_gain":75,"player_choice":"Gather Gold","damage_taken":11,"max_hp_gain":0,"max_hp_loss":0,"event_name":"World of Goop","floor":5,"gold_loss":0}],"is_beta":false,"boss_relics":[],"items_purged_floors":[11],"is_endless":false,"potions_floor_spawned":[1,7,12],"killed_by":"3 Sentries","ascension_level":19}}