{"host":"e5vsl4ezcfxwu44d","time":1608132241,"event":{"mods":["BaseMod","Better Note","Colored Powertips","Downfall","Highlight Path","Minty Spire (QoL Compilation)","Spikes Relics","StSLib","Unceasing Turn Reminder"],"gold_per_floor":[99,114,131,56,91,155,155,80,112,112,129,38,38,52,72,172,172,172,44,44,59,59,84,111,111,145,70,80,0,20,40,55,157,157,157,157,192,207,217,244,244,244,259,289,308,184,184,201,214,214,214,245,2,2,2],"floor_reached":56,"playtime":5068,"items_purged":["Shame","champ:Strike","champ:Strike+1"],"score":1312,"play_id":"ed7c7e3f-1640-4901-b64c-5aad6b8c0023","local_time":"20201216102401","is_ascension_mode":false,"campfire_choices":[{"floor":1,"key":"RECALL"},{"data":"champ:Taunt","floor":4,"key":"SMITH"},{"floor":8,"key":"REST"},{"floor":10,"key":"REST"},{"data":"champ:SteelEdge","floor":18,"key":"SMITH"},{"data":"champ:IgnorePain","floor":22,"key":"SMITH"},{"data":"champ:SwordThrow","floor":27,"key":"SMITH"},{"floor":35,"key":"REST"},{"floor":54,"key":"REST"}],"circlet_count":0,"master_deck":["champ:Strike+1","champ:Defend+1","champ:Defend+1","champ:Defend+1","champ:Defend+1","champ:Execute+1","champ:Taunt+1","champ:SwordThrow+1","champ:Encircle+1","champ:HeartStrike+1","champ:IgnorePain+1","champ:AdrenalArmor+1","champ:Backstep+1","champ:RapidStrikes+1","champ:Control+1","champ:Lariat+1","champ:PerfectedStrike+1","champ:DeathBlow+1","champ:SteelEdge+1","champ:FocusedBerserking+1","champ:CalledShot+1","champ:IronFortress+1","champ:Encircle+1","champ:StanceDance+1","champ:Control+1","champ:BerserkersShout+1","champ:SteelEdge+1","champ:VampiricStrike+1","champ:Duel+1","champ:Aggression+1","champ:SteelEdge+1","champ:BerserkersShout+1","champ:Encircle+1","champ:StanceDance+1","champ:IgnorePain+1","champ:EndlessRage+1","champ:CalledShot+1","champ:ArenaPreparation+1","champ:MurderStrike","Parasite","champ:RisingSlash+1","champ:DefensiveShout+1","Chrysalis+1","champ:Encircle"],"relics":["champ:ChampionCrown","Darkstone Periapt","SpikesRelics:DaevaFist","Toxic Egg 2","Sozu","champ:DefensiveTrainingManual","Centennial Puzzle","Strawberry","PreservedInsect","Fusion Hammer","SnailShell","Smiling Mask","Rawhide","RollingBoulder","Pen Nib"],"acts_visited":["Exordium","TheCity","TheBeyond","TheEnding"],"potions_floor_usage":[6,16,21,23],"damage_taken":[{"damage":1,"enemies":"Cultist","floor":2,"turns":3},{"damage":15,"enemies":"Small Slimes","floor":3,"turns":3},{"damage":42,"enemies":"Lagavulin","floor":5,"turns":7},{"damage":65,"enemies":"Lagavulin Event","floor":6,"turns":7},{"damage":31,"enemies":"Gremlin Nob","floor":9,"turns":4},{"damage":8,"enemies":"2 Louse","floor":11,"turns":5},{"damage":8,"enemies":"downfall:FleeingMerchant","floor":12,"turns":4},{"damage":14,"enemies":"Exordium Wildlife","floor":14,"turns":3},{"damage":8,"enemies":"Blue Slaver","floor":15,"turns":4},{"damage":86,"enemies":"downfall:Silent","floor":16,"turns":6},{"damage":51,"enemies":"downfall:FleeingMerchant","floor":19,"turns":4},{"damage":24,"enemies":"Shell Parasite","floor":21,"turns":3},{"damage":67,"enemies":"Gremlin Leader","floor":23,"turns":8},{"damage":11,"enemies":"downfall:FleeingMerchant","floor":26,"turns":3},{"damage":12,"enemies":"Snecko","floor":28,"turns":3},{"damage":29,"enemies":"3 Cultists","floor":30,"turns":3},{"damage":17,"enemies":"Cultist and Chosen","floor":31,"turns":5},{"damage":19,"enemies":"Snecko","floor":32,"turns":4},{"damage":117,"enemies":"downfall:Ironclad","floor":33,"turns":5},{"damage":64,"enemies":"Giant Head","floor":37,"turns":5},{"damage":15,"enemies":"3 Shapes","floor":38,"turns":2},{"damage":39,"enemies":"3 Darklings","floor":39,"turns":3},{"damage":36,"enemies":"Jaw Worm Horde","floor":43,"turns":3},{"damage":65,"enemies":"Nemesis","floor":44,"turns":5},{"damage":65,"enemies":"Maw","floor":45,"turns":7},{"damage":42,"enemies":"Spire Growth","floor":48,"turns":2},{"damage":56,"enemies":"Writhing Mass","floor":49,"turns":4},{"damage":94,"enemies":"downfall:Defect","floor":50,"turns":4},{"damage":132,"enemies":"downfall:CharBossMerchant","floor":52,"turns":7},{"damage":265,"enemies":"downfall:NeowBoss","floor":55,"turns":15}],"seed_played":"-7482916545042649842","potions_obtained":[{"floor":5,"key":"Regen Potion"},{"floor":6,"key":"SkillPotion"},{"floor":9,"key":"Weak Potion"},{"floor":14,"key":"Block Potion"}],"is_trial":false,"path_per_floor":["R","M","M","R","E","?","T","R","E","R","M","$","?","M","M","B",null,"R","$","?","M","R","E","T","?","$","R","M","$","M","M","M","B",null,"R","?","E","M","M","?","T","?","M","E","M","$","?","M","M","B",null,"E","$","R","B",null],"character_chosen":"THE_CHAMP","items_purchased":["champ:Lariat+1","champ:FocusedBerserking+1","champ:CalledShot","champ:Control+1","PreservedInsect","champ:SteelEdge","champ:ArenaPreparation+1","Chrysalis+1","champ:Encircle"],"campfire_rested":4,"item_purchase_floors":[12,19,19,26,26,29,46,53,53],"current_hp_per_floor":[90,89,81,81,51,14,14,54,31,61,59,59,100,100,100,86,100,100,100,100,100,100,65,65,78,100,100,100,100,100,113,113,68,113,113,113,104,113,113,113,113,113,113,113,113,113,113,113,119,119,119,119,119,119,119],"gold":2,"neow_bonus":"ONE_RANDOM_RARE_CARD","is_daily":false,"chose_seed":false,"campfire_upgraded":4,"win_rate":0.0,"timestamp":1608132241,"path_taken":["R","M","M","R","E","?","T","R","E","R","M","$","?","?","M","BOSS","R","$","?","M","R","E","T","?","?","R","M","$","M","M","M","BOSS","R","?","E","M","M","?","T","?","?","E","?","?","?","M","M","BOSS","E","$","R","BOSS"],"items_purchased_type":["Card","Card","Card","Card","Relic","Card","Card","Card","Card"],"build_version":"2020-12-13","purchased_purges":3,"victory":true,"max_hp_per_floor":[90,90,90,90,90,90,90,100,100,100,100,100,100,100,100,100,100,100,100,100,100,100,100,100,113,113,113,113,113,113,113,113,113,113,113,113,113,113,113,113,113,113,113,113,113,113,113,113,119,119,119,119,119,119,119],"card_choices":[{"not_picked":["champ:GladiatorsShout","champ:BringItOn"],"picked":"champ:Encircle","floor":2},{"not_picked":["champ:AdrenalArmor","champ:DefensiveShout"],"picked":"champ:HeartStrike","floor":3},{"not_picked":["champ:Backstep","champ:EndlessRage"],"picked":"champ:IgnorePain","floor":5},{"not_picked":["champ:FaceSlap","champ:RisingSlash"],"picked":"champ:AdrenalArmor","floor":6},{"not_picked":["champ:Haymaker","champ:FanOfKnives"],"picked":"champ:Backstep+1","floor":9},{"not_picked":["champ:Balance+1","champ:DefensiveShout+1"],"picked":"champ:RapidStrikes","floor":11},{"not_picked":["champ:FanOfKnives","champ:ShieldThrow"],"picked":"champ:Control+1","floor":12},{"not_picked":["champ:EnGarde+1","champ:Circumvent+1"],"picked":"champ:PerfectedStrike","floor":14},{"not_picked":["champ:FalseCounter+1","champ:FightOn"],"picked":"champ:DeathBlow","floor":15},{"not_picked":["champ:ShieldSlam","champ:ShieldThrow"],"picked":"champ:SteelEdge","floor":16},{"not_picked":["champ:GladiatorsShout+1","champ:Haymaker","champ:Lariat+1"],"picked":"SKIP","floor":19},{"not_picked":["champ:Encircle","champ:FaceSlap+1"],"picked":"champ:IronFortress+1","floor":21},{"not_picked":["champ:Circumvent+1","champ:CalledShot"],"picked":"champ:Encircle","floor":23},{"not_picked":["champ:Backstep+1","champ:GladiatorsShout+1"],"picked":"champ:StanceDance+1","floor":26},{"not_picked":["champ:GutPunch","champ:FaceSlap"],"picked":"champ:BerserkersShout+1","floor":28},{"not_picked":["champ:CalledShot","champ:Circumvent+1"],"picked":"champ:VampiricStrike","floor":30},{"not_picked":["champ:FaceSlap","champ:Backstep+1"],"picked":"champ:Duel","floor":31},{"not_picked":["champ:Riposte+1","champ:Encircle"],"picked":"champ:Aggression+1","floor":32},{"not_picked":["champ:Devastate","champ:CheapShot"],"picked":"champ:SteelEdge","floor":33},{"not_picked":["champ:Haymaker+1","champ:Backstep+1"],"picked":"champ:BerserkersShout+1","floor":37},{"not_picked":["champ:FlashCut+1","champ:IronFortress"],"picked":"champ:Encircle+1","floor":38},{"not_picked":["champ:GladiatorsShout+1","champ:BerserkersShout+1"],"picked":"champ:StanceDance+1","floor":39},{"not_picked":["champ:GutPunch+1","champ:Backstep+1"],"picked":"champ:IgnorePain+1","floor":43},{"not_picked":["champ:EnGarde+1","champ:HoldFirm+1"],"picked":"champ:EndlessRage+1","floor":44},{"not_picked":["champ:Haymaker","champ:BladeFlurry"],"picked":"champ:CalledShot+1","floor":45},{"not_picked":["champ:StanceDance+1","champ:FocusedBerserking+1"],"picked":"champ:MurderStrike","floor":48},{"not_picked":["champ:PerfectedStrike","champ:BerserkersShout+1"],"picked":"champ:RisingSlash+1","floor":49},{"not_picked":["champ:EnGarde+1","champ:BladeFlurry+1"],"picked":"champ:DefensiveShout+1","floor":52}],"player_experience":202290,"relics_obtained":[{"floor":5,"key":"Darkstone Periapt"},{"floor":6,"key":"SpikesRelics:DaevaFist"},{"floor":9,"key":"Toxic Egg 2"},{"floor":23,"key":"champ:DefensiveTrainingManual"},{"floor":24,"key":"Centennial Puzzle"},{"floor":37,"key":"SnailShell"},{"floor":40,"key":"Smiling Mask"},{"floor":41,"key":"Rawhide"},{"floor":44,"key":"RollingBoulder"},{"floor":52,"key":"Pen Nib"}],"event_choices":[{"damage_healed":41,"gold_gain":0,"player_choice":"Full Heal","damage_taken":0,"max_hp_gain":0,"max_hp_loss":0,"event_name":"Wheel of Change","floor":13,"gold_loss":0},{"cards_removed":["champ:Strike"],"damage_healed":0,"gold_gain":0,"player_choice":"Give","damage_taken":0,"max_hp_gain":0,"max_hp_loss":0,"event_name":"betterNote:BetterNote","floor":20,"gold_loss":0,"cards_obtained":["Slimebound:Icky"]},{"damage_healed":0,"gold_gain":0,"player_choice":"Stole Relic","damage_taken":0,"relics_obtained":["Strawberry"],"max_hp_gain":0,"max_hp_loss":0,"event_name":"Addict","floor":25,"gold_loss":0,"cards_obtained":["Shame"]},{"cards_removed":["champ:Strike"],"damage_healed":0,"gold_gain":0,"player_choice":"Purged","damage_taken":0,"max_hp_gain":0,"max_hp_loss":0,"event_name":"Purifier","floor":42,"gold_loss":0}],"is_beta":false,"boss_relics":[{"not_picked":["Sandwich","SlaversCollar"],"picked":"Sozu"},{"not_picked":["Philosopher\u0027s Stone","Snecko Eye"],"picked":"Fusion Hammer"}],"items_purged_floors":[26,46,53],"is_endless":false,"potions_floor_spawned":[5,6,9,14,21,23,28,32,37,39,43,44],"ascension_level":0}}