{"host":"gzwwvnucm264f2jm","time":1608078605,"event":{"mods":["AchievementEnabler","BaseMod","Better Note","BetterRewards","Colored Map","Curses Come First","Minty Spire (QoL Compilation)","Permanent Neow","Quick Restart","Rare Cards Sparkle","Slay-I","Spicy Shops","StSLib","SuperFastMode"],"gold_per_floor":[119,119,132,132,60,60,60,60,60,101,101,121,121,161,161,285,285,301,301,301,150,350,350,350,99,152,152,152,152,9,43,43,169,169,187,187,187,462,475,475,274,274,274,305,323,208,217,14,14,14],"floor_reached":51,"playtime":1507,"items_purged":["Clumsy"],"score":1014,"play_id":"0bb18f27-fe8b-4332-bf84-e488eba3f56e","local_time":"20201215193005","daily_mods":["Draft","Vintage","Flight"],"is_ascension_mode":false,"campfire_choices":[{"data":"Defragment","floor":6,"key":"SMITH"},{"data":"Capacitor","floor":8,"key":"SMITH"},{"data":"Turbo","floor":11,"key":"SMITH"},{"data":"Capacitor","floor":15,"key":"SMITH"},{"data":"Barrage","floor":23,"key":"SMITH"},{"data":"Coolheaded","floor":24,"key":"SMITH"},{"data":"Glacier","floor":27,"key":"SMITH"},{"data":"Aggregate","floor":32,"key":"SMITH"},{"data":"Regret","floor":40,"key":"PURGE"},{"data":"Defragment","floor":49,"key":"SMITH"}],"circlet_count":0,"master_deck":["Conserve Battery+1","Turbo+1","Coolheaded+1","Undo+1","Barrage+1","Capacitor+1","Glacier+1","Skim+1","Cold Snap+1","Defragment+1","Aggregate+1","Steam+1","Capacitor+1","Core Surge+1","Hologram+1","Seek+1","Defragment+1","Amplify+1","Blind+1"],"relics":["Cracked Core","Question Card","Golden Idol","Toxic Egg 2","Centennial Puzzle","Pear","Darkstone Periapt","Bag of Preparation","Singing Bowl","Peace Pipe","White Beast Statue","SlaversCollar","Pen Nib","Orichalcum","Mummified Hand","Ancient Tea Set","Membership Card","Cables","Sozu","War Paint","Mark of the Bloom","Toy Ornithopter","CeramicFish","ClockworkSouvenir","Blue Candle","Frozen Egg 2","Letter Opener","OrangePellets","Runic Capacitor","Medical Kit","Symbiotic Virus"],"acts_visited":["Exordium","TheCity","TheBeyond"],"potions_floor_usage":[16,18,31,50,50],"damage_taken":[{"damage":0,"enemies":"Jaw Worm","floor":1,"turns":2},{"damage":0,"enemies":"Small Slimes","floor":3,"turns":3},{"damage":0,"enemies":"Lagavulin","floor":10,"turns":7},{"damage":0,"enemies":"2 Louse","floor":12,"turns":2},{"damage":0,"enemies":"Gremlin Nob","floor":14,"turns":5},{"damage":4,"enemies":"Slime Boss","floor":16,"turns":8},{"damage":1,"enemies":"2 Thieves","floor":18,"turns":4},{"damage":0,"enemies":"Slavers","floor":31,"turns":6},{"damage":0,"enemies":"Collector","floor":33,"turns":5},{"damage":0,"enemies":"3 Darklings","floor":35,"turns":3},{"damage":2,"enemies":"Orb Walker","floor":39,"turns":2},{"damage":0,"enemies":"Reptomancer","floor":44,"turns":3},{"damage":0,"enemies":"3 Darklings","floor":45,"turns":2},{"damage":0,"enemies":"Donu and Deca","floor":50,"turns":9}],"seed_played":"-6244071503944013225","potions_obtained":[{"floor":1,"key":"Fire Potion"},{"floor":10,"key":"Block Potion"},{"floor":16,"key":"SkillPotion"},{"floor":18,"key":"Swift Potion"},{"floor":31,"key":"Regen Potion"},{"floor":33,"key":"Regen Potion"}],"is_trial":true,"path_per_floor":["M","?","M","?","$","R","T","R","T","E","R","M","?","E","R","B",null,"M","?","?","$","?","R","R","$","T","R","?","$","$","E","R","B",null,"M","?","?","?","M","R","$","?","T","E","M","$","?","$","R","B",null],"character_chosen":"DEFECT","items_purchased":["Centennial Puzzle","Orichalcum","Mummified Hand","Membership Card","CeramicFish","Defragment","ClockworkSouvenir","Amplify+1","OrangePellets","Runic Capacitor","Medical Kit","Symbiotic Virus"],"campfire_rested":0,"item_purchase_floors":[5,21,25,30,41,41,41,41,46,46,48,48],"current_hp_per_floor":[75,57,57,57,57,57,67,67,67,67,67,67,42,42,42,38,85,84,85,85,85,85,85,85,85,85,85,85,85,85,87,87,87,87,87,87,87,87,85,85,85,85,85,85,85,85,85,85,85,85],"gold":14,"neow_bonus":"","is_daily":false,"chose_seed":false,"campfire_upgraded":9,"win_rate":0.0,"timestamp":1608078605,"path_taken":["M","?","M","?","?","R","?","R","T","E","R","?","?","E","R","BOSS","M","?","?","$","?","R","R","$","T","R","?","?","$","E","R","BOSS","M","?","?","?","?","R","$","?","T","E","M","$","?","$","R","BOSS"],"items_purchased_type":["Relic","Relic","Relic","Relic","Relic","Card","Relic","Card","Relic","Relic","Relic","Relic"],"build_version":"2020-12-13","purchased_purges":1,"victory":true,"max_hp_per_floor":[75,75,75,75,75,75,85,85,85,85,85,85,85,85,85,85,85,85,85,85,85,85,85,85,85,85,85,85,85,85,87,87,87,87,87,87,87,93,93,93,99,99,99,101,101,101,101,101,101,101],"card_choices":[{"not_picked":["Darkness","Leap"],"picked":"Conserve Battery","floor":0},{"not_picked":["Compile Driver","Redo"],"picked":"Turbo","floor":0},{"not_picked":["Beam Cell","Turbo"],"picked":"Rebound","floor":0},{"not_picked":["Stack","Rip and Tear"],"picked":"Coolheaded","floor":0},{"not_picked":["Rebound","Streamline"],"picked":"Undo","floor":0},{"not_picked":["Redo","Compile Driver"],"picked":"Rebound","floor":0},{"not_picked":["Hologram","Gash"],"picked":"Barrage","floor":0},{"not_picked":["Melter","Turbo"],"picked":"Capacitor","floor":0},{"not_picked":["Compile Driver","Redo"],"picked":"Glacier","floor":0},{"not_picked":["Gash","Rebound"],"picked":"Skim","floor":0},{"not_picked":["Double Energy","Turbo"],"picked":"Cold Snap","floor":0},{"not_picked":["Stack","Streamline"],"picked":"Defragment","floor":0},{"not_picked":["Genetic Algorithm","Cold Snap"],"picked":"Aggregate","floor":0},{"not_picked":["Barrage","Turbo"],"picked":"Sweeping Beam","floor":0},{"not_picked":["Leap","Barrage"],"picked":"Auto Shields","floor":0},{"not_picked":["Reprogram+1","Chaos+1","Streamline"],"picked":"Steam+1","floor":10},{"not_picked":["Undo+1","Redo+1","Lockon"],"picked":"Capacitor","floor":14},{"not_picked":["Multi-Cast+1","Electrodynamics","Reboot+1"],"picked":"Core Surge","floor":16},{"not_picked":["Stack+1","Hologram+1","BootSequence+1","Steam Power+1"],"picked":"Singing Bowl","floor":31},{"not_picked":["Echo Form","All For One","Creative AI"],"picked":"Seek+1","floor":33},{"not_picked":["Capacitor+1","Beam Cell","Turbo+1","Storm+1"],"picked":"Singing Bowl","floor":44},{"not_picked":["Mayhem+1","Sadistic Nature+1","Impatience+1"],"picked":"Blind+1","floor":47}],"player_experience":431341,"relics_obtained":[{"floor":1,"key":"Question Card"},{"floor":3,"key":"Toxic Egg 2"},{"floor":7,"key":"Pear"},{"floor":9,"key":"Darkstone Periapt"},{"floor":10,"key":"Bag of Preparation"},{"floor":12,"key":"Singing Bowl"},{"floor":14,"key":"White Beast Statue"},{"floor":18,"key":"Pen Nib"},{"floor":26,"key":"Ancient Tea Set"},{"floor":31,"key":"Cables"},{"floor":35,"key":"War Paint"},{"floor":39,"key":"Toy Ornithopter"},{"floor":43,"key":"Blue Candle"},{"floor":44,"key":"Frozen Egg 2"},{"floor":45,"key":"Letter Opener"}],"event_choices":[{"damage_healed":0,"gold_gain":0,"player_choice":"Take Damage","damage_taken":18,"relics_obtained":["Golden Idol"],"max_hp_gain":0,"max_hp_loss":0,"event_name":"Golden Idol","floor":2,"gold_loss":0},{"cards_removed":["Rebound"],"damage_healed":0,"gold_gain":0,"player_choice":"Forget","damage_taken":0,"max_hp_gain":0,"max_hp_loss":0,"event_name":"Living Wall","floor":4,"gold_loss":0},{"damage_healed":0,"gold_gain":0,"player_choice":"Success","damage_taken":25,"relics_obtained":["Peace Pipe"],"max_hp_gain":0,"max_hp_loss":0,"event_name":"Scrap Ooze","floor":13,"gold_loss":0},{"cards_removed":["Auto Shields"],"damage_healed":1,"gold_gain":0,"player_choice":"Offered Uncommon","damage_taken":0,"max_hp_gain":0,"max_hp_loss":0,"event_name":"Bonfire Elementals","floor":19,"gold_loss":0},{"cards_removed":["Sweeping Beam"],"damage_healed":0,"gold_gain":0,"player_choice":"Purged","damage_taken":0,"max_hp_gain":0,"max_hp_loss":0,"event_name":"Purifier","floor":20,"gold_loss":0},{"damage_healed":0,"gold_gain":250,"player_choice":"Bet on Owner","damage_taken":0,"max_hp_gain":0,"max_hp_loss":0,"event_name":"The Joust","floor":22,"gold_loss":50},{"damage_healed":0,"gold_gain":0,"player_choice":"Read","damage_taken":0,"max_hp_gain":0,"max_hp_loss":0,"event_name":"The Library","floor":28,"gold_loss":0,"cards_obtained":["Hologram"]},{"damage_healed":0,"gold_gain":0,"player_choice":"Ignored","damage_taken":0,"max_hp_gain":0,"max_hp_loss":0,"event_name":"Tomb of Lord Red Mask","floor":36,"gold_loss":0},{"damage_healed":0,"gold_gain":0,"player_choice":"Upgrade","damage_taken":0,"relics_obtained":["Mark of the Bloom"],"max_hp_gain":0,"max_hp_loss":0,"event_name":"MindBloom","floor":37,"gold_loss":0,"cards_upgraded":["Conserve Battery","Rebound","Cold Snap","Core Surge"]},{"damage_healed":0,"gold_gain":275,"player_choice":"Desecrate","damage_taken":0,"max_hp_gain":0,"max_hp_loss":0,"event_name":"Golden Shrine","floor":38,"gold_loss":0,"cards_obtained":["Regret"]},{"cards_removed":["Rebound"],"damage_healed":0,"gold_gain":0,"player_choice":"Removed Attack","damage_taken":0,"max_hp_gain":0,"max_hp_loss":0,"event_name":"Falling","floor":42,"gold_loss":0},{"damage_healed":0,"gold_gain":0,"player_choice":"Memory 1","damage_taken":0,"max_hp_gain":0,"max_hp_loss":0,"event_name":"SensoryStone","floor":47,"gold_loss":0}],"is_beta":false,"boss_relics":[{"not_picked":["Velvet Choker","Tiny House"],"picked":"SlaversCollar"},{"not_picked":["Busted Crown","Black Star"],"picked":"Sozu"}],"items_purged_floors":[41],"is_endless":false,"potions_floor_spawned":[1,10,16,18,31,33,35,39,44,45],"ascension_level":0}}