{"host":"jgqxb38yl0c1w101","time":1608153677,"event":{"mods":["2.2 Compatiblity","AchievementEnabler","BaseMod","Colored Map","Downfall","Hubris","Minty Spire (QoL Compilation)","Replay The Spire","StSLib"],"gold_per_floor":[99,99,124,49,49,82,82,111,111,138,155,169,185,63,83,179,179,179,204,219,219,219,219],"floor_reached":22,"playtime":1412,"items_purged":[],"score":351,"play_id":"8c702504-ee96-4ce0-b806-919fec894c40","local_time":"20201216162117","is_ascension_mode":true,"campfire_choices":[{"floor":1,"key":"RECALL"},{"data":"champ:Taunt","floor":4,"key":"SMITH"},{"data":"champ:TornadoPunch","floor":9,"key":"SMITH"},{"data":"champ:GutPunch","floor":21,"key":"SMITH"}],"circlet_count":0,"master_deck":["champ:Strike","champ:Strike","champ:Defend","champ:Defend","champ:Defend","champ:Defend","champ:Execute","champ:Taunt+1","champ:TornadoPunch+1","champ:IronFortress","champ:DancingMaster+1","champ:Backstep","champ:Circumvent","champ:GutPunch+1","champ:StanceDance","champ:ShieldSlam+1","champ:ShieldSlam+1","champ:PerfectForm+1","champ:BerserkersShout","champ:GladiatorsShout+1"],"relics":["champ:ChampionCrown","downfall:HeartsMalice","downfall:ShatteredFragment","Blue Doll","downfall:HeartBlessingRed","champ:DefensiveTrainingManual","Golden Egg","Omamori","hubris:SlimyHat","Empty Cage","Smiling Mask"],"acts_visited":["Exordium","TheCity"],"potions_floor_usage":[20,22],"damage_taken":[{"damage":0,"enemies":"3 Sentries","floor":3,"turns":1},{"damage":0,"enemies":"Lagavulin","floor":6,"turns":1},{"damage":0,"enemies":"Gremlin Nob","floor":8,"turns":1},{"damage":14,"enemies":"Replay:BlueRogue","floor":10,"turns":6},{"damage":2,"enemies":"Jaw Worm","floor":11,"turns":1},{"damage":0,"enemies":"Small Slimes","floor":12,"turns":2},{"damage":5,"enemies":"Cultist","floor":13,"turns":2},{"damage":0,"enemies":"downfall:FleeingMerchant","floor":14,"turns":4},{"damage":0,"enemies":"Blue Slaver","floor":15,"turns":2},{"damage":32,"enemies":"downfall:Watcher","floor":16,"turns":10},{"damage":60,"enemies":"Gremlin Leader","floor":19,"turns":5},{"damage":33,"enemies":"Spheric Guardian","floor":20,"turns":5},{"damage":36,"enemies":"Replay:Snechameleon","floor":22,"turns":4}],"seed_played":"2655129784056161867","potions_obtained":[{"floor":10,"key":"Elixir"},{"floor":12,"key":"PowerPotion"},{"floor":13,"key":"ColorlessPotion"}],"is_trial":false,"path_per_floor":["R_BF","?","E","R","?","E","T","E","R","E","M","M","M","$","M","B",null,"R_BF","E","M","R","E"],"character_chosen":"THE_CHAMP","items_purchased":["champ:ShieldSlam"],"campfire_rested":0,"item_purchase_floors":[14],"current_hp_per_floor":[90,63,63,63,63,63,63,63,63,54,52,52,52,57,57,41,90,75,43,36,36,0,0],"gold":219,"neow_bonus":"THREE_ENEMY_KILL","is_daily":false,"chose_seed":false,"campfire_upgraded":3,"win_rate":0.0,"timestamp":1608153677,"path_taken":["R_BF","?","E","R","?","E","T","E","R","E","M","M","M","$","M","BOSS","R_BF","E","M","R","E"],"items_purchased_type":["Card"],"build_version":"2020-12-13","purchased_purges":0,"victory":false,"max_hp_per_floor":[90,90,90,90,90,90,90,90,90,90,90,90,90,90,90,90,90,90,90,90,90,90,90],"card_choices":[{"not_picked":["champ:DefensiveShout","champ:BladeFlurry"],"picked":"champ:TornadoPunch","floor":3},{"not_picked":["champ:CrookedStrike","champ:Control"],"picked":"champ:IronFortress","floor":6},{"not_picked":["champ:Control","champ:FlashCut"],"picked":"champ:DancingMaster","floor":8},{"not_picked":["champ:Encircle","champ:TornadoPunch"],"picked":"champ:Backstep","floor":10},{"not_picked":["champ:RisingSlash","champ:DefensiveShout"],"picked":"champ:Circumvent","floor":11},{"not_picked":["champ:DefensiveShout","champ:ShieldSigil"],"picked":"champ:GutPunch","floor":12},{"not_picked":["champ:ShieldWall","champ:PreciseThrust"],"picked":"champ:StanceDance","floor":13},{"not_picked":["champ:HeartStrike","champ:Haymaker","champ:AdrenalArmor"],"picked":"SKIP","floor":14},{"not_picked":["champ:BerserkersShout","champ:FocusedGladiator","champ:GladiatorsShout"],"picked":"SKIP","floor":15},{"not_picked":["champ:EnchantSword","champ:CrownThrow"],"picked":"champ:PerfectForm","floor":16},{"not_picked":["champ:CrookedStrike","champ:AdrenalArmor"],"picked":"champ:BerserkersShout","floor":19},{"not_picked":["champ:BladeFlurry","champ:CrookedStrike"],"picked":"champ:GladiatorsShout+1","floor":20}],"player_experience":76658,"relics_obtained":[{"floor":3,"key":"Blue Doll"},{"floor":6,"key":"champ:DefensiveTrainingManual"},{"floor":7,"key":"Golden Egg"},{"floor":8,"key":"Omamori"},{"floor":10,"key":"hubris:SlimyHat"},{"floor":19,"key":"Smiling Mask"}],"event_choices":[],"is_beta":false,"boss_relics":[{"not_picked":["Painkiller Herb","Ring of Chaos"],"picked":"Empty Cage"}],"items_purged_floors":[],"is_endless":false,"potions_floor_spawned":[10,12,13,15],"killed_by":"Replay:Snechameleon","ascension_level":3}}