{"host":"raoabm19igg6waea","time":1608125104,"event":{"mods":["AchievementEnabler","BaseMod","Beaked The Cultist","Challenge The Spire","Clawfect","Colored Powertips","Conspire","Duelist Mod","EXCEPTION","Friendly Minions","GifTheSpireLib","Glutton Mod","Highlight Path","Hubris","Infinite Spire","Minty Spire (QoL Compilation)","READ ME - Snecko Mod","Replay The Spire","StSLib","The Construct","The Cursed","The Disciple","The Jungle","The Mystic","The Necromancer","The Poker Player","slay the spire mod where everything is the same but ironclad has a cowboy hat","vexMod"],"gold_per_floor":[111,111,127,127,140,167,181,181,181,206,221,221,240,269,269,374,374,389,2,2,18,28,28,61,160,160,160,160,173,192,211,211,313,313,328,0,0,15,15,15],"floor_reached":39,"playtime":3724,"items_purged":["Defend_B","Gash"],"score":687,"play_id":"bf282666-75ae-4b82-8ed4-4ace41d34555","local_time":"20201216142504","is_ascension_mode":true,"campfire_choices":[{"data":"Coolheaded","floor":8.0,"key":"SMITH"},{"floor":12.0,"key":"REST"},{"floor":15.0,"key":"REST"},{"floor":23.0,"key":"REST"},{"data":"Clawfect:ScrapingClaw","floor":32.0,"key":"SMITH"}],"circlet_count":0,"master_deck":["Gash","Gash","Gash","Gash","Defend_B","Defend_B","Defend_B","Crystallizer","Survey Options","Coolheaded+1","Hologram","Clawfect:ScrapingClaw+1","Madness","Madness","Replay:Fractal Strike","Coolheaded+1","hubris:Compulsion","infinitespire:Starlight","Purity","Machine Learning","Coolheaded+1"],"relics":["Clawfect:DRClaw","NeowsBlessing","vexMod:BarristanHead","Ancient Tea Set","Potion Belt","hubris:ScarierMask","Medical Kit","PreservedInsect","hubris:EmptyBottle","hubris:Metronome","hubris:MedicalManual","ReplayTheSpireMod:SealedPack","Red Mask","infinitespire:BottledMercury"],"acts_visited":["Exordium","TheCity","TheBeyond"],"potions_floor_usage":[],"damage_taken":[{"damage":0.0,"enemies":"2 Louse","floor":1.0,"turns":2.0},{"damage":4.0,"enemies":"infinitespire:Voidling","floor":3.0,"turns":2.0},{"damage":0.0,"enemies":"Jaw Worm","floor":5.0,"turns":1.0},{"damage":20.0,"enemies":"Lagavulin","floor":6.0,"turns":5.0},{"damage":9.0,"enemies":"Red Slaver","floor":7.0,"turns":5.0},{"damage":14.0,"enemies":"3 Sentries","floor":10.0,"turns":6.0},{"damage":16.0,"enemies":"Lots of Slimes","floor":11.0,"turns":4.0},{"damage":13.0,"enemies":"Large Slime","floor":13.0,"turns":4.0},{"damage":12.0,"enemies":"Gremlin Nob","floor":14.0,"turns":4.0},{"damage":9.0,"enemies":"Hexaghost","floor":16.0,"turns":5.0},{"damage":42.0,"enemies":"Chosen","floor":18.0,"turns":6.0},{"damage":7.0,"enemies":"2 Thieves","floor":21.0,"turns":3.0},{"damage":4.0,"enemies":"Sentry and Sphere","floor":22.0,"turns":3.0},{"damage":14.0,"enemies":"theDuelist:KaibaA2","floor":24.0,"turns":4.0},{"damage":1.0,"enemies":"Shelled Parasite and Fungi","floor":29.0,"turns":4.0},{"damage":12.0,"enemies":"Centurion and Healer","floor":30.0,"turns":4.0},{"damage":14.0,"enemies":"Snecko","floor":31.0,"turns":7.0},{"damage":23.0,"enemies":"hubris:MusketHawk","floor":33.0,"turns":6.0},{"damage":15.0,"enemies":"3 Darklings","floor":35.0,"turns":5.0},{"damage":52.0,"enemies":"3 Shapes","floor":38.0,"turns":19.0},{"damage":42,"enemies":"Sphere and 2 Shapes","floor":39,"turns":3}],"seed_played":"-7383769862455658216","potions_obtained":[{"floor":3.0,"key":"LiquidBronze"},{"floor":6.0,"key":"Strength Potion"},{"floor":7.0,"key":"Energy Potion"},{"floor":14.0,"key":"Dexterity Potion"},{"floor":16.0,"key":"PowerPotion"},{"floor":22.0,"key":"Fire Potion"},{"floor":24.0,"key":"Regen Potion"},{"floor":33.0,"key":"FearPotion"},{"floor":35.0,"key":"Strength Potion"}],"is_trial":false,"path_per_floor":["M","?","M","?","M","E","M","R","T","E","M","R","M","E","R","B",null,"M","$","AVR","M","M","R","E","?","T","?","?","M","M","M","R","B",null,"M","?","?","M","M"],"character_chosen":"DEFECT","items_purchased":["Medical Kit","PreservedInsect"],"campfire_rested":3,"item_purchase_floors":[19,19],"current_hp_per_floor":[68,68,64,64,64,44,35,35,35,21,5,27,14,2,24,15,60,18,18,18,11,7,29,15,15,15,15,15,14,2,33,33,10,59,54,54,54,12,0,0],"gold":15,"neow_bonus":"THREE_ENEMY_KILL","is_daily":false,"chose_seed":false,"campfire_upgraded":2,"win_rate":0.0,"timestamp":1608125104,"path_taken":["M","?","?","?","M","E","M","R","T","E","M","R","?","E","R","BOSS","M","?","AVR","M","M","R","E","?","T","?","?","?","M","M","R","BOSS","M","?","?","M","?"],"items_purchased_type":["Relic","Relic"],"build_version":"2020-12-13","purchased_purges":2,"victory":false,"max_hp_per_floor":[75,75,75,75,75,75,75,75,75,75,75,75,75,75,75,75,75,75,75,75,75,75,75,75,75,75,75,75,75,75,75,75,75,75,75,75,75,75,75,75],"card_choices":[{"not_picked":["Turbo","Clawfect:ClawingBeam"],"picked":"Crystallizer","floor":1.0},{"not_picked":["ReplayTheSpireMod:System Scan","Clawfect:ClawingBeam","Rebound"],"picked":"SKIP","floor":3.0},{"not_picked":["Conserve Battery","Turbo","BasicCrystalCard"],"picked":"SKIP","floor":5.0},{"not_picked":["BasicCrystalCard","ReplayTheSpireMod:Reroute Power"],"picked":"Coolheaded","floor":6.0},{"not_picked":["Clawfect:ClawingBeam","conspire:Rain","Undo"],"picked":"SKIP","floor":7.0},{"not_picked":["Blizzard","Reprogram"],"picked":"Hologram","floor":10.0},{"not_picked":["Hologram","Time Bomb"],"picked":"Clawfect:ScrapingClaw","floor":11.0},{"not_picked":["FIFO Queue","Double Energy"],"picked":"FTL","floor":13.0},{"not_picked":["Clawfect:ClawingBeam","Blizzard","Biased Cognition"],"picked":"SKIP","floor":14.0},{"not_picked":["Recycle","Reinforced Body+1"],"picked":"FTL","floor":18.0},{"not_picked":["Clawfect:Clawline","Turbo","Clawfect:ClawAndTear+1"],"picked":"SKIP","floor":21.0},{"not_picked":["Clawfect:ClawCell","Clawfect:ClawForTheEyes"],"picked":"Coolheaded+1","floor":22.0},{"not_picked":["Blizzard+1","ReplayGash+1","Steam"],"picked":"SKIP","floor":24.0},{"not_picked":["Coolheaded","Capacitor","ReplayGash"],"picked":"SKIP","floor":29.0},{"not_picked":["Stack","Clawfect:Clawline","Genetic Algorithm+1"],"picked":"SKIP","floor":30.0},{"not_picked":["Hello World","Fusion","FTL"],"picked":"SKIP","floor":31.0},{"not_picked":["infinitespire:Fortify","infinitespire:FinalStrike"],"picked":"infinitespire:Starlight","floor":34.0},{"not_picked":["Replay:BasicMightCard","Replay:Bootleg Shield Generator"],"picked":"Purity","floor":34.0},{"not_picked":["hubris:Prefetch","hubris:SpecializedCircuitry"],"picked":"Machine Learning","floor":34.0},{"not_picked":["BasicCrystalCard","Clawfect:ClawCell","ReplayTheSpireMod:Calculation Training+1"],"picked":"SKIP","floor":35.0},{"not_picked":["BasicCrystalCard","Clawfect:Clawline"],"picked":"Coolheaded+1","floor":38.0}],"player_experience":381173,"relics_obtained":[{"floor":6.0,"key":"vexMod:BarristanHead"},{"floor":10.0,"key":"Ancient Tea Set"},{"floor":14.0,"key":"Potion Belt"},{"floor":24.0,"key":"hubris:Metronome"},{"floor":26.0,"key":"hubris:MedicalManual"}],"event_choices":[{"damage_healed":0.0,"max_hp_gain":0.0,"max_hp_loss":0.0,"gold_gain":0.0,"event_name":"Match and Keep!","player_choice":"1 cards matched","floor":2.0,"gold_loss":0.0,"damage_taken":0.0,"cards_obtained":["Survey Options"]},{"damage_healed":0.0,"max_hp_gain":0.0,"max_hp_loss":0.0,"gold_gain":0.0,"event_name":"Match and Keep!","player_choice":"1 cards matched","floor":2.0,"gold_loss":0.0,"damage_taken":0.0,"cards_obtained":["Survey Options"]},{"cards_removed":["Defend_B"],"damage_healed":0.0,"max_hp_gain":0.0,"max_hp_loss":0.0,"gold_gain":0.0,"event_name":"Wheel of Change","player_choice":"Card Removal","floor":4.0,"gold_loss":0.0,"damage_taken":0.0},{"damage_healed":0.0,"max_hp_gain":0.0,"max_hp_loss":0.0,"gold_gain":99.0,"event_name":"Nest","player_choice":"Stole From Cult","floor":25.0,"gold_loss":0.0,"damage_taken":0.0},{"damage_healed":0.0,"max_hp_gain":0.0,"max_hp_loss":0.0,"gold_gain":0.0,"event_name":"Ghosts","player_choice":"Ignored","floor":27.0,"gold_loss":0.0,"damage_taken":0.0},{"damage_healed":0.0,"max_hp_gain":0.0,"max_hp_loss":0.0,"gold_gain":0.0,"event_name":"Vampires","player_choice":"Ignored","floor":28.0,"gold_loss":0.0,"damage_taken":0.0},{"damage_healed":0.0,"max_hp_gain":0.0,"max_hp_loss":0.0,"gold_gain":0.0,"event_name":"Tomb of Lord Red Mask","player_choice":"Paid","floor":36.0,"gold_loss":328.0,"damage_taken":0.0,"relics_obtained":["Red Mask"]},{"damage_healed":0.0,"max_hp_gain":0.0,"max_hp_loss":0.0,"gold_gain":0.0,"event_name":"WeMeetAgain","player_choice":"Gave Potion","floor":37.0,"gold_loss":0.0,"damage_taken":0.0,"relics_obtained":["infinitespire:BottledMercury"]}],"is_beta":false,"boss_relics":[{"not_picked":["Cursed Key","construct:ClawGrip"],"picked":"hubris:ScarierMask"},{"not_picked":["Black Star","Velvet Choker"],"picked":"ReplayTheSpireMod:SealedPack"}],"items_purged_floors":[19,20],"is_endless":false,"potions_floor_spawned":[3,6,7,14,16,22,24,33,35],"killed_by":"Sphere and 2 Shapes","ascension_level":8}}