{"host":"2d0rd30cigwncx1y","time":1608151474,"event":{"mods":["BaseMod","Colored Map","Colored Powertips","Downfall","MarisaÅiñ∂âJÅ@ñÇóùçπÅj","Minty Spire (QoL Compilation)","Replay The Spire","StSLib","The Alterego","The Servant 0.9.4"],"gold_per_floor":[99,99,99,99,134,134,134,148,174,99,113,133,6,0,10,10,10],"floor_reached":16,"playtime":1072,"items_purged":[],"score":140,"play_id":"02cc67ec-fa37-4287-a521-52f29467aa10","local_time":"20201216214434","is_ascension_mode":true,"campfire_choices":[{"data":"champ:Taunt","floor":1.0,"key":"SMITH"},{"data":"champ:IronFortress","floor":6.0,"key":"SMITH"},{"data":"champ:ShieldSigil","floor":10.0,"key":"SMITH"}],"circlet_count":0,"master_deck":["champ:Strike","champ:Strike","champ:Strike","champ:Strike","champ:Defend","champ:Defend","champ:Defend","champ:Defend","champ:Execute","champ:Taunt+1","champ:DefensiveShout","champ:IronFortress+1","champ:ShieldSigil+1","champ:Circumvent","champ:Control","champ:StanceDance","champ:DefensiveStyle","champ:HoldFirm","champ:HoldFirm","champ:Duel","champ:GladiatorsShout"],"relics":["champ:ChampionCrown","downfall:HeartsMalice","champ:LiftRelic","Potion Belt","PreservedInsect","downfall:HeartBlessingBlue"],"acts_visited":["Exordium"],"potions_floor_usage":[],"damage_taken":[{"damage":0.0,"enemies":"2 Louse","floor":2.0,"turns":1.0},{"damage":0.0,"enemies":"Jaw Worm","floor":4.0,"turns":1.0},{"damage":0.0,"enemies":"3 Sentries","floor":5.0,"turns":1.0},{"damage":1.0,"enemies":"Cultist","floor":8.0,"turns":5.0},{"damage":58.0,"enemies":"Gremlin Nob","floor":9.0,"turns":4.0},{"damage":6.0,"enemies":"Exordium Thugs","floor":11.0,"turns":5.0},{"damage":7.0,"enemies":"2 Fungi Beasts","floor":12.0,"turns":2.0},{"damage":5.0,"enemies":"downfall:FleeingMerchant","floor":13.0,"turns":4.0},{"damage":5.0,"enemies":"downfall:FleeingMerchant","floor":14.0,"turns":4.0},{"damage":24.0,"enemies":"Lots of Slimes","floor":15.0,"turns":4.0},{"damage":16,"enemies":"downfall:Ironclad","floor":16,"turns":4}],"seed_played":"-6537945044135183213","potions_obtained":[{"floor":8.0,"key":"PowerPotion"},{"floor":9.0,"key":"champ:OpenerPotion"},{"floor":11.0,"key":"AttackPotion"},{"floor":12.0,"key":"DuplicationPotion"}],"is_trial":false,"path_per_floor":["R","M","?","M","E","R","T","M","E","R","M","M","$","$","M","B"],"character_chosen":"THE_CHAMP","items_purchased":["champ:HoldFirm"],"campfire_rested":0,"item_purchase_floors":[13],"current_hp_per_floor":[90,90,90,90,90,90,90,89,41,51,45,41,41,41,40,24,24],"gold":10,"neow_bonus":"THREE_ENEMY_KILL","is_daily":false,"chose_seed":false,"campfire_upgraded":3,"win_rate":0.0,"timestamp":1608151474,"path_taken":["R","M","?","M","E","R","T","M","E","R","M","M","$","$","M","BOSS"],"items_purchased_type":["Card"],"build_version":"2020-12-13","purchased_purges":0,"victory":false,"max_hp_per_floor":[90,90,90,90,90,90,90,90,90,100,100,100,100,100,100,100,100],"card_choices":[{"not_picked":["champ:FaceSlap","champ:Circumvent"],"picked":"champ:DefensiveShout","floor":2.0},{"not_picked":["champ:FanOfKnives","champ:CalledShot","champ:Aggression"],"picked":"SKIP","floor":4.0},{"not_picked":["champ:FocusedGladiator","champ:BerserkerStyle"],"picked":"champ:IronFortress","floor":5.0},{"not_picked":["champ:BladeFlurry","champ:FocusedBerserking"],"picked":"champ:ShieldSigil","floor":8.0},{"not_picked":["champ:CrownThrow","champ:ShieldSigil"],"picked":"champ:Circumvent","floor":9.0},{"not_picked":["champ:Backstep","champ:Circumvent"],"picked":"champ:Control","floor":11.0},{"not_picked":["champ:CalledShot","champ:PerfectedStrike"],"picked":"champ:StanceDance","floor":12.0},{"not_picked":["champ:GladiatorsShout","champ:SwordSigil"],"picked":"champ:DefensiveStyle","floor":13.0},{"not_picked":["champ:Circumvent","champ:FaceSlap"],"picked":"champ:Duel","floor":14.0},{"not_picked":["champ:FocusedBerserking","champ:AdrenalArmor"],"picked":"champ:GladiatorsShout","floor":15.0}],"player_experience":70594,"relics_obtained":[{"floor":5.0,"key":"Potion Belt"},{"floor":9.0,"key":"PreservedInsect"}],"event_choices":[],"is_beta":false,"boss_relics":[],"items_purged_floors":[],"is_endless":false,"potions_floor_spawned":[8,9,11,12],"killed_by":"downfall:Ironclad","ascension_level":1}}