{"host":"qwttrqaysb380yri","time":1608149504,"event":{"mods":["BaseMod","Custom Start","Minty Spire (QoL Compilation)","Puzzle Mod","Relic Stats","StSLib","The Cursed","The Hierophant"],"gold_per_floor":[117,117,137,154,174,182,194,279,291,29,29,125,228,329,329,421,421,506,70,70,70,189,189,251,251,251,356,485,485,609,609,609,595,595],"floor_reached":33,"playtime":1401,"items_purged":["hierophant:Strike_Hierophant"],"score":709,"play_id":"e375acbd-9e33-47b7-acb7-02109847dc0a","local_time":"20201216211144","is_ascension_mode":true,"campfire_choices":[{"data":"hierophant:BulkyChest","floor":7.0,"key":"SMITH"},{"floor":11.0,"key":"REST"},{"floor":15.0,"key":"REST"},{"floor":23.0,"key":"REST"},{"data":"hierophant:EyeForCoin","floor":25.0,"key":"SMITH"},{"floor":32,"key":"REST"}],"circlet_count":0,"master_deck":["AscendersBane","hierophant:ChurchCoffers","Trip","hierophant:Purify+1","hierophant:FlamingChariot","hierophant:Endure","hierophant:HammerAndAnvil","hierophant:BulkyChest+1","hierophant:Shelter","hierophant:MirrorShield","hierophant:Shelter","hierophant:Upheaval","hierophant:Doubloon","hierophant:Dazzle+1","hierophant:Shelter","hierophant:MirrorShield","hierophant:Dazzle","hierophant:EyeForCoin+1","hierophant:FieryStrike","hierophant:Invocation","hierophant:HolyVerse","hierophant:Doubloon","hierophant:Doubloon","hierophant:MirrorShield","Apotheosis","hierophant:Zeal","hierophant:Community","hierophant:Doubloon","hierophant:Doubloon+1","hierophant:Doubloon+1","hierophant:Embezzle","hierophant:Doubloon+1","hierophant:Chorus","hierophant:Smite","hierophant:Doubloon+1"],"relics":["hierophant:PropheticMaskRelic","MawBank","Singing Bowl","Bottled Lightning","War Paint","Pandora\u0027s Box","PreservedInsect","Nilry\u0027s Codex","HornCleat","Pocketwatch"],"acts_visited":["Exordium","TheCity"],"potions_floor_usage":[27,27,30],"damage_taken":[{"damage":1.0,"enemies":"Cultist","floor":1.0,"turns":3.0},{"damage":7.0,"enemies":"2 Louse","floor":3.0,"turns":2.0},{"damage":1.0,"enemies":"Small Slimes","floor":4.0,"turns":2.0},{"damage":0.0,"enemies":"Blue Slaver","floor":5.0,"turns":2.0},{"damage":0.0,"enemies":"Lagavulin","floor":6.0,"turns":3.0},{"damage":34.0,"enemies":"Gremlin Nob","floor":8.0,"turns":4.0},{"damage":0.0,"enemies":"Lagavulin","floor":12.0,"turns":3.0},{"damage":25.0,"enemies":"Exordium Thugs","floor":13.0,"turns":6.0},{"damage":0.0,"enemies":"Large Slime","floor":14.0,"turns":5.0},{"damage":37.0,"enemies":"The Guardian","floor":16.0,"turns":17.0},{"damage":11.0,"enemies":"Shell Parasite","floor":18.0,"turns":4.0},{"damage":0.0,"enemies":"Spheric Guardian","floor":22.0,"turns":4.0},{"damage":14.0,"enemies":"Cultist and Chosen","floor":24.0,"turns":7.0},{"damage":8,"enemies":"Book of Stabbing","floor":27,"turns":5},{"damage":0,"enemies":"Centurion and Healer","floor":28,"turns":5},{"damage":15,"enemies":"Snecko","floor":30,"turns":5},{"damage":21,"enemies":"Collector","floor":33,"turns":5}],"seed_played":"5169970311092775973","potions_obtained":[{"floor":3.0,"key":"Energy Potion"},{"floor":4.0,"key":"LiquidMemories"},{"floor":6.0,"key":"Ancient Potion"},{"floor":8.0,"key":"LiquidBronze"},{"floor":16.0,"key":"Strength Potion"},{"floor":22.0,"key":"FearPotion"},{"floor":24.0,"key":"Strength Potion"},{"floor":27,"key":"Block Potion"}],"is_trial":false,"path_per_floor":["M","?","M","M","M","E","R","E","T","$","R","E","M","M","R","B",null,"M","$","?","?","M","R","M","R","T","E","M","?","M","?","R","B"],"character_chosen":"HIEROPHANT","items_purchased":["hierophant:MirrorShield","hierophant:Shelter","hierophant:Upheaval","Apotheosis","hierophant:Zeal","hierophant:Community","PreservedInsect"],"campfire_rested":4,"item_purchase_floors":[10,10,10,19,19,19,19],"current_hp_per_floor":[67,67,60,59,59,59,59,25,25,25,47,47,22,22,44,9,60,49,49,49,28,30,53,41,41,41,33,33,33,20,20,44,23,23],"gold":595,"neow_bonus":"RANDOM_COLORLESS","is_daily":false,"chose_seed":false,"campfire_upgraded":2,"win_rate":0.0,"timestamp":1608149504,"path_taken":["M","?","M","M","M","E","R","E","T","$","R","E","M","?","R","BOSS","M","$","?","?","M","R","M","R","T","E","M","?","?","?","R","BOSS"],"items_purchased_type":["Card","Card","Card","Card","Card","Card","Relic"],"build_version":"2020-12-13","purchased_purges":1,"victory":false,"max_hp_per_floor":[75,75,75,75,75,75,75,75,75,75,75,75,75,75,75,77,77,77,77,77,77,79,79,81,81,81,81,81,81,83,83,83,83,83],"relic_stats":{"Singing Bowl":8,"counters":[17,82],"Pandora\u0027s Box":["hierophant:Dazzle","hierophant:EyeForCoin","hierophant:FieryStrike","hierophant:Invocation","hierophant:HolyVerse","hierophant:FaithHealing","hierophant:EyeForCoin"],"PreservedInsect":43,"War Paint":["hierophant:Dazzle","hierophant:Defend_Hierophant"],"MawBank":48,"obtain_stats":[{"HornCleat":26,"Singing Bowl":8,"Nilry\u0027s Codex":21,"hierophant:PropheticMaskRelic":0,"Pandora\u0027s Box":17,"PreservedInsect":19,"Bottled Lightning":9,"War Paint":12,"MawBank":6,"Pocketwatch":27},{"HornCleat":13,"Singing Bowl":6,"Nilry\u0027s Codex":11,"hierophant:PropheticMaskRelic":0,"Pandora\u0027s Box":10,"PreservedInsect":11,"Bottled Lightning":6,"War Paint":7,"MawBank":5,"Pocketwatch":14},{"HornCleat":62,"Singing Bowl":16,"Nilry\u0027s Codex":51,"hierophant:PropheticMaskRelic":0,"Pandora\u0027s Box":47,"PreservedInsect":51,"Bottled Lightning":16,"War Paint":19,"MawBank":12,"Pocketwatch":67}],"Pocketwatch":[24]},"card_choices":[{"not_picked":["Impatience","PanicButton"],"picked":"Trip","floor":0.0},{"not_picked":["hierophant:Shelter","hierophant:TollTheBells"],"picked":"hierophant:Purify","floor":1.0},{"not_picked":["hierophant:CursedGold","hierophant:OrnateJavelin"],"picked":"hierophant:FlamingChariot","floor":3.0},{"not_picked":["hierophant:PassingBell","hierophant:Doubloon"],"picked":"hierophant:Endure","floor":4.0},{"not_picked":["hierophant:Dazzle","hierophant:Racketeering"],"picked":"hierophant:HammerAndAnvil","floor":5.0},{"not_picked":["hierophant:Chorus","hierophant:DeathKnell"],"picked":"hierophant:BulkyChest","floor":6.0},{"not_picked":["hierophant:FaithHealing","hierophant:Zeal"],"picked":"hierophant:Shelter","floor":8.0},{"not_picked":["hierophant:Encroach","hierophant:SecretStash"],"picked":"hierophant:Dazzle","floor":12.0},{"not_picked":["hierophant:Rebuild","hierophant:Repentance"],"picked":"hierophant:Shelter","floor":13.0},{"not_picked":["hierophant:Flagellation","hierophant:FlamingChariot"],"picked":"hierophant:MirrorShield","floor":14.0},{"not_picked":["hierophant:AuricForm","hierophant:WrathOfGod","hierophant:Levitation"],"picked":"Singing Bowl","floor":16.0},{"not_picked":["hierophant:RepressedViolence","hierophant:SolarFlare"],"picked":"hierophant:MirrorShield","floor":18.0},{"not_picked":["hierophant:RepressedViolence","hierophant:Endure","hierophant:Purify"],"picked":"Singing Bowl","floor":22.0},{"not_picked":["hierophant:MorningPrayer","hierophant:Smite","hierophant:Dazzle"],"picked":"Singing Bowl","floor":24.0},{"not_picked":["hierophant:RecallFunds","hierophant:AuricBeam"],"picked":"hierophant:Embezzle","floor":27},{"not_picked":["hierophant:OrnateBuckler","hierophant:FlamingChariot+1"],"picked":"hierophant:Chorus","floor":28},{"not_picked":["hierophant:SealAway","hierophant:PristineSoul","hierophant:RustyCrate"],"picked":"Singing Bowl","floor":30}],"player_experience":1870305,"relics_obtained":[{"floor":6.0,"key":"MawBank"},{"floor":8.0,"key":"Singing Bowl"},{"floor":9.0,"key":"Bottled Lightning"},{"floor":12.0,"key":"War Paint"},{"floor":21.0,"key":"Nilry\u0027s Codex"},{"floor":26.0,"key":"HornCleat"},{"floor":27,"key":"Pocketwatch"}],"event_choices":[{"damage_healed":0.0,"max_hp_gain":0.0,"max_hp_loss":0.0,"gold_gain":0.0,"event_name":"Upgrade Shrine","player_choice":"Upgraded","floor":2.0,"gold_loss":0.0,"damage_taken":0.0,"cards_upgraded":["hierophant:Purify"]},{"damage_healed":0.0,"max_hp_gain":0.0,"max_hp_loss":0.0,"gold_gain":0.0,"cards_transformed":["hierophant:EyeForCoin","hierophant:FaithHealing"],"event_name":"Drug Dealer","player_choice":"Became Test Subject","floor":20.0,"gold_loss":0.0,"damage_taken":0.0,"cards_obtained":["hierophant:PassingBell","hierophant:Doubloon"]},{"damage_healed":0.0,"max_hp_gain":0.0,"max_hp_loss":0.0,"gold_gain":0.0,"event_name":"Cursed Tome","player_choice":"Obtained Book","floor":21.0,"gold_loss":0.0,"damage_taken":21.0},{"damage_healed":0,"gold_gain":0,"cards_transformed":["hierophant:PassingBell"],"player_choice":"Transformed","damage_taken":0,"max_hp_gain":0,"max_hp_loss":0,"event_name":"Transmorgrifier","floor":29,"gold_loss":0,"cards_obtained":["hierophant:Smite"]},{"cards_removed":["hierophant:Punish"],"damage_healed":0,"gold_gain":0,"player_choice":"Elegance","damage_taken":0,"max_hp_gain":0,"max_hp_loss":0,"event_name":"Back to Basics","floor":31,"gold_loss":0}],"is_beta":false,"boss_relics":[{"not_picked":["Empty Cage","Runic Dome"],"picked":"Pandora\u0027s Box"}],"items_purged_floors":[10],"is_endless":false,"potions_floor_spawned":[3,4,6,8,16,22,24,27],"killed_by":"Collector","ascension_level":15}}