{"host":"thn8o1tmql8xszd5","time":1608083838,"event":{"mods":["AchievementEnabler","BaseMod","Block Reminder","Colored Map","DeckTracker","Highlight Path","Hubris","Minty Spire (QoL Compilation)","Permanent Neow","Quick Restart","Relic Stats","Robot Space Explorer","StSLib","The Blue Laboratory"],"gold_per_floor":[119,119,119,119,44,71,90,106,129,129,146,146,158,173,173,273,273,283,193,13,27,41,72,72,98,125,125,136,147,4,35,35,134,134,153,9,9,9,9,38,38,75,75,75,75,93,125,138,138,138],"floor_reached":51,"playtime":4300,"items_purged":["RobotSpaceExplorer:Strike","RobotSpaceExplorer:Defend"],"score":1216,"play_id":"45fb7dc5-ca2c-4baa-ab81-37adebfac717","local_time":"20201215205718","is_ascension_mode":true,"campfire_choices":[{"floor":10,"key":"REST"},{"data":"RobotSpaceExplorer:ShockMissile","floor":12,"key":"SMITH"},{"data":"RobotSpaceExplorer:DualCore","floor":15,"key":"SMITH"},{"data":"RobotSpaceExplorer:Accelerator","floor":24,"key":"SMITH"},{"data":"RobotSpaceExplorer:MiniBoosters","floor":27,"key":"SMITH"},{"floor":32,"key":"REST"},{"data":"Panache","floor":41,"key":"SMITH"},{"data":"RobotSpaceExplorer:ChargingLaser","floor":45,"key":"SMITH"},{"data":"RobotSpaceExplorer:Jetpack","floor":49,"key":"SMITH"}],"circlet_count":0,"master_deck":["RobotSpaceExplorer:Defend","RobotSpaceExplorer:Defend","RobotSpaceExplorer:Scan+1","RobotSpaceExplorer:MiniLasers+1","RobotSpaceExplorer:SurgingStrike","RobotSpaceExplorer:ShockMissile+1","RobotSpaceExplorer:JunkDive","RobotSpaceExplorer:DualCore+1","RobotSpaceExplorer:ScrapMissile","RobotSpaceExplorer:Accelerator+1","RobotSpaceExplorer:Blaster+1","RobotSpaceExplorer:FreezingShield+1","RobotSpaceExplorer:Jetpack+1","Panache+1","RobotSpaceExplorer:MiniBoosters+1","RobotSpaceExplorer:Probe","RobotSpaceExplorer:MiniDrones","RobotSpaceExplorer:GlueShot","RobotSpaceExplorer:ChargingLaser+1","RobotSpaceExplorer:SurgingShield","RobotSpaceExplorer:IronShell+1"],"relics":["RobotSpaceExplorer:RoboCore","Art of War","Du-Vu Doll","PreservedInsect","Bag of Preparation","Astrolabe","Meat on the Bone","Turnip","HornCleat","Omamori","CeramicFish","Philosopher\u0027s Stone","hubris:Towel","Centennial Puzzle","hubris:DisguiseKit","Eternal Feather","Orichalcum"],"acts_visited":["Exordium","TheCity","TheBeyond"],"potions_floor_usage":[6,16,16,31,47,50,50,50],"damage_taken":[{"damage":0,"enemies":"Small Slimes","floor":1,"turns":3},{"damage":21,"enemies":"Gremlin Nob","floor":6,"turns":4},{"damage":0,"enemies":"Cultist","floor":7,"turns":3},{"damage":1,"enemies":"2 Louse","floor":8,"turns":3},{"damage":6,"enemies":"Lots of Slimes","floor":11,"turns":2},{"damage":11,"enemies":"2 Fungi Beasts","floor":13,"turns":3},{"damage":1,"enemies":"Blue Slaver","floor":14,"turns":3},{"damage":2,"enemies":"Hexaghost","floor":16,"turns":13},{"damage":6,"enemies":"Shell Parasite","floor":18,"turns":5},{"damage":6,"enemies":"Spheric Guardian","floor":21,"turns":6},{"damage":6,"enemies":"Snecko","floor":22,"turns":5},{"damage":12,"enemies":"Gremlin Leader","floor":23,"turns":5},{"damage":10,"enemies":"Book of Stabbing","floor":25,"turns":4},{"damage":0,"enemies":"3 Cultists","floor":28,"turns":4},{"damage":13,"enemies":"Snake Plant","floor":29,"turns":2},{"damage":0,"enemies":"Gremlin Leader","floor":31,"turns":5},{"damage":31,"enemies":"hubris:MusketHawk","floor":33,"turns":8},{"damage":0,"enemies":"Orb Walker","floor":35,"turns":4},{"damage":0,"enemies":"Reptomancer","floor":40,"turns":4},{"damage":0,"enemies":"Giant Head","floor":42,"turns":5},{"damage":0,"enemies":"3 Shapes","floor":46,"turns":2},{"damage":0,"enemies":"Nemesis","floor":47,"turns":3},{"damage":0,"enemies":"Spire Growth","floor":48,"turns":4},{"damage":0,"enemies":"Time Eater","floor":50,"turns":12}],"seed_played":"-3935160468344827138","potions_obtained":[{"floor":1,"key":"LiquidMemories"},{"floor":6,"key":"PowerPotion"},{"floor":13,"key":"PowerPotion"},{"floor":21,"key":"GamblersBrew"},{"floor":23,"key":"Weak Potion"},{"floor":25,"key":"LiquidBronze"},{"floor":29,"key":"RobotSpaceExplorer:PlasmaFlask"},{"floor":46,"key":"PowerPotion"},{"floor":47,"key":"RobotSpaceExplorer:PlasmaFlask"}],"is_trial":false,"path_per_floor":["M","?","?","?","$","E","M","M","T","R","M","R","M","M","R","B",null,"M","?","$","M","M","E","R","E","T","R","M","M","$","E","R","B",null,"M","$","?","?","$","E","R","E","T","?","R","M","E","M","R","B",null],"character_chosen":"RobotSpaceExplorer","items_purchased":["Panache","RobotSpaceExplorer:ChargingLaser","RobotSpaceExplorer:SurgingShield"],"campfire_rested":2,"item_purchase_floors":[20,30,36],"current_hp_per_floor":[75,80,47,47,47,26,26,25,25,49,43,43,32,31,31,29,67,61,61,61,55,49,49,49,51,51,51,51,50,50,50,74,43,71,71,71,71,71,71,71,71,71,71,74,79,79,79,79,79,79],"gold":138,"neow_bonus":"UPGRADE_CARD","is_daily":false,"chose_seed":false,"campfire_upgraded":7,"win_rate":0.0,"timestamp":1608083838,"path_taken":["M","?","?","?","$","E","M","M","T","R","M","R","M","?","R","BOSS","M","?","$","M","?","E","R","E","T","R","M","M","$","E","R","BOSS","M","?","?","?","$","E","R","E","T","?","R","M","E","M","R","BOSS"],"items_purchased_type":["Card","Card","Card"],"build_version":"2020-12-13","purchased_purges":2,"victory":true,"max_hp_per_floor":[75,80,80,80,80,80,80,80,80,80,80,80,80,80,80,80,80,80,80,80,80,80,80,80,80,80,80,80,80,80,80,80,80,80,80,80,80,76,76,76,76,76,76,79,79,79,79,79,79,79],"relic_stats":{"Centennial Puzzle":[0],"counters":[24,112],"Astrolabe":["RobotSpaceExplorer:Blaster","RobotSpaceExplorer:FreezingShield","RobotSpaceExplorer:Exploration"],"CeramicFish":18,"Eternal Feather":5,"PreservedInsect":366,"Turnip":[3],"Art of War":[8],"Bag of Preparation":[40],"Orichalcum":[12],"obtain_stats":[{"hubris:DisguiseKit":42,"Astrolabe":17,"CeramicFish":31,"RobotSpaceExplorer:RoboCore":0,"Eternal Feather":43,"PreservedInsect":6,"Bag of Preparation":9,"Omamori":26,"hubris:Towel":37,"Orichalcum":47,"Du-Vu Doll":6,"Centennial Puzzle":40,"HornCleat":25,"Philosopher\u0027s Stone":34,"Turnip":23,"Art of War":3,"Meat on the Bone":21},{"hubris:DisguiseKit":20,"Astrolabe":8,"CeramicFish":16,"RobotSpaceExplorer:RoboCore":0,"Eternal Feather":20,"PreservedInsect":2,"Bag of Preparation":4,"Omamori":13,"hubris:Towel":18,"Orichalcum":22,"Du-Vu Doll":2,"Centennial Puzzle":19,"HornCleat":13,"Philosopher\u0027s Stone":17,"Turnip":12,"Art of War":1,"Meat on the Bone":10},{"hubris:DisguiseKit":91,"Astrolabe":34,"CeramicFish":70,"RobotSpaceExplorer:RoboCore":0,"Eternal Feather":91,"PreservedInsect":7,"Bag of Preparation":13,"Omamori":59,"hubris:Towel":82,"Orichalcum":96,"Du-Vu Doll":7,"Centennial Puzzle":86,"HornCleat":59,"Philosopher\u0027s Stone":78,"Turnip":55,"Art of War":3,"Meat on the Bone":45}],"Meat on the Bone":36},"card_choices":[{"not_picked":["RobotSpaceExplorer:Pulsar","RobotSpaceExplorer:Probe"],"picked":"RobotSpaceExplorer:SurgingStrike","floor":1},{"not_picked":["RobotSpaceExplorer:StarDust","RobotSpaceExplorer:StunGrenade","RobotSpaceExplorer:SwiftStep"],"picked":"SKIP","floor":6},{"not_picked":["RobotSpaceExplorer:ImprovisedAttack","RobotSpaceExplorer:Electropulse","RobotSpaceExplorer:PowerGlove"],"picked":"SKIP","floor":7},{"not_picked":["RobotSpaceExplorer:Pulsar","RobotSpaceExplorer:SelfCleaning"],"picked":"RobotSpaceExplorer:ShockMissile","floor":8},{"not_picked":["RobotSpaceExplorer:Discharger","RobotSpaceExplorer:Probe"],"picked":"RobotSpaceExplorer:JunkDive","floor":11},{"not_picked":["RobotSpaceExplorer:Smokescreen","RobotSpaceExplorer:ImprovisedAttack"],"picked":"RobotSpaceExplorer:DualCore","floor":13},{"not_picked":["RobotSpaceExplorer:Smokescreen","RobotSpaceExplorer:ImprovisedAttack"],"picked":"RobotSpaceExplorer:ScrapMissile","floor":14},{"not_picked":["RobotSpaceExplorer:Exploration","RobotSpaceExplorer:TrailblazerForm"],"picked":"RobotSpaceExplorer:Accelerator","floor":16},{"not_picked":["RobotSpaceExplorer:GlueShot","RobotSpaceExplorer:ImprovisedAttack"],"picked":"RobotSpaceExplorer:Jetpack","floor":18},{"not_picked":["RobotSpaceExplorer:ShovelStrike+1","RobotSpaceExplorer:Ammunition+1"],"picked":"RobotSpaceExplorer:MiniBoosters","floor":21},{"not_picked":["RobotSpaceExplorer:ShovelStrike","RobotSpaceExplorer:LuckyStrike"],"picked":"RobotSpaceExplorer:Probe","floor":22},{"not_picked":["RobotSpaceExplorer:Scanner","RobotSpaceExplorer:TurboDodge","RobotSpaceExplorer:Jetpack"],"picked":"SKIP","floor":23},{"not_picked":["RobotSpaceExplorer:Pulsar","RobotSpaceExplorer:BigMissile"],"picked":"RobotSpaceExplorer:MiniDrones","floor":25},{"not_picked":["RobotSpaceExplorer:Blitz","RobotSpaceExplorer:Fix+1","RobotSpaceExplorer:Probe"],"picked":"SKIP","floor":28},{"not_picked":["RobotSpaceExplorer:MiniDrones","RobotSpaceExplorer:Fix"],"picked":"RobotSpaceExplorer:GlueShot","floor":29},{"not_picked":["RobotSpaceExplorer:FreezingShield","RobotSpaceExplorer:Counterblock+1","RobotSpaceExplorer:TrailblazerForm"],"picked":"SKIP","floor":31},{"not_picked":["RobotSpaceExplorer:TurboDodge","RobotSpaceExplorer:Ammunition+1","RobotSpaceExplorer:StunGrenade+1"],"picked":"SKIP","floor":35},{"not_picked":["RobotSpaceExplorer:Blitz+1","RobotSpaceExplorer:Ammunition","RobotSpaceExplorer:Asteroid"],"picked":"SKIP","floor":40},{"not_picked":["RobotSpaceExplorer:ScrapToss+1","RobotSpaceExplorer:FreezingShield"],"picked":"RobotSpaceExplorer:IronShell+1","floor":42},{"not_picked":["RobotSpaceExplorer:Ammunition","RobotSpaceExplorer:ScrapShield+1","RobotSpaceExplorer:HighVoltage","ReachHeaven"],"picked":"SKIP","floor":46},{"not_picked":["RobotSpaceExplorer:MiniDrones","RobotSpaceExplorer:Ammunition+1","RobotSpaceExplorer:JunkDive","WheelKick"],"picked":"SKIP","floor":47},{"not_picked":["RobotSpaceExplorer:DualCore","RobotSpaceExplorer:SurgingShield+1","RobotSpaceExplorer:GlueSpray","FollowUp"],"picked":"SKIP","floor":48}],"player_experience":484051,"relics_obtained":[{"floor":6,"key":"Du-Vu Doll"},{"floor":6,"key":"PreservedInsect"},{"floor":9,"key":"Bag of Preparation"},{"floor":21,"key":"Meat on the Bone"},{"floor":23,"key":"Turnip"},{"floor":25,"key":"HornCleat"},{"floor":26,"key":"Omamori"},{"floor":31,"key":"CeramicFish"},{"floor":40,"key":"Centennial Puzzle"},{"floor":42,"key":"hubris:DisguiseKit"},{"floor":43,"key":"Eternal Feather"},{"floor":47,"key":"Orichalcum"}],"event_choices":[{"damage_healed":0,"gold_gain":0,"player_choice":"Donut","damage_taken":0,"max_hp_gain":5,"max_hp_loss":0,"event_name":"Big Fish","floor":2,"gold_loss":0},{"damage_healed":0,"gold_gain":0,"player_choice":"Success","damage_taken":33,"relics_obtained":["Art of War"],"max_hp_gain":0,"max_hp_loss":0,"event_name":"Scrap Ooze","floor":3,"gold_loss":0},{"damage_healed":0,"gold_gain":0,"player_choice":"1 cards matched","damage_taken":0,"max_hp_gain":0,"max_hp_loss":0,"event_name":"Match and Keep!","floor":4,"gold_loss":0,"cards_obtained":["RobotSpaceExplorer:LuckyFind"]},{"cards_removed":["RobotSpaceExplorer:Defend"],"damage_healed":0,"gold_gain":0,"player_choice":"Upgrade and Remove","damage_taken":0,"max_hp_gain":0,"max_hp_loss":0,"event_name":"Designer","floor":19,"gold_loss":90,"cards_upgraded":["RobotSpaceExplorer:Scan"]},{"damage_healed":0,"gold_gain":0,"player_choice":"Max HP","damage_taken":0,"max_hp_gain":0,"max_hp_loss":4,"event_name":"Winding Halls","floor":38,"gold_loss":0}],"is_beta":false,"boss_relics":[{"not_picked":["Pandora\u0027s Box","RobotSpaceExplorer:Reprocessor"],"picked":"Astrolabe"},{"not_picked":["hubris:CrackedHourglass","Black Star"],"picked":"Philosopher\u0027s Stone"}],"items_purged_floors":[5,36],"is_endless":false,"potions_floor_spawned":[1,6,13,21,23,25,29,46,47],"ascension_level":5}}