{"host":"oiai0qxasotny765","time":1608149586,"event":{"mods":["2.2 Compatiblity","AchievementEnabler","BaseMod","Colored Map","Minty Spire (QoL Compilation)","Permanent Neow","Relic Stats","StSLib","SuperFastMode","everything is the same but u backflip on backflip"],"gold_per_floor":[113,163,88,63,76,76,111,125,125,125,140,164,164,184,184,184,184],"floor_reached":16,"playtime":466,"items_purged":["Strike_G"],"score":179,"play_id":"d2b3fb19-b9d3-47c7-8018-fe4ba6d5631d","local_time":"20201217051306","is_ascension_mode":true,"campfire_choices":[{"data":"Deadly Poison","floor":6.0,"key":"SMITH"},{"floor":13,"key":"REST"},{"data":"Adrenaline","floor":15,"key":"SMITH"}],"circlet_count":0,"master_deck":["AscendersBane","Strike_G","Strike_G","Strike_G","Defend_G","Defend_G","Defend_G","Defend_G","Survivor","Neutralize","Wraith Form v2","Adrenaline+1","Blur","Deadly Poison+1","Dagger Spray","Setup","Tactician"],"relics":["Ring of the Snake","Bottled Flame","StrikeDummy","Golden Idol"],"acts_visited":["Exordium"],"potions_floor_usage":[12,16,16],"damage_taken":[{"damage":2.0,"enemies":"2 Louse","floor":1.0,"turns":5.0},{"damage":0.0,"enemies":"Cultist","floor":5.0,"turns":5.0},{"damage":23.0,"enemies":"Lagavulin","floor":7.0,"turns":8.0},{"damage":1.0,"enemies":"Jaw Worm","floor":8.0,"turns":4.0},{"damage":3.0,"enemies":"3 Louse","floor":11.0,"turns":4.0},{"damage":0,"enemies":"Lots of Slimes","floor":12,"turns":1},{"damage":1,"enemies":"Exordium Wildlife","floor":14,"turns":7},{"damage":23,"enemies":"Slime Boss","floor":16,"turns":7}],"seed_played":"6649078539891992895","potions_obtained":[{"floor":7.0,"key":"Strength Potion"},{"floor":11.0,"key":"Poison Potion"},{"floor":14,"key":"Block Potion"}],"is_trial":false,"path_per_floor":["M","?","$","$","M","R","E","M","T","?","M","M","R","M","R","B"],"character_chosen":"THE_SILENT","items_purchased":["Deadly Poison"],"campfire_rested":1,"item_purchase_floors":[4],"current_hp_per_floor":[57,51,51,51,51,51,28,27,27,6,3,3,21,20,20,0,0],"gold":184,"neow_bonus":"TRANSFORM_TWO_CARDS","is_daily":false,"chose_seed":false,"campfire_upgraded":2,"win_rate":0.0,"timestamp":1608149586,"path_taken":["M","?","?","$","M","R","E","M","T","?","M","M","R","M","R","BOSS"],"items_purchased_type":["Card"],"build_version":"2020-12-13","purchased_purges":1,"victory":false,"max_hp_per_floor":[60,60,60,60,60,60,60,60,60,60,60,60,60,60,60,60,60],"relic_stats":{"counters":[8,41],"Golden Idol":12,"obtain_stats":[{"Bottled Flame":7,"Golden Idol":10,"StrikeDummy":9,"Ring of the Snake":0},{"Bottled Flame":3,"Golden Idol":4,"StrikeDummy":4,"Ring of the Snake":0},{"Bottled Flame":18,"Golden Idol":22,"StrikeDummy":22,"Ring of the Snake":0}],"Ring of the Snake":[16]},"card_choices":[{"not_picked":["Flying Knee","Outmaneuver"],"picked":"Blur","floor":1.0},{"not_picked":["Terror","Cloak And Dagger"],"picked":"Dagger Spray","floor":5.0},{"not_picked":["Concentrate","Dash","Deflect"],"picked":"SKIP","floor":7.0},{"not_picked":["Bane","Riddle With Holes"],"picked":"Setup","floor":8.0},{"not_picked":["Cloak And Dagger","Dodge and Roll"],"picked":"Tactician","floor":11.0},{"not_picked":["Bane","Blade Dance","Riddle With Holes"],"picked":"SKIP","floor":12},{"not_picked":["Well Laid Plans","Sucker Punch","Underhanded Strike"],"picked":"SKIP","floor":14}],"player_experience":261919,"relics_obtained":[{"floor":7.0,"key":"Bottled Flame"},{"floor":9.0,"key":"StrikeDummy"}],"event_choices":[{"damage_healed":0.0,"max_hp_gain":0.0,"max_hp_loss":0.0,"gold_gain":50.0,"event_name":"FaceTrader","player_choice":"Touch","floor":2.0,"gold_loss":0.0,"damage_taken":6.0},{"damage_healed":0.0,"max_hp_gain":0.0,"max_hp_loss":0.0,"gold_gain":0.0,"event_name":"Golden Idol","player_choice":"Take Damage","floor":10.0,"gold_loss":0.0,"damage_taken":21.0,"relics_obtained":["Golden Idol"]}],"is_beta":false,"boss_relics":[],"items_purged_floors":[3],"is_endless":false,"potions_floor_spawned":[7,11,14],"killed_by":"Slime Boss","ascension_level":15}}