{"host":"a7kkotolxcg5vljr","time":1608148896,"event":{"mods":["2.2 Compatiblity","AchievementEnabler","Act Like it!","BaseMod","Better Altar","Better Skull","Better Third Choice","Colored Map","Colored Powertips","Downfall","Hermit","Highlight Path","Marisa????????","Minty Spire (QoL Compilation)","Quick Restart","Rare Cards Sparkle","Replay The Spire","Spicy Shops","StSLib","The Cursed","The Disciple","The Servant 0.9.4"],"gold_per_floor":[117,292,392,410,427,439,439,503,503,503,503,503,503],"floor_reached":12,"playtime":232,"items_purged":[],"score":68,"play_id":"b389c1d0-f38e-479e-9338-bb3d15194b37","local_time":"20201216150136","is_ascension_mode":false,"campfire_choices":[{"floor":7,"key":"RECALL"}],"circlet_count":0,"master_deck":["Strike_R","Strike_R","Strike_R","Strike_R","Strike_R","Defend_R","Defend_R","Defend_R","Defend_R","Bash","Combust","Doubt","ReplayTheSpireMod:Strike From Hell","Flex","Rupture","ReplayTheSpireMod:Muscle Training"],"relics":["Mark of Pain","Smiling Mask"],"acts_visited":["Exordium"],"potions_floor_usage":[12,12,12],"damage_taken":[{"damage":0,"enemies":"2 Louse","floor":1,"turns":3},{"damage":3,"enemies":"Cultist","floor":4,"turns":3},{"damage":8,"enemies":"Small Slimes","floor":5,"turns":4},{"damage":23,"enemies":"3 Louse","floor":6,"turns":3},{"damage":20,"enemies":"3 Sentries","floor":12,"turns":5}],"seed_played":"2718107340574933814","potions_obtained":[{"floor":4,"key":"LifebloodPotion"},{"floor":8,"key":"Weak Potion"},{"floor":8,"key":"Adrenaline Potion"}],"is_trial":false,"path_per_floor":["M","?","?","M","M","M","R","?","T","PTL","PTL","E"],"character_chosen":"IRONCLAD","items_purchased":[],"campfire_rested":0,"item_purchase_floors":[],"current_hp_per_floor":[80,80,80,77,69,46,46,14,14,14,14,0,0],"gold":503,"neow_bonus":"BOSS_RELIC","is_daily":false,"chose_seed":false,"campfire_upgraded":0,"win_rate":0.0,"timestamp":1608148896,"path_taken":["M","?","?","?","M","M","R","?","T","PTL","PTL","E"],"items_purchased_type":[],"build_version":"2020-12-13","purchased_purges":0,"victory":false,"max_hp_per_floor":[80,80,80,80,80,80,80,80,80,80,80,80,80],"card_choices":[{"not_picked":["Clothesline","Anger"],"picked":"Combust","floor":1},{"not_picked":["Anger","Replay:Undeath\u0027s Touch"],"picked":"ReplayTheSpireMod:Strike From Hell","floor":4},{"not_picked":["Headbutt","Hemokinesis"],"picked":"Flex","floor":5},{"not_picked":["True Grit","Replay:Many Hands"],"picked":"Rupture","floor":6},{"not_picked":["Twin Strike","Perfected Strike"],"picked":"ReplayTheSpireMod:Muscle Training","floor":8}],"player_experience":325549,"relics_obtained":[{"floor":8,"key":"Smiling Mask"}],"event_choices":[{"damage_healed":0,"gold_gain":175,"player_choice":"AGREE","damage_taken":117,"max_hp_gain":0,"max_hp_loss":0,"event_name":"betterThird:BetterSerpent","floor":2,"gold_loss":0},{"damage_healed":0,"gold_gain":100,"player_choice":"Gold","damage_taken":0,"max_hp_gain":0,"max_hp_loss":0,"event_name":"Wheel of Change","floor":3,"gold_loss":0}],"is_beta":false,"boss_relics":[],"items_purged_floors":[],"is_endless":false,"potions_floor_spawned":[4],"killed_by":"3 Sentries","ascension_level":0}}