{"host":"7tvb1em0d2fx72q7","time":1608147134,"event":{"mods":["BaseMod","Challenge The Spire","Minty Spire (QoL Compilation)","StSLib","everything is the same but u backflip on backflip"],"gold_per_floor":[118,138,138,153,153,153,173,173,173,187,222,240,283,310,310,395,395,414,428,262,262,271,271,289,334,334,362,362,400,421,421,421],"floor_reached":31,"playtime":2057,"items_purged":["Strike_R"],"score":563,"play_id":"50aed2c0-0752-4495-9ee1-e3fa26844ab6","local_time":"20201216143214","is_ascension_mode":true,"campfire_choices":[{"data":"Carnage","floor":6,"key":"SMITH"},{"data":"Hemokinesis","floor":15,"key":"SMITH"},{"floor":23,"key":"REST"},{"data":"Rupture","floor":28,"key":"SMITH"}],"circlet_count":0,"master_deck":["AscendersBane","Defend_R","Defend_R","Defend_R","Defend_R","Bash","Pommel Strike","Carnage+1","Armaments","Disarm","Rupture+1","Metallicize","Sword Boomerang","Second Wind","Hemokinesis+1","Reaper","Heavy Blade","True Grit","Dark Embrace","Pain","Bite","Bite","Bite","Bite","Bite","Bludgeon","Shrug It Off","Sentinel"],"relics":["Burning Blood","TungstenRod","Self Forming Clay","Red Skull","Anchor","CeramicFish","Mark of Pain","WarpedTongs","Juzu Bracelet","Paper Frog"],"acts_visited":["Exordium","TheCity"],"potions_floor_usage":[11,16,19,29],"damage_taken":[{"damage":13,"enemies":"Jaw Worm","floor":1,"turns":5},{"damage":5,"enemies":"2 Louse","floor":2,"turns":4},{"damage":0,"enemies":"Cultist","floor":4,"turns":3},{"damage":5,"enemies":"Looter","floor":7,"turns":3},{"damage":3,"enemies":"3 Louse","floor":10,"turns":5},{"damage":7,"enemies":"Gremlin Nob","floor":11,"turns":4},{"damage":6,"enemies":"Gremlin Gang","floor":12,"turns":6},{"damage":14,"enemies":"3 Sentries","floor":13,"turns":10},{"damage":0,"enemies":"2 Fungi Beasts","floor":14,"turns":3},{"damage":48,"enemies":"Slime Boss","floor":16,"turns":10},{"damage":30,"enemies":"Chosen","floor":18,"turns":6},{"damage":6,"enemies":"Shell Parasite","floor":19,"turns":5},{"damage":29,"enemies":"Cultist and Chosen","floor":24,"turns":7},{"damage":13,"enemies":"Chosen and Byrds","floor":27,"turns":7},{"damage":29,"enemies":"Slavers","floor":29,"turns":6},{"damage":21,"enemies":"Snake Plant","floor":30,"turns":4},{"damage":35,"enemies":"Gremlin Leader","floor":31,"turns":5}],"seed_played":"-2682155201612522022","potions_obtained":[{"floor":2,"key":"SpeedPotion"},{"floor":7,"key":"Block Potion"},{"floor":11,"key":"FearPotion"},{"floor":14,"key":"Fire Potion"},{"floor":18,"key":"ColorlessPotion"},{"floor":19,"key":"SteroidPotion"}],"is_trial":false,"path_per_floor":["M","M","?","M","T","R","M","?","T","M","E","M","E","M","R","B",null,"M","M","$","?","?","R","M","?","T","M","R","E","M","E"],"character_chosen":"IRONCLAD","items_purchased":["True Grit","Dark Embrace"],"campfire_rested":1,"item_purchase_floors":[20,20],"current_hp_per_floor":[61,62,62,68,68,68,68,68,68,68,67,67,59,65,65,23,57,37,37,37,19,19,40,22,22,22,31,31,30,17,0,0],"gold":421,"neow_bonus":"ONE_RARE_RELIC","is_daily":false,"chose_seed":false,"campfire_upgraded":3,"win_rate":0.0,"timestamp":1608147134,"path_taken":["M","M","?","M","?","R","M","?","T","M","E","?","E","M","R","BOSS","M","M","$","?","?","R","?","?","T","M","R","E","M","E"],"items_purchased_type":["Card","Card"],"build_version":"2020-12-13","purchased_purges":1,"victory":false,"max_hp_per_floor":[68,68,68,68,68,68,68,68,68,68,68,68,68,68,68,68,68,68,68,68,73,73,73,73,51,51,51,51,51,51,51,51],"card_choices":[{"not_picked":["Power Through","True Grit"],"picked":"Pommel Strike","floor":1},{"not_picked":["Burning Pact","Headbutt"],"picked":"Carnage","floor":2},{"not_picked":["Perfected Strike","Iron Wave"],"picked":"Armaments","floor":4},{"not_picked":["Dark Embrace","Sentinel"],"picked":"Disarm","floor":7},{"not_picked":["Carnage","Rupture"],"picked":"Metallicize","floor":10},{"not_picked":["Perfected Strike","Body Slam","Berserk"],"picked":"SKIP","floor":11},{"not_picked":["Entrench","Sentinel"],"picked":"Sword Boomerang","floor":12},{"not_picked":["Seeing Red","Twin Strike"],"picked":"Second Wind","floor":13},{"not_picked":["Fire Breathing","Thunderclap"],"picked":"Hemokinesis","floor":14},{"not_picked":["Feed","Fiend Fire"],"picked":"Reaper","floor":16},{"not_picked":["Anger+1","Body Slam"],"picked":"Heavy Blade","floor":18},{"not_picked":["Iron Wave","Flex","Sword Boomerang"],"picked":"SKIP","floor":19},{"not_picked":["Searing Blow","Sever Soul","Sword Boomerang"],"picked":"SKIP","floor":24},{"not_picked":["Iron Wave","Sword Boomerang"],"picked":"Bludgeon","floor":27},{"not_picked":["Warcry+1","Armaments"],"picked":"Shrug It Off","floor":29},{"not_picked":["Carnage","Flex"],"picked":"Sentinel","floor":30}],"player_experience":1843523,"relics_obtained":[{"floor":5,"key":"Self Forming Clay"},{"floor":9,"key":"Red Skull"},{"floor":11,"key":"Anchor"},{"floor":13,"key":"CeramicFish"},{"floor":26,"key":"Juzu Bracelet"},{"floor":29,"key":"Paper Frog"}],"event_choices":[{"damage_healed":0,"gold_gain":0,"player_choice":"Ignored","damage_taken":0,"max_hp_gain":0,"max_hp_loss":0,"event_name":"Liars Game","floor":3,"gold_loss":0},{"damage_healed":0,"gold_gain":0,"cards_transformed":["Strike_R"],"player_choice":"Transformed","damage_taken":0,"max_hp_gain":0,"max_hp_loss":0,"event_name":"Transmorgrifier","floor":8,"gold_loss":0,"cards_obtained":["Rupture"]},{"damage_healed":0,"gold_gain":0,"player_choice":"Shed Blood","damage_taken":24,"max_hp_gain":5,"max_hp_loss":0,"event_name":"Forgotten Altar","floor":21,"gold_loss":0},{"damage_healed":0,"gold_gain":0,"player_choice":"Rummage","damage_taken":0,"relics_obtained":["WarpedTongs"],"max_hp_gain":0,"max_hp_loss":0,"event_name":"Accursed Blacksmith","floor":22,"gold_loss":0,"cards_obtained":["Pain"]},{"damage_healed":0,"gold_gain":0,"player_choice":"Became a vampire","damage_taken":0,"max_hp_gain":0,"max_hp_loss":22,"event_name":"Vampires","floor":25,"gold_loss":0,"cards_obtained":["Bite","Bite","Bite","Bite","Bite"]}],"is_beta":false,"boss_relics":[{"not_picked":["Runic Pyramid","Runic Cube"],"picked":"Mark of Pain"}],"items_purged_floors":[20],"is_endless":false,"potions_floor_spawned":[2,7,11,14,18,19,27],"killed_by":"Gremlin Leader","ascension_level":20}}