{"host":"fdq5pmhluajjrf8d","time":1608155118,"event":{"mods":["BaseMod","Minty Spire (QoL Compilation)"],"gold_per_floor":[117,133,151,163,163,163,173,173,173,198,198,208,208,218,218,218,218],"floor_reached":16,"playtime":514,"items_purged":[],"score":203,"play_id":"c65be8ee-ff97-4f72-89c9-29d876bdd501","local_time":"20201216164518","is_ascension_mode":true,"campfire_choices":[{"data":"Darkness","floor":6,"key":"SMITH"},{"data":"Genetic Algorithm","floor":8,"key":"SMITH"},{"floor":11,"key":"REST"},{"floor":13,"key":"REST"},{"data":"Zap","floor":15,"key":"SMITH"}],"circlet_count":0,"master_deck":["AscendersBane","Strike_B","Strike_B","Strike_B","Strike_B","Defend_B","Defend_B","Defend_B","Defend_B","Zap+1","Dualcast","Beam Cell","Darkness+1","Cold Snap","Steam","Pain","Genetic Algorithm+1","Seek","Reinforced Body"],"relics":["Cracked Core","WarpedTongs","Question Card","Orichalcum"],"acts_visited":["Exordium"],"potions_floor_usage":[10],"damage_taken":[{"damage":5,"enemies":"Small Slimes","floor":1,"turns":3},{"damage":0,"enemies":"Cultist","floor":2,"turns":3},{"damage":4,"enemies":"2 Louse","floor":3,"turns":2},{"damage":11,"enemies":"Red Slaver","floor":4,"turns":3},{"damage":25,"enemies":"Lots of Slimes","floor":7,"turns":4},{"damage":13,"enemies":"Lagavulin","floor":10,"turns":7},{"damage":8,"enemies":"3 Louse","floor":12,"turns":4},{"damage":5,"enemies":"2 Fungi Beasts","floor":14,"turns":6},{"damage":47,"enemies":"Hexaghost","floor":16,"turns":9}],"seed_played":"-2230734752021329488","potions_obtained":[{"floor":4,"key":"FearPotion"},{"floor":7,"key":"FearPotion"},{"floor":12,"key":"Ancient Potion"}],"is_trial":false,"path_per_floor":["M","M","M","M","?","R","M","R","T","E","R","M","R","M","R","B"],"character_chosen":"DEFECT","items_purchased":[],"campfire_rested":2,"item_purchase_floors":[],"current_hp_per_floor":[66,66,62,51,51,51,26,26,26,13,36,28,51,46,46,0,0],"gold":218,"neow_bonus":"TEN_PERCENT_HP_BONUS","is_daily":false,"chose_seed":false,"campfire_upgraded":3,"win_rate":0.0,"timestamp":1608155118,"path_taken":["M","M","M","M","?","R","M","R","T","E","R","M","R","M","R","BOSS"],"items_purchased_type":[],"build_version":"2020-12-13","purchased_purges":0,"victory":false,"max_hp_per_floor":[78,78,78,78,78,78,78,78,78,78,78,78,78,78,78,78,78],"card_choices":[{"not_picked":["Sweeping Beam","Double Energy"],"picked":"Beam Cell","floor":1},{"not_picked":["Sweeping Beam","Beam Cell"],"picked":"Darkness","floor":2},{"not_picked":["Blizzard","Ball Lightning"],"picked":"Cold Snap","floor":3},{"not_picked":["Steam Power","Barrage"],"picked":"Steam","floor":4},{"not_picked":["Force Field","Heatsinks"],"picked":"Genetic Algorithm","floor":7},{"not_picked":["Go for the Eyes","Beam Cell","Barrage"],"picked":"Seek","floor":10},{"not_picked":["Gash","Leap","Lockon"],"picked":"Reinforced Body","floor":12},{"not_picked":["Cold Snap","Sweeping Beam","Go for the Eyes","Consume"],"picked":"SKIP","floor":14}],"player_experience":1873979,"relics_obtained":[{"floor":9,"key":"Question Card"},{"floor":10,"key":"Orichalcum"}],"event_choices":[{"damage_healed":0,"gold_gain":0,"player_choice":"Rummage","damage_taken":0,"relics_obtained":["WarpedTongs"],"max_hp_gain":0,"max_hp_loss":0,"event_name":"Accursed Blacksmith","floor":5,"gold_loss":0,"cards_obtained":["Pain"]}],"is_beta":false,"boss_relics":[],"items_purged_floors":[],"is_endless":false,"potions_floor_spawned":[4,7,12,14],"killed_by":"Hexaghost","ascension_level":19}}