{"host":"3t6uby4o5waaq95r","time":1608091111,"event":{"mods":["AchievementEnabler","BaseMod","Bestiary","Colored Map","Highlight Path","Minty Spire (QoL Compilation)","Permanent Neow","Quick Restart","Random Character Button","SuperFastMode"],"gold_per_floor":[117,192,206,220,236,236,236,86,110,110,120,120,120,140,140,240,240,259,259,105,125,140,140,140,150,150,58,78,89,89,115,115,216,216,236,250,127,141,141,141,158,158,183,200,200,215,5,15,15,15],"floor_reached":51,"playtime":3833,"items_purged":["Strike_B","Strike_B"],"score":638,"play_id":"5eb7fd30-93fa-4483-998c-03c57439ba28","local_time":"20201215215831","is_ascension_mode":false,"campfire_choices":[{"data":"Sunder","floor":6,"key":"SMITH"},{"data":"Zap","floor":10,"key":"SMITH"},{"data":"Scrape","floor":12,"key":"SMITH"},{"data":"Loop","floor":15,"key":"SMITH"},{"data":"Steam","floor":24,"key":"SMITH"},{"data":"Fission","floor":30,"key":"SMITH"},{"floor":32,"key":"REST"},{"floor":40,"key":"REST"},{"data":"Impatience","floor":42,"key":"SMITH"},{"floor":45,"key":"REST"},{"floor":49,"key":"REST"}],"circlet_count":0,"master_deck":["Strike_B","Defend_B","Defend_B","Defend_B","Zap+1","Dualcast+1","Chill+1","Glacier","Sunder+1","Loop+1","Go for the Eyes+1","Scrape+1","Conserve Battery","Doom and Gloom","Core Surge","Steam+1","Double Energy+1","Skim+1","Melter","Impatience+1","Fission+1","Gash+1","Rainbow","Steam+1","Melter","Gash","Capacitor","Blizzard+1","Coolheaded+1","Steam","Conserve Battery+1","Defragment","Blizzard","Swift Strike","Defragment+1"],"relics":["Cracked Core"],"acts_visited":["Exordium","TheCity","TheBeyond"],"potions_floor_usage":[16,22,29,33,33,36,38,50,50,50],"damage_taken":[{"damage":0,"enemies":"2 Louse","floor":1,"turns":2},{"damage":0,"enemies":"Cultist","floor":3,"turns":3},{"damage":6,"enemies":"Jaw Worm","floor":4,"turns":3},{"damage":0,"enemies":"2 Fungi Beasts","floor":5,"turns":1},{"damage":5,"enemies":"Large Slime","floor":11,"turns":2},{"damage":0,"enemies":"Exordium Thugs","floor":14,"turns":3},{"damage":10,"enemies":"The Guardian","floor":16,"turns":6},{"damage":10,"enemies":"2 Thieves","floor":18,"turns":4},{"damage":0,"enemies":"Shell Parasite","floor":21,"turns":4},{"damage":0,"enemies":"Sentry and Sphere","floor":22,"turns":3},{"damage":8,"enemies":"Shelled Parasite and Fungi","floor":25,"turns":3},{"damage":1,"enemies":"Snake Plant","floor":28,"turns":3},{"damage":1,"enemies":"Chosen and Byrds","floor":29,"turns":5},{"damage":15,"enemies":"Slavers","floor":31,"turns":3},{"damage":29,"enemies":"Champ","floor":33,"turns":10},{"damage":2,"enemies":"3 Shapes","floor":35,"turns":4},{"damage":3,"enemies":"3 Darklings","floor":36,"turns":6},{"damage":40,"enemies":"Jaw Worm Horde","floor":38,"turns":6},{"damage":9,"enemies":"4 Shapes","floor":41,"turns":3},{"damage":35,"enemies":"Spire Growth","floor":44,"turns":5},{"damage":19,"enemies":"3 Darklings","floor":46,"turns":6},{"damage":0,"enemies":"Jaw Worm Horde","floor":48,"turns":5},{"damage":22,"enemies":"Awakened One","floor":50,"turns":12}],"seed_played":"5514823067451865087","potions_obtained":[{"floor":1,"key":"Dexterity Potion"},{"floor":4,"key":"Swift Potion"},{"floor":5,"key":"Swift Potion"},{"floor":18,"key":"ColorlessPotion"},{"floor":28,"key":"Swift Potion"},{"floor":29,"key":"Swift Potion"},{"floor":31,"key":"Block Potion"},{"floor":36,"key":"Regen Potion"},{"floor":44,"key":"DistilledChaos"},{"floor":46,"key":"CultistPotion"},{"floor":48,"key":"ColorlessPotion"}],"is_trial":false,"path_per_floor":["M","?","M","M","M","R","?","$","T","R","M","R","?","M","R","B",null,"M","?","$","M","M","$","R","M","T","$","M","M","R","E","R","B",null,"M","M","$","M","?","R","M","R","T","M","R","M","$","M","R","B",null],"character_chosen":"DEFECT","items_purchased":["Scrape","Steam","Impatience","Gash","Capacitor","Defragment","Blizzard","Swift Strike"],"campfire_rested":4,"item_purchase_floors":[8,20,27,37,37,47,47,47],"current_hp_per_floor":[75,68,68,62,62,62,47,47,47,47,42,42,42,42,42,32,75,65,65,65,65,65,65,65,57,57,57,56,55,55,40,62,33,75,73,70,70,44,44,66,57,57,57,22,44,25,25,25,47,25],"gold":15,"neow_bonus":"TRANSFORM_CARD","is_daily":false,"chose_seed":false,"campfire_upgraded":7,"win_rate":0.0,"timestamp":1608091111,"path_taken":["M","?","M","?","M","R","?","$","T","R","M","R","?","M","R","BOSS","M","?","$","M","M","?","R","M","T","$","?","M","R","E","R","BOSS","M","M","$","M","?","R","M","R","T","M","R","M","$","M","R","BOSS"],"items_purchased_type":["Card","Card","Card","Card","Card","Card","Card","Card"],"build_version":"2020-12-13","purchased_purges":2,"victory":true,"max_hp_per_floor":[75,75,75,75,75,75,75,75,75,75,75,75,75,75,75,75,75,75,75,75,75,75,75,75,75,75,75,75,75,75,75,75,75,75,75,75,75,75,75,75,75,75,75,75,75,75,75,75,75,75],"card_choices":[{"not_picked":["Reprogram","Beam Cell"],"picked":"Glacier","floor":1},{"not_picked":["Compile Driver","Rebound"],"picked":"Sunder","floor":3},{"not_picked":["Hologram","Capacitor"],"picked":"Loop","floor":4},{"not_picked":["Sweeping Beam","Coolheaded"],"picked":"Go for the Eyes","floor":5},{"not_picked":["Hello World","Leap"],"picked":"Conserve Battery","floor":11},{"not_picked":["Reprogram","Lockon"],"picked":"Doom and Gloom","floor":14},{"not_picked":["Electrodynamics","Buffer"],"picked":"Core Surge","floor":16},{"not_picked":["Rebound","Sweeping Beam","Stack"],"picked":"SKIP","floor":18},{"not_picked":["Steam","Defragment"],"picked":"Double Energy+1","floor":21},{"not_picked":["Barrage","Rebound"],"picked":"Skim+1","floor":22},{"not_picked":["Go for the Eyes","Redo"],"picked":"Melter","floor":25},{"not_picked":["Gash","Tempest"],"picked":"Fission","floor":28},{"not_picked":["Hello World","Streamline","Sweeping Beam"],"picked":"SKIP","floor":29},{"not_picked":["Coolheaded","Rebound"],"picked":"Gash+1","floor":31},{"not_picked":["Echo Form","Creative AI"],"picked":"Rainbow","floor":33},{"not_picked":["Self Repair","Reprogram+1"],"picked":"Steam","floor":35},{"not_picked":["Genetic Algorithm+1","Cold Snap+1"],"picked":"Melter","floor":36},{"not_picked":["Loop+1","Go for the Eyes"],"picked":"Blizzard+1","floor":38},{"not_picked":["Barrage","Undo"],"picked":"Coolheaded+1","floor":41},{"not_picked":["Steam Power+1","Doom and Gloom+1"],"picked":"Steam","floor":44},{"not_picked":["Ball Lightning+1","Coolheaded+1"],"picked":"Conserve Battery+1","floor":46},{"not_picked":["Steam Power+1","Compile Driver"],"picked":"Defragment+1","floor":48}],"player_experience":752412,"relics_obtained":[],"event_choices":[{"damage_healed":0,"gold_gain":75,"player_choice":"Touch","damage_taken":7,"max_hp_gain":0,"max_hp_loss":0,"event_name":"FaceTrader","floor":2,"gold_loss":0},{"damage_healed":0,"gold_gain":0,"player_choice":"Entered Light","damage_taken":15,"max_hp_gain":0,"max_hp_loss":0,"event_name":"Shining Light","floor":7,"gold_loss":0,"cards_upgraded":["Chill","Dualcast"]},{"cards_removed":["Strike_B"],"damage_healed":0,"gold_gain":0,"player_choice":"Forget","damage_taken":0,"max_hp_gain":0,"max_hp_loss":0,"event_name":"Living Wall","floor":13,"gold_loss":0},{"damage_healed":0,"gold_gain":0,"player_choice":"Forge","damage_taken":0,"max_hp_gain":0,"max_hp_loss":0,"event_name":"Accursed Blacksmith","floor":19,"gold_loss":0,"cards_upgraded":["Go for the Eyes"]},{"damage_healed":0,"gold_gain":0,"player_choice":"Upgraded","damage_taken":0,"max_hp_gain":0,"max_hp_loss":0,"event_name":"Upgrade Shrine","floor":39,"gold_loss":0,"cards_upgraded":["Steam"]}],"is_beta":false,"boss_relics":[{"not_picked":["Busted Crown","Tiny House","Inserter"]},{"not_picked":["Velvet Choker","Empty Cage","Black Star"]}],"items_purged_floors":[8,20],"is_endless":false,"potions_floor_spawned":[1,4,5,18,28,29,31,36,44,46,48],"ascension_level":0}}