{"host":"egyxg9lnjq7g2hmw","time":1608099117,"event":{"mods":["AchievementEnabler","BaseMod","Block Reminder","Colored Map","Colored Powertips","Highlight Path","Minty Spire (QoL Compilation)","Rare Cards Sparkle","StSLib"],"gold_per_floor":[112,132,57,57,57,57,69,89,89,100,133,133,133,162,162,162,162],"floor_reached":16,"playtime":769,"items_purged":[],"score":204,"play_id":"93eae214-0c8d-4c18-8a47-b124996beac1","local_time":"20201215221157","is_ascension_mode":true,"campfire_choices":[{"data":"Neutralize","floor":6.0,"key":"SMITH"},{"data":"Eviscerate","floor":13,"key":"SMITH"},{"floor":15,"key":"REST"}],"circlet_count":0,"master_deck":["AscendersBane","Strike_G","Strike_G","Strike_G","Strike_G","Defend_G","Defend_G","Defend_G","Defend_G","Defend_G","Survivor","Neutralize+1","Dagger Throw","Finisher","Eviscerate+1","PiercingWail","Footwork","Underhanded Strike","Prepared"],"relics":["Ring of the Snake","Toy Ornithopter","Gremlin Horn","Oddly Smooth Stone"],"acts_visited":["Exordium"],"potions_floor_usage":[7,11,16],"damage_taken":[{"damage":0.0,"enemies":"2 Louse","floor":1.0,"turns":5.0},{"damage":10.0,"enemies":"Small Slimes","floor":2.0,"turns":5.0},{"damage":0,"enemies":"Jaw Worm","floor":7,"turns":3},{"damage":5,"enemies":"Large Slime","floor":8,"turns":6},{"damage":1,"enemies":"Blue Slaver","floor":10,"turns":4},{"damage":28,"enemies":"Gremlin Nob","floor":11,"turns":5},{"damage":13,"enemies":"3 Sentries","floor":14,"turns":9},{"damage":38,"enemies":"Hexaghost","floor":16,"turns":14}],"seed_played":"2973225951606143502","potions_obtained":[{"floor":2.0,"key":"Block Potion"},{"floor":8,"key":"Dexterity Potion"},{"floor":10,"key":"ColorlessPotion"},{"floor":14,"key":"Weak Potion"}],"is_trial":false,"path_per_floor":["M","M","?","?","?","R","M","M","T","M","E","?","R","E","R","B"],"character_chosen":"THE_SILENT","items_purchased":[],"campfire_rested":1,"item_purchase_floors":[],"current_hp_per_floor":[65,55,55,60,60,60,60,55,55,54,31,20,20,7,30,0,0],"gold":162,"neow_bonus":"TEN_PERCENT_HP_BONUS","is_daily":false,"chose_seed":false,"campfire_upgraded":2,"win_rate":0.0,"timestamp":1608099117,"path_taken":["M","M","?","?","?","R","M","M","T","M","E","?","R","E","R","BOSS"],"items_purchased_type":[],"build_version":"2020-12-13","purchased_purges":0,"victory":false,"max_hp_per_floor":[72,72,72,77,77,77,77,77,77,77,77,77,77,77,77,77,77],"card_choices":[{"not_picked":["Deadly Poison","Choke"],"picked":"Dagger Throw","floor":1.0},{"not_picked":["Well Laid Plans","Slice"],"picked":"Finisher","floor":2.0},{"not_picked":["Quick Slash","Terror"],"picked":"Eviscerate","floor":7},{"not_picked":["Flying Knee","Caltrops"],"picked":"PiercingWail","floor":8},{"not_picked":["Finisher","Flying Knee"],"picked":"Footwork","floor":10},{"not_picked":["Dash","Poisoned Stab"],"picked":"Underhanded Strike","floor":11},{"not_picked":["Noxious Fumes","Expertise"],"picked":"Prepared","floor":14}],"player_experience":478712,"relics_obtained":[{"floor":9,"key":"Toy Ornithopter"},{"floor":11,"key":"Gremlin Horn"},{"floor":14,"key":"Oddly Smooth Stone"}],"event_choices":[{"cards_removed":["Strike_G"],"damage_healed":0.0,"max_hp_gain":0.0,"max_hp_loss":0.0,"gold_gain":0.0,"event_name":"The Cleric","player_choice":"Card Removal","floor":3.0,"gold_loss":75.0,"damage_taken":0.0},{"damage_healed":0.0,"max_hp_gain":5.0,"max_hp_loss":0.0,"gold_gain":0.0,"event_name":"Big Fish","player_choice":"Donut","floor":4.0,"gold_loss":0.0,"damage_taken":0.0},{"damage_healed":0.0,"max_hp_gain":0.0,"max_hp_loss":0.0,"gold_gain":0.0,"event_name":"Liars Game","player_choice":"Ignored","floor":5.0,"gold_loss":0.0,"damage_taken":0.0},{"damage_healed":0,"gold_gain":0,"player_choice":"Fled","damage_taken":11,"max_hp_gain":0,"max_hp_loss":0,"event_name":"Scrap Ooze","floor":12,"gold_loss":0}],"is_beta":false,"boss_relics":[],"items_purged_floors":[],"is_endless":false,"potions_floor_spawned":[2,8,10,14],"killed_by":"Hexaghost","ascension_level":17}}