{"host":"jm9833yuloeli2yd","time":1608081264,"event":{"mods":["AchievementEnabler","BaseMod","Better Altar","Better Match","Better Note","Better Sensory Stone","Better Skull","Better Vampires","Colored Map","Colored Powertips","DeckTracker","Minty Spire (QoL Compilation)","Permanent Neow","Quick Restart","Replay The Spire","StSLib","SuperFastMode"],"gold_per_floor":[117,117,131,131,52,79,79,1,1,1,1,1,15,15,48,68,68,68,68],"floor_reached":18,"playtime":331,"items_purged":[],"score":236,"play_id":"35403762-8c1b-4ce2-b3f8-9bfe2f8616db","local_time":"20201215201424","is_ascension_mode":true,"campfire_choices":[{"data":"Ball Lightning","floor":7,"key":"SMITH"},{"data":"Defragment","floor":12,"key":"SMITH"},{"data":"Ball Lightning","floor":14,"key":"SMITH"},{"data":"Defragment","floor":17,"key":"SMITH"}],"circlet_count":0,"master_deck":["AscendersBane","Strike_B","Strike_B","Strike_B","Strike_B","Defend_B","Defend_B","Defend_B","Defend_B","Dualcast","Ball Lightning+1","Panic Button","Reinforced Body+1","Ball Lightning+1","Self Repair","Steam","Defragment+1","Gash+1","Doom and Gloom+1","Defragment+1"],"relics":["Cracked Core","Blood Vial","Tiny Chest","Molten Egg 2","Singing Bowl"],"acts_visited":["Exordium"],"potions_floor_usage":[6,18],"damage_taken":[{"damage":19.0,"enemies":"Small Slimes","floor":1.0,"turns":3.0},{"damage":1.0,"enemies":"Cultist","floor":3.0,"turns":3.0},{"damage":26,"enemies":"Gremlin Nob","floor":6,"turns":4},{"damage":2,"enemies":"Jaw Worm","floor":13,"turns":3},{"damage":12,"enemies":"3 Sentries","floor":15,"turns":8},{"damage":13,"enemies":"Blue Slaver","floor":16,"turns":4},{"damage":29,"enemies":"Slime Boss","floor":18,"turns":8}],"seed_played":"2717832591868509882","potions_obtained":[{"floor":1.0,"key":"Languid Potion"},{"floor":3.0,"key":"SteroidPotion"},{"floor":15,"key":"Explosive Potion"}],"is_trial":false,"path_per_floor":["M","?","M","?","$","E","R","$","PTL","PTL","T","R","M","R","E","M","R","B"],"character_chosen":"DEFECT","items_purchased":["Self Repair","Defragment"],"campfire_rested":0,"item_purchase_floors":[5,8],"current_hp_per_floor":[45,45,44,44,44,27,27,27,27,27,27,27,34,34,31,27,27,0,0],"gold":68,"neow_bonus":"THREE_CARDS","is_daily":false,"chose_seed":false,"campfire_upgraded":4,"win_rate":0.0,"timestamp":1608081264,"path_taken":["M","?","M","?","$","E","R","$","PTL","PTL","T","R","M","R","E","?","R","BOSS"],"items_purchased_type":["Card","Card"],"build_version":"2020-12-13","purchased_purges":0,"victory":false,"max_hp_per_floor":[71,71,71,71,71,71,71,71,71,71,71,71,71,71,71,71,71,71,71],"card_choices":[{"not_picked":["Stack","Panic Button"],"picked":"Ball Lightning","floor":0.0},{"not_picked":["Redo","Rebound"],"picked":"Panic Button","floor":1.0},{"not_picked":["Blizzard","Steam"],"picked":"Ball Lightning","floor":3.0},{"not_picked":["Sunder","Coolheaded"],"picked":"Steam","floor":6},{"not_picked":["Reinforced Body","Leap"],"picked":"Gash+1","floor":13},{"not_picked":["Fusion","Conserve Battery"],"picked":"Doom and Gloom+1","floor":15},{"not_picked":["Rip and Tear+1","Barrage+1"],"picked":"Defragment","floor":16}],"player_experience":1097501,"relics_obtained":[{"floor":6,"key":"Tiny Chest"},{"floor":11,"key":"Molten Egg 2"},{"floor":15,"key":"Singing Bowl"}],"event_choices":[{"damage_healed":0.0,"max_hp_gain":0.0,"max_hp_loss":0.0,"gold_gain":0.0,"event_name":"WeMeetAgain","player_choice":"Gave Potion","floor":4.0,"gold_loss":0.0,"damage_taken":0.0,"relics_obtained":["Blood Vial"]}],"is_beta":false,"boss_relics":[],"items_purged_floors":[],"is_endless":false,"potions_floor_spawned":[1,3,15],"killed_by":"Slime Boss","ascension_level":20}}