{"host":"hz5hj4ftqeo22kw2","time":1608144182,"event":{"mods":["BaseMod","Better Third Choice","Jorbs\u0027s Wanderer Trilogy","Minty Spire (QoL Compilation)","Permanent Neow","RNG Fix","Relic Stats","StSLib","everything is the same but u backflip on backflip","slay the spire mod where everything is the same but ironclad has a cowboy hat"],"gold_per_floor":[110,185,110,123,142,142,142,186,237,237,261,8,8,44,44,134,197,217,170,170,186,67,67,67],"floor_reached":23,"playtime":1388,"items_purged":["CutThroughFate"],"score":368,"play_id":"edd24ac0-07dc-461d-8c58-7a5e82592796","local_time":"20201216134302","is_ascension_mode":true,"campfire_choices":[{"floor":6,"key":"REST"},{"floor":13,"key":"REST"},{"floor":15,"key":"REST"}],"circlet_count":0,"master_deck":["AscendersBane","Strike_P","Strike_P","Defend_P","Defend_P","Defend_P+1","Defend_P","Eruption","Vigilance","FollowUp","Consecrate","WheelKick","FollowUp","BattleHymn","Scrawl","EmptyBody","Evaluate+1","LessonLearned","Wireheading"],"relics":["Black Star","Golden Idol","Kunai","Pear","Ancient Tea Set","Pen Nib","CloakClasp","Bottled Flame","Tiny House"],"acts_visited":["Exordium","TheCity"],"potions_floor_usage":[8,8,8,16,16,19,21,23],"damage_taken":[{"damage":4,"enemies":"Jaw Worm","floor":1,"turns":6},{"damage":14,"enemies":"2 Louse","floor":4,"turns":2},{"damage":0,"enemies":"Cultist","floor":5,"turns":2},{"damage":14,"enemies":"3 Sentries","floor":8,"turns":7},{"damage":0,"enemies":"2 Fungi Beasts","floor":11,"turns":3},{"damage":37,"enemies":"Gremlin Nob","floor":14,"turns":5},{"damage":11,"enemies":"Hexaghost","floor":16,"turns":5},{"damage":20,"enemies":"Spheric Guardian","floor":18,"turns":6},{"damage":27,"enemies":"2 Thieves","floor":19,"turns":5},{"damage":3,"enemies":"Snake Plant","floor":21,"turns":5},{"damage":51,"enemies":"Slavers","floor":23,"turns":3}],"seed_played":"-5521534805930540147","potions_obtained":[{"floor":1,"key":"EntropicBrew"},{"floor":8,"key":"Strength Potion"},{"floor":17,"key":"ColorlessPotion"},{"floor":18,"key":"Weak Potion"},{"floor":19,"key":"GamblersBrew"}],"is_trial":false,"path_per_floor":["M","?","?","M","M","R","?","E","T","?","M","$","R","E","R","B",null,"M","M","?","M","$","E"],"character_chosen":"WATCHER","items_purchased":["Pen Nib","StancePotion","Wireheading"],"campfire_rested":3,"item_purchase_floors":[12,12,22],"current_hp_per_floor":[57,46,46,32,32,52,52,48,48,41,41,41,62,25,46,35,68,48,21,36,33,33,0,0],"gold":67,"neow_bonus":"BOSS_RELIC","is_daily":false,"chose_seed":false,"campfire_upgraded":0,"win_rate":0.0,"timestamp":1608144182,"path_taken":["M","?","?","?","M","R","?","E","T","?","M","?","R","E","R","BOSS","M","?","?","M","$","E"],"items_purchased_type":["Relic","Potion","Card"],"build_version":"2020-12-13","purchased_purges":1,"victory":false,"max_hp_per_floor":[68,68,68,68,68,68,62,72,72,72,72,72,72,72,72,72,77,77,77,77,77,77,77,77],"relic_stats":{"counters":[11,49],"Golden Idol":62,"Pen Nib":[6],"Black Star":2,"CloakClasp":[60],"Kunai":[12],"obtain_stats":[{"Bottled Flame":14,"Pear":8,"Tiny House":17,"Golden Idol":7,"Pen Nib":12,"Black Star":0,"CloakClasp":14,"Kunai":8,"PureWater":0,"Ancient Tea Set":9},{"Bottled Flame":6,"Pear":4,"Tiny House":7,"Golden Idol":3,"Pen Nib":5,"Black Star":0,"CloakClasp":6,"Kunai":4,"PureWater":0,"Ancient Tea Set":4},{"Bottled Flame":25,"Pear":17,"Tiny House":30,"Golden Idol":10,"Pen Nib":20,"Black Star":0,"CloakClasp":25,"Kunai":17,"PureWater":0,"Ancient Tea Set":17}]},"card_choices":[{"not_picked":["EmptyMind","Prostrate"],"picked":"FollowUp","floor":1},{"not_picked":["WaveOfTheHand","ThirdEye"],"picked":"Consecrate","floor":4},{"not_picked":["ReachHeaven","Indignation"],"picked":"WheelKick","floor":5},{"not_picked":["Collect","Protect"],"picked":"CutThroughFate","floor":8},{"not_picked":["CrushJoints","Evaluate"],"picked":"FollowUp","floor":11},{"not_picked":["CutThroughFate","PathToVictory"],"picked":"BattleHymn","floor":14},{"not_picked":["Devotion","Alpha"],"picked":"Scrawl","floor":16},{"not_picked":["Evaluate","Halt"],"picked":"EmptyBody","floor":17},{"not_picked":["FollowUp+1","BowlingBash","EmptyMind"],"picked":"SKIP","floor":18},{"not_picked":["CarveReality","BattleHymn"],"picked":"Evaluate+1","floor":19},{"not_picked":["JustLucky","FollowUp"],"picked":"LessonLearned","floor":21}],"player_experience":420970,"relics_obtained":[{"floor":8,"key":"Kunai"},{"floor":8,"key":"Pear"},{"floor":9,"key":"Ancient Tea Set"},{"floor":14,"key":"CloakClasp"},{"floor":14,"key":"Bottled Flame"}],"event_choices":[{"damage_healed":0,"gold_gain":75,"player_choice":"Gold","damage_taken":11,"max_hp_gain":0,"max_hp_loss":0,"event_name":"betterThird:BetterGoop","floor":2,"gold_loss":0},{"cards_removed":["Strike_P"],"damage_healed":0,"gold_gain":0,"player_choice":"Card Removal","damage_taken":0,"max_hp_gain":0,"max_hp_loss":0,"event_name":"The Cleric","floor":3,"gold_loss":75},{"damage_healed":0,"gold_gain":0,"player_choice":"Lose Max HP","damage_taken":0,"relics_obtained":["Golden Idol"],"max_hp_gain":0,"max_hp_loss":6,"event_name":"Golden Idol","floor":7,"gold_loss":0},{"cards_removed":["Strike_P"],"damage_healed":0,"gold_gain":0,"player_choice":"Card Removal","damage_taken":7,"max_hp_gain":0,"max_hp_loss":0,"event_name":"Golden Wing","floor":10,"gold_loss":0},{"damage_healed":15,"gold_gain":0,"player_choice":"Heal","damage_taken":0,"max_hp_gain":0,"max_hp_loss":0,"event_name":"The Library","floor":20,"gold_loss":0}],"is_beta":false,"boss_relics":[{"not_picked":["Runic Dome","Empty Cage"],"picked":"Tiny House"}],"items_purged_floors":[22],"is_endless":false,"potions_floor_spawned":[1,8,18,19],"killed_by":"Slavers","ascension_level":17}}