{"host":"g1wmg2w41xhsnw8g","time":1608100286,"event":{"mods":["2.2 Compatiblity","Act Like it!","BaseMod","Better Altar","Better Match","Better Note","Better Sensory Stone","Better Skull","Better Third Choice","BetterRewards","Booster Modes","CapriCore","Colored Map","Colored Powertips","Curses Come First","Defuse TimeMaze Blight","Displayed Cursed Tome","Downfall","Friendly Minions","GifTheSpireLib","Googly Eyes","Minty Spire (QoL Compilation)","Red Circlet Mod","Relic Sorter","SCP261 Mod","Shop Mod","Spicy Shops","StSLib","The Poker Player","The Sage","Transform Curses","????"],"gold_per_floor":[119,119,131,144,124,124,124,124,124],"floor_reached":7,"playtime":443,"items_purged":[],"score":68,"play_id":"a21ab096-d3e7-49ec-bafc-94cc764cfee5","local_time":"20201216013126","daily_mods":["SealedDeck","Specialized","Heirloom","downfall:Improvised","Elite Swarm"],"is_ascension_mode":true,"metric_token":2066,"campfire_choices":[{"data":"PokerPlayerMod:CloakAndDiamond","floor":6,"key":"SMITH"}],"circlet_count":0,"master_deck":["sneckomod:UnknownCommonAttack","sneckomod:UnknownCommonAttack","sneckomod:UnknownCommonAttack","sneckomod:UnknownCommonSkill","sneckomod:UnknownCommonSkill","sneckomod:UnknownCommonSkill","sneckomod:UnknownUncommonAttack","sneckomod:UnknownUncommonSkill","sneckomod:UnknownUncommonPower","sneckomod:Unknown","PokerPlayerMod:FlyingCard","PokerPlayerMod:FlyingCard","PokerPlayerMod:FlyingCard","PokerPlayerMod:FlyingCard","PokerPlayerMod:FlyingCard","sneckomod:UnknownClassGUARDIAN","PokerPlayerMod:Club5","sneckomod:UnknownStrength","sneckomod:UnknownDexterity","sneckomod:UnknownUncommonPower","PokerPlayerMod:Club7","PokerPlayerMod:Diamond5","PokerPlayerMod:Club7","PokerPlayerMod:CloakAndDiamond+1","sneckomod:SerpentIdol","PokerPlayerMod:DiamondStrike"],"relics":["PokerPlayerMod:DeckCase","TungstenRod","betterThird:SlimedRelic"],"acts_visited":["Exordium"],"potions_floor_usage":[],"damage_taken":[{"damage":10,"enemies":"2 Louse","floor":1,"turns":2},{"damage":0,"enemies":"Cultist","floor":3,"turns":2},{"damage":17,"enemies":"Jaw Worm","floor":4,"turns":3},{"damage":16,"enemies":"Lagavulin","floor":7,"turns":3}],"seed_played":"4018798336077106478","potions_obtained":[{"floor":1,"key":"SpeedPotion"}],"is_trial":true,"path_per_floor":["M","?","M","M","?","R","E"],"character_chosen":"THE_POKER_PLAYER","items_purchased":[],"campfire_rested":0,"item_purchase_floors":[],"current_hp_per_floor":[42,42,42,25,15,15,0,0,0],"gold":124,"neow_bonus":"","is_daily":false,"chose_seed":false,"campfire_upgraded":1,"win_rate":0.0,"timestamp":1608100286,"path_taken":["M","?","?","M","?","R","E"],"items_purchased_type":[],"build_version":"2020-12-13","purchased_purges":0,"victory":false,"max_hp_per_floor":[52,52,52,52,52,52,52,52,52],"card_choices":[{"not_picked":["PokerPlayerMod:Club3","PokerPlayerMod:Spade1","PokerPlayerMod:MagicTrick"],"picked":"SKIP","floor":1},{"not_picked":["PokerPlayerMod:Spade2","sneckomod:QuickMove","sneckomod:IronFang"],"picked":"SKIP","floor":3},{"not_picked":["PokerPlayerMod:DartThrow","sneckomod:QuickBite"],"picked":"PokerPlayerMod:DiamondStrike","floor":4}],"player_experience":1419056,"relics_obtained":[],"event_choices":[{"damage_healed":0,"gold_gain":0,"player_choice":"Ignored","damage_taken":0,"max_hp_gain":0,"max_hp_loss":0,"event_name":"Purifier","floor":2,"gold_loss":0},{"damage_healed":0,"gold_gain":0,"player_choice":"Slimed","damage_taken":11,"max_hp_gain":0,"max_hp_loss":0,"event_name":"betterThird:BetterGoop","floor":5,"gold_loss":20}],"is_beta":false,"boss_relics":[],"items_purged_floors":[],"is_endless":false,"potions_floor_spawned":[1],"killed_by":"Lagavulin","ascension_level":1}}