{"host":"6yfy5wueb7t1frtr","time":1608093493,"event":{"mods":["2.2 Compatiblity","AchievementEnabler","BaseMod","Colored Map","DeckTracker","Highlight Path","KOR Keyword Fix","Keyboard Shortcuts","Minty Spire (QoL Compilation)","Permanent Neow","Quick Restart","StSLib","SuperFastMode","everything is the same but u backflip on backflip"],"gold_per_floor":[112,131,11,186,461,487,497,497,497,497,521,521,551,160,160,160,160],"floor_reached":16,"playtime":602,"items_purged":["Regret"],"score":138,"play_id":"b22d32f5-9a29-4102-ba07-413af90ded33","local_time":"20201216133813","is_ascension_mode":true,"campfire_choices":[{"data":"Whirlwind","floor":8,"key":"SMITH"},{"data":"Shrug It Off","floor":10,"key":"SMITH"},{"data":"Cleave","floor":12,"key":"SMITH"},{"floor":15,"key":"REST"}],"circlet_count":0,"master_deck":["Strike_R","Strike_R","Strike_R","Defend_R","Defend_R","Defend_R","Defend_R","Bash","Battle Trance","Whirlwind+1","Shrug It Off+1","Doubt","Cleave+1","Rage","Flash of Steel"],"relics":["Empty Cage","CaptainsWheel","InkBottle","Juzu Bracelet","PreservedInsect","Membership Card","Unceasing Top"],"acts_visited":["Exordium"],"potions_floor_usage":[6,13,13],"damage_taken":[{"damage":4,"enemies":"Jaw Worm","floor":1,"turns":5},{"damage":0,"enemies":"Small Slimes","floor":2,"turns":3},{"damage":20,"enemies":"Gremlin Nob","floor":6,"turns":3},{"damage":12,"enemies":"Cultist","floor":7,"turns":4},{"damage":8,"enemies":"Lagavulin","floor":13,"turns":8},{"damage":51,"enemies":"The Guardian","floor":16,"turns":13}],"seed_played":"-1082681810871699954","potions_obtained":[{"floor":1,"key":"AttackPotion"},{"floor":6,"key":"ElixirPotion"},{"floor":7,"key":"Dexterity Potion"}],"is_trial":false,"path_per_floor":["M","M","$","?","?","E","M","R","T","R","T","R","E","$","R","B"],"character_chosen":"IRONCLAD","items_purchased":["Whirlwind","Shrug It Off","Membership Card","Unceasing Top","Flash of Steel"],"campfire_rested":1,"item_purchase_floors":[3,3,14,14,14],"current_hp_per_floor":[68,68,68,68,68,48,36,36,36,36,36,36,28,28,52,1,1],"gold":160,"neow_bonus":"BOSS_RELIC","is_daily":false,"chose_seed":false,"campfire_upgraded":3,"win_rate":0.0,"timestamp":1608093493,"path_taken":["M","M","$","?","?","E","?","R","T","R","?","R","E","$","R","BOSS"],"items_purchased_type":["Card","Card","Relic","Relic","Card"],"build_version":"2020-12-13","purchased_purges":1,"victory":false,"max_hp_per_floor":[80,80,80,80,80,80,80,80,80,80,80,80,80,80,80,80,80],"card_choices":[{"not_picked":["Sentinel","Sword Boomerang"],"picked":"Battle Trance","floor":1},{"not_picked":["Carnage","Rupture","Second Wind"],"picked":"SKIP","floor":2},{"not_picked":["Iron Wave","Metallicize","Blood for Blood"],"picked":"SKIP","floor":6},{"not_picked":["Anger","Wild Strike"],"picked":"Cleave","floor":7},{"not_picked":["Warcry","Sentinel"],"picked":"Rage","floor":13}],"player_experience":163729,"relics_obtained":[{"floor":6,"key":"CaptainsWheel"},{"floor":9,"key":"InkBottle"},{"floor":11,"key":"Juzu Bracelet"},{"floor":13,"key":"PreservedInsect"}],"event_choices":[{"damage_healed":0,"gold_gain":175,"player_choice":"AGREE","damage_taken":0,"max_hp_gain":0,"max_hp_loss":0,"event_name":"Liars Game","floor":4,"gold_loss":0,"cards_obtained":["Doubt"]},{"damage_healed":0,"gold_gain":275,"player_choice":"Desecrate","damage_taken":0,"max_hp_gain":0,"max_hp_loss":0,"event_name":"Golden Shrine","floor":5,"gold_loss":0,"cards_obtained":["Regret"]}],"is_beta":false,"boss_relics":[],"items_purged_floors":[14],"is_endless":false,"potions_floor_spawned":[1,6,7],"killed_by":"The Guardian","ascension_level":6}}