{"host":"j61pjxqytd94o6ng","time":1608079696,"event":{"mods":["BaseMod","Bestiary","Colored Map","Colored Powertips","Curses Come First","Filter the Spire","Minty Spire (QoL Compilation)","StSLib"],"gold_per_floor":[209,6,25,25,45,45,45,45,45,45,65,79,99,115,115,192,192,205,221,18,18,18,50,63,77,77,77,77],"floor_reached":27,"playtime":1203,"items_purged":["Strike_G","Strike_G"],"score":375,"play_id":"193aa640-e158-470c-9094-b4e0f738be15","local_time":"20201215174816","is_ascension_mode":true,"campfire_choices":[{"data":"Footwork","floor":6.0,"key":"SMITH"},{"data":"All Out Attack","floor":8.0,"key":"SMITH"},{"data":"Terror","floor":15.0,"key":"SMITH"}],"circlet_count":0,"master_deck":["AscendersBane","Strike_G","Strike_G","Strike_G","Defend_G","Defend_G","Defend_G","Defend_G","Survivor+1","Neutralize","All Out Attack+1","Footwork+1","PiercingWail+1","Outmaneuver","Terror+1","Well Laid Plans","Masterful Stab","After Image","Cloak And Dagger","Backflip","Venomology","Footwork","Venomology","Choke","Dodge and Roll","Noxious Fumes"],"relics":["Ring of the Snake","Membership Card","The Courier","Gremlin Horn","Philosopher\u0027s Stone","Medical Kit","Lantern","CeramicFish"],"acts_visited":["Exordium","TheCity"],"potions_floor_usage":[23,24,24,25,27,27],"damage_taken":[{"damage":1.0,"enemies":"Jaw Worm","floor":1.0,"turns":5.0},{"damage":0.0,"enemies":"Cultist","floor":3.0,"turns":5.0},{"damage":0.0,"enemies":"2 Louse","floor":5.0,"turns":2.0},{"damage":0.0,"enemies":"Looter","floor":11.0,"turns":4.0},{"damage":5.0,"enemies":"Blue Slaver","floor":12.0,"turns":4.0},{"damage":0.0,"enemies":"2 Fungi Beasts","floor":13.0,"turns":3.0},{"damage":2.0,"enemies":"Red Slaver","floor":14.0,"turns":4.0},{"damage":15.0,"enemies":"The Guardian","floor":16.0,"turns":13.0},{"damage":1.0,"enemies":"2 Thieves","floor":18.0,"turns":4.0},{"damage":3.0,"enemies":"Shell Parasite","floor":19.0,"turns":7.0},{"damage":15,"enemies":"Gremlin Leader","floor":23,"turns":9},{"damage":12,"enemies":"Snake Plant","floor":24,"turns":4},{"damage":12,"enemies":"Centurion and Healer","floor":25,"turns":7},{"damage":12,"enemies":"Snecko","floor":27,"turns":2}],"seed_played":"-1373809719595619200","potions_obtained":[{"floor":1.0,"key":"BlessingOfTheForge"},{"floor":3.0,"key":"DuplicationPotion"},{"floor":12.0,"key":"AttackPotion"},{"floor":25,"key":"Explosive Potion"}],"is_trial":false,"path_per_floor":["M","$","M","?","M","R","?","R","T","?","M","M","M","M","R","B",null,"M","M","$","?","?","E","M","M","T","M"],"character_chosen":"THE_SILENT","items_purchased":["Membership Card","Footwork","Medical Kit","Venomology","Footwork"],"campfire_rested":0,"item_purchase_floors":[2,2,20,20,20],"current_hp_per_floor":[62,62,62,62,62,62,62,62,62,48,48,43,43,41,41,26,59,58,55,55,42,42,27,15,3,3,0,0],"gold":77,"neow_bonus":"HUNDRED_GOLD","is_daily":false,"chose_seed":false,"campfire_upgraded":3,"win_rate":0.0,"timestamp":1608079696,"path_taken":["M","$","M","?","?","R","?","R","T","?","M","M","M","M","R","BOSS","M","M","$","?","?","E","M","?","T","M"],"items_purchased_type":["Relic","Card","Relic","Card","Card"],"build_version":"2020-12-13","purchased_purges":2,"victory":false,"max_hp_per_floor":[70,70,70,70,70,70,70,70,70,70,70,70,70,70,70,70,70,70,70,70,75,75,75,75,75,75,75,75],"card_choices":[{"not_picked":["Bane","Underhanded Strike"],"picked":"All Out Attack","floor":1.0},{"not_picked":["Underhanded Strike","Skewer"],"picked":"PiercingWail","floor":3.0},{"not_picked":["Dagger Throw","Flechettes"],"picked":"Outmaneuver","floor":5.0},{"not_picked":["Poisoned Stab","Underhanded Strike"],"picked":"Terror","floor":11.0},{"not_picked":["Expertise","Quick Slash","Underhanded Strike"],"picked":"SKIP","floor":12.0},{"not_picked":["Poisoned Stab","Finisher"],"picked":"Well Laid Plans","floor":13.0},{"not_picked":["Outmaneuver","Flying Knee"],"picked":"Masterful Stab","floor":14.0},{"not_picked":["Bullet Time","Envenom"],"picked":"After Image","floor":16.0},{"not_picked":["Setup+1","Outmaneuver"],"picked":"Cloak And Dagger","floor":18.0},{"not_picked":["Slice","Quick Slash"],"picked":"Backflip","floor":19.0},{"not_picked":["Backflip","Slice"],"picked":"Choke","floor":23},{"not_picked":["Flying Knee","Dagger Spray"],"picked":"Dodge and Roll","floor":24},{"not_picked":["Slice+1","Bouncing Flask"],"picked":"Noxious Fumes","floor":25}],"player_experience":444788,"relics_obtained":[{"floor":9.0,"key":"Gremlin Horn"},{"floor":23,"key":"Lantern"},{"floor":26,"key":"CeramicFish"}],"event_choices":[{"damage_healed":0.0,"max_hp_gain":0.0,"max_hp_loss":0.0,"gold_gain":0.0,"event_name":"WeMeetAgain","player_choice":"Gave Potion","floor":4.0,"gold_loss":0.0,"damage_taken":0.0,"relics_obtained":["The Courier"]},{"cards_removed":["Defend_G"],"damage_healed":0.0,"max_hp_gain":0.0,"max_hp_loss":0.0,"gold_gain":0.0,"event_name":"Living Wall","player_choice":"Forget","floor":7.0,"gold_loss":0.0,"damage_taken":0.0},{"damage_healed":0.0,"max_hp_gain":0.0,"max_hp_loss":0.0,"gold_gain":0.0,"event_name":"Shining Light","player_choice":"Entered Light","floor":10.0,"gold_loss":0.0,"damage_taken":14.0,"cards_upgraded":["Survivor","PiercingWail"]},{"damage_healed":0.0,"max_hp_gain":5.0,"max_hp_loss":0.0,"gold_gain":0.0,"event_name":"Forgotten Altar","player_choice":"Shed Blood","floor":21.0,"gold_loss":0.0,"damage_taken":18.0},{"damage_healed":0.0,"max_hp_gain":0.0,"max_hp_loss":0.0,"gold_gain":0.0,"event_name":"Match and Keep!","player_choice":"1 cards matched","floor":22.0,"gold_loss":0.0,"damage_taken":0.0,"cards_obtained":["Venomology"]}],"is_beta":false,"boss_relics":[{"not_picked":["SacredBark","Fusion Hammer"],"picked":"Philosopher\u0027s Stone"}],"items_purged_floors":[2,20],"is_endless":false,"potions_floor_spawned":[1,3,12,13,25],"killed_by":"Snecko","ascension_level":13}}