{"host":"wshh0nphwn6jv7vj","time":1608101229,"event":{"mods":["BaseMod","Bestiary","Minty Spire (QoL Compilation)"],"gold_per_floor":[116,191,205,205,222,222,249,249,249,249,2,2,37,55,55,130,130,148,159,159,159,177,202,230,230,275,275,285,316,332,332,332,407,407,426,426,451,37,51,51,51],"floor_reached":40,"playtime":2364,"items_purged":["Strike_G","Strike_G+1"],"score":879,"play_id":"8534d909-f674-4829-b8af-118a43f9a5d4","local_time":"20201216014709","is_ascension_mode":true,"campfire_choices":[{"data":"Neutralize","floor":6,"key":"SMITH"},{"data":"Poisoned Stab","floor":8,"key":"SMITH"},{"data":"Poisoned Stab","floor":10,"key":"SMITH"},{"data":"Bouncing Flask","floor":15,"key":"SMITH"},{"floor":25,"key":"REST"},{"floor":27,"key":"REST"},{"floor":32,"key":"REST"}],"circlet_count":0,"master_deck":["AscendersBane","Defend_G+1","Defend_G+1","Defend_G+1","Defend_G+1","Defend_G+1","Survivor","Neutralize+1","Well Laid Plans","Poisoned Stab+1","Poisoned Stab+1","Slice","Mayhem","Bouncing Flask+1","Adrenaline","Calculated Gamble+1","Footwork+1","Grand Finale+1","Prepared","Dagger Spray+1","RitualDagger","Dash+1","Footwork+1","Crippling Poison","PiercingWail","Die Die Die","Leg Sweep+1","Footwork","Acrobatics","Deflect"],"relics":["Ring of the Snake","CaptainsWheel","WingedGreaves","HornCleat","Pen Nib","Astrolabe","Whetstone","Tiny Chest","Nunchaku","The Courier","Runic Pyramid","Toy Ornithopter","MealTicket"],"acts_visited":["Exordium","TheCity","TheBeyond"],"potions_floor_usage":[13,19,23,24,28,30],"damage_taken":[{"damage":0,"enemies":"2 Louse","floor":1,"turns":4},{"damage":0,"enemies":"Jaw Worm","floor":3,"turns":7},{"damage":0,"enemies":"Cultist","floor":5,"turns":4},{"damage":22,"enemies":"Gremlin Nob","floor":7,"turns":5},{"damage":14,"enemies":"Lagavulin","floor":13,"turns":7},{"damage":0,"enemies":"Large Slime","floor":14,"turns":5},{"damage":0,"enemies":"Hexaghost","floor":16,"turns":7},{"damage":0,"enemies":"Spheric Guardian","floor":18,"turns":4},{"damage":2,"enemies":"Shell Parasite","floor":19,"turns":4},{"damage":3,"enemies":"Shelled Parasite and Fungi","floor":22,"turns":7},{"damage":5,"enemies":"Book of Stabbing","floor":23,"turns":4},{"damage":31,"enemies":"Slavers","floor":24,"turns":6},{"damage":0,"enemies":"3 Cultists","floor":28,"turns":5},{"damage":32,"enemies":"Gremlin Leader","floor":29,"turns":7},{"damage":0,"enemies":"Snecko","floor":30,"turns":4},{"damage":19,"enemies":"Collector","floor":33,"turns":10},{"damage":20,"enemies":"3 Darklings","floor":35,"turns":6},{"damage":0,"enemies":"3 Shapes","floor":39,"turns":5},{"damage":46,"enemies":"Nemesis","floor":40,"turns":10}],"seed_played":"8427170275116809684","potions_obtained":[{"floor":1,"key":"Fire Potion"},{"floor":5,"key":"Regen Potion"},{"floor":13,"key":"Fire Potion"},{"floor":18,"key":"LiquidBronze"},{"floor":23,"key":"SkillPotion"},{"floor":24,"key":"SkillPotion"},{"floor":29,"key":"DistilledChaos"},{"floor":30,"key":"FearPotion"},{"floor":33,"key":"Poison Potion"}],"is_trial":false,"path_per_floor":["M","?","M","?","M","R","E","R","T","R","$","?","E","M","R","B",null,"M","M","?","?","M","E","E","R","T","R","M","E","M","?","R","B",null,"M","?","T","$","M","E"],"character_chosen":"THE_SILENT","items_purchased":["Mayhem","Toy Ornithopter","Footwork","MealTicket","Acrobatics"],"campfire_rested":3,"item_purchase_floors":[11,38,38,38,38],"current_hp_per_floor":[59,48,48,53,53,53,31,31,31,31,31,31,32,32,32,32,57,57,55,55,49,46,41,10,29,29,48,48,16,16,16,35,16,53,33,33,33,33,33,0,0],"gold":51,"neow_bonus":"ONE_RARE_RELIC","is_daily":false,"chose_seed":false,"campfire_upgraded":4,"win_rate":0.0,"timestamp":1608101229,"path_taken":["M","?","M","?","?","R","E","R","T","R","$","?","E","M","R","BOSS","M","M","?","?","M","E","E","R","T","R","?","E","M","?","R","BOSS","M","?","?","$","M","E"],"items_purchased_type":["Card","Relic","Card","Relic","Card"],"build_version":"2020-12-13","purchased_purges":2,"victory":false,"max_hp_per_floor":[60,60,60,65,65,65,65,65,65,65,65,65,65,65,65,65,65,65,65,65,65,65,65,65,65,65,65,65,65,65,65,65,65,65,65,65,65,65,65,65,65],"card_choices":[{"not_picked":["Slice","Leg Sweep"],"picked":"Well Laid Plans","floor":1},{"not_picked":["Finisher","Dodge and Roll"],"picked":"Poisoned Stab","floor":3},{"not_picked":["Deadly Poison","Blur"],"picked":"Poisoned Stab","floor":5},{"not_picked":["Blade Dance","Prepared"],"picked":"Slice","floor":7},{"not_picked":["Storm of Steel","Eviscerate","Underhanded Strike"],"picked":"SKIP","floor":13},{"not_picked":["Predator","Escape Plan"],"picked":"Bouncing Flask","floor":14},{"not_picked":["Glass Knife","Doppelganger"],"picked":"Adrenaline","floor":16},{"not_picked":["PiercingWail","Outmaneuver"],"picked":"Prepared","floor":18},{"not_picked":["Sucker Punch","Quick Slash"],"picked":"Dagger Spray","floor":19},{"not_picked":["Glass Knife","Concentrate+1"],"picked":"Dash","floor":22},{"not_picked":["Dagger Spray","Envenom"],"picked":"Footwork+1","floor":23},{"not_picked":["Deadly Poison","Eviscerate","Acrobatics"],"picked":"SKIP","floor":24},{"not_picked":["Quick Slash","Dagger Spray"],"picked":"Crippling Poison","floor":28},{"not_picked":["Outmaneuver","Dagger Spray","Prepared"],"picked":"SKIP","floor":29},{"not_picked":["Outmaneuver","Dagger Spray","Prepared"],"picked":"SKIP","floor":29},{"not_picked":["Bane","Slice"],"picked":"PiercingWail","floor":30},{"not_picked":["Malaise","Glass Knife"],"picked":"Die Die Die","floor":33},{"not_picked":["Cloak And Dagger","Outmaneuver"],"picked":"Leg Sweep+1","floor":35},{"not_picked":["Prepared","Blade Dance"],"picked":"Deflect","floor":39}],"player_experience":1420928,"relics_obtained":[{"floor":7,"key":"WingedGreaves"},{"floor":9,"key":"HornCleat"},{"floor":13,"key":"Pen Nib"},{"floor":23,"key":"Whetstone"},{"floor":24,"key":"Tiny Chest"},{"floor":26,"key":"Nunchaku"},{"floor":29,"key":"The Courier"}],"event_choices":[{"damage_healed":0,"gold_gain":75,"player_choice":"Gather Gold","damage_taken":11,"max_hp_gain":0,"max_hp_loss":0,"event_name":"World of Goop","floor":2,"gold_loss":0},{"damage_healed":0,"gold_gain":0,"player_choice":"Donut","damage_taken":0,"max_hp_gain":5,"max_hp_loss":0,"event_name":"Big Fish","floor":4,"gold_loss":0},{"damage_healed":0,"gold_gain":0,"player_choice":"Ignored","damage_taken":0,"max_hp_gain":0,"max_hp_loss":0,"event_name":"Liars Game","floor":12,"gold_loss":0},{"damage_healed":0,"gold_gain":0,"player_choice":"Ignored","damage_taken":0,"max_hp_gain":0,"max_hp_loss":0,"event_name":"Vampires","floor":20,"gold_loss":0},{"damage_healed":0,"gold_gain":0,"player_choice":"Joined the Cult","damage_taken":6,"max_hp_gain":0,"max_hp_loss":0,"event_name":"Nest","floor":21,"gold_loss":0,"cards_obtained":["RitualDagger"]},{"damage_healed":0,"gold_gain":0,"player_choice":"Simplicity","damage_taken":0,"max_hp_gain":0,"max_hp_loss":0,"event_name":"Back to Basics","floor":31,"gold_loss":0,"cards_upgraded":["Strike_G","Defend_G","Defend_G","Defend_G","Defend_G","Defend_G"]},{"damage_healed":0,"gold_gain":0,"player_choice":"0 cards matched","damage_taken":0,"max_hp_gain":0,"max_hp_loss":0,"event_name":"Match and Keep!","floor":36,"gold_loss":0,"cards_obtained":[]}],"is_beta":false,"boss_relics":[{"not_picked":["HoveringKite","Ring of the Serpent"],"picked":"Astrolabe"},{"not_picked":["Pandora\u0027s Box","Busted Crown"],"picked":"Runic Pyramid"}],"items_purged_floors":[11,38],"is_endless":false,"potions_floor_spawned":[1,5,13,18,23,24,29,30,33],"killed_by":"Nemesis","ascension_level":15}}