{"host":"sabve5zmqufxyc5o","time":1608118383,"event":{"mods":["2.2 Compatiblity","AchievementEnabler","Act Like it!","Ascension Reborn","Aspiration","BaseMod","Block Reminder","Colored Map","Colored Powertips","DeckTracker","KOR Keyword Fix","Keyboard Shortcuts","Minty Spire (QoL Compilation)","MostiFishMod","Quick Restart","Rare Cards Sparkle","Relic Stats","Replay The Spire","StSLib","SuperFastMode"],"gold_per_floor":[110,122,122,33,47,57,57,57,18,38,65,81,81,100,100,113,113,190,190,205,145,157,56,76,76,128,145,219,139,152,165,165,193,193,193,193],"floor_reached":35,"playtime":1012,"items_purged":["Strike_B","Strike_B"],"score":546,"play_id":"44e271a9-3003-4153-be08-5605e8ccd5eb","local_time":"20201216203303","is_ascension_mode":true,"campfire_choices":[{"floor":15.0,"key":"REST"},{"data":"Defragment","floor":17.0,"key":"SMITH"},{"floor":25.0,"key":"REST"},{"floor":32.0,"key":"REST"},{"floor":34,"key":"REST"}],"circlet_count":0,"master_deck":["AscendersBane","Defend_B","Defend_B","Defend_B","Defend_B","Zap","Dualcast","BasicCrystalCard","Coolheaded","Defragment+1","Go for the Eyes","Cold Snap","FTL","Blizzard","Gash","Gash","Cold Snap","Cold Snap","Panic Button","Compile Driver","BootSequence","Undo","Beam Cell","Crystallizer+1"],"relics":["Cracked Core","DaveBox","Oddly Smooth Stone","aspiration:FaultyCoupler","ImportantClient","Pet Ghost","Frozen Egg 2","Chameleon Ring"],"acts_visited":["Exordium","TheCity"],"potions_floor_usage":[33,33],"damage_taken":[{"damage":1.0,"enemies":"Cultist","floor":1.0,"turns":3.0},{"damage":1.0,"enemies":"2 Louse","floor":2.0,"turns":3.0},{"damage":16.0,"enemies":"Jaw Worm","floor":5.0,"turns":6.0},{"damage":5.0,"enemies":"Red Slaver","floor":6.0,"turns":5.0},{"damage":10.0,"enemies":"2 Fungi Beasts","floor":10.0,"turns":4.0},{"damage":13.0,"enemies":"Large Slime","floor":12.0,"turns":6.0},{"damage":0.0,"enemies":"Looter","floor":14.0,"turns":4.0},{"damage":3.0,"enemies":"2 Fungi Beasts","floor":16.0,"turns":3.0},{"damage":12.0,"enemies":"Hexaghost","floor":18.0,"turns":10.0},{"damage":9.0,"enemies":"Shell Parasite","floor":20.0,"turns":7.0},{"damage":21.0,"enemies":"3 Byrds","floor":22.0,"turns":9.0},{"damage":28.0,"enemies":"Shelled Parasite and Fungi","floor":24.0,"turns":7.0},{"damage":2.0,"enemies":"3 Cultists","floor":27.0,"turns":6.0},{"damage":15.0,"enemies":"Snake Plant","floor":30.0,"turns":8.0},{"damage":0.0,"enemies":"Sentry and Sphere","floor":31.0,"turns":8.0},{"damage":17,"enemies":"Slavers","floor":33,"turns":10},{"damage":33,"enemies":"Automaton","floor":35,"turns":6}],"seed_played":"-8396010968289208456","potions_obtained":[{"floor":1.0,"key":"PotionOfCapacity"},{"floor":6.0,"key":"SteroidPotion"},{"floor":18.0,"key":"Energy Potion"},{"floor":27.0,"key":"SkillPotion"},{"floor":31.0,"key":"SteroidPotion"}],"is_trial":false,"path_per_floor":["M","M","?","$","M","M","PTL","PTL","$","M","T","M","T","M","R","M","R","B",null,"M","$","M","$","M","R","T","M","T","?","M","M","R","E","R","B"],"character_chosen":"DEFECT","items_purchased":["Defragment","FTL","Compile Driver"],"campfire_rested":4,"item_purchase_floors":[4,9,23],"current_hp_per_floor":[63,62,62,62,46,41,41,41,41,31,31,18,18,18,39,36,36,24,59,50,50,29,29,1,22,22,20,20,20,5,5,26,9,30,0,0],"gold":193,"neow_bonus":"REMOVE_CARD","is_daily":false,"chose_seed":false,"campfire_upgraded":1,"win_rate":0.0,"timestamp":1608118383,"path_taken":["M","?","?","$","M","M","PTL","PTL","$","M","T","M","?","M","R","M","R","BOSS","M","$","M","$","M","R","?","M","T","?","M","M","R","E","R","BOSS"],"items_purchased_type":["Card","Card","Card"],"build_version":"2020-12-13","purchased_purges":2,"victory":false,"max_hp_per_floor":[71,71,71,71,71,71,71,71,71,71,71,71,71,71,71,71,71,71,71,71,71,71,71,71,71,71,71,71,71,71,71,71,71,71,71,71],"relic_stats":{"counters":[17,105],"obtain_stats":[{"Chameleon Ring":33,"DaveBox":0,"Oddly Smooth Stone":11,"Frozen Egg 2":28,"Cracked Core":0,"Pet Ghost":26,"aspiration:FaultyCoupler":13,"ImportantClient":16},{"Chameleon Ring":16,"DaveBox":0,"Oddly Smooth Stone":5,"Frozen Egg 2":13,"Cracked Core":0,"Pet Ghost":12,"aspiration:FaultyCoupler":6,"ImportantClient":8},{"Chameleon Ring":99,"DaveBox":0,"Oddly Smooth Stone":21,"Frozen Egg 2":73,"Cracked Core":0,"Pet Ghost":67,"aspiration:FaultyCoupler":27,"ImportantClient":34}]},"card_choices":[{"not_picked":["Auto Shields","ReplayTheSpireMod:System Scan"],"picked":"BasicCrystalCard","floor":1.0},{"not_picked":["FTL","Leap"],"picked":"Coolheaded","floor":2.0},{"not_picked":["ReplayTheSpireMod:GoodbyeWorld","Redo"],"picked":"Go for the Eyes","floor":5.0},{"not_picked":["FIFO Queue","ReplayTheSpireMod:System Scan"],"picked":"Cold Snap","floor":6.0},{"not_picked":["MostiFishMod:ReadyAimFire","Steam"],"picked":"Blizzard","floor":10.0},{"not_picked":["Hologram","ReplayTheSpireMod:System Scan"],"picked":"Gash","floor":12.0},{"not_picked":["ReplayTheSpireMod:Calculation Training","Sweeping Beam"],"picked":"Gash","floor":14.0},{"not_picked":["Genetic Algorithm","Steam"],"picked":"Cold Snap","floor":16.0},{"not_picked":["Static Discharge","Steam Power"],"picked":"Cold Snap","floor":20.0},{"not_picked":["Go for the Eyes","Conserve Battery"],"picked":"Panic Button","floor":22.0},{"not_picked":["Conserve Battery","Redo","Panic Button"],"picked":"SKIP","floor":24.0},{"not_picked":["Rip and Tear+1","BasicCrystalCard+1"],"picked":"BootSequence","floor":27.0},{"not_picked":["Go for the Eyes","Steam"],"picked":"Undo","floor":30.0},{"not_picked":["Ball Lightning","Stack"],"picked":"Beam Cell","floor":31.0},{"not_picked":["White Noise","Gash"],"picked":"Crystallizer+1","floor":33}],"player_experience":780524,"relics_obtained":[{"floor":11.0,"key":"Oddly Smooth Stone"},{"floor":13.0,"key":"aspiration:FaultyCoupler"},{"floor":16.0,"key":"ImportantClient"},{"floor":26.0,"key":"Pet Ghost"},{"floor":28.0,"key":"Frozen Egg 2"},{"floor":33,"key":"Chameleon Ring"}],"event_choices":[],"is_beta":false,"boss_relics":[{"not_picked":["BirthdayGift-Icosahedron","Ring of Chaos","aspiration:SecretTechniqueScroll"]}],"items_purged_floors":[21,23],"is_endless":false,"potions_floor_spawned":[1,6,10,12,18,22,24,27,31],"killed_by":"Automaton","ascension_level":20}}