{"host":"c4mm8falyg7qgorf","time":1608114547,"event":{"mods":["BaseMod","FoggyMod","Minty Spire (QoL Compilation)","Replay The Spire","Shop Mod","StSLib","Thieving Mod","UnlockEverythingMod","vexMod","¡¾ÒÅÎï¿¨ÅÆ¡¿REMEMod","óô»ðÖ¸ÄÏ"],"gold_per_floor":[111,186,461,476,527,552,702,702,702],"floor_reached":8,"playtime":117,"items_purged":[],"score":158,"play_id":"322ef740-579a-4bca-b407-168e4d717466","local_time":"20201216182907","is_ascension_mode":true,"campfire_choices":[],"circlet_count":0,"master_deck":["AscendersBane","Strike_R","Strike_R","Strike_R","Strike_R","Strike_R","Defend_R","Defend_R","Defend_R","Defend_R","Bash","REME_CRH","Infernal Blade","Regret","Flex","Heavy Blade","Double Tap","Doubt"],"relics":["Burning Blood","REME_ComplimentaryCards","NeowsBlessing","Ornamental Fan","Durian"],"acts_visited":["Exordium"],"potions_floor_usage":[8],"damage_taken":[{"damage":0,"enemies":"2 Louse","floor":1,"turns":1},{"damage":0,"enemies":"Jaw Worm","floor":4,"turns":1},{"damage":0,"enemies":"3 Sentries","floor":6,"turns":1},{"damage":63,"enemies":"Gremlin Nob","floor":8,"turns":4}],"seed_played":"-9187866483691937170","potions_obtained":[{"floor":5,"key":"LiquidMemories"},{"floor":6,"key":"Explosive Potion"}],"is_trial":false,"path_per_floor":["M","?","?","M","?","E","?","E"],"character_chosen":"IRONCLAD","items_purchased":[],"campfire_rested":0,"item_purchase_floors":[],"current_hp_per_floor":[74,63,63,69,39,50,50,0,0],"gold":702,"neow_bonus":"THREE_ENEMY_KILL","is_daily":false,"chose_seed":false,"campfire_upgraded":0,"win_rate":0.0,"timestamp":1608114547,"path_taken":["M","?","?","?","?","E","?","E"],"items_purchased_type":[],"build_version":"2020-12-13","purchased_purges":0,"victory":false,"max_hp_per_floor":[75,75,75,75,75,80,80,80,80],"card_choices":[{"not_picked":["Replay:Undeath\u0027s Touch","Dropkick"],"picked":"Infernal Blade","floor":1},{"not_picked":["Headbutt","Entrench"],"picked":"Flex","floor":4},{"not_picked":["Defy Death","Pommel Strike"],"picked":"Heavy Blade","floor":5},{"not_picked":["Heavy Blade","Body Slam"],"picked":"Double Tap","floor":6}],"player_experience":175375,"relics_obtained":[{"floor":5,"key":"Ornamental Fan"},{"floor":6,"key":"Durian"}],"event_choices":[{"damage_healed":0,"gold_gain":75,"player_choice":"Gather Gold","damage_taken":11,"max_hp_gain":0,"max_hp_loss":0,"event_name":"World of Goop","floor":2,"gold_loss":0},{"damage_healed":0,"gold_gain":275,"player_choice":"Desecrate","damage_taken":0,"max_hp_gain":0,"max_hp_loss":0,"event_name":"Golden Shrine","floor":3,"gold_loss":0,"cards_obtained":["Regret"]},{"damage_healed":0,"gold_gain":150,"player_choice":"AGREE","damage_taken":0,"max_hp_gain":0,"max_hp_loss":0,"event_name":"Liars Game","floor":7,"gold_loss":0,"cards_obtained":["Doubt"]}],"is_beta":false,"boss_relics":[],"items_purged_floors":[],"is_endless":false,"potions_floor_spawned":[6],"killed_by":"Gremlin Nob","ascension_level":20}}