{"host":"p245q48pmopyklqs","time":1608095769,"event":{"mods":["AchievementEnabler","BaseMod","Better Third Choice","DeckTracker","Minty Spire (QoL Compilation)","Relic Stats","StSLib","SuperFastMode"],"gold_per_floor":[119,119,119,44,64,93,93,104,104,104,104,114,142,158,158,232,232,243,243,243,30,43,69,69,14,41,54,104,137,148,167,167,244,244,261,273,324,4,15,45,57,83,109,139,89,114,114,131,131,131,131],"floor_reached":50,"playtime":2452,"items_purged":["Strike_R","Burn+1","Strike_R","Strike_R"],"score":1260,"play_id":"ab5b4372-9840-418a-9b2a-ce42802c6a7b","local_time":"20201216141609","is_ascension_mode":true,"campfire_choices":[{"data":"Inflame","floor":7.0,"key":"SMITH"},{"data":"Whirlwind","floor":11.0,"key":"SMITH"},{"data":"Flame Barrier","floor":15.0,"key":"SMITH"},{"data":"Pummel","floor":24.0,"key":"SMITH"},{"data":"Flex","floor":32.0,"key":"SMITH"},{"data":"Sword Boomerang","floor":47.0,"key":"SMITH"},{"floor":49.0,"key":"RECALL"}],"circlet_count":0,"master_deck":["AscendersBane","Strike_R","Defend_R","Defend_R","Defend_R","Defend_R","Bash","Flame Barrier+1","Inflame+1","Whirlwind+1","Disarm","Pummel+1","Feed","Battle Trance","Offering","Sword Boomerang+1","Shockwave","Flex+1","Spot Weakness","Reaper","Shrug It Off","Double Tap","Inflame+1","Flex+1","Rage+1","Dual Wield+1"],"relics":["Burning Blood","NeowsBlessing","CaptainsWheel","FossilizedHelix","Smiling Mask","Runic Pyramid","Potion Belt","Centennial Puzzle","Magic Flower","SacredBark","Bird Faced Urn","DollysMirror","Singing Bowl","Mummified Hand","Toy Ornithopter","Turnip"],"acts_visited":["TheCity","TheBeyond"],"potions_floor_usage":[50,50],"damage_taken":[{"damage":0.0,"enemies":"Small Slimes","floor":1.0,"turns":1.0},{"damage":0.0,"enemies":"2 Louse","floor":5.0,"turns":1.0},{"damage":0.0,"enemies":"Gremlin Nob","floor":6.0,"turns":1.0},{"damage":2.0,"enemies":"Jaw Worm","floor":8.0,"turns":6.0},{"damage":0.0,"enemies":"3 Louse","floor":12.0,"turns":2.0},{"damage":20.0,"enemies":"3 Sentries","floor":13.0,"turns":5.0},{"damage":0.0,"enemies":"Gremlin Gang","floor":14.0,"turns":3.0},{"damage":31.0,"enemies":"The Guardian","floor":16.0,"turns":15.0},{"damage":0.0,"enemies":"3 Byrds","floor":18.0,"turns":3.0},{"damage":10.0,"enemies":"Shell Parasite","floor":22.0,"turns":6.0},{"damage":27.0,"enemies":"Gremlin Leader","floor":23.0,"turns":7.0},{"damage":16.0,"enemies":"Shelled Parasite and Fungi","floor":27.0,"turns":4.0},{"damage":34.0,"enemies":"Book of Stabbing","floor":29.0,"turns":6.0},{"damage":6.0,"enemies":"Sentry and Sphere","floor":30.0,"turns":4.0},{"damage":0.0,"enemies":"Cultist and Chosen","floor":31.0,"turns":5.0},{"damage":37.0,"enemies":"Collector","floor":33.0,"turns":8.0},{"damage":55.0,"enemies":"3 Darklings","floor":35.0,"turns":3.0},{"damage":33.0,"enemies":"3 Shapes","floor":36.0,"turns":12.0},{"damage":43.0,"enemies":"2 Orb Walkers","floor":37.0,"turns":4.0},{"damage":4.0,"enemies":"Sphere and 2 Shapes","floor":39.0,"turns":4.0},{"damage":143.0,"enemies":"Reptomancer","floor":40.0,"turns":8.0},{"damage":90.0,"enemies":"4 Shapes","floor":41.0,"turns":7.0},{"damage":126.0,"enemies":"Giant Head","floor":42.0,"turns":8.0},{"damage":94.0,"enemies":"Reptomancer","floor":44.0,"turns":9.0},{"damage":9.0,"enemies":"Mind Bloom Boss Battle","floor":46.0,"turns":8.0},{"damage":34.0,"enemies":"Transient","floor":48.0,"turns":6.0},{"damage":114,"enemies":"Donu and Deca","floor":50,"turns":6}],"seed_played":"-3836020820012174128","potions_obtained":[{"floor":1.0,"key":"ColorlessPotion"},{"floor":5.0,"key":"Strength Potion"},{"floor":10.0,"key":"BlessingOfTheForge"},{"floor":14.0,"key":"HeartOfIron"},{"floor":23.0,"key":"SpeedPotion"},{"floor":30.0,"key":"Ancient Potion"},{"floor":31.0,"key":"Block Potion"},{"floor":33.0,"key":"Fruit Juice"},{"floor":35.0,"key":"FearPotion"},{"floor":36.0,"key":"ElixirPotion"},{"floor":39.0,"key":"Block Potion"},{"floor":46.0,"key":"Swift Potion"},{"floor":48.0,"key":"SmokeBomb"}],"is_trial":false,"path_per_floor":["M","?","?","$","M","E","R","M","T","?","R","M","E","M","R","B",null,"M","?","?","$","M","E","R","$","T","M","?","E","M","M","R","B",null,"M","M","?","$","M","E","M","E","T","E","$","?","R","M","R","B"],"character_chosen":"IRONCLAD","items_purchased":["Offering","Sword Boomerang","DollysMirror","EntropicBrew"],"campfire_rested":0,"item_purchase_floors":[21,25,38,38],"current_hp_per_floor":[74,74,74,74,75,75,75,75,75,75,75,75,61,67,67,42,67,73,73,73,73,72,54,54,54,54,47,47,22,30,44,44,21,77,57,70,71,71,87,59,70,33,33,50,50,91,91,80,80,0,0],"gold":131,"neow_bonus":"THREE_ENEMY_KILL","is_daily":false,"chose_seed":false,"campfire_upgraded":6,"win_rate":0.0,"timestamp":1608095769,"path_taken":["M","?","?","?","M","E","R","M","T","?","R","?","E","M","R","BOSS","M","?","?","?","?","E","R","$","T","M","?","E","M","M","R","BOSS","M","?","?","$","M","E","M","E","T","E","?","?","R","M","R","BOSS"],"items_purchased_type":["Card","Card","Relic","Potion"],"build_version":"2020-12-13","purchased_purges":4,"victory":false,"max_hp_per_floor":[75,75,75,75,75,75,75,75,75,75,75,75,75,75,75,75,75,75,75,75,75,78,81,81,81,81,84,84,87,90,93,93,96,96,99,112,115,115,118,121,126,131,131,136,136,139,139,139,139,139,139],"relic_stats":{"Centennial Puzzle":[42],"Singing Bowl":6,"counters":[27,152],"Mummified Hand":[10],"Bird Faced Urn":[45],"Magic Flower":[229],"Turnip":[0],"Smiling Mask":225,"obtain_stats":[{"Potion Belt":23,"NeowsBlessing":0,"Singing Bowl":40,"SacredBark":34,"Magic Flower":29,"Smiling Mask":13,"Burning Blood":0,"CaptainsWheel":6,"Centennial Puzzle":26,"DollysMirror":38,"Mummified Hand":42,"Bird Faced Urn":37,"Turnip":46,"FossilizedHelix":9,"Toy Ornithopter":44,"Runic Pyramid":17},{"Potion Belt":11,"NeowsBlessing":0,"Singing Bowl":21,"SacredBark":16,"Magic Flower":13,"Smiling Mask":6,"Burning Blood":0,"CaptainsWheel":3,"Centennial Puzzle":11,"DollysMirror":19,"Mummified Hand":23,"Bird Faced Urn":19,"Turnip":25,"FossilizedHelix":4,"Toy Ornithopter":24,"Runic Pyramid":8},{"Potion Belt":50,"NeowsBlessing":0,"Singing Bowl":108,"SacredBark":77,"Magic Flower":60,"Smiling Mask":16,"Burning Blood":0,"CaptainsWheel":3,"Centennial Puzzle":50,"DollysMirror":96,"Mummified Hand":123,"Bird Faced Urn":96,"Turnip":140,"FossilizedHelix":9,"Toy Ornithopter":132,"Runic Pyramid":34}],"Burning Blood":174,"Toy Ornithopter":24},"card_choices":[{"not_picked":["Pummel","Entrench","Heavy Blade"],"picked":"SKIP","floor":1.0},{"not_picked":["Clash","Feel No Pain"],"picked":"Flame Barrier","floor":5.0},{"not_picked":["Burning Pact","Limit Break"],"picked":"Inflame","floor":6.0},{"not_picked":["Body Slam","Spot Weakness"],"picked":"Whirlwind","floor":8.0},{"not_picked":["Havoc","Rampage"],"picked":"Disarm","floor":12.0},{"not_picked":["True Grit","Clothesline","Armaments"],"picked":"SKIP","floor":13.0},{"not_picked":["Clash","Armaments"],"picked":"Pummel","floor":14.0},{"not_picked":["Corruption","Demon Form"],"picked":"Feed","floor":16.0},{"not_picked":["Twin Strike","Wild Strike"],"picked":"Battle Trance","floor":18.0},{"not_picked":["Armaments","Iron Wave","Immolate"],"picked":"SKIP","floor":22.0},{"not_picked":["Clash","Cleave","Bloodletting"],"picked":"SKIP","floor":23.0},{"not_picked":["Armaments","Headbutt+1"],"picked":"Shockwave","floor":27.0},{"not_picked":["Dropkick","Sever Soul+1"],"picked":"Flex","floor":29.0},{"not_picked":["Shockwave","Perfected Strike","Sword Boomerang"],"picked":"SKIP","floor":30.0},{"not_picked":["Fire Breathing","True Grit"],"picked":"Spot Weakness","floor":31.0},{"not_picked":["Immolate","Feed"],"picked":"Reaper","floor":33.0},{"not_picked":["Searing Blow","Combust"],"picked":"Shrug It Off","floor":35.0},{"not_picked":["Anger+1","Hemokinesis","Clothesline"],"picked":"SKIP","floor":36.0},{"not_picked":["Havoc","Clothesline"],"picked":"Double Tap","floor":37.0},{"not_picked":["Heavy Blade","Whirlwind","Dark Embrace"],"picked":"SKIP","floor":39.0},{"not_picked":["Juggernaut","Disarm"],"picked":"Flex+1","floor":40.0},{"not_picked":["Heavy Blade","Shockwave","Body Slam"],"picked":"Singing Bowl","floor":41.0},{"not_picked":["Clothesline","Hemokinesis+1","Thunderclap"],"picked":"Singing Bowl","floor":42.0},{"not_picked":["Spot Weakness+1","Uppercut","Havoc"],"picked":"Singing Bowl","floor":44.0},{"not_picked":["Warcry","Iron Wave+1"],"picked":"Rage+1","floor":46.0},{"not_picked":["Flex","Shrug It Off"],"picked":"Dual Wield+1","floor":48.0}],"player_experience":2280030,"relics_obtained":[{"floor":6.0,"key":"CaptainsWheel"},{"floor":9.0,"key":"FossilizedHelix"},{"floor":13.0,"key":"Smiling Mask"},{"floor":23.0,"key":"Potion Belt"},{"floor":26.0,"key":"Centennial Puzzle"},{"floor":29.0,"key":"Magic Flower"},{"floor":37.0,"key":"Bird Faced Urn"},{"floor":40.0,"key":"Singing Bowl"},{"floor":42.0,"key":"Mummified Hand"},{"floor":44.0,"key":"Toy Ornithopter"},{"floor":46.0,"key":"Turnip"}],"event_choices":[{"cards_removed":["Strike_R"],"damage_healed":0.0,"max_hp_gain":0.0,"max_hp_loss":0.0,"gold_gain":0.0,"event_name":"Living Wall","player_choice":"Forget","floor":2.0,"gold_loss":0.0,"damage_taken":0.0},{"damage_healed":74.0,"max_hp_gain":0.0,"max_hp_loss":75.0,"gold_gain":0.0,"event_name":"betterThird:BetterShining","player_choice":"Embrace Burn","floor":3.0,"gold_loss":0.0,"damage_taken":0.0},{"damage_healed":0.0,"max_hp_gain":0.0,"max_hp_loss":0.0,"gold_gain":0.0,"event_name":"Lab","player_choice":"Got Potions","floor":10.0,"gold_loss":0.0,"damage_taken":0.0},{"damage_healed":0.0,"max_hp_gain":0.0,"max_hp_loss":0.0,"gold_gain":0.0,"event_name":"The Mausoleum","player_choice":"Ignored","floor":19.0,"gold_loss":0.0,"damage_taken":0.0},{"damage_healed":0.0,"max_hp_gain":0.0,"max_hp_loss":0.0,"gold_gain":0.0,"event_name":"Ghosts","player_choice":"Ignored","floor":20.0,"gold_loss":0.0,"damage_taken":0.0},{"damage_healed":0.0,"max_hp_gain":0.0,"max_hp_loss":0.0,"gold_gain":50.0,"event_name":"Golden Shrine","player_choice":"Pray","floor":28.0,"gold_loss":0.0,"damage_taken":0.0},{"damage_healed":0.0,"max_hp_gain":0.0,"max_hp_loss":0.0,"gold_gain":0.0,"event_name":"Mysterious Sphere","player_choice":"Fight","floor":37.0,"gold_loss":0.0,"damage_taken":0.0},{"damage_healed":0.0,"max_hp_gain":0.0,"max_hp_loss":0.0,"gold_gain":0.0,"event_name":"MindBloom","player_choice":"Fight","floor":46.0,"gold_loss":0.0,"damage_taken":0.0}],"is_beta":false,"boss_relics":[{"not_picked":["Philosopher\u0027s Stone","Cursed Key"],"picked":"Runic Pyramid"},{"not_picked":["Runic Dome","Tiny House"],"picked":"SacredBark"}],"items_purged_floors":[4,21,38,45],"is_endless":false,"potions_floor_spawned":[1,5,14,16,23,30,31,33,35,36,39,46,48],"killed_by":"Donu and Deca","ascension_level":20}}