{"host":"j9rq22nraqsrbvz2","time":1608118514,"event":{"mods":["AchievementEnabler","Act Like it!","BaseMod","BetterRewards","Colored Map","Colored Powertips","Conspire","Downfall","Friendly Minions","GifTheSpireLib","Googly Eyes","Gremlin Mod","Halation","Hallownest","Hermit","Hubris","Hunter ??","Kiyohime????","Mimic Mod","Minty Spire (QoL Compilation)","Replay The Spire","Shop Mod","StSLib","Stuff the Spire","The Administrix","The Bug Knight","The Factory","The IronCluck","The Jungle","TheBandit"],"gold_per_floor":[99,111,127,127,142,142,178,178,178,210,229,229,24,24,41,136,136,136,146,160,191,3,20,71,71,71,71,85,85,85,104,119,219,235,330,330,180,195,195,195],"floor_reached":39,"playtime":3504,"items_purged":[],"score":431,"play_id":"d7a01387-d98c-431e-9442-7e581c76ade0","local_time":"20201216063514","is_ascension_mode":false,"campfire_choices":[{"data":"Slimebound:Split","floor":1,"key":"SMITH"},{"data":"Slimebound:SplitLeeching","floor":4,"key":"SMITH"},{"floor":6,"key":"RECALL"},{"data":"Slimebound:DouseInSlime","floor":8,"key":"SMITH"},{"data":"Slimebound:OozeBath","floor":25,"key":"SMITH"},{"floor":29,"key":"REST"},{"data":"Slimebound:Overexert","floor":37,"key":"SMITH"}],"circlet_count":0,"master_deck":["Slimebound:Strike_Slimebound","Slimebound:Strike_Slimebound","Slimebound:Strike_Slimebound","Slimebound:Tackle","Slimebound:Defend_Slimebound","Slimebound:Defend_Slimebound","Slimebound:Defend_Slimebound","Slimebound:Defend_Slimebound","Slimebound:Split+1","Slimebound:CorrosiveSpit","Slimebound:SlimeTap","Slimebound:SplitLeeching+1","Slimebound:FinishingTackle","Slimebound:DouseInSlime+1","Slimebound:SlimeSpikes","Slimebound:SlimeBrawl","Slimebound:MassFeed","ReplayTheSpireMod:Doomed","Slimebound:LevelUp+1","Slimebound:Chomp","Slimebound:RejuvenatingLick","Slimebound:SplitBruiser","Slimebound:OozeBath+1","Slimebound:Repurpose","Slimebound:GoopSpray","Slimebound:RainOfGoop+1","Slimebound:Grow+1","Slimebound:RollThrough","Slimebound:AcidTongue+1","Pot Of Greed","Pot Of Greed","Pot Of Greed","Slimebound:SplitBruiser","Slimebound:Nibble","Slimebound:GrowthPunch+1","Slimebound:Repurpose","Slimebound:Overexert+1","Slimebound:RollThrough+1"],"relics":["Slimebound:AbsorbEndCombat","Thread and Needle","halation:EternalFortune","ReplayTheSpireMod:CursedCoin","Bronze Scales","Velvet Choker","conspire:BottledYoYo","Membership Card","Grinning Jar","Black Star","downfall:HeartBlessingBlue","downfall:HeartBlessingRed"],"acts_visited":["Exordium","TheCity","TheBeyond"],"potions_floor_usage":[10,10,22,22,23,35,35,38],"damage_taken":[{"damage":8,"enemies":"Cultist","floor":2,"turns":3},{"damage":22,"enemies":"Jaw Worm","floor":3,"turns":2},{"damage":12,"enemies":"Small Slimes","floor":5,"turns":3},{"damage":18,"enemies":"Blue Slaver","floor":7,"turns":5},{"damage":40,"enemies":"3 Sentries","floor":10,"turns":6},{"damage":4,"enemies":"Blue Slaver","floor":11,"turns":3},{"damage":19,"enemies":"downfall:FleeingMerchant","floor":13,"turns":4},{"damage":12,"enemies":"3 Louse","floor":15,"turns":3},{"damage":65,"enemies":"downfall:Silent","floor":16,"turns":7},{"damage":28,"enemies":"3 Byrds","floor":19,"turns":3},{"damage":40,"enemies":"conspire:FuzzyDice","floor":20,"turns":4},{"damage":38,"enemies":"conspire:MimicChest","floor":21,"turns":6},{"damage":18,"enemies":"downfall:FleeingMerchant","floor":22,"turns":4},{"damage":25,"enemies":"Snecko","floor":23,"turns":5},{"damage":39,"enemies":"Snake Plant","floor":28,"turns":3},{"damage":26,"enemies":"Shelled Parasite and Fungi","floor":31,"turns":3},{"damage":8,"enemies":"Chosen and Byrds","floor":32,"turns":4},{"damage":11,"enemies":"Snake Plant","floor":34,"turns":2},{"damage":66,"enemies":"downfall:Watcher","floor":35,"turns":8},{"damage":18,"enemies":"3 Shapes","floor":38,"turns":4},{"damage":124,"enemies":"Giant Head","floor":39,"turns":8}],"seed_played":"2715247688304666221","potions_obtained":[{"floor":2,"key":"LiquidBronze"},{"floor":3,"key":"Languid Potion"},{"floor":16,"key":"Swift Potion"},{"floor":18,"key":"LiquidBronze"},{"floor":18,"key":"Strength Potion"},{"floor":19,"key":"Energy Potion"},{"floor":23,"key":"AttackPotion"},{"floor":31,"key":"Block Potion"},{"floor":35,"key":"SkillPotion"}],"is_trial":false,"path_per_floor":["R","M","M","R","M","R","MIM","R","?","E","M","?","$","?","M","B",null,"R_BF","M","M","?","$","M","T","R","PTL","PTL","M","R","?","M","M","?","M","B",null,"R","M","E"],"character_chosen":"SLIMEBOUND","items_purchased":["ReplayTheSpireMod:CursedCoin","Bronze Scales","Slimebound:LevelUp","Slimebound:Chomp","Slimebound:RejuvenatingLick","Membership Card","Slimebound:RollThrough"],"campfire_rested":1,"item_purchase_floors":[13,13,13,13,13,22,22],"current_hp_per_floor":[66,66,59,59,63,63,61,61,61,37,45,48,49,49,53,22,69,69,61,47,43,55,51,51,51,51,51,26,47,34,32,46,46,51,47,77,87,85,0,0],"gold":195,"neow_bonus":"TEN_PERCENT_HP_BONUS","is_daily":false,"chose_seed":false,"campfire_upgraded":5,"win_rate":0.0,"timestamp":1608118514,"path_taken":["R","M","?","R","M","R","MIM","R","?","E","M","?","$","?","M","BOSS","R_BF","?","M","?","$","M","T","R","PTL","PTL","M","R","?","M","?","?","M","BOSS","R","M","E"],"items_purchased_type":["Relic","Relic","Card","Card","Card","Relic","Card"],"build_version":"2020-12-13","purchased_purges":0,"victory":false,"max_hp_per_floor":[66,66,66,66,66,66,66,66,66,66,66,69,69,69,69,69,69,69,69,69,69,69,72,72,72,72,72,72,72,77,77,77,77,77,77,77,87,87,87,87],"card_choices":[{"not_picked":["Slimebound:ProtectTheBoss","Slimebound:ComboTackle"],"picked":"Slimebound:SlimeTap","floor":2},{"not_picked":["Slimebound:RollThrough","Slimebound:ComboTackle"],"picked":"Slimebound:SplitLeeching","floor":3},{"not_picked":["Slimebound:ItLooksTasty","Slimebound:SplitBruiser"],"picked":"Slimebound:FinishingTackle","floor":5},{"not_picked":["Slimebound:SlimeSpikes","Slimebound:Replication"],"picked":"Slimebound:DouseInSlime","floor":7},{"not_picked":["Slimebound:GrowthPunch","Slimebound:SamplingLick"],"picked":"Slimebound:SlimeSpikes","floor":10},{"not_picked":["Slimebound:TongueLash","Slimebound:ItLooksTasty"],"picked":"Slimebound:SlimeBrawl","floor":11},{"not_picked":["Slimebound:SplitLeeching","Slimebound:Prepare"],"picked":"Slimebound:MassFeed","floor":13},{"not_picked":["Slimebound:SlimeTap","Slimebound:HauntingLick"],"picked":"Slimebound:SplitBruiser","floor":15},{"not_picked":["Slimebound:DuplicatedForm","Slimebound:CheckThePlaybook"],"picked":"Slimebound:OozeBath","floor":16},{"not_picked":["Slimebound:FlameTackle","Slimebound:LeechingTouch"],"picked":"Slimebound:Repurpose","floor":19},{"not_picked":["Slimebound:RollThrough","Slimebound:Dissolve"],"picked":"Slimebound:GoopSpray","floor":20},{"not_picked":["Slimebound:DisruptingSlam","Slimebound:LivingWall"],"picked":"Slimebound:RainOfGoop+1","floor":21},{"not_picked":["Slimebound:LeechEnergy","Slimebound:MegaLick"],"picked":"Slimebound:Grow+1","floor":22},{"not_picked":["Slimebound:SplitBruiser","Slimebound:SplitLeeching+1"],"picked":"Slimebound:AcidTongue+1","floor":23},{"not_picked":["Slimebound:GoopSpray","Slimebound:WasteNot"],"picked":"Slimebound:SplitBruiser","floor":28},{"not_picked":["Slimebound:Schlurp","Slimebound:ComboTackle+1"],"picked":"Slimebound:Nibble","floor":31},{"not_picked":["Slimebound:PressTheAttack+1","Slimebound:GoopSpray"],"picked":"Slimebound:GrowthPunch+1","floor":32},{"not_picked":["Slimebound:SlimeTap+1","Slimebound:SamplingLick"],"picked":"Slimebound:Repurpose","floor":34},{"not_picked":["Slimebound:OneTwoCombo","Slimebound:SlimeSlap"],"picked":"Slimebound:Overexert","floor":35},{"not_picked":["Slimebound:SlimeBrawl","Slimebound:SamplingLick"],"picked":"Slimebound:RollThrough+1","floor":38}],"player_experience":87037,"relics_obtained":[{"floor":10,"key":"Thread and Needle"},{"floor":21,"key":"conspire:BottledYoYo"},{"floor":24,"key":"Grinning Jar"}],"event_choices":[{"damage_healed":0,"gold_gain":0,"player_choice":"Disagree","damage_taken":0,"max_hp_gain":0,"max_hp_loss":0,"event_name":"conspire:LoneGhost","floor":9,"gold_loss":0},{"damage_healed":0,"gold_gain":0,"player_choice":"Forge","damage_taken":0,"max_hp_gain":0,"max_hp_loss":0,"event_name":"Accursed Blacksmith","floor":14,"gold_loss":0,"cards_upgraded":["Slimebound:LevelUp"]}],"is_beta":false,"boss_relics":[{"not_picked":["halation:ForbiddenBikini","Busted Crown"],"picked":"Velvet Choker"},{"not_picked":["halation:Prosthetics","hubris:CrackedHourglass"],"picked":"Black Star"}],"items_purged_floors":[],"is_endless":false,"potions_floor_spawned":[2,3,16,19,21,23,31,35],"killed_by":"Giant Head","ascension_level":0}}