{"host":"Teixeira","time":1608149998,"event":{"mods":["2.2 Compatiblity","BaseMod","Colored Map","Colored Powertips","Downfall","Hermit","Hubris","Minty Spire (QoL Compilation)","Permanent Neow","Rare Cards Sparkle","Relic Filter","Replay The Spire","Spicy Shops","StSLib","SuperFastMode"],"gold_per_floor":[99,114,114,144,163,163,238,238,238,265,89,105,205,4,19,19,19],"floor_reached":16,"playtime":1431,"items_purged":["Doubt"],"score":113,"play_id":"058cc457-cf85-4d0c-b2da-a37c8240f869","local_time":"20201216171958","daily_mods":["Heirloom","DeadlyEvents","Elite Swarm"],"is_ascension_mode":true,"campfire_choices":[{"data":"Guardian:TwinSlam","floor":1,"key":"SMITH"},{"data":"Guardian:PrimingBeam","floor":3,"key":"SMITH"},{"data":"Guardian:CurlUp","floor":6,"key":"SMITH"},{"data":"Guardian:VentSteam","floor":9,"key":"SMITH"}],"circlet_count":2,"master_deck":["Guardian:Strike_Guardian","Guardian:Strike_Guardian","Guardian:Strike_Guardian","Guardian:Strike_Guardian","Guardian:Defend_Guardian","Guardian:Defend_Guardian","Guardian:Defend_Guardian","Guardian:Defend_Guardian","Guardian:CurlUp+1","Guardian:TwinSlam+1","Guardian:PrimingBeam+1","Guardian:VentSteam+1","Guardian:PolyBeam","Guardian:PiercingHide","Guardian:Gem_Blue","Guardian:PrimingBeam"],"relics":["Guardian:ModeShifter","replay:Trail_Library","hubris:BundleOfHerbs","Membership Card","Circlet","Simple Rune","Sundial","PreservedInsect","hubris:DisguiseKit","Ice Cream","Bag of Preparation","Potion Belt","Membership Card","Pondfish Scales","ReplayFunnel"],"acts_visited":["Exordium"],"potions_floor_usage":[13,14,16,16],"damage_taken":[{"damage":1,"enemies":"Jaw Worm","floor":2,"turns":3},{"damage":39,"enemies":"Lagavulin","floor":4,"turns":6},{"damage":2,"enemies":"Small Slimes","floor":5,"turns":3},{"damage":12,"enemies":"3 Sentries","floor":10,"turns":7},{"damage":0,"enemies":"downfall:FleeingMerchant","floor":11,"turns":4},{"damage":0,"enemies":"Cultist","floor":12,"turns":2},{"damage":16,"enemies":"downfall:LadyInBlue","floor":13,"turns":6},{"damage":0,"enemies":"downfall:FleeingMerchant","floor":14,"turns":4},{"damage":0,"enemies":"2 Fungi Beasts","floor":15,"turns":3},{"damage":10,"enemies":"downfall:Silent","floor":16,"turns":4}],"seed_played":"7585853887771964125","potions_obtained":[{"floor":12,"key":"FearPotion"},{"floor":13,"key":"DuplicationPotion"},{"floor":13,"key":"DistilledChaos"},{"floor":13,"key":"champ:CounterPotion"},{"floor":15,"key":"BlessingOfTheForge"}],"is_trial":true,"path_per_floor":["R","M","R","E","M","R","T","?","R","E","$","M","?","$","M","B"],"character_chosen":"GUARDIAN","items_purchased":["hubris:DisguiseKit","Ice Cream","Bag of Preparation","Membership Card","Pondfish Scales","ReplayFunnel","Guardian:PrimingBeam"],"campfire_rested":0,"item_purchase_floors":[11,11,11,14,14,14,14],"current_hp_per_floor":[80,79,79,40,38,38,38,38,38,26,26,26,10,10,10,0,0],"gold":19,"neow_bonus":"","is_daily":false,"chose_seed":false,"campfire_upgraded":4,"win_rate":0.0,"timestamp":1608149998,"path_taken":["R","M","R","E","M","R","T","?","R","E","$","M","?","$","M","BOSS"],"items_purchased_type":["Relic","Relic","Relic","Relic","Relic","Relic","Card"],"build_version":"2020-11-17","purchased_purges":1,"victory":false,"max_hp_per_floor":[80,80,80,80,80,80,80,80,80,80,80,80,80,80,80,80,80],"card_choices":[{"not_picked":["Guardian:TemporalShield","Guardian:FloatingOrbs"],"picked":"Guardian:PrimingBeam","floor":2},{"not_picked":["Guardian:StasisField","Guardian:SphericShield","Guardian:ConstructionForm"],"picked":"SKIP","floor":4},{"not_picked":["Guardian:TemporalStrike","Guardian:TemporalShield","Guardian:WalkerClaw"],"picked":"SKIP","floor":5},{"not_picked":["Guardian:StasisField","Guardian:ConstructionForm","Guardian:AncientConstruct"],"picked":"SKIP","floor":10},{"not_picked":["Guardian:StasisField","Guardian:ConstructionForm","Guardian:AncientConstruct"],"picked":"SKIP","floor":10},{"not_picked":["Guardian:DecasProtection","Guardian:MultiBeam","Guardian:CrystalBeam"],"picked":"SKIP","floor":11},{"not_picked":["Guardian:VentSteam","Guardian:TimeBomb","Clothesline"],"picked":"Guardian:PolyBeam","floor":12},{"not_picked":["Guardian:Planning","Guardian:Suspension","Cleave"],"picked":"Guardian:PiercingHide","floor":13},{"not_picked":["Guardian:PrismaticBarrier","Guardian:Emergency","Twin Strike"],"picked":"Guardian:Gem_Blue","floor":14},{"not_picked":["Guardian:PiercingHide","Guardian:ChargeCore","Guardian:Gem_Synthetic","Shrug It Off"],"picked":"SKIP","floor":15}],"player_experience":44704,"relics_obtained":[{"floor":4,"key":"Simple Rune"},{"floor":7,"key":"Sundial"},{"floor":10,"key":"PreservedInsect"},{"floor":13,"key":"Potion Belt"}],"event_choices":[],"is_beta":true,"boss_relics":[],"items_purged_floors":[11],"is_endless":false,"potions_floor_spawned":[12,15],"killed_by":"downfall:Silent","ascension_level":1}}