{"host":"wha9hktbkslqvblg","time":1608120078,"event":{"mods":["BaseMod","Colored Map","Minty Spire (QoL Compilation)","Relic Stats","SuperFastMode","everything is the same but u backflip on backflip"],"gold_per_floor":[117,167,185,260,260,288,288,319,345,357,386,398,398,431,431,508,508,524,524,287,303,384,412,412,424,424,162,195,195,212,50,50,121,121,140,140,159,211,227,227,252,252,252,102,17,51,102,102,102,102,102,102,102,57,89,89],"floor_reached":57,"playtime":1410,"items_purged":["Strike_R","Strike_R","Strike_R","Bash"],"score":3029,"play_id":"e1656790-7104-4cac-8e2e-72a4e6c22db9","local_time":"20201216210118","is_ascension_mode":true,"campfire_choices":[{"data":"Body Slam","floor":7.0,"key":"SMITH"},{"data":"Shrug It Off","floor":13.0,"key":"SMITH"},{"floor":15.0,"key":"DIG"},{"data":"Power Through","floor":29.0,"key":"SMITH"},{"data":"Dark Embrace","floor":32.0,"key":"SMITH"},{"data":"Second Wind","floor":40,"key":"SMITH"},{"floor":42,"key":"RECALL"},{"data":"Burning Pact","floor":49,"key":"SMITH"},{"floor":53,"key":"DIG"}],"circlet_count":0,"master_deck":["AscendersBane","Defend_R","Defend_R","Defend_R","Defend_R","Power Through+1","Uppercut+1","Body Slam+1","Shockwave","Shrug It Off+1","Seeing Red","Immolate","Impervious","Hemokinesis","Second Wind+1","Battle Trance","Dark Embrace+1","Juggernaut","Burning Pact+1","Feel No Pain"],"relics":["Burning Blood","NeowsBlessing","Pantograph","Mercury Hourglass","Oddly Smooth Stone","Whetstone","Tiny Chest","Shovel","Ice Cream","Sozu","ClockworkSouvenir","Eternal Feather","Mummified Hand","Vajra","Happy Flower","Red Mask","Empty Cage","Toy Ornithopter","Lantern","Art of War","Bottled Tornado","Pear","Akabeko"],"acts_visited":["Exordium","TheCity","TheBeyond","TheEnding"],"potions_floor_usage":[],"damage_taken":[{"damage":0.0,"enemies":"Small Slimes","floor":1.0,"turns":1.0},{"damage":0.0,"enemies":"Cultist","floor":3.0,"turns":1.0},{"damage":0.0,"enemies":"Gremlin Nob","floor":6.0,"turns":1.0},{"damage":25.0,"enemies":"3 Sentries","floor":8.0,"turns":8.0},{"damage":0.0,"enemies":"Jaw Worm","floor":10.0,"turns":2.0},{"damage":0.0,"enemies":"Lagavulin","floor":11.0,"turns":3.0},{"damage":23.0,"enemies":"Exordium Thugs","floor":12.0,"turns":4.0},{"damage":0.0,"enemies":"Gremlin Nob","floor":14.0,"turns":3.0},{"damage":62.0,"enemies":"Hexaghost","floor":16.0,"turns":12.0},{"damage":15.0,"enemies":"Spheric Guardian","floor":18.0,"turns":4.0},{"damage":0.0,"enemies":"2 Thieves","floor":21.0,"turns":3.0},{"damage":29.0,"enemies":"Slavers","floor":23.0,"turns":4.0},{"damage":3.0,"enemies":"Snecko","floor":25.0,"turns":5.0},{"damage":0.0,"enemies":"Masked Bandits","floor":28.0,"turns":2.0},{"damage":11.0,"enemies":"Sentry and Sphere","floor":30.0,"turns":3.0},{"damage":40.0,"enemies":"Automaton","floor":33.0,"turns":10.0},{"damage":2.0,"enemies":"Orb Walker","floor":35.0,"turns":2.0},{"damage":10,"enemies":"3 Shapes","floor":37,"turns":3},{"damage":2,"enemies":"Maw","floor":39,"turns":5},{"damage":19,"enemies":"Reptomancer","floor":41,"turns":4},{"damage":0,"enemies":"Giant Head","floor":46,"turns":5},{"damage":12,"enemies":"2 Orb Walkers","floor":47,"turns":3},{"damage":13,"enemies":"Donu and Deca","floor":50,"turns":4},{"damage":25,"enemies":"Time Eater","floor":51,"turns":9},{"damage":37,"enemies":"Shield and Spear","floor":55,"turns":5},{"damage":7,"enemies":"The Heart","floor":56,"turns":7}],"seed_played":"5123249545274082078","potions_obtained":[{"floor":3.0,"key":"SpeedPotion"},{"floor":6.0,"key":"SkillPotion"},{"floor":11.0,"key":"Swift Potion"},{"floor":14.0,"key":"Ancient Potion"}],"is_trial":false,"path_per_floor":["M","?","M","?","T","E","R","E","T","M","E","M","R","E","R","B",null,"M","?","$","M","T","E","T","M","T","$","?","R","M","$","R","B",null,"M","?","M","T","M","R","E","R","T","$","$","E","?","?","R","B","B",null,"R","$","E","B",null],"character_chosen":"IRONCLAD","items_purchased":["ClockworkSouvenir","Happy Flower","Dark Embrace","Burning Pact","Feel No Pain"],"campfire_rested":0,"item_purchase_floors":[20,27,31,45,54],"current_hp_per_floor":[74,67,73,62,62,68,68,49,49,55,61,44,44,50,50,19,61,52,67,67,73,73,50,50,53,53,53,59,68,63,63,75,41,67,71,71,67,67,71,75,62,71,71,71,71,75,69,69,75,68,56,70,85,85,54,78],"gold":89,"neow_bonus":"THREE_ENEMY_KILL","is_daily":false,"chose_seed":false,"campfire_upgraded":6,"win_rate":0.0,"timestamp":1608120078,"path_taken":["M","?","?","?","?","E","R","E","T","M","E","?","R","E","R","BOSS","M","?","$","M","?","E","?","M","T","$","?","R","M","$","R","BOSS","M","?","?","?","M","R","E","R","T","?","$","E","?","?","R","BOSS","BOSS","R","$","E","BOSS"],"items_purchased_type":["Relic","Relic","Card","Card","Card"],"build_version":"2020-12-13","purchased_purges":4,"victory":true,"max_hp_per_floor":[75,75,75,75,75,75,75,75,75,75,75,75,75,75,75,75,75,75,75,75,75,75,75,75,75,75,75,75,75,75,75,75,75,75,75,75,75,75,75,75,75,75,75,75,75,75,75,75,75,75,75,75,85,85,85,85],"relic_stats":{"Happy Flower":[20],"counters":[26,113],"Eternal Feather":45,"Whetstone":["Strike_R","Uppercut"],"Burning Blood":154,"Mercury Hourglass":[432],"Sozu":6,"Shovel":2,"Mummified Hand":[29],"Pantograph":57,"Tiny Chest":2,"Art of War":[5],"obtain_stats":[{"Ice Cream":15,"Lantern":41,"Pear":53,"NeowsBlessing":0,"Happy Flower":27,"Oddly Smooth Stone":8,"Vajra":26,"Eternal Feather":22,"Whetstone":9,"Bottled Tornado":46,"Empty Cage":34,"Burning Blood":0,"Akabeko":55,"Mercury Hourglass":6,"ClockworkSouvenir":20,"Sozu":17,"Shovel":14,"Mummified Hand":23,"Pantograph":5,"Tiny Chest":11,"Red Mask":28,"Art of War":43,"Toy Ornithopter":38},{"Ice Cream":8,"Lantern":20,"Pear":24,"NeowsBlessing":0,"Happy Flower":13,"Oddly Smooth Stone":4,"Vajra":13,"Eternal Feather":11,"Whetstone":4,"Bottled Tornado":21,"Empty Cage":16,"Burning Blood":0,"Akabeko":25,"Mercury Hourglass":3,"ClockworkSouvenir":10,"Sozu":9,"Shovel":8,"Mummified Hand":12,"Pantograph":2,"Tiny Chest":6,"Red Mask":14,"Art of War":20,"Toy Ornithopter":18},{"Ice Cream":23,"Lantern":80,"Pear":101,"NeowsBlessing":0,"Happy Flower":51,"Oddly Smooth Stone":11,"Vajra":51,"Eternal Feather":42,"Whetstone":11,"Bottled Tornado":85,"Empty Cage":66,"Burning Blood":0,"Akabeko":106,"Mercury Hourglass":3,"ClockworkSouvenir":39,"Sozu":35,"Shovel":23,"Mummified Hand":46,"Pantograph":2,"Tiny Chest":16,"Red Mask":53,"Art of War":80,"Toy Ornithopter":71}],"Toy Ornithopter":0},"card_choices":[{"not_picked":["Cleave","Sword Boomerang"],"picked":"Power Through","floor":1.0},{"not_picked":["Wild Strike","Dropkick"],"picked":"Uppercut","floor":3.0},{"not_picked":["Thunderclap","Bludgeon"],"picked":"Body Slam","floor":6.0},{"not_picked":["Headbutt","Whirlwind"],"picked":"Shockwave","floor":8.0},{"not_picked":["Flex","Body Slam"],"picked":"Shrug It Off","floor":10.0},{"not_picked":["Warcry","Sword Boomerang","Havoc"],"picked":"SKIP","floor":11.0},{"not_picked":["True Grit","Flex"],"picked":"Seeing Red","floor":12.0},{"not_picked":["Armaments","Whirlwind"],"picked":"Immolate","floor":14.0},{"not_picked":["Brutality","Double Tap"],"picked":"Impervious","floor":16.0},{"not_picked":["Rampage","Cleave","Body Slam"],"picked":"SKIP","floor":18.0},{"not_picked":["Intimidate","True Grit"],"picked":"Hemokinesis","floor":21.0},{"not_picked":["Clash+1","Clothesline+1","Flex"],"picked":"SKIP","floor":23.0},{"not_picked":["Uppercut+1","Perfected Strike","Dual Wield"],"picked":"SKIP","floor":25.0},{"not_picked":["Perfected Strike","Exhume"],"picked":"Second Wind","floor":28.0},{"not_picked":["Clash","Sword Boomerang"],"picked":"Battle Trance","floor":30.0},{"not_picked":["Limit Break","Demon Form"],"picked":"Juggernaut","floor":33.0},{"not_picked":["True Grit+1","Thunderclap","Reckless Charge"],"picked":"SKIP","floor":35.0},{"not_picked":["Anger","Clash+1","Cleave"],"picked":"SKIP","floor":37},{"not_picked":["Heavy Blade","Sever Soul+1","Anger"],"picked":"SKIP","floor":39},{"not_picked":["Reckless Charge","Clothesline+1","Pummel"],"picked":"SKIP","floor":41},{"not_picked":["Inflame","Disarm","Reckless Charge"],"picked":"SKIP","floor":46},{"not_picked":["Pommel Strike","Flame Barrier","Warcry"],"picked":"SKIP","floor":55}],"player_experience":855160,"relics_obtained":[{"floor":5.0,"key":"Pantograph"},{"floor":6.0,"key":"Mercury Hourglass"},{"floor":8.0,"key":"Oddly Smooth Stone"},{"floor":9.0,"key":"Whetstone"},{"floor":11.0,"key":"Tiny Chest"},{"floor":14.0,"key":"Shovel"},{"floor":15.0,"key":"Ice Cream"},{"floor":22.0,"key":"Eternal Feather"},{"floor":23.0,"key":"Mummified Hand"},{"floor":26.0,"key":"Vajra"},{"floor":28.0,"key":"Red Mask"},{"floor":38,"key":"Toy Ornithopter"},{"floor":41,"key":"Lantern"},{"floor":43,"key":"Art of War"},{"floor":46,"key":"Bottled Tornado"},{"floor":53,"key":"Pear"},{"floor":55,"key":"Akabeko"}],"event_choices":[{"damage_healed":0.0,"max_hp_gain":0.0,"max_hp_loss":0.0,"gold_gain":50.0,"event_name":"FaceTrader","player_choice":"Touch","floor":2.0,"gold_loss":0.0,"damage_taken":7.0},{"damage_healed":0.0,"max_hp_gain":0.0,"max_hp_loss":0.0,"gold_gain":75.0,"event_name":"World of Goop","player_choice":"Gather Gold","floor":4.0,"gold_loss":0.0,"damage_taken":11.0},{"damage_healed":15.0,"max_hp_gain":0.0,"max_hp_loss":0.0,"gold_gain":0.0,"event_name":"The Library","player_choice":"Heal","floor":19.0,"gold_loss":0.0,"damage_taken":0.0},{"damage_healed":0.0,"max_hp_gain":0.0,"max_hp_loss":0.0,"gold_gain":0.0,"event_name":"Masked Bandits","player_choice":"Fought Bandits","floor":28.0,"gold_loss":0.0,"damage_taken":0.0},{"damage_healed":0,"gold_gain":0,"player_choice":"Ignored","damage_taken":0,"max_hp_gain":0,"max_hp_loss":0,"event_name":"WeMeetAgain","floor":36,"gold_loss":0},{"damage_healed":0,"gold_gain":0,"player_choice":"Fight","damage_taken":0,"max_hp_gain":0,"max_hp_loss":0,"event_name":"Mysterious Sphere","floor":47,"gold_loss":0},{"damage_healed":0,"gold_gain":0,"player_choice":"Got Potions","damage_taken":0,"max_hp_gain":0,"max_hp_loss":0,"event_name":"Lab","floor":48,"gold_loss":0}],"is_beta":false,"boss_relics":[{"not_picked":["Fusion Hammer","Runic Pyramid"],"picked":"Sozu"},{"not_picked":["Runic Cube","Mark of Pain"],"picked":"Empty Cage"}],"items_purged_floors":[20,27,31,44],"is_endless":false,"potions_floor_spawned":[3,6,11,14,23,25,28,33,47],"ascension_level":20}}