{"host":"3z9xbwjeimmg738z","time":1608094205,"event":{"mods":["2.2 Compatiblity","Act Like it!","AlwaysNeverKeys","Aspiration","Bard","Bartender","BaseMod","Beaked The Cultist","Better Altar","Better Match","Better Note","Better Sensory Stone","Better Skull","Better Third Choice","CapriCore","ChefMod","Colored Powertips","Defuse TimeMaze Blight","Dio Mod","Displayed Cursed Tome","Emptier Cage","Faster Ascension Climbing","Gensokyo","GifTheSpireLib","Hallownest","Hubris","JesterMod","KinomotoSakuraMod(????)","Koishi","Mari Mod (Legacy)","Mari\u0027s V1 Patch","Marisa????????","Minty Spire (QoL Compilation)","Pale of the Ancients","Permanent Neow","Replay The Spire","Robot Space Explorer","Shop Mod","StSLib","Stuff the Spire","The Accelerator","The Immortal","The Mystic","The Servant 0.9.4","TheArtist","Uncapped","Wandering Minibosses","vexMod"],"gold_per_floor":[109,120,120,28,28,56,70,104,104,121,159,174,194,219,219,319,319,336,345,354,736,736],"floor_reached":21,"playtime":1171,"items_purged":[],"score":247,"play_id":"93483bd5-7063-421d-beba-2cadf2b5cf99","local_time":"20201215205005","daily_mods":["ControlledChaos"],"is_ascension_mode":true,"campfire_choices":[{"data":"dioMod:Minions","floor":15,"key":"SMITH"}],"circlet_count":0,"master_deck":["dioMod:Strike","dioMod:Strike","dioMod:Strike","dioMod:Strike","Bite","dioMod:Defend","dioMod:Defend","dioMod:Defend","dioMod:Defend","dioMod:CoffinBath","Finesse","dioMod:Minions+1","dioMod:Regeneration","dioMod:BloodTransfusion","Gensokyo:MonkeysPaw"],"relics":["dioMod:VampireBlood","Frozen Eye","hubris:Icosahedron","Boot","CeramicFish","Darkstone Periapt","Kunai","aspiration:SeaSaltIceCream","vexMod:ScavengeHelm","vexMod:BigBerry"],"acts_visited":["Exordium","Gensokyo:Gensokyoer"],"potions_floor_usage":[],"damage_taken":[{"damage":3,"enemies":"Cultist","floor":1,"turns":4},{"damage":4,"enemies":"2 Louse","floor":2,"turns":3},{"damage":26,"enemies":"Lagavulin","floor":6,"turns":8},{"damage":4,"enemies":"Jaw Worm","floor":7,"turns":6},{"damage":21,"enemies":"3 Sentries","floor":8,"turns":3},{"damage":11,"enemies":"Red Slaver","floor":10,"turns":3},{"damage":22,"enemies":"Gremlin Nob","floor":11,"turns":4},{"damage":0,"enemies":"Looter","floor":12,"turns":4},{"damage":5,"enemies":"3 Louse","floor":13,"turns":4},{"damage":33,"enemies":"3 Sentries","floor":14,"turns":6},{"damage":39,"enemies":"Hexaghost","floor":16,"turns":7},{"damage":37,"enemies":"Gensokyo:CosmicMonolith","floor":18,"turns":3},{"damage":49,"enemies":"Gensokyo:2_Gloops","floor":21,"turns":6}],"seed_played":"-4363584006788399005","potions_obtained":[{"floor":1,"key":"dioMod:HumanBlood"},{"floor":2,"key":"LiquidBronze"}],"is_trial":true,"path_per_floor":["M","M","?","$","?","E","M","E","T","M","E","M","M","E","R","B",null,"M","?","?","M"],"character_chosen":"THE_DEFAULT","items_purchased":["Finesse"],"campfire_rested":0,"item_purchase_floors":[4],"current_hp_per_floor":[75,75,75,75,75,67,74,63,63,57,51,56,60,51,51,75,105,78,78,78,61,61],"gold":736,"neow_bonus":"","is_daily":false,"chose_seed":false,"campfire_upgraded":1,"win_rate":0.0,"timestamp":1608094205,"path_taken":["M","?","?","$","?","E","M","E","T","M","E","M","?","E","R","BOSS","M","?","?","M"],"items_purchased_type":["Card"],"build_version":"2020-12-13","purchased_purges":0,"victory":false,"max_hp_per_floor":[75,75,75,75,75,75,75,75,75,75,75,75,75,75,75,75,105,105,105,95,95,95],"card_choices":[{"not_picked":["dioMod:CutDeep","dioMod:DominatingPresence"],"picked":"dioMod:CoffinBath","floor":1},{"not_picked":["dioMod:BlendIn","dioMod:Freeze","dioMod:Diversion"],"picked":"SKIP","floor":2},{"not_picked":["dioMod:DominatingPresence","dioMod:Hiss","dioMod:Muda"],"picked":"SKIP","floor":6},{"not_picked":["dioMod:WRYYY","dioMod:GoodbyeJojo"],"picked":"dioMod:Minions","floor":7},{"not_picked":["dioMod:BloodSuck","dioMod:BloodShield","dioMod:DisarmingVoice"],"picked":"SKIP","floor":8},{"not_picked":["dioMod:SecretPlan","dioMod:ComposedMuda","dioMod:Freeze"],"picked":"SKIP","floor":10},{"not_picked":["dioMod:TripleThreat","dioMod:LaserVision"],"picked":"dioMod:Regeneration","floor":11},{"not_picked":["dioMod:LaserVision","dioMod:StreetSign","dioMod:BloodShield"],"picked":"SKIP","floor":12},{"not_picked":["dioMod:CutDeep","dioMod:BlendIn","dioMod:HeavyLifting"],"picked":"SKIP","floor":13},{"not_picked":["dioMod:HeavyLifting","dioMod:FlyAway","dioMod:BlendIn"],"picked":"SKIP","floor":14},{"not_picked":["dioMod:Hiss","dioMod:BloodSplash","dioMod:LaserVision"],"picked":"SKIP","floor":18},{"not_picked":["Gensokyo:SlitMouthedWoman","Gensokyo:MenInBlack"],"picked":"Gensokyo:MonkeysPaw","floor":20},{"not_picked":["dioMod:BloodSplash","dioMod:CautiousMuda","dioMod:StreetSign"],"picked":"SKIP","floor":21}],"player_experience":292446,"relics_obtained":[{"floor":6,"key":"Boot"},{"floor":8,"key":"CeramicFish"},{"floor":9,"key":"Darkstone Periapt"},{"floor":11,"key":"Kunai"},{"floor":14,"key":"aspiration:SeaSaltIceCream"}],"event_choices":[{"damage_healed":0,"gold_gain":0,"player_choice":"Relic","damage_taken":0,"max_hp_gain":0,"max_hp_loss":0,"event_name":"Wheel of Change","floor":5,"gold_loss":0}],"is_beta":false,"boss_relics":[{"not_picked":["vexMod:TanglingVine","Kintsugi"],"picked":"vexMod:BigBerry"}],"items_purged_floors":[],"is_endless":false,"potions_floor_spawned":[1,2,11,13,14,21],"killed_by":"Gensokyo:2_Gloops","ascension_level":1}}