{"host":"zjpedncu52gty2eg","time":1608109461,"event":{"mods":["AchievementEnabler","BaseMod","Colored Powertips","Downfall","Minty Spire (QoL Compilation)","Quick Restart","StSLib"],"gold_per_floor":[99,129,39,49,62,81,104,104,122,72,88,106,91,91,111,206,206,156,171,121,136,21,21,48,48,48,48],"floor_reached":26,"playtime":1350,"items_purged":["Slimebound:Defend_Slimebound","Slimebound:Defend_Slimebound"],"score":198,"play_id":"268e1172-723f-4808-9ff2-7d43ed1ff93e","local_time":"20201216020421","is_ascension_mode":false,"campfire_choices":[{"data":"Slimebound:CorrosiveSpit","floor":1,"key":"SMITH"},{"data":"Slimebound:SamplingLick","floor":10,"key":"SMITH"},{"data":"Slimebound:OozeBath","floor":18,"key":"SMITH"},{"data":"Slimebound:WasteNot","floor":20,"key":"SMITH"},{"data":"Slimebound:SelfFormingGoo","floor":25,"key":"SMITH"}],"circlet_count":0,"master_deck":["Slimebound:Strike_Slimebound","Slimebound:Strike_Slimebound","Slimebound:Tackle","Slimebound:Defend_Slimebound","Slimebound:Split","Slimebound:CorrosiveSpit+1","Slimebound:SplitMire","Slimebound:SplitAcid","Slimebound:WasteNot+1","Slimebound:SamplingLick+1","Slimebound:SplitAcid","Slimebound:SplitBruiser","Slimebound:LeechingTouch","Slimebound:SamplingLick","Slimebound:OozeBath+1","Slimebound:SplitBruiser+1","Slimebound:SelfFormingGoo+1"],"relics":["Slimebound:AbsorbEndCombat","Happy Flower","Slimebound:GreedOozeRelic","SlaversCollar","Bronze Scales"],"acts_visited":["Exordium","TheCity"],"potions_floor_usage":[],"damage_taken":[{"damage":9,"enemies":"downfall:FleeingMerchant","floor":3,"turns":4},{"damage":9,"enemies":"Jaw Worm","floor":4,"turns":3},{"damage":9,"enemies":"2 Louse","floor":5,"turns":3},{"damage":12,"enemies":"Cultist","floor":6,"turns":3},{"damage":18,"enemies":"3 Louse","floor":9,"turns":2},{"damage":28,"enemies":"Gremlin Gang","floor":11,"turns":4},{"damage":28,"enemies":"Blue Slaver","floor":12,"turns":3},{"damage":21,"enemies":"downfall:FleeingMerchant","floor":13,"turns":4},{"damage":8,"enemies":"3 Louse","floor":15,"turns":2},{"damage":53,"enemies":"downfall:Watcher","floor":16,"turns":7},{"damage":26,"enemies":"Chosen","floor":19,"turns":4},{"damage":44,"enemies":"3 Cultists","floor":21,"turns":4},{"damage":40,"enemies":"downfall:FleeingMerchant","floor":22,"turns":4},{"damage":38,"enemies":"Snecko","floor":26,"turns":3}],"seed_played":"3719335180667714476","potions_obtained":[{"floor":9,"key":"FearPotion"},{"floor":11,"key":"ColorlessPotion"},{"floor":16,"key":"SteroidPotion"},{"floor":19,"key":"ColorlessPotion"}],"is_trial":false,"path_per_floor":["R","?","$","M","M","M","T","?","M","R","M","M","$","?","M","B",null,"R","M","R","M","$","?","T","R","M"],"character_chosen":"SLIMEBOUND","items_purchased":[],"campfire_rested":0,"item_purchase_floors":[],"current_hp_per_floor":[66,66,63,66,66,66,66,66,60,60,48,38,43,43,43,24,66,66,54,54,40,32,32,32,32,0,0],"gold":48,"neow_bonus":"TEN_PERCENT_HP_BONUS","is_daily":false,"chose_seed":false,"campfire_upgraded":5,"win_rate":0.0,"timestamp":1608109461,"path_taken":["R","?","$","M","M","M","T","?","?","R","M","M","$","?","M","BOSS","R","M","R","M","$","?","T","R","?"],"items_purchased_type":[],"build_version":"2020-12-13","purchased_purges":2,"victory":false,"max_hp_per_floor":[66,66,66,66,66,66,66,66,66,66,66,66,66,66,66,66,66,66,66,66,66,66,66,66,66,66,66],"card_choices":[{"not_picked":["Slimebound:FlameTackle","Slimebound:ComboTackle"],"picked":"Slimebound:SplitMire","floor":3},{"not_picked":["Slimebound:Chomp","Slimebound:PressTheAttack","Slimebound:FlameTackle"],"picked":"SKIP","floor":4},{"not_picked":["Slimebound:SlimeSpikes","Slimebound:PressTheAttack"],"picked":"Slimebound:SplitAcid","floor":5},{"not_picked":["Slimebound:MegaLick","Slimebound:Nibble"],"picked":"Slimebound:WasteNot","floor":6},{"not_picked":["Slimebound:GoopTackle","Slimebound:LivingWall"],"picked":"Slimebound:SamplingLick","floor":9},{"not_picked":["Slimebound:SamplingLick","Slimebound:SlimeBrawl"],"picked":"Slimebound:SplitAcid","floor":11},{"not_picked":["Slimebound:LeechEnergy","Slimebound:ComboTackle"],"picked":"Slimebound:SplitBruiser","floor":12},{"not_picked":["Slimebound:TongueLash","Slimebound:GrowthPunch"],"picked":"Slimebound:LeechingTouch","floor":13},{"not_picked":["Slimebound:AcidTongue","Slimebound:SplitBruiser"],"picked":"Slimebound:SamplingLick","floor":15},{"not_picked":["Slimebound:MinionMaster","Slimebound:Overexert"],"picked":"Slimebound:OozeBath","floor":16},{"not_picked":["Slimebound:Chomp","Slimebound:GrowthPunch","Slimebound:SlimeBrawl"],"picked":"SKIP","floor":19},{"not_picked":["Slimebound:LeechEnergy+1","Slimebound:RainOfGoop"],"picked":"Slimebound:SplitBruiser+1","floor":21},{"not_picked":["Slimebound:Gluttony+1","Slimebound:SlimeSpikes"],"picked":"Slimebound:SelfFormingGoo","floor":22}],"player_experience":163171,"relics_obtained":[{"floor":7,"key":"Happy Flower"},{"floor":24,"key":"Bronze Scales"}],"event_choices":[{"cards_removed":["Slimebound:Defend_Slimebound"],"damage_healed":0,"gold_gain":0,"player_choice":"Offered Basic","damage_taken":0,"max_hp_gain":0,"max_hp_loss":0,"event_name":"Bonfire Elementals","floor":23,"gold_loss":0}],"is_beta":false,"boss_relics":[{"not_picked":["Calling Bell","Coffee Dripper"],"picked":"SlaversCollar"}],"items_purged_floors":[3,22],"is_endless":false,"potions_floor_spawned":[9,11,16,19],"killed_by":"Snecko","ascension_level":0}}