{"host":"5u4m3sklrpw6xc20","time":1608090221,"event":{"mods":["2.2 Compatiblity","BaseMod","Better Third Choice","CapriCore","Colored Map","Hubris","Infinite Spire","Minty Spire (QoL Compilation)","Permanent Neow","Replay The Spire","Robot Space Explorer","Spicy Shops","StSLib","SuperFastMode","The Cursed","The Disciple","The Dragon Tamer","The Gatherer","The Immortal","The Runesmith"],"gold_per_floor":[119,119,135,152,168,168,201,201,224,224,238,250,250,250,250,348,348,366,366,377,393,117,117,117,117,309,319,346,356,9999815,9999815,9999815,9999815,9999815,9999815,9999815,9999815,9999815,9999815,9999815,9999815,9999815,9999815,9999815,9999815,9999815,9999815,9999815,9999815,9999815,9999815,9999815,9999815,9999805,9998862,9998850,9998834,9998821,9998802,9998802,9998788,9998788,9998776,9998776,9998776,9998762,9998755,9998755,9998749,9998749,9998736,9998736,9998065,9998049,9998049,9998049,9998032,9997261,9997261,9997245,9997228,9997228,9997209,9997192,9997192,9997157,9997157,9997141,9995894,9995880,9995880,9995880,9995880,9995827,9995788,9995788,9995763,9995746,9995732,9995732,9995713,9995713,9995678,9995678,9995667,9995667,9995667,9995658,9995646,9995646],"floor_reached":109,"playtime":3211,"items_purged":["Strike_G","Strike_G","Defend_G","Defend_G","Cloak And Dagger+1","After Image"],"score":2061,"play_id":"53c73948-4e30-430b-a458-5bf05fe9b48a","local_time":"20201215214341","is_ascension_mode":false,"campfire_choices":[{"data":"Cloak And Dagger","floor":6,"key":"SMITH"},{"data":"A Thousand Cuts","floor":8,"key":"SMITH"},{"data":"Neutralize","floor":10,"key":"SMITH"},{"data":"Sneak Up","floor":13,"key":"SMITH"},{"data":"Blade Dance","floor":15,"key":"SMITH"},{"data":"After Image","floor":25,"key":"SMITH"},{"data":"Accuracy","floor":31,"key":"SMITH"},{"data":"Blade Dance","floor":34,"key":"SMITH"},{"data":"ReplayTheSpireMod:Scrap Shanks","floor":42,"key":"SMITH"},{"data":"hubris:Fate","floor":47,"key":"SMITH"},{"data":"hubris:Sniper","floor":51,"key":"SMITH"},{"data":"Adrenaline","floor":60,"key":"SMITH"},{"data":"Survivor","floor":64,"key":"SMITH"},{"floor":68,"key":"RECALL"},{"floor":76,"key":"DIG"},{"floor":85,"key":"DIG"},{"floor":93,"key":"DIG"},{"floor":102,"key":"DIG"}],"circlet_count":0,"master_deck":["Survivor+1","Neutralize+1","Blade Dance+1","A Thousand Cuts+1","hubris:Sniper+1","After Image+1","Blade Dance+1","ReplayTheSpireMod:Scrap Shanks+1","ReplayTheSpireMod:Shiv Toss+1","hubris:Fate+1","Adrenaline+1"],"relics":["Ring of the Serpent","Nunchaku","WristBlade","OrangePellets","BargainBundle","ReplayFunnel","Shuriken","hubris:Icosahedron","Sozu","Ectoplasm","Replay:Drink Me","Dream Catcher","Boot","Philosopher\u0027s Stone","hubris:SlimyHat","infinitespire:Midas Blood","hubris:MysteriousPyramids","Toy Ornithopter","Sling","Kunai","The Specimen","Anchor","Old Coin","Bottled Tornado","Shovel","hubris:Zylophone","Durian","ReplayTheSpireMod:Lightbulb","Blue Doll","Replay:Wax Seal","MealTicket","Frozen Eye","Guide Book","Replay:Bottled Eggs","infinitespire:Satchel","infinitespire:Joker Card","Tough Bandages","Letter Opener","hubris:ScarierMask","Pen Nib","Lee\u0027s Waffle","Potion Belt","Pantograph","Prayer Wheel","PrismaticShard","Oddly Smooth Stone","hubris:CrystalStatue","hubris:64BitClover","Omamori","Smiling Mask","Coffee Dripper","Whetstone"],"acts_visited":["Exordium","TheCity","TheBeyond","Exordium","TheCity","TheBeyond","Exordium"],"potions_floor_usage":[],"damage_taken":[{"damage":1,"enemies":"Cultist","floor":1,"turns":4},{"damage":0,"enemies":"Small Slimes","floor":3,"turns":5},{"damage":0,"enemies":"Jaw Worm","floor":4,"turns":5},{"damage":0,"enemies":"Large Slime","floor":5,"turns":4},{"damage":14,"enemies":"Gremlin Nob","floor":7,"turns":4},{"damage":7,"enemies":"Looter","floor":11,"turns":2},{"damage":2,"enemies":"3 Louse","floor":12,"turns":2},{"damage":0,"enemies":"Fading Forest","floor":16,"turns":11},{"damage":10,"enemies":"Spheric Guardian","floor":18,"turns":5},{"damage":2,"enemies":"Chosen","floor":20,"turns":3},{"damage":19,"enemies":"Sentry and Sphere","floor":21,"turns":4},{"damage":9,"enemies":"Shelled Parasite and Fungi","floor":27,"turns":4},{"damage":11,"enemies":"Centurion and Healer","floor":29,"turns":5},{"damage":0,"enemies":"Snake Plant","floor":33,"turns":2},{"damage":0,"enemies":"Champ","floor":35,"turns":5},{"damage":0,"enemies":"3 Darklings","floor":37,"turns":2},{"damage":14,"enemies":"3 Shapes","floor":39,"turns":2},{"damage":0,"enemies":"Spire Growth","floor":41,"turns":2},{"damage":66,"enemies":"Nightmare","floor":43,"turns":7},{"damage":1,"enemies":"Writhing Mass","floor":44,"turns":2},{"damage":0,"enemies":"Maw","floor":49,"turns":2},{"damage":2,"enemies":"3 Darklings","floor":50,"turns":3},{"damage":0,"enemies":"Awakened One","floor":52,"turns":2},{"damage":0,"enemies":"Jaw Worm","floor":54,"turns":1},{"damage":0,"enemies":"Small Slimes","floor":56,"turns":1},{"damage":0,"enemies":"Cultist","floor":57,"turns":2},{"damage":0,"enemies":"Gremlin Nob","floor":58,"turns":1},{"damage":0,"enemies":"3 Sentries","floor":59,"turns":2},{"damage":0,"enemies":"Lagavulin","floor":61,"turns":1},{"damage":0,"enemies":"Looter","floor":63,"turns":1},{"damage":0,"enemies":"Exordium Wildlife","floor":66,"turns":1},{"damage":0,"enemies":"3 Sentries","floor":67,"turns":1},{"damage":0,"enemies":"The Guardian","floor":69,"turns":1},{"damage":0,"enemies":"Spheric Guardian","floor":71,"turns":1},{"damage":0,"enemies":"Shell Parasite","floor":74,"turns":2},{"damage":0,"enemies":"Gremlin Leader","floor":77,"turns":1},{"damage":0,"enemies":"Slavers","floor":80,"turns":1},{"damage":0,"enemies":"Cultist and Chosen","floor":81,"turns":1},{"damage":0,"enemies":"Shelled Parasite and Fungi","floor":83,"turns":2},{"damage":0,"enemies":"Centurion and Healer","floor":84,"turns":1},{"damage":0,"enemies":"Pondfish","floor":86,"turns":2},{"damage":0,"enemies":"Orb Walker","floor":88,"turns":1},{"damage":0,"enemies":"3 Shapes","floor":90,"turns":1},{"damage":0,"enemies":"Transient","floor":94,"turns":3},{"damage":0,"enemies":"R_Hoarder","floor":95,"turns":4},{"damage":0,"enemies":"Writhing Mass","floor":97,"turns":2},{"damage":0,"enemies":"Sphere and 2 Shapes","floor":98,"turns":2},{"damage":0,"enemies":"4 Shapes","floor":99,"turns":1},{"damage":0,"enemies":"Spire Growth","floor":101,"turns":1},{"damage":0,"enemies":"Donu and Deca","floor":103,"turns":2},{"damage":0,"enemies":"Small Slimes","floor":105,"turns":1},{"damage":0,"enemies":"2 Louse","floor":108,"turns":1},{"damage":0,"enemies":"Cultist","floor":109,"turns":1}],"seed_played":"3418122436880910580","potions_obtained":[{"floor":1,"key":"LiquidBronze"},{"floor":11,"key":"PowerPotion"},{"floor":12,"key":"FearPotion"}],"is_trial":false,"path_per_floor":["M","?","M","M","M","R","E","R","T","R","M","M","R","?","R","B",null,"M","AVR","M","M","$","PTL","PTL","R","?","M","T","M","$","R","?","M","R","B",null,"M","?","M","?","M","R","NM","M","T","AVR","R","?","M","M","R","B",null,"M","$","M","M","?","E","R","E","T","M","R","?","M","E","R","B",null,"M","?","$","M","AVR","R","E","$","T","E","M","?","M","M","R_BF","B",null,"M","$","M","?","AVR","R","M","E","T","M","M","M","?","M","R_BF","B",null,"M","?","?","M","M"],"character_chosen":"THE_SILENT","items_purchased":["BargainBundle","ReplayTheSpireMod:Scrap Shanks","Shuriken","Accuracy","hubris:SlimyHat","infinitespire:Midas Blood","hubris:MysteriousPyramids","Toy Ornithopter","Sling","Shovel","hubris:Zylophone","Durian","Replay:Wax Seal","MealTicket","Frozen Eye","Guide Book","Replay:Bottled Eggs","infinitespire:Satchel","Pen Nib","Lee\u0027s Waffle","Potion Belt","Pantograph","Prayer Wheel","PrismaticShard"],"campfire_rested":0,"item_purchase_floors":[22,22,30,30,55,55,55,55,55,73,73,73,78,78,78,78,78,78,89,89,89,89,89,89],"current_hp_per_floor":[69,69,69,69,69,69,55,55,55,55,48,46,46,46,46,46,70,60,60,58,39,39,39,39,39,39,30,30,19,19,19,19,19,19,19,53,53,53,39,39,39,39,53,52,52,52,52,52,52,50,50,50,53,53,53,53,53,53,53,53,53,53,53,53,46,46,46,46,46,53,53,53,58,58,58,58,58,58,58,58,58,58,58,58,58,58,58,58,65,65,65,65,65,65,65,65,65,65,65,65,65,65,65,65,65,68,68,68,68,68],"gold":9995646,"neow_bonus":"REMOVE_CARD","is_daily":false,"chose_seed":false,"campfire_upgraded":13,"win_rate":0.0,"timestamp":1608090221,"path_taken":["M","?","M","M","M","R","E","R","T","R","M","M","R","?","R","BOSS","M","AVR","M","M","$","PTL","PTL","R","?","M","T","M","$","R","?","M","R","BOSS","M","?","M","?","?","R","NM","M","T","AVR","R","?","M","M","R","BOSS","M","$","M","M","?","E","R","E","T","M","R","?","M","E","R","BOSS","M","?","$","M","AVR","R","E","?","T","E","M","?","M","?","R_BF","BOSS","M","$","M","?","AVR","R","?","E","T","M","?","M","?","M","R_BF","BOSS","M","?","?","M","M"],"items_purchased_type":["Relic","Card","Relic","Card","Relic","Relic","Relic","Relic","Relic","Relic","Relic","Relic","Relic","Relic","Relic","Relic","Relic","Relic","Relic","Relic","Relic","Relic","Relic","Relic"],"build_version":"2020-12-13","purchased_purges":6,"victory":false,"max_hp_per_floor":[70,70,70,70,70,70,70,70,70,70,70,70,70,70,70,70,70,70,70,70,70,70,70,70,70,70,70,70,70,70,70,70,70,70,70,53,53,53,53,53,53,53,53,53,53,53,53,53,53,53,53,53,53,53,53,53,53,53,53,53,53,53,53,53,53,53,53,53,53,53,53,53,58,58,58,58,58,58,58,58,58,58,58,58,58,58,58,58,65,65,65,65,65,65,65,65,65,65,65,65,65,65,65,65,65,68,68,68,68,68],"card_choices":[{"not_picked":["Hidden Blade","Calculated Gamble"],"picked":"Cloak And Dagger","floor":1},{"not_picked":["Quick Slash","ReplayTheSpireMod:Exploit Weakness","Toxin Wave"],"picked":"SKIP","floor":3},{"not_picked":["Deadly Poison","Prepared"],"picked":"Blade Dance","floor":4},{"not_picked":["Deadly Poison","Outmaneuver","Draining Mist"],"picked":"SKIP","floor":5},{"not_picked":["Terror","Deflect"],"picked":"A Thousand Cuts","floor":7},{"not_picked":["Deadly Poison","Cloak And Dagger"],"picked":"Sneak Up","floor":11},{"not_picked":["Slice","Sucker Punch"],"picked":"hubris:Sniper","floor":12},{"not_picked":["Night Terror","Storm of Steel"],"picked":"After Image","floor":16},{"not_picked":["Deadly Poison","Heel Hook","PiercingWail+1"],"picked":"SKIP","floor":18},{"not_picked":["Catalyst","Masterful Stab"],"picked":"Blade Dance","floor":20},{"not_picked":["Well Laid Plans+1","ReplayTheSpireMod:Speed Training+1","Fluid Movement"],"picked":"SKIP","floor":21},{"not_picked":["Catalyst","Hidden Blade","Acrobatics"],"picked":"SKIP","floor":27},{"not_picked":["PiercingWail","Venomology"],"picked":"ReplayTheSpireMod:Shiv Toss+1","floor":29},{"not_picked":["Distraction","Setup","Dodge and Roll"],"picked":"SKIP","floor":33},{"not_picked":["Quick Slash+1","hubris:Sniper+1","Footwork"],"picked":"SKIP","floor":37},{"not_picked":["Deadly Poison","Acrobatics+1","Underhanded Strike+1"],"picked":"SKIP","floor":39},{"not_picked":["Predator+1","Sucker Punch","Hidden Blade"],"picked":"SKIP","floor":41},{"not_picked":["ReplayTheSpireMod:Tripwire+1","Blade Dance","Dodge and Roll"],"picked":"SKIP","floor":43},{"not_picked":["Distraction","Backflip+1"],"picked":"Cloak And Dagger+1","floor":44},{"not_picked":["Prepared","Blade Dance+1","Cloak And Dagger+1"],"picked":"SKIP","floor":49},{"not_picked":["Heel Hook+1","ReplayTheSpireMod:The Works","Fluid Movement+1"],"picked":"SKIP","floor":50},{"not_picked":["hubris:Sniper","Deflect","Acrobatics"],"picked":"SKIP","floor":54},{"not_picked":["Caltrops","Toxin Wave","ReplayTheSpireMod:Exploit Weakness"],"picked":"SKIP","floor":56},{"not_picked":["Noxious Fumes","Blade Dance","Sneak Up"],"picked":"SKIP","floor":57},{"not_picked":["Acrobatics","hubris:TrickCloak"],"picked":"Adrenaline","floor":59},{"not_picked":["Flying Knee","Bullet Time","Blade Dance"],"picked":"SKIP","floor":61},{"not_picked":["Escape Plan","Setup","Deadly Poison"],"picked":"SKIP","floor":63},{"not_picked":["Terror","ReplayTheSpireMod:Shiv Toss","Bane"],"picked":"SKIP","floor":66},{"not_picked":["Terror","ReplayTheSpireMod:Shiv Toss","Bane"],"picked":"SKIP","floor":66},{"not_picked":["Cloak And Dagger","hubris:Counter","Dagger Spray"],"picked":"SKIP","floor":67},{"not_picked":["Sucker Punch","Blade Dance","Poisoned Stab+1"],"picked":"SKIP","floor":71},{"not_picked":["Underhanded Strike+1","Burst","Outmaneuver"],"picked":"SKIP","floor":74},{"not_picked":["Underhanded Strike","Acrobatics","Deadly Poison"],"picked":"SKIP","floor":77},{"not_picked":["Outmaneuver","Flechettes","Dagger Spray"],"picked":"SKIP","floor":80},{"not_picked":["Sucker Punch+1","Acrobatics","Adrenaline"],"picked":"SKIP","floor":81},{"not_picked":["Sucker Punch","Deflect","Bane+1"],"picked":"SKIP","floor":83},{"not_picked":["Dagger Throw+1","Deadly Poison+1","Riddle With Holes"],"picked":"SKIP","floor":84},{"not_picked":["Glass Knife","Storm of Steel"],"picked":"After Image","floor":86},{"not_picked":["Poisoned Stab","Replay:Poison Smokescreen","Infinite Blades+1"],"picked":"SKIP","floor":88},{"not_picked":["TheCursedMod:ReleasedKnowledge+1","TheCursedMod:SoulReap+1","PiercingWail+1"],"picked":"SKIP","floor":90},{"not_picked":["RobotSpaceExplorer:DoubleBlock","RobotSpaceExplorer:SwiftStep+1","MokouMod:IndiscriminateIgnition+1"],"picked":"SKIP","floor":90},{"not_picked":["Halt+1","Runesmith:CraftIncendium","DTMod:BizarreTactic+1"],"picked":"SKIP","floor":94},{"not_picked":["Runesmith:EnergizedChisel+1","EscortCommand+1","RobotSpaceExplorer:DoubleFind+1"],"picked":"SKIP","floor":94},{"not_picked":["Quick Slash","LockedAnchor","TheCursedMod:FleshFromBone"],"picked":"SKIP","floor":95},{"not_picked":["Runesmith:Grindstone+1","Acrobatics+1","Deadly Poison"],"picked":"SKIP","floor":97},{"not_picked":["Glass Knife","LockedScales+1","PrimeTime"],"picked":"SKIP","floor":97},{"not_picked":["Runesmith:LithiumIon+1","Echoward+1","Gatherer:AcidicSpray+1"],"picked":"SKIP","floor":98},{"not_picked":["MokouMod:RoaringFlare+1","ReplayTheSpireMod:Shiv Toss+1","PrimeTime+1"],"picked":"SKIP","floor":98},{"not_picked":["Rupture","CrunchTime","Calculated Gamble+1"],"picked":"SKIP","floor":99},{"not_picked":["Fasting2+1","Gatherer:Snatch+1","RobotSpaceExplorer:ScrapShield"],"picked":"SKIP","floor":99},{"not_picked":["Compile Driver","Acrobatics+1","Infinite Blades"],"picked":"SKIP","floor":101},{"not_picked":["MokouMod:UncontrollableSolarReaction","Gatherer:ScherryThrow+1","MokouMod:ResoluteFlare"],"picked":"SKIP","floor":101},{"not_picked":["hubris:Insight","TheCursedMod:VitalStrike","Burning Pact"],"picked":"SKIP","floor":105},{"not_picked":["HandsUpB","Warcry","Ball Lightning"],"picked":"SKIP","floor":105},{"not_picked":["TheCursedMod:Wield","Replay:Battleflow","Gatherer:TreeGrowth"],"picked":"SKIP","floor":108},{"not_picked":["MokouMod:FujiyamaVolcano","EmptyBody","Runesmith:HammerThrow"],"picked":"SKIP","floor":108}],"player_experience":243866,"relics_obtained":[{"floor":7,"key":"Nunchaku"},{"floor":28,"key":"ReplayFunnel"},{"floor":43,"key":"Dream Catcher"},{"floor":45,"key":"Boot"},{"floor":58,"key":"Kunai"},{"floor":59,"key":"The Specimen"},{"floor":61,"key":"Anchor"},{"floor":62,"key":"Old Coin"},{"floor":67,"key":"Bottled Tornado"},{"floor":76,"key":"ReplayTheSpireMod:Lightbulb"},{"floor":77,"key":"Blue Doll"},{"floor":79,"key":"infinitespire:Joker Card"},{"floor":80,"key":"Tough Bandages"},{"floor":85,"key":"Letter Opener"},{"floor":93,"key":"hubris:CrystalStatue"},{"floor":95,"key":"hubris:64BitClover"},{"floor":96,"key":"Omamori"},{"floor":102,"key":"Smiling Mask"},{"floor":108,"key":"Whetstone"}],"event_choices":[{"cards_removed":["Strike_G"],"damage_healed":0,"gold_gain":0,"player_choice":"Offered Basic","damage_taken":0,"max_hp_gain":0,"max_hp_loss":0,"event_name":"Bonfire Elementals","floor":14,"gold_loss":0},{"damage_healed":0,"gold_gain":0,"player_choice":"Ignored","damage_taken":0,"max_hp_gain":0,"max_hp_loss":0,"event_name":"Tomb of Lord Red Mask","floor":38,"gold_loss":0},{"cards_removed":["Defend_G"],"damage_healed":0,"gold_gain":0,"player_choice":"Purged","damage_taken":0,"max_hp_gain":0,"max_hp_loss":0,"event_name":"Purifier","floor":40,"gold_loss":0},{"cards_removed":["Cloak And Dagger"],"damage_healed":0,"gold_gain":0,"player_choice":"Removed Skill","damage_taken":0,"max_hp_gain":0,"max_hp_loss":0,"event_name":"Falling","floor":48,"gold_loss":0},{"damage_healed":0,"gold_gain":30,"player_choice":"Searched \u00272\u0027 times","damage_taken":0,"max_hp_gain":0,"max_hp_loss":0,"event_name":"Dead Adventurer","floor":58,"gold_loss":0},{"cards_removed":["Accuracy"],"damage_healed":0,"gold_gain":0,"player_choice":"Card Removal","damage_taken":7,"max_hp_gain":0,"max_hp_loss":0,"event_name":"Golden Wing","floor":65,"gold_loss":0},{"damage_healed":0,"gold_gain":0,"player_choice":"Ignored","damage_taken":0,"max_hp_gain":0,"max_hp_loss":0,"event_name":"Accursed Blacksmith","floor":72,"gold_loss":0},{"damage_healed":0,"gold_gain":0,"player_choice":"Ignored","damage_taken":0,"max_hp_gain":0,"max_hp_loss":0,"event_name":"Beggar","floor":82,"gold_loss":0},{"damage_healed":0,"gold_gain":0,"player_choice":"Ignored","damage_taken":0,"max_hp_gain":0,"max_hp_loss":0,"event_name":"Upgrade Shrine","floor":91,"gold_loss":0},{"damage_healed":0,"gold_gain":0,"player_choice":"Ignored","damage_taken":0,"max_hp_gain":0,"max_hp_loss":0,"event_name":"Golden Wing","floor":107,"gold_loss":0}],"is_beta":false,"boss_relics":[{"not_picked":["Replay:Ancient Bell","hubris:ScarierMask"],"picked":"WristBlade"},{"not_picked":["hubris:Backtick","Replay:Grab Bag"],"picked":"Replay:Drink Me"},{"not_picked":["Runic Pyramid","Tiny House"],"picked":"Philosopher\u0027s Stone"},{"not_picked":["Abe\u0027s Treasure","Replay:Ancient Bell"],"picked":"Ring of the Serpent"},{"not_picked":["Tiny House","hubris:RunicObelisk"],"picked":"hubris:ScarierMask"},{"not_picked":["Honey Jar","hubris:HollowSoul"],"picked":"Coffee Dripper"}],"items_purged_floors":[19,22,30,30,73,89],"is_endless":true,"potions_floor_spawned":[1,11,12,20,21,27,29,39,49,50,52,56,58,61,67,71,74,83,97,98,103],"killed_by":"Cultist","ascension_level":0}}