{"host":"qw1m3zcvi888b4j7","time":1608078473,"event":{"mods":["BaseMod","Block Reminder","Colored Map","Colored Powertips","DeckTracker","Highlight Path","Hubris","Minty Spire (QoL Compilation)","Quick Restart","Rare Cards Sparkle","Relic Sorter","Relic Stats","Replay The Spire","StSLib","The Blue Laboratory","The Cursed"],"gold_per_floor":[115,115,115,133,23,54,54,7,57,57,57,57,232,232,263,277,277,277,277],"floor_reached":18,"playtime":772,"items_purged":[],"score":128,"play_id":"4c930b1b-a5e0-49f8-a23f-03bfc49d74d1","local_time":"20201216012753","is_ascension_mode":true,"campfire_choices":[{"floor":7,"key":"REST"},{"floor":10,"key":"RECALL"},{"floor":17,"key":"REST"}],"circlet_count":0,"master_deck":["Strike_G","Strike_G","Strike_G","Strike_G","Strike_G","Defend_G","Defend_G","Defend_G","Defend_G","Defend_G","Survivor","Neutralize","Poisoned Stab","ReplayTheSpireMod:The Works","Expertise","hubris:Sniper","Infinite Blades","Hidden Blade","Poisoned Stab","Doubt","Regret","Escape Plan","Bane"],"relics":["Ring of the Snake","hubris:Towel","FossilizedHelix","ReplayTheSpireMod:Lightbulb","hubris:AncientText","Bag of Marbles"],"acts_visited":["Exordium"],"potions_floor_usage":[6,6,18],"damage_taken":[{"damage":0,"enemies":"2 Louse","floor":1,"turns":2},{"damage":8,"enemies":"Jaw Worm","floor":4,"turns":4},{"damage":39,"enemies":"3 Sentries","floor":6,"turns":11},{"damage":32,"enemies":"Gremlin Nob","floor":15,"turns":5},{"damage":0,"enemies":"Cultist","floor":16,"turns":3},{"damage":34,"enemies":"Slime Boss","floor":18,"turns":6}],"seed_played":"3696904708134635900","potions_obtained":[{"floor":1,"key":"blueLaboratory:SuffocatingSmog"},{"floor":4,"key":"Dexterity Potion"},{"floor":16,"key":"Strength Potion"}],"is_trial":false,"path_per_floor":["M","?","$","M","$","E","R","$","T","R","PTL","PTL","?","?","E","M","R","B"],"character_chosen":"THE_SILENT","items_purchased":["hubris:Sniper","Infinite Blades","Poisoned Stab"],"campfire_rested":2,"item_purchase_floors":[5,5,8],"current_hp_per_floor":[70,70,70,62,62,23,44,44,44,44,44,44,44,44,12,12,33,0,0],"gold":277,"neow_bonus":"THREE_CARDS","is_daily":false,"chose_seed":false,"campfire_upgraded":0,"win_rate":0.0,"timestamp":1608078473,"path_taken":["M","?","$","M","$","E","R","?","T","R","PTL","PTL","?","?","E","?","R","BOSS"],"items_purchased_type":["Card","Card","Card"],"build_version":"2020-12-13","purchased_purges":0,"victory":false,"max_hp_per_floor":[70,70,70,70,70,70,70,70,70,70,70,70,70,70,70,70,70,70,70],"relic_stats":{"counters":[6,31],"obtain_stats":[{"Bag of Marbles":15,"hubris:Towel":2,"ReplayTheSpireMod:Lightbulb":9,"FossilizedHelix":6,"hubris:AncientText":14,"Ring of the Snake":0},{"Bag of Marbles":4,"hubris:Towel":1,"ReplayTheSpireMod:Lightbulb":3,"FossilizedHelix":3,"hubris:AncientText":3,"Ring of the Snake":0},{"Bag of Marbles":22,"hubris:Towel":2,"ReplayTheSpireMod:Lightbulb":17,"FossilizedHelix":17,"hubris:AncientText":17,"Ring of the Snake":0}],"Ring of the Snake":[12]},"card_choices":[{"not_picked":["Prepared","Blur"],"picked":"Poisoned Stab","floor":0},{"not_picked":["Heel Hook","Outmaneuver"],"picked":"ReplayTheSpireMod:The Works","floor":1},{"not_picked":["Distraction","Tactician"],"picked":"Expertise","floor":4},{"not_picked":["Quick Slash","Dagger Spray"],"picked":"Hidden Blade","floor":6},{"not_picked":["Dagger Spray","Terror"],"picked":"Escape Plan","floor":15},{"not_picked":["Dagger Spray","Outmaneuver"],"picked":"Bane","floor":16}],"player_experience":90217,"relics_obtained":[{"floor":6,"key":"FossilizedHelix"},{"floor":9,"key":"ReplayTheSpireMod:Lightbulb"},{"floor":15,"key":"Bag of Marbles"}],"event_choices":[{"damage_healed":0,"gold_gain":175,"player_choice":"AGREE","damage_taken":0,"max_hp_gain":0,"max_hp_loss":0,"event_name":"Liars Game","floor":13,"gold_loss":0,"cards_obtained":["Doubt"]},{"damage_healed":0,"gold_gain":0,"player_choice":"Box","damage_taken":0,"relics_obtained":["hubris:AncientText"],"max_hp_gain":0,"max_hp_loss":0,"event_name":"Big Fish","floor":14,"gold_loss":0,"cards_obtained":["Regret"]}],"is_beta":false,"boss_relics":[],"items_purged_floors":[],"is_endless":false,"potions_floor_spawned":[1,4,16],"killed_by":"Slime Boss","ascension_level":2}}