{"host":"3y2rtlgteqp2nuo3","time":1608106954,"event":{"mods":["2.2 Compatiblity","AchievementEnabler","BaseMod","Colored Map","DeckTracker","Highlight Path","Keyboard Shortcuts","Minty Spire (QoL Compilation)","Permanent Neow","Quick Restart","StSLib","SuperFastMode","everything is the same but u backflip on backflip"],"gold_per_floor":[110,123,140,140,160,160,193,203,203,128,128,92,92,128,128,235,244,272,247,306,70,90,90,127,186,234,234,254,290,340,340,340],"floor_reached":31,"playtime":779,"items_purged":["Strike_B","Strike_B"],"score":475,"play_id":"69717eff-385b-4d10-9199-4928216ccadf","local_time":"20201216172234","is_ascension_mode":true,"campfire_choices":[{"data":"Defragment","floor":6.0,"key":"SMITH"},{"data":"Streamline","floor":11.0,"key":"SMITH"},{"floor":13.0,"key":"REST"},{"floor":15.0,"key":"REST"},{"data":"White Noise","floor":23.0,"key":"SMITH"},{"floor":27.0,"key":"REST"}],"circlet_count":0,"master_deck":["AscendersBane","Strike_B","Defend_B","Defend_B","Defend_B","Defend_B","Zap+1","Dualcast","Defragment+1","Tempest","Streamline+1","Glacier","Echo Form","Ball Lightning","White Noise+1","Hologram","Seek","CurseOfTheBell","Auto Shields","Skim","Defragment+1","Steam","BootSequence+1","Writhe","Genetic Algorithm"],"relics":["Cracked Core","SsserpentHead","Akabeko","Darkstone Periapt","CeramicFish","Calling Bell","Juzu Bracelet","InkBottle","StoneCalendar","DollysMirror","TungstenRod","Symbiotic Virus","Lantern","Blood Vial"],"acts_visited":["Exordium","TheCity"],"potions_floor_usage":[29],"damage_taken":[{"damage":6.0,"enemies":"Cultist","floor":1.0,"turns":3.0},{"damage":0.0,"enemies":"2 Louse","floor":2.0,"turns":3.0},{"damage":0.0,"enemies":"Jaw Worm","floor":3.0,"turns":1.0},{"damage":6.0,"enemies":"Blue Slaver","floor":5.0,"turns":4.0},{"damage":12.0,"enemies":"Lagavulin","floor":7.0,"turns":7.0},{"damage":17.0,"enemies":"Exordium Thugs","floor":8.0,"turns":5.0},{"damage":20.0,"enemies":"3 Sentries","floor":14.0,"turns":5.0},{"damage":28.0,"enemies":"Slime Boss","floor":16.0,"turns":6.0},{"damage":1.0,"enemies":"Spheric Guardian","floor":18.0,"turns":4.0},{"damage":12.0,"enemies":"Chosen","floor":22.0,"turns":3.0},{"damage":57.0,"enemies":"Gremlin Leader","floor":24.0,"turns":7.0},{"damage":0.0,"enemies":"Shelled Parasite and Fungi","floor":28.0,"turns":5.0},{"damage":6,"enemies":"Book of Stabbing","floor":29,"turns":5},{"damage":35,"enemies":"Snecko","floor":31,"turns":4}],"seed_played":"-9131916560023399349","potions_obtained":[{"floor":2.0,"key":"Fire Potion"},{"floor":7.0,"key":"PowerPotion"},{"floor":18.0,"key":"Fruit Juice"},{"floor":22.0,"key":"LiquidMemories"},{"floor":28.0,"key":"Weak Potion"}],"is_trial":false,"path_per_floor":["M","M","M","?","M","R","E","M","T","$","R","$","R","E","R","B",null,"M","?","?","$","M","R","E","?","T","R","M","E","?","M"],"character_chosen":"DEFECT","items_purchased":["White Noise","DollysMirror"],"campfire_rested":3,"item_purchase_floors":[12,21],"current_hp_per_floor":[62,62,62,62,56,56,44,27,27,27,27,27,49,29,51,23,68,72,72,72,72,60,60,3,9,9,36,36,30,22,0,0],"gold":340,"neow_bonus":"UPGRADE_CARD","is_daily":false,"chose_seed":false,"campfire_upgraded":3,"win_rate":0.0,"timestamp":1608106954,"path_taken":["M","M","M","?","M","R","E","M","T","$","R","$","R","E","R","BOSS","M","?","?","$","M","R","E","?","T","R","M","E","?","M"],"items_purchased_type":["Card","Relic"],"build_version":"2020-12-13","purchased_purges":2,"victory":false,"max_hp_per_floor":[75,75,75,75,75,75,75,75,75,75,75,75,75,75,75,75,81,86,86,86,86,86,86,86,92,92,92,92,92,92,92,92],"card_choices":[{"not_picked":["Go for the Eyes","Streamline"],"picked":"Defragment","floor":1.0},{"not_picked":["Force Field","Conserve Battery"],"picked":"Tempest","floor":2.0},{"not_picked":["Tempest","Leap"],"picked":"Streamline","floor":3.0},{"not_picked":["Compile Driver","Turbo"],"picked":"Glacier","floor":5.0},{"not_picked":["Sweeping Beam","Barrage"],"picked":"Echo Form","floor":7.0},{"not_picked":["Redo","Melter"],"picked":"Ball Lightning","floor":8.0},{"not_picked":["Barrage","Stack"],"picked":"Hologram","floor":14.0},{"not_picked":["Hyperbeam","Biased Cognition"],"picked":"Seek","floor":16.0},{"not_picked":["Cold Snap","Hologram"],"picked":"Auto Shields","floor":18.0},{"not_picked":["Loop","Redo"],"picked":"Steam","floor":22.0},{"not_picked":["White Noise","Gash"],"picked":"BootSequence+1","floor":24.0},{"not_picked":["Redo","Gash+1","Cold Snap"],"picked":"SKIP","floor":28.0},{"not_picked":["Streamline+1","Cold Snap"],"picked":"Genetic Algorithm","floor":29}],"player_experience":855287,"relics_obtained":[{"floor":7.0,"key":"Akabeko"},{"floor":9.0,"key":"Darkstone Periapt"},{"floor":14.0,"key":"CeramicFish"},{"floor":17.0,"key":"Juzu Bracelet"},{"floor":17.0,"key":"InkBottle"},{"floor":17.0,"key":"StoneCalendar"},{"floor":24.0,"key":"TungstenRod"},{"floor":26.0,"key":"Lantern"},{"floor":29,"key":"Blood Vial"}],"event_choices":[{"damage_healed":0.0,"max_hp_gain":0.0,"max_hp_loss":0.0,"gold_gain":0.0,"event_name":"FaceTrader","player_choice":"Trade","floor":4.0,"gold_loss":0.0,"damage_taken":0.0,"relics_obtained":["SsserpentHead"]},{"cards_removed":["Strike_B"],"damage_healed":0.0,"max_hp_gain":0.0,"max_hp_loss":0.0,"gold_gain":0.0,"event_name":"Beggar","player_choice":"Gave Gold","floor":19.0,"gold_loss":75.0,"damage_taken":0.0},{"damage_healed":0.0,"max_hp_gain":0.0,"max_hp_loss":0.0,"gold_gain":0.0,"event_name":"The Library","player_choice":"Read","floor":20.0,"gold_loss":0.0,"damage_taken":0.0,"cards_obtained":["Skim"]},{"damage_healed":0.0,"max_hp_gain":0.0,"max_hp_loss":0.0,"gold_gain":0.0,"event_name":"The Mausoleum","player_choice":"Opened","floor":25.0,"gold_loss":0.0,"damage_taken":0.0,"relics_obtained":["Symbiotic Virus"],"cards_obtained":["Writhe"]},{"damage_healed":0,"gold_gain":0,"player_choice":"Damaged","damage_taken":9,"max_hp_gain":0,"max_hp_loss":0,"event_name":"Wheel of Change","floor":30,"gold_loss":0}],"is_beta":false,"boss_relics":[{"not_picked":["FrozenCore","Sozu"],"picked":"Calling Bell"}],"items_purged_floors":[10,21],"is_endless":false,"potions_floor_spawned":[2,7,18,22,28],"killed_by":"Snecko","ascension_level":12}}