{"host":"bux6a2l43q47o8uc","time":1608139612,"event":{"mods":["2.2 Compatiblity","AchievementEnabler","BaseMod","Colored Map","Colored Powertips","Custom Start","Duelist Mod","Friendly Minions","GifTheSpireLib","GungeonMod","Hermit","Hubris","Infinite Spire","KomeijiMod","Minty Spire (QoL Compilation)","Quick Restart","Replay The Spire","Shop Mod","Spicy Shops","StSLib","The Animator","The Necromancer","The Runesmith","[IsaacMod]????"],"gold_per_floor":[118,128,143,156,9,9,36,36,36,36,23,51,51,62,62,62,62],"floor_reached":16,"playtime":1379,"items_purged":["Runesmith:Strike_RS"],"score":110,"play_id":"662a0885-8bc2-4e3e-b87e-18af1ccbe071","local_time":"20201216192652","is_ascension_mode":false,"campfire_choices":[{"data":"Runesmith:CraftFirestone","floor":6,"key":"SMITH"},{"data":"Runesmith:PerfectChisel","floor":13,"key":"SMITH"},{"data":"Runesmith:RunicBlueprint","floor":15,"key":"SMITH"}],"circlet_count":0,"master_deck":["Runesmith:Strike_RS","Runesmith:Strike_RS","Runesmith:Strike_RS","Runesmith:Defend_RS","Runesmith:Defend_RS","Runesmith:Defend_RS","Runesmith:Defend_RS","Runesmith:CraftFirestone+1","Runesmith:Fortify","Runesmith:ChiselStab","Runesmith:RunicBlueprint+1","Runesmith:ShiftingStrike","Runesmith:PerfectChisel+1","Runesmith:HammerThrow+1","Runesmith:CraftVitae","Runesmith:CraftObretio","Runesmith:ChiselStab"],"relics":["Runesmith:BrokenRuby","HushsDoor","MerchantsRug","ReplayFunnel","Vajra","Tiny Chest"],"acts_visited":["Exordium"],"potions_floor_usage":[16],"damage_taken":[{"damage":5,"enemies":"2 Louse","floor":1,"turns":3},{"damage":0,"enemies":"Small Slimes","floor":2,"turns":3},{"damage":0,"enemies":"Cultist","floor":3,"turns":5},{"damage":0,"enemies":"Blue Slaver","floor":4,"turns":5},{"damage":9,"enemies":"3 Sentries","floor":7,"turns":6},{"damage":24,"enemies":"Gremlin Nob","floor":12,"turns":4},{"damage":7,"enemies":"Looter","floor":14,"turns":3},{"damage":30,"enemies":"Slime Boss","floor":16,"turns":8}],"seed_played":"167164104695466595","potions_obtained":[{"floor":1,"key":"SkillPotion"},{"floor":2,"key":"SpeedPotion"},{"floor":4,"key":"Weak Potion"},{"floor":14,"key":"BlessingOfTheForge"}],"is_trial":false,"path_per_floor":["M","M","M","M","$","R","E","?","T","?","$","E","R","M","R","B"],"character_chosen":"RUNESMITH_CLASS","items_purchased":["MerchantsRug","Runesmith:HammerThrow+1","Vajra"],"campfire_rested":0,"item_purchase_floors":[5,5,11],"current_hp_per_floor":[70,70,70,70,70,70,61,61,61,61,61,37,37,30,30,0,0],"gold":62,"neow_bonus":"RANDOM_EVENT","is_daily":false,"chose_seed":false,"campfire_upgraded":3,"win_rate":0.0,"timestamp":1608139612,"path_taken":["M","M","M","M","$","R","E","?","T","?","?","E","R","M","R","BOSS"],"items_purchased_type":["Relic","Card","Relic"],"build_version":"2020-12-13","purchased_purges":1,"victory":false,"max_hp_per_floor":[75,75,75,75,75,75,75,75,75,75,75,75,75,75,75,75,75],"card_choices":[{"not_picked":["Runesmith:Overpower","Runesmith:EnergizedChisel"],"picked":"Runesmith:ChiselStab","floor":1},{"not_picked":["Runesmith:MetallurgicalResearch","Runesmith:Grindstone"],"picked":"Runesmith:RunicBlueprint","floor":2},{"not_picked":["Runesmith:Grindstone","Bomb"],"picked":"Runesmith:ShiftingStrike","floor":3},{"not_picked":["Runesmith:LithiumIon","Runesmith:Duplicate"],"picked":"Runesmith:PerfectChisel","floor":4},{"not_picked":["Runesmith:Refine","Runesmith:ChargedHammer"],"picked":"Runesmith:CraftVitae","floor":7},{"not_picked":["Runesmith:BackupBattery","Runesmith:Overpower"],"picked":"Runesmith:CraftObretio","floor":12},{"not_picked":["Runesmith:Permafrost","Runesmith:BackupBattery"],"picked":"Runesmith:ChiselStab","floor":14}],"player_experience":317990,"relics_obtained":[{"floor":7,"key":"hubris:TinFlute"},{"floor":9,"key":"ReplayFunnel"},{"floor":12,"key":"Tiny Chest"}],"event_choices":[{"damage_healed":0,"gold_gain":0,"player_choice":"Donut","damage_taken":0,"max_hp_gain":5,"max_hp_loss":0,"event_name":"Big Fish","floor":0,"gold_loss":0},{"damage_healed":0,"gold_gain":0,"player_choice":"Leave","damage_taken":0,"max_hp_gain":0,"max_hp_loss":0,"event_name":"The Cleric","floor":8,"gold_loss":0}],"is_beta":false,"boss_relics":[],"items_purged_floors":[5],"is_endless":false,"potions_floor_spawned":[1,2,4,14],"killed_by":"Slime Boss","ascension_level":0}}