{"host":"j5gdvqtwmxqn6tw6","time":1608123832,"event":{"mods":["BaseMod","Colored Map","Colored Powertips","Downfall","Minty Spire (QoL Compilation)","Replay The Spire","StSLib","SuperFastMode"],"gold_per_floor":[118,118,118,132,148,183,258,258,258,258,291,306,323,335,335,438,438,448,464,239,239,338,338,356,356,356,367,377,393,393,424,424,526,526,540,500,518,536,556,556,556,556],"floor_reached":41,"playtime":1398,"items_purged":["Strike_B"],"score":457,"play_id":"b8fe324f-6b01-45ea-81b2-ab84388b8db1","local_time":"20201216140352","is_ascension_mode":false,"campfire_choices":[{"data":"Zap","floor":8,"key":"SMITH"},{"data":"Tempest","floor":10,"key":"SMITH"},{"data":"BasicCrystalCard","floor":15,"key":"SMITH"},{"data":"Conserve Battery","floor":23,"key":"SMITH"},{"data":"Capacitor","floor":25,"key":"SMITH"},{"data":"Electrodynamics","floor":30,"key":"SMITH"},{"floor":32,"key":"REST"},{"data":"Barrage","floor":40,"key":"SMITH"}],"circlet_count":0,"master_deck":["Strike_B","Defend_B","Defend_B","Zap+1","Dualcast+1","Beam Cell+1","Strike_G","Leap","Tempest+1","BasicCrystalCard+1","Storm","Electrodynamics+1","Conserve Battery+1","Barrage+1","Capacitor+1","Leap+1","Barrage+1","Parasite"],"relics":["Cracked Core","Replay:Ringing Soul","Eternal Feather","White Beast Statue","Empty Cage","Blue Doll","Replay:WaspNest","Red Mask","Velvet Choker"],"acts_visited":["Exordium","TheCity","TheBeyond"],"potions_floor_usage":[6,12,16,16,27,31,33,33,33,37,38,41,41],"damage_taken":[{"damage":1,"enemies":"Jaw Worm","floor":1,"turns":3},{"damage":0,"enemies":"Small Slimes","floor":4,"turns":3},{"damage":1,"enemies":"Cultist","floor":5,"turns":3},{"damage":26,"enemies":"Lagavulin","floor":6,"turns":7},{"damage":6,"enemies":"Gremlin Nob","floor":11,"turns":3},{"damage":14,"enemies":"Exordium Wildlife","floor":12,"turns":3},{"damage":1,"enemies":"3 Louse","floor":13,"turns":2},{"damage":1,"enemies":"Looter","floor":14,"turns":2},{"damage":30,"enemies":"Slime Boss","floor":16,"turns":10},{"damage":11,"enemies":"Chosen","floor":18,"turns":4},{"damage":0,"enemies":"Spheric Guardian","floor":19,"turns":3},{"damage":12,"enemies":"Snake Plant","floor":24,"turns":4},{"damage":21,"enemies":"Shelled Parasite and Fungi","floor":27,"turns":6},{"damage":1,"enemies":"Snecko","floor":28,"turns":5},{"damage":17,"enemies":"Snake Plant","floor":29,"turns":4},{"damage":32,"enemies":"Masked Bandits","floor":31,"turns":4},{"damage":63,"enemies":"Automaton","floor":33,"turns":10},{"damage":22,"enemies":"Orb Walker","floor":35,"turns":4},{"damage":0,"enemies":"3 Shapes","floor":37,"turns":2},{"damage":7,"enemies":"Transient","floor":38,"turns":5},{"damage":27,"enemies":"Writhing Mass","floor":39,"turns":6},{"damage":99,"enemies":"Giant Head","floor":41,"turns":8}],"seed_played":"3227419358693762519","potions_obtained":[{"floor":4,"key":"FearPotion"},{"floor":11,"key":"Explosive Potion"},{"floor":12,"key":"SteroidPotion"},{"floor":13,"key":"PotionOfCapacity"},{"floor":14,"key":"Regen Potion"},{"floor":16,"key":"LifebloodPotion"},{"floor":18,"key":"Strength Potion"},{"floor":19,"key":"Guardian:BlockOnCardUsePotion"},{"floor":27,"key":"Adrenaline Potion"},{"floor":28,"key":"Fire Potion"},{"floor":31,"key":"FearPotion"},{"floor":33,"key":"Toxic Potion"},{"floor":35,"key":"BlessingOfTheForge"},{"floor":37,"key":"PowerPotion"},{"floor":38,"key":"sneckomod:MuddlingPotion"},{"floor":39,"key":"EntropicBrew"}],"is_trial":false,"path_per_floor":["M","?","?","M","M","E","?","R","T","R","E","M","M","M","R","B",null,"M","M","$","?","?","R","M","R","T","M","M","M","R","?","R","B",null,"M","?","M","M","M","R","E"],"character_chosen":"DEFECT","items_purchased":["Blue Doll"],"campfire_rested":1,"item_purchase_floors":[20],"current_hp_per_floor":[74,74,74,74,73,50,39,39,39,45,39,25,27,29,35,23,87,79,82,82,82,82,88,79,88,88,70,69,52,61,29,67,4,99,77,77,80,73,49,58,0,0],"gold":556,"neow_bonus":"RANDOM_EVENT","is_daily":false,"chose_seed":false,"campfire_upgraded":7,"win_rate":0.0,"timestamp":1608123832,"path_taken":["M","?","?","?","M","E","?","R","T","R","E","M","M","M","R","BOSS","M","M","$","?","?","R","M","R","T","M","M","M","R","?","R","BOSS","M","?","M","?","?","R","E"],"items_purchased_type":["Relic"],"build_version":"2020-12-13","purchased_purges":1,"victory":false,"max_hp_per_floor":[75,75,75,75,75,78,78,78,78,78,78,78,81,84,84,87,87,90,93,93,93,93,93,96,96,96,99,99,99,99,99,99,99,99,99,99,102,102,105,105,105,105],"card_choices":[{"not_picked":["ReplaySolidLightProjector","Panic Button"],"picked":"Beam Cell","floor":1},{"not_picked":["Time Bomb","ReplayTheSpireMod:Repulse","Recycle"],"picked":"SKIP","floor":4},{"not_picked":["Beam Cell","Compile Driver"],"picked":"Leap","floor":5},{"not_picked":["Darkness","Rebound"],"picked":"Tempest","floor":6},{"not_picked":["Consume","Streamline","Go for the Eyes"],"picked":"SKIP","floor":11},{"not_picked":["Panic Button","Scrape","Beam Cell"],"picked":"SKIP","floor":12},{"not_picked":["ReplayTheSpireMod:System Scan","Conserve Battery"],"picked":"BasicCrystalCard","floor":13},{"not_picked":["Force Field","Meteor Strike"],"picked":"Storm","floor":14},{"not_picked":["Amplify","All For One"],"picked":"Electrodynamics","floor":16},{"not_picked":["Cold Snap","Ball Lightning"],"picked":"Conserve Battery","floor":18},{"not_picked":["Cold Snap+1","Redo"],"picked":"Barrage+1","floor":19},{"not_picked":["Turbo","Storm"],"picked":"Capacitor","floor":24},{"not_picked":["Auto Shields+1","Rebound"],"picked":"Leap+1","floor":27},{"not_picked":["Rebound","Redo+1","Steam"],"picked":"SKIP","floor":28},{"not_picked":["ReplayGash+1","Ball Lightning","Streamline"],"picked":"SKIP","floor":29},{"not_picked":["ReplayTheSpireMod:Reroute Power+1","Doom and Gloom+1","Steam"],"picked":"SKIP","floor":35},{"not_picked":["Gash+1","Ball Lightning"],"picked":"Barrage","floor":37},{"not_picked":["Steam","Glacier","Skim"],"picked":"SKIP","floor":38},{"not_picked":["Sweeping Beam+1","Time Bomb+1","ReplayGash"],"picked":"SKIP","floor":39}],"player_experience":31774,"relics_obtained":[{"floor":6,"key":"Replay:Ringing Soul"},{"floor":9,"key":"Eternal Feather"},{"floor":11,"key":"White Beast Statue"},{"floor":26,"key":"Replay:WaspNest"},{"floor":31,"key":"Red Mask"}],"event_choices":[{"damage_healed":0,"gold_gain":0,"player_choice":"Ignored","damage_taken":0,"max_hp_gain":0,"max_hp_loss":0,"event_name":"Liars Game","floor":2,"gold_loss":0},{"cards_removed":["Strike_B"],"damage_healed":0,"gold_gain":0,"player_choice":"Took Card","damage_taken":0,"max_hp_gain":0,"max_hp_loss":0,"event_name":"NoteForYourself","floor":3,"gold_loss":0,"cards_obtained":["Strike_G"]},{"damage_healed":0,"gold_gain":75,"player_choice":"Gather Gold","damage_taken":11,"max_hp_gain":0,"max_hp_loss":0,"event_name":"World of Goop","floor":7,"gold_loss":0},{"damage_healed":0,"gold_gain":0,"player_choice":"Ignored","damage_taken":0,"max_hp_gain":0,"max_hp_loss":0,"event_name":"Beggar","floor":21,"gold_loss":0},{"damage_healed":0,"gold_gain":99,"player_choice":"Stole From Cult","damage_taken":0,"max_hp_gain":0,"max_hp_loss":0,"event_name":"Nest","floor":22,"gold_loss":0},{"damage_healed":0,"gold_gain":0,"player_choice":"Fought Bandits","damage_taken":0,"max_hp_gain":0,"max_hp_loss":0,"event_name":"Masked Bandits","floor":31,"gold_loss":0},{"damage_healed":0,"gold_gain":0,"player_choice":"Upgraded Two","damage_taken":0,"max_hp_gain":0,"max_hp_loss":0,"event_name":"Designer","floor":36,"gold_loss":40,"cards_upgraded":["Beam Cell","Dualcast"]}],"is_beta":false,"boss_relics":[{"not_picked":["Honey Jar","Replay:Grab Bag"],"picked":"Empty Cage"},{"not_picked":["Runic Dome","FrozenCore"],"picked":"Velvet Choker"}],"items_purged_floors":[20],"is_endless":false,"potions_floor_spawned":[4,11,12,13,14,16,18,19,24,27,28,29,31,33,35,37,38,39],"killed_by":"Giant Head","ascension_level":0}}