{"host":"aukiz5jlacd3g5yc","time":1608088220,"event":{"mods":["2.2 Compatiblity","BaseMod","Bestiary","Colored Map","Colored Powertips","Downfall","GifTheSpireLib","Highlight Path","Hubris","Infinite Spire","Marisa????????","Minty Spire (QoL Compilation)","Permanent Neow","Quick Restart","Random Character Button","Rare Cards Sparkle","Relic Sorter","Relic Stats","Replay The Spire","StSLib","Unknown Chances","everything is the same but u backflip on backflip","slay the spire mod where everything is the same but ironclad has a cowboy hat"],"gold_per_floor":[16,16,81,99,111,111,111],"floor_reached":6,"playtime":230,"items_purged":[],"score":36,"play_id":"43141438-416f-4b5d-95e5-dfacf290a007","local_time":"20201215211020","is_ascension_mode":false,"campfire_choices":[],"circlet_count":0,"master_deck":["Strike_MRS","Strike_MRS","Strike_MRS","Strike_MRS","Defend_MRS","Defend_MRS","Defend_MRS","Defend_MRS","MasterSpark","UpSweep","CasketOfStar+1","MagicChant","UnstableBomb","OpenUniverse","Acceleration"],"relics":["MiniHakkero","Iron Hammer"],"acts_visited":["Exordium"],"potions_floor_usage":[],"damage_taken":[{"damage":1,"enemies":"2 Louse","floor":1,"turns":3},{"damage":11,"enemies":"Jaw Worm","floor":4,"turns":3},{"damage":6,"enemies":"Cultist","floor":5,"turns":3},{"damage":0,"enemies":"Gremlin Nob","floor":6,"turns":2}],"seed_played":"-5689265799961492334","potions_obtained":[{"floor":1,"key":"BlessingOfTheForge"},{"floor":3,"key":"Doom Potion"},{"floor":5,"key":"Languid Potion"}],"is_trial":false,"path_per_floor":["M","?","?","M","M","E"],"character_chosen":"MARISA","items_purchased":[],"campfire_rested":0,"item_purchase_floors":[],"current_hp_per_floor":[74,74,44,33,27,27,27],"gold":111,"neow_bonus":"THREE_RARE_CARDS","is_daily":false,"chose_seed":false,"campfire_upgraded":0,"win_rate":0.0,"timestamp":1608088220,"path_taken":["M","?","?","M","?","E"],"items_purchased_type":[],"build_version":"2020-12-13","purchased_purges":0,"victory":false,"max_hp_per_floor":[75,75,75,75,75,75,75],"relic_stats":{"counters":[4,11],"obtain_stats":[{"Iron Hammer":3,"MiniHakkero":0},{"Iron Hammer":1,"MiniHakkero":0},{"Iron Hammer":3,"MiniHakkero":0}]},"card_choices":[{"not_picked":["ManaRampage","TreasureHunter"],"picked":"CasketOfStar","floor":0},{"not_picked":["SporeBomb","PulseMagic"],"picked":"MagicChant","floor":1},{"not_picked":["PulseMagic","EventHorizon"],"picked":"UnstableBomb","floor":3},{"not_picked":["Robbery","IllusionStar"],"picked":"OpenUniverse","floor":4},{"not_picked":["DragonMeteor","UnstableBomb"],"picked":"Acceleration","floor":5}],"player_experience":366205,"relics_obtained":[{"floor":3,"key":"Iron Hammer"}],"event_choices":[],"is_beta":false,"boss_relics":[],"items_purged_floors":[],"is_endless":false,"potions_floor_spawned":[1,5],"killed_by":"Gremlin Nob","ascension_level":0}}