{"host":"uxq2rly8rxtwffuf","time":1608104099,"event":{"mods":["BaseMod","Koishi","Minty Spire (QoL Compilation)","StSLib","The Judge","The Servant 0.9.4"],"gold_per_floor":[209,223,74,74,74,74,87,105,157,171,215,235,235,256,256,256,256],"floor_reached":16,"playtime":1322,"items_purged":[],"score":166,"play_id":"f097d2fb-e742-43b8-bf20-ea07b39805bc","local_time":"20201216103459","is_ascension_mode":true,"campfire_choices":[{"floor":6.0,"key":"RECALL"},{"floor":15,"key":"REST"}],"circlet_count":0,"master_deck":["AscendersBane","Strike_G","Strike_G","Strike_G","Defend_G","Defend_G","Defend_G","Defend_G","Defend_G","Survivor","Neutralize","Blade Dance","Calculated Gamble","Grand Finale","Choke","Calculated Gamble","Die Die Die","Backflip"],"relics":["Ring of the Snake","Lantern","Golden Idol","Nunchaku","Juzu Bracelet"],"acts_visited":["Exordium"],"potions_floor_usage":[],"damage_taken":[{"damage":0.0,"enemies":"2 Louse","floor":1.0,"turns":3.0},{"damage":0.0,"enemies":"Jaw Worm","floor":2.0,"turns":4.0},{"damage":0.0,"enemies":"Small Slimes","floor":7.0,"turns":5.0},{"damage":10.0,"enemies":"2 Fungi Beasts","floor":8.0,"turns":4.0},{"damage":0.0,"enemies":"Exordium Thugs","floor":10.0,"turns":4.0},{"damage":8.0,"enemies":"Gremlin Nob","floor":11.0,"turns":3.0},{"damage":8.0,"enemies":"Large Slime","floor":12.0,"turns":6.0},{"damage":10.0,"enemies":"Red Slaver","floor":14.0,"turns":4.0},{"damage":0,"enemies":"Slime Boss","floor":16,"turns":2}],"seed_played":"-5842247726210547212","potions_obtained":[{"floor":1.0,"key":"FearPotion"},{"floor":2.0,"key":"CunningPotion"},{"floor":10.0,"key":"Fire Potion"}],"is_trial":false,"path_per_floor":["M","M","$","?","?","R","M","M","T","M","E","M","?","M","R","B"],"character_chosen":"THE_SILENT","items_purchased":["Lantern"],"campfire_rested":1,"item_purchase_floors":[3],"current_hp_per_floor":[63,63,63,46,39,39,39,29,29,29,21,13,13,3,24,24,24],"gold":256,"neow_bonus":"HUNDRED_GOLD","is_daily":false,"chose_seed":false,"campfire_upgraded":0,"win_rate":0.0,"timestamp":1608104099,"path_taken":["M","M","$","?","?","R","M","M","T","M","E","M","?","M","R","BOSS"],"items_purchased_type":["Relic"],"build_version":"2020-12-13","purchased_purges":0,"victory":false,"max_hp_per_floor":[70,70,70,70,70,70,70,70,70,70,70,70,70,70,70,70,70],"card_choices":[{"not_picked":["Skewer","Cloak And Dagger"],"picked":"Blade Dance","floor":1.0},{"not_picked":["Dagger Spray","Predator"],"picked":"Calculated Gamble","floor":2.0},{"not_picked":["Bane","Calculated Gamble"],"picked":"Grand Finale","floor":7.0},{"not_picked":["All Out Attack","Bane","Bouncing Flask"],"picked":"SKIP","floor":8.0},{"not_picked":["Dagger Spray","Outmaneuver"],"picked":"Choke","floor":10.0},{"not_picked":["Outmaneuver","Dagger Throw"],"picked":"Calculated Gamble","floor":11.0},{"not_picked":["Blur","Die Die Die","PiercingWail"],"picked":"SKIP","floor":12.0},{"not_picked":["Blur","PiercingWail"],"picked":"Die Die Die","floor":12.0},{"not_picked":["Blur","Dodge and Roll"],"picked":"Backflip","floor":14.0}],"player_experience":1335695,"relics_obtained":[{"floor":9.0,"key":"Nunchaku"},{"floor":11.0,"key":"Juzu Bracelet"}],"event_choices":[{"damage_healed":0.0,"max_hp_gain":0.0,"max_hp_loss":0.0,"gold_gain":0.0,"event_name":"Golden Idol","player_choice":"Take Damage","floor":4.0,"gold_loss":0.0,"damage_taken":17.0,"relics_obtained":["Golden Idol"]},{"cards_removed":["Strike_G"],"damage_healed":0.0,"max_hp_gain":0.0,"max_hp_loss":0.0,"gold_gain":0.0,"event_name":"Golden Wing","player_choice":"Card Removal","floor":5.0,"gold_loss":0.0,"damage_taken":7.0},{"cards_removed":["Strike_G"],"damage_healed":0.0,"max_hp_gain":0.0,"max_hp_loss":0.0,"gold_gain":0.0,"event_name":"Living Wall","player_choice":"Forget","floor":13.0,"gold_loss":0.0,"damage_taken":0.0}],"is_beta":false,"boss_relics":[],"items_purged_floors":[],"is_endless":false,"potions_floor_spawned":[1,2,7,10],"killed_by":"Slime Boss","ascension_level":12}}