{"host":"g8zw5beq5mqt80bj","time":1608120138,"event":{"mods":["2.2 Compatiblity","AchievementEnabler","BaseMod","Colored Map","Colored Powertips","DeckTracker","Highlight Path","Minty Spire (QoL Compilation)","Quick Restart","Random Character Button","Rare Cards Sparkle"],"gold_per_floor":[111,125,125,145,157,184,200,200,249,278,278,304,319,333,333,432,482,494,494,514,514,251,251,281,281,305,220,254,254,267,6,6,107,107,120,137,137,157,157,157,186,186,186,186,219,219,219,219,219,219],"floor_reached":51,"playtime":3050,"items_purged":[],"score":836,"play_id":"4574f9cb-12bf-4669-8a1d-9373f23305e7","local_time":"20201216130218","is_ascension_mode":false,"campfire_choices":[{"floor":8.0,"key":"REST"},{"floor":11.0,"key":"REST"},{"floor":15.0,"key":"REST"},{"floor":23.0,"key":"REST"},{"floor":25.0,"key":"REST"},{"floor":29.0,"key":"REST"},{"data":"Infinite Blades","floor":32.0,"key":"SMITH"},{"floor":40.0,"key":"REST"},{"floor":42.0,"key":"REST"},{"floor":44.0,"key":"REST"},{"floor":49.0,"key":"REST"}],"circlet_count":0,"master_deck":["Strike_G+1","Strike_G+1","Strike_G+1","Strike_G+1","Strike_G+1","Defend_G+1","Defend_G+1","Defend_G+1","Defend_G+1","Defend_G+1","Survivor","Neutralize","Backflip","Slice","Quick Slash+1","Poisoned Stab+1","Infinite Blades+1","Cloak And Dagger","Escape Plan","Quick Slash","Sucker Punch+1","Adrenaline","Slice","Poisoned Stab+1","Cloak And Dagger","Necronomicurse","Accuracy","Dagger Throw","Poisoned Stab","Heel Hook+1","Blade Dance","Slice+1","Phantasmal Killer","Sucker Punch+1","Catalyst","Clumsy","Enlightenment","Dagger Spray+1","Poisoned Stab+1","Accuracy","Tactician","Blade Dance+1","After Image","Flying Knee+1"],"relics":["SlaversCollar","The Specimen","Strawberry","InkBottle","Centennial Puzzle","Tiny House","Necronomicon","Whetstone","FossilizedHelix","Dream Catcher","Molten Egg 2","Pen Nib","Ninja Scroll","Fusion Hammer","TungstenRod","Ornamental Fan","Orichalcum","White Beast Statue","Omamori"],"acts_visited":["Exordium","TheCity","TheBeyond"],"potions_floor_usage":[50],"damage_taken":[{"damage":5.0,"enemies":"Small Slimes","floor":1.0,"turns":4.0},{"damage":4.0,"enemies":"Jaw Worm","floor":2.0,"turns":5.0},{"damage":4.0,"enemies":"Cultist","floor":4.0,"turns":5.0},{"damage":9.0,"enemies":"Blue Slaver","floor":5.0,"turns":4.0},{"damage":21.0,"enemies":"Lagavulin","floor":6.0,"turns":7.0},{"damage":5.0,"enemies":"Looter","floor":7.0,"turns":3.0},{"damage":30.0,"enemies":"Gremlin Nob","floor":10.0,"turns":4.0},{"damage":18.0,"enemies":"3 Sentries","floor":12.0,"turns":8.0},{"damage":5.0,"enemies":"3 Louse","floor":13.0,"turns":4.0},{"damage":0.0,"enemies":"Large Slime","floor":14.0,"turns":4.0},{"damage":30.0,"enemies":"Hexaghost","floor":16.0,"turns":11.0},{"damage":17.0,"enemies":"Spheric Guardian","floor":18.0,"turns":4.0},{"damage":4.0,"enemies":"3 Byrds","floor":20.0,"turns":5.0},{"damage":22.0,"enemies":"Gremlin Leader","floor":24.0,"turns":6.0},{"damage":28.0,"enemies":"Slavers","floor":28.0,"turns":4.0},{"damage":1.0,"enemies":"Centurion and Healer","floor":30.0,"turns":4.0},{"damage":75.0,"enemies":"Collector","floor":33.0,"turns":9.0},{"damage":0.0,"enemies":"Orb Walker","floor":35.0,"turns":3.0},{"damage":20.0,"enemies":"3 Darklings","floor":36.0,"turns":4.0},{"damage":0.0,"enemies":"Jaw Worm Horde","floor":38.0,"turns":3.0},{"damage":3.0,"enemies":"Giant Head","floor":41.0,"turns":6.0},{"damage":0.0,"enemies":"Reptomancer","floor":45.0,"turns":5.0},{"damage":17,"enemies":"Donu and Deca","floor":50,"turns":9}],"seed_played":"-3350672259693832599","potions_obtained":[{"floor":1.0,"key":"LiquidBronze"},{"floor":2.0,"key":"SpeedPotion"},{"floor":5.0,"key":"LiquidMemories"},{"floor":10.0,"key":"Weak Potion"},{"floor":12.0,"key":"PowerPotion"},{"floor":13.0,"key":"ColorlessPotion"},{"floor":17.0,"key":"LiquidMemories"},{"floor":28.0,"key":"EntropicBrew"},{"floor":30.0,"key":"FairyPotion"},{"floor":35.0,"key":"SkillPotion"}],"is_trial":false,"path_per_floor":["M","M","?","M","M","E","M","R","T","E","R","E","M","M","R","B",null,"M","?","M","?","$","R","E","R","T","?","E","R","M","$","R","B",null,"M","M","?","M","?","R","E","R","T","R","E","T","?","T","R","B",null],"character_chosen":"THE_SILENT","items_purchased":["Whetstone","Accuracy","Dagger Throw","Ninja Scroll"],"campfire_rested":10,"item_purchase_floors":[22,22,22,31],"current_hp_per_floor":[65,61,66,62,53,32,27,49,56,26,50,32,27,27,51,21,87,70,70,66,50,50,76,54,80,80,80,52,78,77,77,77,2,87,87,67,67,67,67,87,84,87,87,87,87,87,87,87,87,70],"gold":219,"neow_bonus":"BOSS_RELIC","is_daily":false,"chose_seed":false,"campfire_upgraded":1,"win_rate":0.0,"timestamp":1608120138,"path_taken":["M","M","?","M","M","E","M","R","T","E","R","E","M","M","R","BOSS","M","?","M","?","?","R","E","R","T","?","E","R","M","$","R","BOSS","M","M","?","?","?","R","E","R","T","R","E","?","?","?","R","BOSS"],"items_purchased_type":["Relic","Card","Card","Relic"],"build_version":"2020-12-13","purchased_purges":0,"victory":true,"max_hp_per_floor":[70,70,75,75,75,75,75,75,82,82,82,82,82,82,82,82,87,87,87,87,87,87,87,87,87,87,87,87,87,87,87,87,87,87,87,87,87,87,87,87,87,87,87,87,87,87,87,87,87,87],"card_choices":[{"not_picked":["Well Laid Plans","Heel Hook"],"picked":"Backflip","floor":1.0},{"not_picked":["Bane","Riddle With Holes"],"picked":"Slice","floor":2.0},{"not_picked":["Acrobatics","Eviscerate"],"picked":"Quick Slash","floor":4.0},{"not_picked":["Slice","Acrobatics"],"picked":"Poisoned Stab","floor":5.0},{"not_picked":["All Out Attack","Dodge and Roll"],"picked":"Infinite Blades","floor":6.0},{"not_picked":["Acrobatics","Deflect"],"picked":"Cloak And Dagger","floor":7.0},{"not_picked":["Concentrate","PiercingWail"],"picked":"Escape Plan","floor":10.0},{"not_picked":["Endless Agony","Deflect"],"picked":"Cloak And Dagger","floor":12.0},{"not_picked":["Dagger Spray","Endless Agony"],"picked":"Quick Slash","floor":13.0},{"not_picked":["Finisher","Underhanded Strike"],"picked":"Sucker Punch","floor":14.0},{"not_picked":["Malaise","Wraith Form v2"],"picked":"Adrenaline","floor":16.0},{"not_picked":["Dodge and Roll","Acrobatics"],"picked":"Slice","floor":17.0},{"not_picked":["Backflip","Slice"],"picked":"Poisoned Stab+1","floor":18.0},{"not_picked":["Tools of the Trade","PiercingWail+1"],"picked":"Cloak And Dagger","floor":20.0},{"not_picked":["Deflect","A Thousand Cuts"],"picked":"Poisoned Stab","floor":24.0},{"not_picked":["Infinite Blades","PiercingWail"],"picked":"Heel Hook+1","floor":28.0},{"not_picked":["Setup","Flying Knee+1"],"picked":"Blade Dance","floor":29.0},{"not_picked":["Concentrate","Infinite Blades"],"picked":"Slice+1","floor":30.0},{"not_picked":["Tools of the Trade","Doppelganger"],"picked":"Phantasmal Killer","floor":33.0},{"not_picked":["Bane+1","Heel Hook+1"],"picked":"Sucker Punch+1","floor":35.0},{"not_picked":["PiercingWail","Sucker Punch+1"],"picked":"Catalyst","floor":36.0},{"not_picked":["Outmaneuver+1","Noxious Fumes+1"],"picked":"Dagger Spray+1","floor":38.0},{"not_picked":["Leg Sweep+1","Deflect+1"],"picked":"Poisoned Stab+1","floor":40.0},{"not_picked":["Predator+1","Envenom"],"picked":"Accuracy","floor":41.0},{"not_picked":["Calculated Gamble","Accuracy"],"picked":"Tactician","floor":42.0},{"not_picked":["Deflect","Sucker Punch+1"],"picked":"Blade Dance+1","floor":44.0},{"not_picked":["Sucker Punch+1","Backstab+1"],"picked":"After Image","floor":45.0},{"not_picked":["Quick Slash+1","Flechettes+1"],"picked":"Flying Knee+1","floor":49.0}],"player_experience":105145,"relics_obtained":[{"floor":6.0,"key":"The Specimen"},{"floor":9.0,"key":"Strawberry"},{"floor":10.0,"key":"InkBottle"},{"floor":12.0,"key":"Centennial Puzzle"},{"floor":21.0,"key":"Necronomicon"},{"floor":24.0,"key":"FossilizedHelix"},{"floor":26.0,"key":"Dream Catcher"},{"floor":28.0,"key":"Pen Nib"},{"floor":41.0,"key":"TungstenRod"},{"floor":43.0,"key":"Ornamental Fan"},{"floor":45.0,"key":"Orichalcum"},{"floor":46.0,"key":"White Beast Statue"},{"floor":48.0,"key":"Omamori"}],"event_choices":[{"damage_healed":0.0,"max_hp_gain":5.0,"max_hp_loss":0.0,"gold_gain":0.0,"event_name":"Big Fish","player_choice":"Donut","floor":3.0,"gold_loss":0.0,"damage_taken":0.0},{"damage_healed":0.0,"max_hp_gain":0.0,"max_hp_loss":0.0,"gold_gain":0.0,"event_name":"Back to Basics","player_choice":"Simplicity","floor":19.0,"gold_loss":0.0,"damage_taken":0.0,"cards_upgraded":["Strike_G","Strike_G","Strike_G","Strike_G","Strike_G","Defend_G","Defend_G","Defend_G","Defend_G","Defend_G"]},{"damage_healed":0.0,"max_hp_gain":0.0,"max_hp_loss":0.0,"gold_gain":0.0,"event_name":"Cursed Tome","player_choice":"Obtained Book","floor":21.0,"gold_loss":0.0,"damage_taken":16.0},{"damage_healed":0.0,"max_hp_gain":0.0,"max_hp_loss":0.0,"gold_gain":0.0,"event_name":"Addict","player_choice":"Obtained Relic","floor":27.0,"gold_loss":85.0,"damage_taken":0.0,"relics_obtained":["Molten Egg 2"]},{"damage_healed":0.0,"max_hp_gain":0.0,"max_hp_loss":0.0,"gold_gain":0.0,"event_name":"Match and Keep!","player_choice":"2 cards matched","floor":37.0,"gold_loss":0.0,"damage_taken":0.0,"cards_obtained":["Clumsy","Enlightenment"]},{"damage_healed":0.0,"max_hp_gain":0.0,"max_hp_loss":0.0,"gold_gain":0.0,"event_name":"Mysterious Sphere","player_choice":"Ignored","floor":39.0,"gold_loss":0.0,"damage_taken":0.0},{"cards_removed":["Cloak And Dagger"],"damage_healed":0.0,"max_hp_gain":0.0,"max_hp_loss":0.0,"gold_gain":0.0,"event_name":"Falling","player_choice":"Removed Skill","floor":47.0,"gold_loss":0.0,"damage_taken":0.0}],"is_beta":false,"boss_relics":[{"not_picked":["SacredBark","Black Star"],"picked":"Tiny House"},{"not_picked":["HoveringKite","Runic Dome"],"picked":"Fusion Hammer"}],"items_purged_floors":[],"is_endless":false,"potions_floor_spawned":[1,2,5,10,12,13,28,30,35,36,41],"ascension_level":0}}