{"host":"Dean","time":1608133935,"event":{"mods":["2.2 Compatiblity","AchievementEnabler","BaseMod","Block Reminder","Colored Map","Colored Powertips","Downfall","Minty Spire (QoL Compilation)","Permanent Neow","Quick Restart","Relic Stats","Replay The Spire","StSLib"],"gold_per_floor":[99,114,132,162,162,162,189,216,141,172,3,23,37,53,68,164,864,789,789,789,789,789,789,789,789,789,789,789,789,789,333,333,333,333,258,258,73,73,73,73,73,73,73,73,73,73,73,73,73,73,73,73,21,21,21],"floor_reached":56,"playtime":4858,"items_purged":["champ:Strike","champ:Strike"],"score":1651,"play_id":"b2c6e07c-154e-4fb5-afa6-b8bf83c098ef","local_time":"20201216105215","is_ascension_mode":true,"campfire_choices":[{"floor":1.0,"key":"RECALL"},{"data":"champ:Taunt","floor":6.0,"key":"SMITH"},{"data":"champ:RisingSlash","floor":9.0,"key":"SMITH"},{"data":"champ:FocusedBerserking","floor":18.0,"key":"SMITH"},{"data":"champ:FocusedGladiator","floor":20.0,"key":"SMITH"},{"data":"champ:Aggression","floor":25.0,"key":"SMITH"},{"data":"champ:RageSigil","floor":35.0,"key":"SMITH"},{"data":"champ:IronFortress","floor":38.0,"key":"SMITH"},{"data":"champ:AdrenalArmor","floor":44.0,"key":"SMITH"},{"data":"champ:FanOfKnives","floor":54,"key":"SMITH"}],"circlet_count":0,"master_deck":["champ:Strike+1","champ:Strike+1","champ:Defend","champ:Defend","champ:Defend","champ:Defend","champ:Execute","champ:Taunt+1","champ:FanOfKnives+1","champ:RisingSlash+1","champ:BringItOn","champ:DeathBlow","champ:IgnorePain+1","champ:EnchantSword+1","champ:SwordSigil+1","Master of Strategy+1","ReplayTheSpireMod:Private Reserves+1","champ:EndlessRage+1","champ:FocusedBerserking+1","champ:AdrenalArmor+1","champ:RisingSlash","champ:SteelEdge+1","champ:FocusedGladiator+1","champ:GladiatorStyle+1","champ:Aggression+1","champ:MurderStrike+1","champ:RageSigil+1","champ:IronFortress+1","champ:FaceSlap","champ:Aggression+1","champ:Haymaker+1","champ:RageSigil+1","champ:IgnorePain+1","champ:DancingMaster+1","champ:DeathBlow+1","champ:Aggression+1","expansioncontent:Flail+1","expansioncontent:SuperHexaguard","champ:AdrenalArmor+1","champ:RageSigil+1","champ:RecklessLeap+1","champ:FanOfKnives+1","champ:RecklessLeap+1","champ:GladiatorStyle+1","champ:GladiatorStyle+1","champ:FocusedGladiator+1","champ:SwordSigil+1"],"relics":["champ:ChampionCrown","Golden Egg","Membership Card","MealTicket","ReplayFunnel","Dream Catcher","Ginger","downfall:HeartBlessingRed","Whetstone","Blue Doll","ClockworkSouvenir","White Beast Statue","Ectoplasm","downfall:HeartBlessingGreen","Lantern","Happy Flower","Anchor","Divine Protection","Incense Burner","Guardian:GemstoneGun","Strange Spoon","SacredBark","downfall:HeartBlessingBlue","Blood Vial","Membership Card","Molten Egg 2","Pear","Sundial","Bag of Marbles"],"acts_visited":["Exordium","TheCity","TheBeyond","TheEnding"],"potions_floor_usage":[50,55,55],"damage_taken":[{"damage":7.0,"enemies":"Small Slimes","floor":2.0,"turns":3.0},{"damage":9.0,"enemies":"Cultist","floor":3.0,"turns":3.0},{"damage":35.0,"enemies":"Gremlin Nob","floor":4.0,"turns":5.0},{"damage":43.0,"enemies":"Lagavulin","floor":8.0,"turns":6.0},{"damage":40.0,"enemies":"3 Sentries","floor":10.0,"turns":5.0},{"damage":43.0,"enemies":"downfall:FleeingMerchant","floor":11.0,"turns":4.0},{"damage":2.0,"enemies":"2 Louse","floor":12.0,"turns":2.0},{"damage":20.0,"enemies":"Gremlin Gang","floor":13.0,"turns":3.0},{"damage":33.0,"enemies":"Exordium Wildlife","floor":14.0,"turns":3.0},{"damage":2.0,"enemies":"2 Fungi Beasts","floor":15.0,"turns":2.0},{"damage":70.0,"enemies":"downfall:Watcher","floor":16.0,"turns":5.0},{"damage":37.0,"enemies":"3 Byrds","floor":19.0,"turns":5.0},{"damage":42.0,"enemies":"Book of Stabbing","floor":21.0,"turns":4.0},{"damage":36.0,"enemies":"Replay:Snechameleon","floor":23.0,"turns":3.0},{"damage":9.0,"enemies":"Snake Plant","floor":26.0,"turns":2.0},{"damage":29.0,"enemies":"Slavers","floor":27.0,"turns":3.0},{"damage":23.0,"enemies":"Cultist and Chosen","floor":28.0,"turns":3.0},{"damage":36.0,"enemies":"downfall:FleeingMerchant","floor":31.0,"turns":4.0},{"damage":22.0,"enemies":"Chosen and Byrds","floor":32.0,"turns":3.0},{"damage":19.0,"enemies":"downfall:Silent","floor":33.0,"turns":2.0},{"damage":15.0,"enemies":"Reptomancer","floor":36.0,"turns":3.0},{"damage":46.0,"enemies":"Orb Walker","floor":40.0,"turns":2.0},{"damage":7.0,"enemies":"3 Shapes","floor":42.0,"turns":2.0},{"damage":59.0,"enemies":"R_Hoarder","floor":43.0,"turns":5.0},{"damage":38,"enemies":"Maw","floor":45,"turns":3},{"damage":39,"enemies":"4 Shapes","floor":46,"turns":3},{"damage":17,"enemies":"Spire Growth","floor":48,"turns":3},{"damage":106,"enemies":"Maw","floor":49,"turns":5},{"damage":53,"enemies":"downfall:Ironclad","floor":50,"turns":5},{"damage":112,"enemies":"downfall:CharBossMerchant","floor":52,"turns":5},{"damage":203,"enemies":"downfall:NeowBoss","floor":55,"turns":14}],"seed_played":"2794700079232822100","potions_obtained":[{"floor":3.0,"key":"ColorlessPotion"},{"floor":4.0,"key":"Energy Potion"},{"floor":10.0,"key":"Strength Potion"},{"floor":12.0,"key":"SpeedPotion"},{"floor":16.0,"key":"Languid Potion"},{"floor":19.0,"key":"Flashbang"},{"floor":21.0,"key":"SkillPotion"},{"floor":27.0,"key":"Reflective Coating"},{"floor":28.0,"key":"SkillPotion"},{"floor":32.0,"key":"DuplicationPotion"},{"floor":40.0,"key":"Block Potion"},{"floor":42.0,"key":"SteroidPotion"},{"floor":45,"key":"SteroidPotion"},{"floor":52,"key":"FearPotion"}],"is_trial":false,"path_per_floor":["R","M","M","E","?","R","T","E","R","E","$","M","M","M","M","B",null,"R","M","R","E","?","E","T","R","M","E","M","?","?","$","M","B",null,"R","E","$","R","?","M","T","M","E","R","M","M","?","M","M","B",null,"E","$","R","B",null],"character_chosen":"THE_CHAMP","items_purchased":["Blue Doll","ClockworkSouvenir","White Beast Statue","Master of Strategy","ReplayTheSpireMod:Private Reserves","champ:EndlessRage","Incense Burner","champ:Haymaker","Guardian:GemstoneGun","Strange Spoon","Membership Card","Molten Egg 2","champ:DeathBlow+1","champ:Aggression","Fruit Juice","champ:GladiatorStyle","champ:FocusedGladiator","champ:SwordSigil+1"],"campfire_rested":0,"item_purchase_floors":[11,11,11,11,11,11,31,31,31,31,37,37,37,37,37,53,53,53],"current_hp_per_floor":[90,88,84,54,54,54,54,51,51,51,66,64,65,77,75,90,90,90,90,90,90,90,90,90,90,90,90,90,90,90,90,90,90,90,100,100,110,110,100,110,120,120,120,120,120,120,120,120,120,120,120,111,120,120,120],"gold":21,"neow_bonus":"RANDOM_COMMON_RELIC","is_daily":false,"chose_seed":false,"campfire_upgraded":9,"win_rate":0.0,"timestamp":1608133935,"path_taken":["R","M","M","E","?","R","T","E","R","E","$","M","?","M","M","BOSS","R","M","R","E","?","E","T","R","M","E","?","?","?","$","M","BOSS","R","E","$","R","?","M","T","M","E","R","M","M","?","M","M","BOSS","E","$","R","BOSS"],"items_purchased_type":["Relic","Relic","Relic","Card","Card","Card","Relic","Card","Relic","Relic","Relic","Relic","Card","Card","Potion","Card","Card","Card"],"build_version":"2020-12-07","purchased_purges":2,"victory":true,"max_hp_per_floor":[90,90,90,90,90,90,90,90,90,90,90,90,90,90,90,90,90,90,90,90,90,90,90,90,90,90,90,90,90,90,90,90,90,90,100,100,110,110,110,110,120,120,120,120,120,120,120,120,120,120,120,120,120,120,120],"relic_stats":{"Blood Vial":2,"Strange Spoon":[50],"Dream Catcher":0,"Happy Flower":[22],"counters":[31,120],"Sundial":[0],"MealTicket":24,"Ectoplasm":803,"Ginger":[14],"Whetstone":["champ:Strike","champ:Strike"],"obtain_stats":[{"ReplayFunnel":4,"Golden Egg":0,"Divine Protection":27,"Lantern":21,"SacredBark":34,"champ:ChampionCrown":0,"Blue Doll":11,"downfall:HeartBlessingGreen":18,"Incense Burner":31,"Ginger":8,"Whetstone":10,"ClockworkSouvenir":11,"Blood Vial":36,"Dream Catcher":7,"downfall:HeartBlessingBlue":35,"Sundial":43,"MealTicket":0,"Pear":41,"downfall:HeartBlessingRed":9,"Happy Flower":23,"Guardian:GemstoneGun":31,"GoldenEye":0,"White Beast Statue":11,"Strange Spoon":31,"Anchor":24,"Molten Egg 2":37,"Ectoplasm":17,"Bag of Marbles":52,"Membership Card":0},{"ReplayFunnel":3,"Golden Egg":0,"Divine Protection":16,"Lantern":13,"SacredBark":20,"champ:ChampionCrown":0,"Blue Doll":6,"downfall:HeartBlessingGreen":11,"Incense Burner":18,"Ginger":4,"Whetstone":5,"ClockworkSouvenir":6,"Blood Vial":21,"Dream Catcher":3,"downfall:HeartBlessingBlue":20,"Sundial":24,"MealTicket":0,"Pear":22,"downfall:HeartBlessingRed":4,"Happy Flower":14,"Guardian:GemstoneGun":18,"GoldenEye":0,"White Beast Statue":6,"Strange Spoon":18,"Anchor":14,"Molten Egg 2":21,"Ectoplasm":11,"Bag of Marbles":30,"Membership Card":0},{"ReplayFunnel":11,"Golden Egg":0,"Divine Protection":58,"Lantern":50,"SacredBark":70,"champ:ChampionCrown":0,"Blue Doll":26,"downfall:HeartBlessingGreen":41,"Incense Burner":65,"Ginger":17,"Whetstone":22,"ClockworkSouvenir":26,"Blood Vial":73,"Dream Catcher":11,"downfall:HeartBlessingBlue":70,"Sundial":82,"MealTicket":0,"Pear":75,"downfall:HeartBlessingRed":17,"Happy Flower":53,"Guardian:GemstoneGun":65,"GoldenEye":0,"White Beast Statue":26,"Strange Spoon":65,"Anchor":53,"Molten Egg 2":73,"Ectoplasm":41,"Bag of Marbles":106,"Membership Card":0}]},"card_choices":[{"not_picked":["champ:HeartStrike","champ:CrookedStrike"],"picked":"champ:FanOfKnives","floor":2.0},{"not_picked":["champ:PreciseThrust","champ:SwordSigil"],"picked":"champ:RisingSlash","floor":3.0},{"not_picked":["champ:SwordSigil","champ:EnragedBash"],"picked":"champ:BringItOn","floor":4.0},{"not_picked":["champ:BringItOn","champ:EnragedBash"],"picked":"champ:EnchantSword","floor":8.0},{"not_picked":["champ:Backstep","champ:TornadoPunch","champ:PerfectedStrike"],"picked":"SKIP","floor":10.0},{"not_picked":["champ:Encircle","champ:SkillfulDodge"],"picked":"champ:SwordSigil","floor":11.0},{"not_picked":["champ:GladiatorsShout","champ:Backstep"],"picked":"champ:FocusedBerserking","floor":12.0},{"not_picked":["champ:GutPunch","champ:ViciousMockery"],"picked":"champ:AdrenalArmor","floor":13.0},{"not_picked":["champ:DefensiveShout","champ:Backstep"],"picked":"champ:RisingSlash","floor":14.0},{"not_picked":["champ:FlashCut","champ:BringItOn","champ:Circumvent"],"picked":"SKIP","floor":15.0},{"not_picked":["champ:ShieldSlam","champ:IgnorePain"],"picked":"champ:SteelEdge","floor":16.0},{"not_picked":["champ:Shatter","champ:EnragedBash"],"picked":"champ:FocusedGladiator","floor":19.0},{"not_picked":["champ:SwordSigil+1","champ:Backstep"],"picked":"champ:GladiatorStyle","floor":21.0},{"not_picked":["champ:RisingSlash+1","champ:GladiatorsShout"],"picked":"champ:Aggression","floor":23.0},{"not_picked":["champ:TornadoPunch","champ:FaceSlap"],"picked":"champ:MurderStrike","floor":26.0},{"not_picked":["champ:EnGarde","champ:CrookedStrike","champ:RageSigil"],"picked":"SKIP","floor":27.0},{"not_picked":["champ:EnGarde","champ:CrookedStrike"],"picked":"champ:RageSigil","floor":27.0},{"not_picked":["champ:ShieldWall","champ:ShieldSigil"],"picked":"champ:IronFortress","floor":28.0},{"not_picked":["champ:GladiatorStyle+1","champ:CrookedStrike"],"picked":"champ:Aggression","floor":31.0},{"not_picked":["champ:FlashCut","champ:IronFortress"],"picked":"champ:RageSigil+1","floor":32.0},{"not_picked":["champ:Devastate","champ:EnchantSword"],"picked":"champ:IgnorePain","floor":33.0},{"not_picked":["champ:Shatter+1","champ:RapidStrikes+1"],"picked":"champ:DancingMaster","floor":36.0},{"not_picked":["expansioncontent:DarkVoid+1","expansioncontent:BronzeBeam+1"],"picked":"expansioncontent:Flail+1","floor":39.0},{"not_picked":["expansioncontent:HyperBeam+1","expansioncontent:CaCaw"],"picked":"expansioncontent:SuperHexaguard","floor":39.0},{"not_picked":["champ:GutPunch+1","champ:RageSigil","champ:CrookedStrike+1"],"picked":"SKIP","floor":40.0},{"not_picked":["champ:PerfectedStrike+1","champ:Circumvent"],"picked":"champ:AdrenalArmor","floor":42.0},{"not_picked":["champ:ShieldWall","champ:ViciousMockery","champ:EndlessRage"],"picked":"SKIP","floor":43.0},{"not_picked":["champ:BringItOn","champ:DefensiveStyle+1"],"picked":"champ:RageSigil+1","floor":45},{"not_picked":["champ:FalseCounter","champ:SwordSigil"],"picked":"champ:RecklessLeap+1","floor":46},{"not_picked":["champ:PreciseThrust+1","champ:DefensiveStyle"],"picked":"champ:FanOfKnives+1","floor":48},{"not_picked":["champ:ShieldSigil","champ:EnragedBash+1","champ:Haymaker+1"],"picked":"SKIP","floor":49},{"not_picked":["champ:LastStand","champ:FanOfKnives+1"],"picked":"champ:RecklessLeap+1","floor":52}],"player_experience":994868,"relics_obtained":[{"floor":4.0,"key":"ReplayFunnel"},{"floor":7.0,"key":"Dream Catcher"},{"floor":8.0,"key":"Ginger"},{"floor":10.0,"key":"Whetstone"},{"floor":21.0,"key":"Lantern"},{"floor":23.0,"key":"Happy Flower"},{"floor":24.0,"key":"Anchor"},{"floor":27.0,"key":"Divine Protection"},{"floor":36.0,"key":"Blood Vial"},{"floor":41.0,"key":"Pear"},{"floor":43.0,"key":"Sundial"},{"floor":52,"key":"Bag of Marbles"}],"event_choices":[{"damage_healed":0.0,"max_hp_gain":0.0,"max_hp_loss":0.0,"gold_gain":0.0,"event_name":"Upgrade Shrine","player_choice":"Upgraded","floor":22.0,"gold_loss":0.0,"damage_taken":0.0,"cards_upgraded":["champ:GladiatorStyle"]},{"damage_healed":0.0,"max_hp_gain":0.0,"max_hp_loss":0.0,"gold_gain":0.0,"event_name":"The Library","player_choice":"Read","floor":30.0,"gold_loss":0.0,"damage_taken":0.0,"cards_obtained":["champ:FaceSlap"]}],"is_beta":true,"boss_relics":[{"not_picked":["Calling Bell","Astrolabe"],"picked":"Ectoplasm"},{"not_picked":["Painkiller Herb","Black Star"],"picked":"SacredBark"}],"items_purged_floors":[11,31],"is_endless":false,"potions_floor_spawned":[3,4,10,12,13,14,15,16,19,21,23,26,27,28,31,32,33,36,40,42,43,45,46,48,49,52],"ascension_level":2}}