{"host":"kdxx03a4p3nl7qnm","time":1608081867,"event":{"mods":["AchievementEnabler","Act Like it!","BaseMod","Better Altar","Better Third Choice","Better Vampires","Conspire","Defuse TimeMaze Blight","Downfall","Elementarium","Hallownest","Infinite Spire","Luminous","Mimic Mod","Minty Spire (QoL Compilation)","Quick Restart","StSLib","The Alterego","The Jungle","The Kombatant","TheBandit","TheSwordswoman","TheVacant","Waifu the Spire"],"gold_per_floor":[113,128,139,139,109,144,164,114,114,45,45,45,57,72,72,184,184,184,184],"floor_reached":18,"playtime":953,"items_purged":[],"score":162,"play_id":"0aa5022b-7b1a-4388-b2b3-d7bca610ad9a","local_time":"20201215192427","daily_mods":["Vintage"],"is_ascension_mode":false,"campfire_choices":[{"data":"alterego_mod:BrynhildrsRune","floor":15,"key":"SMITH"}],"circlet_count":0,"master_deck":["alterego_mod:Strike","alterego_mod:Strike","alterego_mod:Strike","alterego_mod:Strike","alterego_mod:Defend","alterego_mod:Defend","alterego_mod:Defend+1","alterego_mod:Defend+1","alterego_mod:BigMeatyClaws","alterego_mod:BrynhildrsRune+1","alterego_mod:Undulate","alterego_mod:Santa","alterego_mod:Weigh"],"relics":["alterego_mod:MasochisticConstitution","CeramicFish","Question Card","Incense Burner","War Paint","MealTicket","Mercury Hourglass","Juzu Bracelet","Oddly Smooth Stone","CultistMask","infinitespire:Beetle Shell","Pen Nib","Velvet Choker"],"acts_visited":["Exordium","TheCity"],"potions_floor_usage":[16],"damage_taken":[{"damage":9,"enemies":"Small Slimes","floor":1,"turns":8},{"damage":8,"enemies":"Cultist","floor":2,"turns":6},{"damage":8,"enemies":"2 Louse","floor":3,"turns":4},{"damage":2,"enemies":"Looter","floor":5,"turns":4},{"damage":24,"enemies":"3 Sentries","floor":6,"turns":18},{"damage":16,"enemies":"Exordium Thugs","floor":7,"turns":6},{"damage":18,"enemies":"Lots of Slimes","floor":13,"turns":3},{"damage":3,"enemies":"Red Slaver","floor":14,"turns":4},{"damage":27,"enemies":"Slime Boss","floor":16,"turns":11},{"damage":1,"enemies":"3 Byrds","floor":18,"turns":2}],"seed_played":"7000312393762964081","potions_obtained":[{"floor":3,"key":"sneckomod:MuddlingPotion"},{"floor":13,"key":"Fire Potion"},{"floor":16,"key":"SpeedPotion"}],"is_trial":true,"path_per_floor":["M","M","M","?","M","E","M","?","T","$","?","?","M","M","R","B",null,"M"],"character_chosen":"The_Alterego","items_purchased":["alterego_mod:Santa"],"campfire_rested":0,"item_purchase_floors":[10],"current_hp_per_floor":[70,70,70,70,69,60,59,59,59,74,74,74,57,62,62,36,79,78,78],"gold":184,"neow_bonus":"","is_daily":false,"chose_seed":false,"campfire_upgraded":1,"win_rate":0.0,"timestamp":1608081867,"path_taken":["M","M","M","?","M","E","?","?","T","$","?","?","M","M","R","BOSS","M"],"items_purchased_type":["Card"],"build_version":"2020-12-13","purchased_purges":0,"victory":false,"max_hp_per_floor":[71,72,73,73,74,75,76,76,76,76,76,76,77,78,78,79,79,79,79],"card_choices":[{"not_picked":["alterego_mod:1TonWallop","alterego_mod:Jiggle","alterego_mod:Complex"],"picked":"alterego_mod:Undulate","floor":6},{"not_picked":["alterego_mod:VirginLaserPalladion","alterego_mod:SideboobHour","alterego_mod:Tantrum"],"picked":"alterego_mod:Weigh","floor":16}],"player_experience":68647,"relics_obtained":[{"floor":1,"key":"CeramicFish"},{"floor":2,"key":"Question Card"},{"floor":3,"key":"Incense Burner"},{"floor":5,"key":"MealTicket"},{"floor":6,"key":"Mercury Hourglass"},{"floor":7,"key":"Juzu Bracelet"},{"floor":9,"key":"Oddly Smooth Stone"},{"floor":13,"key":"infinitespire:Beetle Shell"},{"floor":14,"key":"Pen Nib"}],"event_choices":[{"damage_healed":0,"gold_gain":0,"player_choice":"Gave Potion","damage_taken":0,"relics_obtained":["War Paint"],"max_hp_gain":0,"max_hp_loss":0,"event_name":"WeMeetAgain","floor":4,"gold_loss":0},{"cards_removed":["alterego_mod:Impale"],"damage_healed":0,"gold_gain":0,"player_choice":"Card Removal","damage_taken":0,"max_hp_gain":0,"max_hp_loss":0,"event_name":"The Cleric","floor":8,"gold_loss":50},{"damage_healed":0,"gold_gain":0,"player_choice":"Ignored","damage_taken":0,"max_hp_gain":0,"max_hp_loss":0,"event_name":"Purifier","floor":11,"gold_loss":0},{"damage_healed":0,"gold_gain":0,"player_choice":"Trade","damage_taken":0,"relics_obtained":["CultistMask"],"max_hp_gain":0,"max_hp_loss":0,"event_name":"FaceTrader","floor":12,"gold_loss":0}],"is_beta":false,"boss_relics":[{"not_picked":["Philosopher\u0027s Stone","Ectoplasm"],"picked":"Velvet Choker"}],"items_purged_floors":[],"is_endless":false,"potions_floor_spawned":[3,13,16],"killed_by":"3 Byrds","ascension_level":0}}