{"host":"owp3md0algd3028i","time":1608151131,"event":{"mods":["AchievementEnabler","Aspiration","BaseMod","BetterRewards","Colored Map","Colored Powertips","Conspire","Custom Start","DeckTracker","Defuse TimeMaze Blight","Downfall","Energized Spire","GifTheSpireLib","Halation","Hermit","Highlight Path","Hubris","Infinite Spire","Marisa????????","Minty Spire (QoL Compilation)","Permanent Neow","Quick Restart","Railgun Mod","Replay The Spire","Reworked Bosses","Shop Mod","Spicy Shops","StSLib","Stuff the Spire","SuperFastMode","vexMod"],"gold_per_floor":[117,15,31,31,31,31,31,31,31,31,106,119,119,119,119,119,119],"floor_reached":16,"playtime":589,"items_purged":[],"score":96,"play_id":"9e86f38d-e133-412c-9d64-6437f51c7f31","local_time":"20201216143851","is_ascension_mode":false,"campfire_choices":[{"data":"TheRailgun:Electrical_Fire","floor":6.0,"key":"SMITH"},{"floor":8,"key":"REST"},{"data":"TheRailgun:Zip","floor":10,"key":"SMITH"},{"floor":13,"key":"REST"},{"data":"Parasite","floor":15,"key":"PURGE"}],"circlet_count":0,"master_deck":["TheRailgun:Strike","TheRailgun:Strike","TheRailgun:Strike","TheRailgun:Strike","TheRailgun:Defend","TheRailgun:Defend","TheRailgun:Defend","TheRailgun:Defend","TheRailgun:Discharge","TheRailgun:Static","TheRailgun:Zip+1","TheRailgun:Discharge","TheRailgun:Electrical_Fire+1","TheRailgun:Negative_Field","TheRailgun:Iron_Dust_Shield","Looming Evil","FIFO Queue","hubris:Ukulele"],"relics":["TheRailgun:CoinRelic","aspiration:Nostalgia","MiniHakkero","ReplayTheSpireMod:Ring of Challenge","Ring of Fangs","hubris:DisguiseKit","Snack Pack","Tiny Chest"],"acts_visited":["Exordium"],"potions_floor_usage":[11],"damage_taken":[{"damage":0.0,"enemies":"2 Louse","floor":1.0,"turns":2.0},{"damage":11.0,"enemies":"Jaw Worm","floor":3.0,"turns":2.0},{"damage":60,"enemies":"Gremlin Nob","floor":11,"turns":5},{"damage":6,"enemies":"conspire:RoseBush","floor":12,"turns":4},{"damage":0,"enemies":"The Guardian","floor":16,"turns":2}],"seed_played":"-8715239191914274198","potions_obtained":[{"floor":1.0,"key":"Elixir"},{"floor":3.0,"key":"Adrenaline Potion"},{"floor":12,"key":"EntropicBrew"}],"is_trial":false,"path_per_floor":["M","$","M","?","?","R","$","R","T","R","E","M","R","?","R_BF","B"],"character_chosen":"THE_DEFAULT","items_purchased":["TheRailgun:Electrical_Fire","TheRailgun:Negative_Field"],"campfire_rested":2,"item_purchase_floors":[2,2],"current_hp_per_floor":[70,70,59,59,59,59,59,70,70,70,12,6,27,27,27,27,27],"gold":119,"neow_bonus":"NOSTALGIA","is_daily":false,"chose_seed":false,"campfire_upgraded":2,"win_rate":0.0,"timestamp":1608151131,"path_taken":["M","$","M","?","?","R","?","R","T","R","E","M","R","?","R_BF","BOSS"],"items_purchased_type":["Card","Card"],"build_version":"2020-12-13","purchased_purges":0,"victory":false,"max_hp_per_floor":[70,70,70,70,70,70,70,70,70,70,70,70,70,70,67,67,67],"card_choices":[{"not_picked":["TheRailgun:Crack","TheRailgun:Electric_Fence"],"picked":"TheRailgun:Discharge","floor":1.0},{"not_picked":["TheRailgun:Electrical_Fire","TheRailgun:Taser"],"picked":"TheRailgun:Iron_Dust_Shield","floor":3.0},{"not_picked":["TheRailgun:Charge","TheRailgun:Sister_Noise","TheRailgun:Push"],"picked":"FIFO Queue","floor":11},{"not_picked":["TheRailgun:Oneesama","TheRailgun:Magnetic_Flight","TheRailgun:Iron_Dust_Vial"],"picked":"hubris:Ukulele","floor":12}],"player_experience":41104,"relics_obtained":[{"floor":4.0,"key":"ReplayTheSpireMod:Ring of Challenge"},{"floor":4.0,"key":"Ring of Fangs"},{"floor":9,"key":"Snack Pack"},{"floor":11,"key":"Tiny Chest"}],"event_choices":[{"damage_healed":0,"gold_gain":0,"player_choice":"Disagree","damage_taken":0,"max_hp_gain":0,"max_hp_loss":0,"event_name":"conspire:LoneGhost","floor":14,"gold_loss":0}],"is_beta":false,"boss_relics":[],"items_purged_floors":[],"is_endless":false,"potions_floor_spawned":[1,3,12],"killed_by":"The Guardian","ascension_level":0}}