{"host":"bxn2em57qlx5u4i0","time":1608086639,"event":{"mods":["BaseMod","Colored Map","Colored Powertips","Highlight Path","Minty Spire (QoL Compilation)","Random Character Button","Relic Sorter","Relic Stats","StSLib","SuperFastMode"],"gold_per_floor":[119,20,35,45,59,59,59],"floor_reached":6,"playtime":239,"items_purged":[],"score":76,"play_id":"04e6e8cd-7f91-47f4-907e-c51177d74531","local_time":"20201215214359","is_ascension_mode":true,"campfire_choices":[],"circlet_count":0,"master_deck":["AscendersBane","Strike_G","Strike_G","Strike_G","Strike_G","Strike_G","Defend_G","Defend_G","Defend_G","Defend_G","Defend_G","Survivor","Neutralize","Cloak And Dagger","Deadly Poison","Blur","Dagger Spray","All Out Attack"],"relics":["Ring of the Snake","Strawberry"],"acts_visited":["Exordium"],"potions_floor_usage":[5,6],"damage_taken":[{"damage":4,"enemies":"Jaw Worm","floor":1,"turns":9},{"damage":0,"enemies":"Small Slimes","floor":3,"turns":4},{"damage":1,"enemies":"Cultist","floor":4,"turns":4},{"damage":3,"enemies":"Gremlin Gang","floor":5,"turns":5},{"damage":80,"enemies":"Lagavulin","floor":6,"turns":12}],"seed_played":"-3064590062159520458","potions_obtained":[{"floor":3,"key":"SneckoOil"},{"floor":5,"key":"Fruit Juice"}],"is_trial":false,"path_per_floor":["M","$","M","M","M","E"],"character_chosen":"THE_SILENT","items_purchased":["Deadly Poison","Blur"],"campfire_rested":0,"item_purchase_floors":[2,2],"current_hp_per_floor":[62,62,62,61,58,0,0],"gold":59,"neow_bonus":"RANDOM_COMMON_RELIC","is_daily":false,"chose_seed":false,"campfire_upgraded":0,"win_rate":0.0,"timestamp":1608086639,"path_taken":["M","$","M","M","M","E"],"items_purchased_type":["Card","Card"],"build_version":"2020-12-13","purchased_purges":0,"victory":false,"max_hp_per_floor":[73,73,73,73,73,78,78],"relic_stats":{"counters":[5,34],"obtain_stats":[{"Strawberry":0,"Ring of the Snake":0},{"Strawberry":0,"Ring of the Snake":0},{"Strawberry":0,"Ring of the Snake":0}],"Ring of the Snake":[10]},"card_choices":[{"not_picked":["PiercingWail","Masterful Stab"],"picked":"Cloak And Dagger","floor":1},{"not_picked":["Expertise","Flying Knee"],"picked":"Dagger Spray","floor":3},{"not_picked":["Deflect","Bane","Choke"],"picked":"SKIP","floor":4},{"not_picked":["Flechettes","Poisoned Stab"],"picked":"All Out Attack","floor":5}],"player_experience":2792080,"relics_obtained":[],"event_choices":[],"is_beta":false,"boss_relics":[],"items_purged_floors":[],"is_endless":false,"potions_floor_spawned":[3,5],"killed_by":"Lagavulin","ascension_level":20}}