{"host":"n91txuwnyvkdwz99","time":1608087984,"event":{"mods":["AchievementEnabler","BaseMod","Bestiary","Better Altar","Better Sensory Stone","Better Third Choice","CapriCore","Colored Map","Colored Powertips","Downfall","Infinite Spire","Koishi","Minty Spire (QoL Compilation)","Potionbrewer","Relic Stats","Replay The Spire","Spicy Shops","StSLib","The Blue Laboratory","The Immortal","TheSwordswoman"],"gold_per_floor":[116,116,136,10,10,10,27,27,39,39,108,8,8,33,43,53,53,153,153,167,179,194,120,170,170,170,170],"floor_reached":26,"playtime":1091,"items_purged":["blazmod:Strike","blazmod:Kyokasuigetsu"],"score":258,"play_id":"f3937645-0135-421a-8e33-969b1e2cb33c","local_time":"20201215220624","is_ascension_mode":false,"campfire_choices":[{"data":"blazmod:EightLifePilgrimage","floor":8,"key":"SMITH"},{"data":"blazmod:Defend","floor":17,"key":"SMITH"},{"data":"blazmod:ButterflyEffect","floor":25,"key":"SMITH"}],"circlet_count":0,"master_deck":["blazmod:Strike+1","blazmod:Strike","blazmod:Strike+1","blazmod:Defend+1","blazmod:Defend","blazmod:Defend","blazmod:Defend","blazmod:ButterflyEffect+1","blazmod:Swordstorm","blazmod:EightLifePilgrimage+1","blazmod:AlmightyPassage"],"relics":["blazmod:Venustas","NeowsBlessing","Darkstone Periapt","Pear","Whetstone","Sling"],"acts_visited":["Exordium","TheCity"],"potions_floor_usage":[3,9,14,18,18,26],"damage_taken":[{"damage":0,"enemies":"Jaw Worm","floor":1,"turns":1},{"damage":0,"enemies":"Cultist","floor":3,"turns":1},{"damage":0,"enemies":"2 Louse","floor":7,"turns":1},{"damage":5,"enemies":"Red Slaver","floor":9,"turns":2},{"damage":14,"enemies":"3 Sentries","floor":14,"turns":5},{"damage":0,"enemies":"2 Fungi Beasts","floor":15,"turns":2},{"damage":0,"enemies":"Blue Slaver","floor":16,"turns":3},{"damage":0,"enemies":"Fading Forest","floor":18,"turns":11},{"damage":0,"enemies":"Spheric Guardian","floor":20,"turns":1},{"damage":29,"enemies":"Shell Parasite","floor":21,"turns":4},{"damage":8,"enemies":"Chosen and Byrds","floor":22,"turns":5},{"damage":48,"enemies":"Slavers","floor":26,"turns":3}],"seed_played":"4046341388114246542","potions_obtained":[{"floor":1,"key":"Milkshake"},{"floor":3,"key":"EntropicBrew"},{"floor":14,"key":"Block Potion"},{"floor":15,"key":"BlessingOfTheForge"},{"floor":16,"key":"FearPotion"}],"is_trial":false,"path_per_floor":["M","?","M","$","PTL","PTL","M","R","M","$","T","$","T","E","M","M","R","B",null,"M","M","M","$","?","R","E"],"character_chosen":"THE_SWORDSWOMAN","items_purchased":["blueLaboratory:FruitPunch","Sling"],"campfire_rested":0,"item_purchase_floors":[4,23],"current_hp_per_floor":[40,40,40,40,40,40,40,40,37,37,37,37,47,38,46,52,52,52,52,52,30,30,30,30,30,0,0],"gold":170,"neow_bonus":"THREE_ENEMY_KILL","is_daily":false,"chose_seed":false,"campfire_upgraded":3,"win_rate":0.0,"timestamp":1608087984,"path_taken":["M","?","M","$","PTL","PTL","M","R","?","$","T","$","?","E","M","M","R","BOSS","M","M","M","$","?","R","E"],"items_purchased_type":["Potion","Relic"],"build_version":"2020-12-13","purchased_purges":2,"victory":false,"max_hp_per_floor":[40,40,40,40,40,40,40,40,42,42,42,42,52,52,52,52,52,52,52,52,52,52,52,52,52,52,52],"relic_stats":{"Darkstone Periapt":0,"counters":[12,39],"Whetstone":["blazmod:Strike","blazmod:Strike"],"obtain_stats":[{"Darkstone Periapt":11,"blazmod:Venustas":0,"Pear":13,"NeowsBlessing":0,"Whetstone":14,"Sling":23},{"Darkstone Periapt":4,"blazmod:Venustas":0,"Pear":4,"NeowsBlessing":0,"Whetstone":5,"Sling":11},{"Darkstone Periapt":5,"blazmod:Venustas":0,"Pear":5,"NeowsBlessing":0,"Whetstone":10,"Sling":36}]},"card_choices":[{"not_picked":["blazmod:Lockswords","blazmod:ButterFlutter","blazmod:FortifiedVigor"],"picked":"SKIP","floor":1},{"not_picked":["blazmod:MentalFocus","blazmod:Trasient"],"picked":"blazmod:Swordstorm","floor":3},{"not_picked":["blazmod:OpenSpirit","blazmod:DanceOfTheGods"],"picked":"blazmod:EightLifePilgrimage","floor":7},{"not_picked":["blazmod:BoulderFlash","blazmod:Crosscut","blazmod:DrippingWaterHollowsStone"],"picked":"SKIP","floor":9},{"not_picked":["blazmod:Trasient","blazmod:TenThousand","blazmod:DevilDivine"],"picked":"SKIP","floor":14},{"not_picked":["blazmod:MindsEye","blazmod:ButterFlutter","blazmod:OpenSpirit"],"picked":"SKIP","floor":15},{"not_picked":["blazmod:ApexLegends","blazmod:FlyFlyAgain","blazmod:KatanaStrike"],"picked":"SKIP","floor":16},{"not_picked":["blazmod:ForgeWays","blazmod:HoumatsuMugenKochouji"],"picked":"blazmod:AlmightyPassage","floor":18},{"not_picked":["blazmod:KatanaStrike+1","blazmod:Trasient","blazmod:FlashRock+1"],"picked":"SKIP","floor":20},{"not_picked":["blazmod:PureOfSoul","blazmod:OpenSpirit","blazmod:DanceOfTheGods"],"picked":"SKIP","floor":21},{"not_picked":["blazmod:FortifiedVigor","blazmod:SidewaySolace+1","blazmod:Crosscut"],"picked":"SKIP","floor":22}],"player_experience":66603,"relics_obtained":[{"floor":11,"key":"Darkstone Periapt"},{"floor":13,"key":"Pear"},{"floor":14,"key":"Whetstone"}],"event_choices":[{"damage_healed":0,"gold_gain":0,"player_choice":"Bought 0 Potions","damage_taken":0,"max_hp_gain":0,"max_hp_loss":0,"event_name":"The Woman in Blue","floor":2,"gold_loss":0},{"damage_healed":0,"gold_gain":100,"player_choice":"Bet on Murderer","damage_taken":0,"max_hp_gain":0,"max_hp_loss":0,"event_name":"The Joust","floor":24,"gold_loss":50}],"is_beta":false,"boss_relics":[{"not_picked":["potionbrewer:BhaskarasWheel","Calling Bell","Runic Dome"]}],"items_purged_floors":[4,12],"is_endless":false,"potions_floor_spawned":[1,3,14,15,16],"killed_by":"Slavers","ascension_level":0}}