{"host":"e2ju6k0wppswbhbd","time":1608156050,"event":{"mods":["BaseMod","Minty Spire (QoL Compilation)","Rare Cards Sparkle","StSLib"],"gold_per_floor":[116,134,134,146,159,159,187,203,226,226,226,238,257,285,285,382,382,402,414,414,25,38,38,38],"floor_reached":23,"playtime":3089,"items_purged":[],"score":205,"play_id":"bccdcf4b-370e-436f-8651-944970d05c24","local_time":"20201216230050","is_ascension_mode":false,"campfire_choices":[{"floor":6,"key":"RECALL"},{"floor":11,"key":"REST"},{"data":"Aggregate","floor":15,"key":"SMITH"}],"circlet_count":0,"master_deck":["Strike_B","Strike_B","Strike_B","Strike_B","Defend_B","Defend_B","Defend_B","Defend_B","Zap","Dualcast","Madness+1","FTL","Self Repair","Redo","Aggregate+1","Cold Snap","Rainbow","Reinforced Body","Tempest","Fission","White Noise+1","Conserve Battery+1","Defragment","Dark Shackles","Seek"],"relics":["Cracked Core","Matryoshka","Happy Flower","Centennial Puzzle","Black Star","Torii"],"acts_visited":["Exordium","TheCity"],"potions_floor_usage":[7,8,16,23,23],"damage_taken":[{"damage":1,"enemies":"Jaw Worm","floor":1,"turns":3},{"damage":0,"enemies":"2 Louse","floor":2,"turns":2},{"damage":0,"enemies":"Cultist","floor":4,"turns":3},{"damage":0,"enemies":"Large Slime","floor":5,"turns":6},{"damage":50,"enemies":"Gremlin Nob","floor":7,"turns":5},{"damage":6,"enemies":"Exordium Thugs","floor":8,"turns":6},{"damage":2,"enemies":"3 Louse","floor":12,"turns":3},{"damage":12,"enemies":"Blue Slaver","floor":13,"turns":3},{"damage":15,"enemies":"Lagavulin","floor":14,"turns":8},{"damage":26,"enemies":"The Guardian","floor":16,"turns":13},{"damage":18,"enemies":"Spheric Guardian","floor":18,"turns":6},{"damage":11,"enemies":"Shell Parasite","floor":19,"turns":6},{"damage":7,"enemies":"Shelled Parasite and Fungi","floor":22,"turns":5},{"damage":65,"enemies":"Gremlin Leader","floor":23,"turns":9}],"seed_played":"6867471253981291780","potions_obtained":[{"floor":4,"key":"DistilledChaos"},{"floor":7,"key":"Block Potion"},{"floor":14,"key":"ColorlessPotion"},{"floor":16,"key":"Ancient Potion"},{"floor":18,"key":"GamblersBrew"},{"floor":22,"key":"Strength Potion"}],"is_trial":false,"path_per_floor":["M","M","?","M","M","R","E","M","T","?","R","M","M","E","R","B",null,"M","M","?","$","M","E"],"character_chosen":"DEFECT","items_purchased":["Torii","Dark Shackles"],"campfire_rested":1,"item_purchase_floors":[21,21],"current_hp_per_floor":[74,74,74,75,75,75,32,33,33,33,55,60,55,47,47,28,75,64,60,60,60,60,0,0],"gold":38,"neow_bonus":"RANDOM_COLORLESS","is_daily":false,"chose_seed":false,"campfire_upgraded":1,"win_rate":0.0,"timestamp":1608156050,"path_taken":["M","M","?","M","M","R","E","M","T","?","R","M","?","E","R","BOSS","M","M","?","$","M","E"],"items_purchased_type":["Relic","Card"],"build_version":"2020-12-13","purchased_purges":0,"victory":false,"max_hp_per_floor":[75,75,75,75,75,75,75,75,75,75,75,75,75,75,75,75,75,75,75,75,75,75,75,75],"card_choices":[{"not_picked":["Purity","Jack Of All Trades"],"picked":"Madness","floor":0},{"not_picked":["Rebound","Gash"],"picked":"FTL","floor":1},{"not_picked":["Hologram","Leap"],"picked":"Self Repair","floor":2},{"not_picked":["Compile Driver","Turbo"],"picked":"Redo","floor":4},{"not_picked":["Streamline","Darkness"],"picked":"Aggregate","floor":5},{"not_picked":["Leap","White Noise"],"picked":"Cold Snap","floor":7},{"not_picked":["Storm","Hello World","Steam Power"],"picked":"SKIP","floor":8},{"not_picked":["Steam","Storm"],"picked":"Rainbow","floor":12},{"not_picked":["Hologram","Coolheaded"],"picked":"Reinforced Body","floor":13},{"not_picked":["Ball Lightning","Recycle"],"picked":"Tempest","floor":14},{"not_picked":["Hyperbeam","Echo Form"],"picked":"Fission","floor":16},{"not_picked":["Hologram","Cold Snap"],"picked":"White Noise+1","floor":18},{"not_picked":["Steam+1","Rebound"],"picked":"Conserve Battery+1","floor":19},{"not_picked":["Steam Power+1","Static Discharge+1"],"picked":"Seek","floor":22}],"player_experience":2535807,"relics_obtained":[{"floor":7,"key":"Matryoshka"},{"floor":9,"key":"Happy Flower"},{"floor":14,"key":"Centennial Puzzle"}],"event_choices":[{"damage_healed":0,"gold_gain":0,"player_choice":"Ignored","damage_taken":0,"max_hp_gain":0,"max_hp_loss":0,"event_name":"Liars Game","floor":3,"gold_loss":0},{"damage_healed":0,"gold_gain":0,"player_choice":"Upgraded","damage_taken":0,"max_hp_gain":0,"max_hp_loss":0,"event_name":"Upgrade Shrine","floor":10,"gold_loss":0,"cards_upgraded":["Madness"]},{"damage_healed":0,"gold_gain":0,"player_choice":"Read","damage_taken":0,"max_hp_gain":0,"max_hp_loss":0,"event_name":"The Library","floor":20,"gold_loss":0,"cards_obtained":["Defragment"]}],"is_beta":false,"boss_relics":[{"not_picked":["Runic Pyramid","Nuclear Battery"],"picked":"Black Star"}],"items_purged_floors":[],"is_endless":false,"potions_floor_spawned":[4,7,14,16,18,22],"killed_by":"Gremlin Leader","ascension_level":0}}