{"host":"p9jk0mlyvhgdzcz4","time":1608105395,"event":{"mods":["BaseMod","Colored Map","Minty Spire (QoL Compilation)","Quick Restart","SuperFastMode"],"gold_per_floor":[117,117,117,117,15,49,49,74,74,98,113,113,154,175,175,305,305,320,320,14,14,0,18,45,45,45,45,57,87,99,99,99,199,199,211,225,245,264,264,264,264,284,284,284,284,284,58,75,75,75],"floor_reached":51,"playtime":1923,"items_purged":[],"score":718,"play_id":"cf8196c4-1756-4cd4-8284-25c8af8d8b9f","local_time":"20201216015635","is_ascension_mode":false,"campfire_choices":[{"data":"Static Discharge","floor":7,"key":"SMITH"},{"floor":12,"key":"REST"},{"data":"Dualcast","floor":15,"key":"SMITH"},{"floor":27,"key":"REST"},{"floor":32,"key":"REST"},{"floor":40,"key":"REST"},{"floor":44,"key":"REST"},{"floor":46,"key":"REST"},{"data":"Static Discharge","floor":49,"key":"SMITH"}],"circlet_count":0,"master_deck":["Strike_B","Strike_B","Strike_B","Defend_B","Defend_B","Defend_B","Defend_B","Zap+1","Dualcast+1","Conserve Battery","Static Discharge+1","Thunder Strike","Auto Shields","Creative AI+1","Cold Snap","Hello World","Force Field+1","Static Discharge+1","Hello World+1"],"relics":["FrozenCore","NeowsBlessing","Bloody Idol","Lantern","Pantograph","Vajra","Question Card","Busted Crown","Ice Cream","MealTicket","HornCleat","Blue Candle","Matryoshka","Bronze Scales","Toy Ornithopter","Lee\u0027s Waffle"],"acts_visited":["Exordium","TheCity","TheBeyond"],"potions_floor_usage":[28,33,50,50,50],"damage_taken":[{"damage":0,"enemies":"Small Slimes","floor":1,"turns":2},{"damage":0,"enemies":"Lagavulin","floor":6,"turns":1},{"damage":0,"enemies":"Jaw Worm","floor":10,"turns":1},{"damage":0,"enemies":"2 Louse","floor":11,"turns":2},{"damage":26,"enemies":"Gremlin Nob","floor":13,"turns":4},{"damage":10,"enemies":"Looter","floor":14,"turns":2},{"damage":28,"enemies":"Slime Boss","floor":16,"turns":8},{"damage":9,"enemies":"3 Byrds","floor":18,"turns":3},{"damage":23,"enemies":"2 Thieves","floor":22,"turns":5},{"damage":16,"enemies":"Snake Plant","floor":23,"turns":3},{"damage":53,"enemies":"Gremlin Leader","floor":24,"turns":5},{"damage":14,"enemies":"Centurion and Healer","floor":28,"turns":7},{"damage":14,"enemies":"Book of Stabbing","floor":29,"turns":5},{"damage":17,"enemies":"Sentry and Sphere","floor":30,"turns":5},{"damage":43,"enemies":"Automaton","floor":33,"turns":11},{"damage":24,"enemies":"3 Shapes","floor":35,"turns":7},{"damage":9,"enemies":"Orb Walker","floor":36,"turns":7},{"damage":20,"enemies":"Spire Growth","floor":37,"turns":6},{"damage":28,"enemies":"3 Darklings","floor":38,"turns":5},{"damage":58,"enemies":"4 Shapes","floor":42,"turns":6},{"damage":3,"enemies":"Maw","floor":48,"turns":8},{"damage":75,"enemies":"Donu and Deca","floor":50,"turns":8}],"seed_played":"6131868593216274144","potions_obtained":[{"floor":10,"key":"Weak Potion"},{"floor":14,"key":"FairyPotion"},{"floor":24,"key":"Explosive Potion"},{"floor":30,"key":"Strength Potion"},{"floor":33,"key":"SneckoOil"},{"floor":35,"key":"AttackPotion"}],"is_trial":false,"path_per_floor":["M","?","?","?","$","E","R","T","T","M","M","R","E","M","R","B",null,"M","?","$","$","M","M","E","?","T","R","M","E","M","T","R","B",null,"M","M","M","M","?","R","?","M","T","R","?","R","$","M","R","B",null],"character_chosen":"DEFECT","items_purchased":["FairyPotion","Ice Cream","Lee\u0027s Waffle","LiquidBronze"],"campfire_rested":6,"item_purchase_floors":[5,20,47,47],"current_hp_per_floor":[75,57,45,45,45,45,45,45,45,45,45,67,41,31,31,28,75,66,66,66,66,43,32,14,14,14,36,27,18,6,6,28,15,75,56,52,37,14,14,36,36,9,9,31,31,53,82,82,82,7],"gold":75,"neow_bonus":"THREE_ENEMY_KILL","is_daily":false,"chose_seed":false,"campfire_upgraded":3,"win_rate":0.0,"timestamp":1608105395,"path_taken":["M","?","?","?","?","E","R","?","T","M","M","R","E","M","R","BOSS","M","?","?","$","?","M","E","?","T","R","?","E","M","?","R","BOSS","M","M","M","M","?","R","?","M","T","R","?","R","$","M","R","BOSS"],"items_purchased_type":["Potion","Relic","Relic","Potion"],"build_version":"2020-12-13","purchased_purges":0,"victory":true,"max_hp_per_floor":[75,75,75,75,75,75,75,75,75,75,75,75,75,75,75,75,75,75,75,75,75,75,75,75,75,75,75,75,75,75,75,75,75,75,75,75,75,75,75,75,75,75,75,75,75,75,82,82,82,82],"card_choices":[{"not_picked":["Ball Lightning","Turbo"],"picked":"Conserve Battery","floor":1},{"not_picked":["Beam Cell","FTL"],"picked":"Static Discharge","floor":6},{"not_picked":["Redo","Fusion","Stack"],"picked":"SKIP","floor":10},{"not_picked":["Undo","Rebound","Tempest"],"picked":"SKIP","floor":11},{"not_picked":["Gash","Ball Lightning"],"picked":"Thunder Strike","floor":13},{"not_picked":["Coolheaded","Hologram","Gash"],"picked":"Auto Shields","floor":14},{"not_picked":["Seek","Machine Learning","Multi-Cast"],"picked":"Creative AI","floor":16},{"not_picked":["Ball Lightning+1"],"picked":"Cold Snap","floor":18},{"not_picked":["Streamline","Auto Shields"],"picked":"SKIP","floor":22},{"not_picked":["Barrage","Glacier+1"],"picked":"SKIP","floor":23},{"not_picked":["Skim"],"picked":"Hello World","floor":24},{"not_picked":["Sunder+1"],"picked":"Force Field+1","floor":28},{"not_picked":["Leap"],"picked":"Static Discharge","floor":29},{"not_picked":["Genetic Algorithm","Ball Lightning"],"picked":"SKIP","floor":30},{"not_picked":["Redo+1","Sweeping Beam"],"picked":"SKIP","floor":35},{"not_picked":["Redo+1","Recycle"],"picked":"SKIP","floor":36},{"not_picked":["Coolheaded+1"],"picked":"Hello World+1","floor":37},{"not_picked":["Aggregate+1","Turbo+1"],"picked":"SKIP","floor":38},{"not_picked":["Hello World","Coolheaded+1"],"picked":"SKIP","floor":42},{"not_picked":["Hello World","Coolheaded+1"],"picked":"SKIP","floor":42},{"not_picked":["Gash","Reinforced Body+1"],"picked":"SKIP","floor":48}],"player_experience":10057,"relics_obtained":[{"floor":6,"key":"Pantograph"},{"floor":8,"key":"Vajra"},{"floor":13,"key":"Question Card"},{"floor":24,"key":"MealTicket"},{"floor":26,"key":"HornCleat"},{"floor":29,"key":"Blue Candle"},{"floor":31,"key":"Matryoshka"},{"floor":43,"key":"Bronze Scales"},{"floor":43,"key":"Toy Ornithopter"}],"event_choices":[{"damage_healed":0,"gold_gain":0,"player_choice":"Take Damage","damage_taken":18,"relics_obtained":["Golden Idol"],"max_hp_gain":0,"max_hp_loss":0,"event_name":"Golden Idol","floor":2,"gold_loss":0},{"damage_healed":0,"gold_gain":0,"player_choice":"Success","damage_taken":12,"relics_obtained":["Lantern"],"max_hp_gain":0,"max_hp_loss":0,"event_name":"Scrap Ooze","floor":3,"gold_loss":0},{"damage_healed":0,"gold_gain":0,"player_choice":"Grow","damage_taken":0,"max_hp_gain":0,"max_hp_loss":0,"event_name":"Living Wall","floor":4,"gold_loss":0,"cards_upgraded":["Zap"]},{"damage_healed":0,"gold_gain":0,"player_choice":"Gave Idol","damage_taken":0,"relics_obtained":["Bloody Idol"],"max_hp_gain":0,"max_hp_loss":0,"event_name":"Forgotten Altar","floor":19,"relics_lost":["Golden Idol"],"gold_loss":0},{"damage_healed":0,"gold_gain":0,"player_choice":"Upgraded","damage_taken":0,"max_hp_gain":0,"max_hp_loss":0,"event_name":"Upgrade Shrine","floor":25,"gold_loss":0,"cards_upgraded":["Creative AI"]},{"damage_healed":0,"gold_gain":0,"player_choice":"Ignored","damage_taken":0,"max_hp_gain":0,"max_hp_loss":0,"event_name":"Tomb of Lord Red Mask","floor":39,"gold_loss":0},{"damage_healed":0,"gold_gain":0,"player_choice":"Ignored","damage_taken":0,"max_hp_gain":0,"max_hp_loss":0,"event_name":"Mysterious Sphere","floor":41,"gold_loss":0},{"cards_removed":["Strike_B"],"damage_healed":0,"gold_gain":0,"player_choice":"Purged","damage_taken":0,"max_hp_gain":0,"max_hp_loss":0,"event_name":"Purifier","floor":45,"gold_loss":0}],"is_beta":false,"boss_relics":[{"not_picked":["Inserter","Calling Bell"],"picked":"Busted Crown"},{"not_picked":["SlaversCollar","Astrolabe"],"picked":"FrozenCore"}],"items_purged_floors":[],"is_endless":false,"potions_floor_spawned":[10,14,16,18,24,30,33,35,36,38,48],"ascension_level":0}}