{"host":"hjw1ay65n7jm40lc","time":1608133869,"event":{"mods":["AchievementEnabler","BaseMod","Colored Map","Colored Powertips","Googly Eyes","Highlight Path","Minty Spire (QoL Compilation)","Quick Restart","Relic Stats"],"gold_per_floor":[109,122,122,141,9,9,42,56,107,121,141,141,184,209,209,304,304,327,350,350,350,350,350,385,410,488,524,371,19,19,34,34,127,127,148,148,148,148],"floor_reached":37,"playtime":2106,"items_purged":["Injury"],"score":800,"play_id":"6ce93138-fd20-407e-8776-81d4a96d438e","local_time":"20201216105109","is_ascension_mode":true,"campfire_choices":[{"data":"Inflame","floor":6,"key":"SMITH"},{"data":"True Grit","floor":12,"key":"SMITH"},{"data":"Disarm","floor":15,"key":"SMITH"},{"floor":23,"key":"REST"},{"data":"Limit Break","floor":30,"key":"SMITH"},{"data":"Shockwave","floor":32,"key":"SMITH"}],"circlet_count":0,"master_deck":["AscendersBane","Defend_R","Defend_R","Defend_R","Bash","Clothesline","Anger","Inflame+1","True Grit+1","Cleave","Sword Boomerang","True Grit","Disarm+1","Reaper","Bite","Bite","Bite","Bite","Bite","Feel No Pain","Pummel","Limit Break+1","Shockwave+1","Fiend Fire","Power Through"],"relics":["Burning Blood","Lantern","Golden Idol","Sundial","Strawberry","Omamori","Cursed Key","Ornamental Fan","Self Forming Clay","Tiny Chest","Shuriken","Philosopher\u0027s Stone"],"acts_visited":["Exordium","TheCity","TheBeyond"],"potions_floor_usage":[13,19,24,24,27],"damage_taken":[{"damage":10,"enemies":"Small Slimes","floor":1,"turns":3},{"damage":3,"enemies":"2 Louse","floor":2,"turns":2},{"damage":7,"enemies":"Jaw Worm","floor":4,"turns":3},{"damage":8,"enemies":"Gremlin Nob","floor":7,"turns":3},{"damage":9,"enemies":"Red Slaver","floor":8,"turns":2},{"damage":11,"enemies":"Looter","floor":10,"turns":2},{"damage":0,"enemies":"Large Slime","floor":11,"turns":4},{"damage":20,"enemies":"3 Sentries","floor":13,"turns":6},{"damage":17,"enemies":"Lots of Slimes","floor":14,"turns":4},{"damage":29,"enemies":"Hexaghost","floor":16,"turns":11},{"damage":25,"enemies":"Shell Parasite","floor":18,"turns":5},{"damage":41,"enemies":"Chosen","floor":19,"turns":6},{"damage":32,"enemies":"Gremlin Leader","floor":24,"turns":7},{"damage":27,"enemies":"3 Cultists","floor":25,"turns":5},{"damage":44,"enemies":"Slavers","floor":27,"turns":6},{"damage":30,"enemies":"Shelled Parasite and Fungi","floor":31,"turns":6},{"damage":44,"enemies":"Champ","floor":33,"turns":10},{"damage":64,"enemies":"3 Shapes","floor":35,"turns":8},{"damage":43,"enemies":"3 Darklings","floor":37,"turns":3}],"seed_played":"3687986571943976377","potions_obtained":[{"floor":1,"key":"Energy Potion"},{"floor":7,"key":"Strength Potion"},{"floor":11,"key":"Fire Potion"},{"floor":18,"key":"BlessingOfTheForge"},{"floor":19,"key":"GamblersBrew"},{"floor":25,"key":"Strength Potion"},{"floor":27,"key":"FearPotion"}],"is_trial":false,"path_per_floor":["M","M","?","M","$","R","E","M","T","M","M","R","E","M","R","B",null,"M","M","?","?","?","R","E","M","T","E","$","$","R","M","R","B",null,"M","?","M"],"character_chosen":"IRONCLAD","items_purchased":["True Grit","Limit Break","Shuriken","Shockwave"],"campfire_rested":1,"item_purchase_floors":[5,28,29,29],"current_hp_per_floor":[64,67,67,66,66,66,64,61,68,63,69,69,55,44,44,21,67,48,17,17,17,17,34,32,33,33,34,34,34,34,46,46,28,50,28,28,0,0],"gold":148,"neow_bonus":"RANDOM_COMMON_RELIC","is_daily":false,"chose_seed":false,"campfire_upgraded":5,"win_rate":0.0,"timestamp":1608133869,"path_taken":["M","M","?","M","$","R","E","M","T","M","M","R","E","M","R","BOSS","M","M","?","?","?","R","E","?","T","E","?","$","R","M","R","BOSS","M","?","M"],"items_purchased_type":["Card","Card","Relic","Card"],"build_version":"2020-12-13","purchased_purges":1,"victory":false,"max_hp_per_floor":[75,75,75,75,75,75,75,75,82,82,82,82,82,82,82,82,82,82,82,57,57,57,57,57,57,57,57,57,57,57,57,57,57,57,57,57,57,57],"relic_stats":{"counters":[19,96],"Golden Idol":109,"Sundial":[10],"Ornamental Fan":[44],"Self Forming Clay":[63],"Shuriken":[7],"Tiny Chest":0,"Cursed Key":1,"obtain_stats":[{"Lantern":0,"Golden Idol":3,"Sundial":7,"Ornamental Fan":24,"Self Forming Clay":26,"Shuriken":29,"Strawberry":9,"Tiny Chest":27,"Philosopher\u0027s Stone":34,"Omamori":13,"Cursed Key":17,"Burning Blood":0},{"Lantern":0,"Golden Idol":2,"Sundial":4,"Ornamental Fan":13,"Self Forming Clay":14,"Shuriken":15,"Strawberry":5,"Tiny Chest":15,"Philosopher\u0027s Stone":17,"Omamori":8,"Cursed Key":10,"Burning Blood":0},{"Lantern":0,"Golden Idol":5,"Sundial":11,"Ornamental Fan":58,"Self Forming Clay":63,"Shuriken":69,"Strawberry":13,"Tiny Chest":69,"Philosopher\u0027s Stone":85,"Omamori":25,"Cursed Key":40,"Burning Blood":0}],"Burning Blood":108},"card_choices":[{"not_picked":["Blood for Blood","Headbutt"],"picked":"Clothesline","floor":1},{"not_picked":["Corruption","Perfected Strike"],"picked":"Anger","floor":2},{"not_picked":["Clash","Carnage"],"picked":"Inflame","floor":4},{"not_picked":["Rage","Dual Wield"],"picked":"Cleave","floor":7},{"not_picked":["Wild Strike","Burning Pact"],"picked":"Sword Boomerang","floor":8},{"not_picked":["Flex","Cleave","Body Slam"],"picked":"SKIP","floor":10},{"not_picked":["Body Slam","Pommel Strike"],"picked":"True Grit","floor":11},{"not_picked":["Burning Pact","Clash","Combust"],"picked":"SKIP","floor":13},{"not_picked":["Havoc","Power Through"],"picked":"Disarm","floor":14},{"not_picked":["Double Tap","Offering"],"picked":"Reaper","floor":16},{"not_picked":["Blood for Blood","Heavy Blade","Wild Strike"],"picked":"SKIP","floor":18},{"not_picked":["Headbutt","True Grit","Havoc+1"],"picked":"SKIP","floor":19},{"not_picked":["Carnage","Power Through"],"picked":"Feel No Pain","floor":24},{"not_picked":["Dropkick","Dark Embrace"],"picked":"Pummel","floor":25},{"not_picked":["Rage","Iron Wave","Anger"],"picked":"SKIP","floor":27},{"not_picked":["Juggernaut","Hemokinesis+1","Clothesline"],"picked":"SKIP","floor":31},{"not_picked":["Impervious","Exhume"],"picked":"Fiend Fire","floor":33},{"not_picked":["Combust","Clash"],"picked":"Power Through","floor":35}],"player_experience":259255,"relics_obtained":[{"floor":7,"key":"Sundial"},{"floor":9,"key":"Strawberry"},{"floor":13,"key":"Omamori"},{"floor":24,"key":"Ornamental Fan"},{"floor":26,"key":"Self Forming Clay"},{"floor":27,"key":"Tiny Chest"}],"event_choices":[{"damage_healed":0,"gold_gain":0,"player_choice":"Take Wound","damage_taken":0,"relics_obtained":["Golden Idol"],"max_hp_gain":0,"max_hp_loss":0,"event_name":"Golden Idol","floor":3,"gold_loss":0,"cards_obtained":["Injury"]},{"damage_healed":0,"gold_gain":0,"player_choice":"Became a vampire","damage_taken":0,"max_hp_gain":0,"max_hp_loss":25,"event_name":"Vampires","floor":20,"gold_loss":0,"cards_obtained":["Bite","Bite","Bite","Bite","Bite"]},{"cards_removed":["Defend_R"],"damage_healed":0,"gold_gain":0,"player_choice":"Elegance","damage_taken":0,"max_hp_gain":0,"max_hp_loss":0,"event_name":"Back to Basics","floor":21,"gold_loss":0},{"damage_healed":0,"gold_gain":0,"player_choice":"Ignored","damage_taken":0,"max_hp_gain":0,"max_hp_loss":0,"event_name":"Cursed Tome","floor":22,"gold_loss":0},{"damage_healed":0,"gold_gain":0,"player_choice":"Ignored","damage_taken":0,"max_hp_gain":0,"max_hp_loss":0,"event_name":"Tomb of Lord Red Mask","floor":36,"gold_loss":0}],"is_beta":false,"boss_relics":[{"not_picked":["Black Blood","Velvet Choker"],"picked":"Cursed Key"},{"not_picked":["Pandora\u0027s Box","Busted Crown"],"picked":"Philosopher\u0027s Stone"}],"items_purged_floors":[5],"is_endless":false,"potions_floor_spawned":[1,7,8,10,11,18,19,25,27],"killed_by":"3 Darklings","ascension_level":17}}