{"host":"dntw6kil9p09eemm","time":1608083035,"event":{"mods":["Aspiration","BaseMod","BetterRewards","Colored Powertips","Downfall","Hermit","Hubris","Keyboard Shortcuts","Minty Spire (QoL Compilation)","Permanent Neow","Shop Mod","Spicy Shops","StSLib","The Runesmith","Waifu the Spire","vexMod"],"gold_per_floor":[116,136,148,148,163,196,222,243,290,135,157,180,180,206,206,206,206],"floor_reached":16,"playtime":867,"items_purged":[],"score":108,"play_id":"06986f6f-3871-4c6b-9d57-82b9a347b5ea","local_time":"20201216104355","is_ascension_mode":false,"campfire_choices":[{"floor":13.0,"key":"REST"},{"floor":15,"key":"REST"}],"circlet_count":0,"master_deck":["hexamod:Strike","hexamod:Strike","hexamod:Strike","hexamod:Defend","hexamod:Defend","hexamod:Defend","hexamod:Sear","hexamod:Float","hexamod:EmpoweredFlame","hexamod:PhantomFireball","hexamod:SecondSeal","hexamod:PhantomFireball","hexamod:BurningTouch","hexamod:BurningTouch","hexamod:Firestarter","hexamod:ThermalTransfer"],"relics":["hexamod:SpiritBrand","vexMod:BarristanHead","hubris:OldNail","MerchantsRug"],"acts_visited":["Exordium"],"potions_floor_usage":[16],"damage_taken":[{"damage":0.0,"enemies":"Cultist","floor":1.0,"turns":3.0},{"damage":0.0,"enemies":"2 Louse","floor":2.0,"turns":3.0},{"damage":0.0,"enemies":"Small Slimes","floor":3.0,"turns":3.0},{"damage":7.0,"enemies":"Red Slaver","floor":5.0,"turns":3.0},{"damage":31.0,"enemies":"Gremlin Nob","floor":6.0,"turns":5.0},{"damage":5.0,"enemies":"Exordium Wildlife","floor":7.0,"turns":4.0},{"damage":4.0,"enemies":"Large Slime","floor":8.0,"turns":5.0},{"damage":5.0,"enemies":"3 Louse","floor":11.0,"turns":3.0},{"damage":2.0,"enemies":"2 Fungi Beasts","floor":12.0,"turns":3.0},{"damage":2,"enemies":"Red Slaver","floor":14,"turns":3},{"damage":57,"enemies":"Hexaghost","floor":16,"turns":9}],"seed_played":"5170477101169929482","potions_obtained":[{"floor":5.0,"key":"Block Potion"},{"floor":6.0,"key":"Fire Potion"},{"floor":11.0,"key":"Energy Potion"},{"floor":12.0,"key":"DuplicationPotion"}],"is_trial":false,"path_per_floor":["M","M","M","?","M","E","M","M","T","$","M","M","R","M","R","B"],"character_chosen":"THE_SPIRIT","items_purchased":["MerchantsRug"],"campfire_rested":2,"item_purchase_floors":[10],"current_hp_per_floor":[70,70,70,70,63,32,27,23,23,23,18,16,37,35,56,0,0],"gold":206,"neow_bonus":"TRANSFORM_CARD","is_daily":false,"chose_seed":false,"campfire_upgraded":0,"win_rate":0.0,"timestamp":1608083035,"path_taken":["M","M","M","?","M","E","M","M","T","$","?","M","R","M","R","BOSS"],"items_purchased_type":["Relic"],"build_version":"2020-12-13","purchased_purges":0,"victory":false,"max_hp_per_floor":[70,70,70,70,70,70,70,70,70,70,70,70,70,70,70,70,70],"card_choices":[{"not_picked":["hexamod:HauntingEcho","hexamod:InspiringFlames","hexamod:NightmareGuise"],"picked":"SKIP","floor":1.0},{"not_picked":["hexamod:GhostShield","hexamod:EtherealExpedition"],"picked":"hexamod:PhantomFireball","floor":2.0},{"not_picked":["hexamod:PowerFromBeyond","hexamod:FourthSeal","hexamod:AdvancingGuard"],"picked":"SKIP","floor":3.0},{"not_picked":["hexamod:DynamicBlow","hexamod:GhostOfSpirePast"],"picked":"hexamod:SecondSeal","floor":5.0},{"not_picked":["hexamod:GhostOfSpireFuture","hexamod:ThirdSeal"],"picked":"hexamod:PhantomFireball","floor":6.0},{"not_picked":["hexamod:InspiringFlames","hexamod:SecondSeal"],"picked":"hexamod:BurningTouch","floor":7.0},{"not_picked":["hexamod:SwordOfDarkness","hexamod:ShieldOfDarkness"],"picked":"hexamod:BurningTouch","floor":8.0},{"not_picked":["hexamod:ParanormalForm","hexamod:Hexaguard"],"picked":"hexamod:Firestarter","floor":11.0},{"not_picked":["hexamod:RetreatToShadows","hexamod:HeatCrush","hexamod:BurningTouch"],"picked":"SKIP","floor":12.0},{"not_picked":["hexamod:SpectralAdrenaline","hexamod:Toasty"],"picked":"hexamod:ThermalTransfer","floor":14}],"player_experience":367516,"relics_obtained":[{"floor":6.0,"key":"vexMod:BarristanHead"},{"floor":9.0,"key":"hubris:OldNail"}],"event_choices":[{"cards_removed":["hexamod:Strike"],"damage_healed":0.0,"max_hp_gain":0.0,"max_hp_loss":0.0,"gold_gain":0.0,"event_name":"Purifier","player_choice":"Purged","floor":4.0,"gold_loss":0.0,"damage_taken":0.0}],"is_beta":false,"boss_relics":[],"items_purged_floors":[],"is_endless":false,"potions_floor_spawned":[5,6,11,12],"killed_by":"Hexaghost","ascension_level":0}}