{"host":"mn5ze3eyhx81nlo2","time":1608119555,"event":{"mods":["BaseMod","Block Reminder","Challenge The Spire","Downfall","Hermit","Hubris","Infinite Spire","Minty Spire (QoL Compilation)","Quick Restart","Replay The Spire","Shade Mod","StSLib","The Cursed","The Druid","The Hierophant","The Runesmith","Unceasing Turn Reminder"],"gold_per_floor":[115,115,66,66,85,114,31,65,139,139,139,164,181,192,192,295,295,315,315,315],"floor_reached":19,"playtime":732,"items_purged":[],"score":185,"play_id":"4b4f4e7c-b29e-418d-8ca1-d25dce77190a","local_time":"20201216115235","is_ascension_mode":false,"campfire_choices":[{"data":"Shade:FreshBones","floor":11,"key":"SMITH"},{"floor":15,"key":"REST"}],"circlet_count":0,"master_deck":["Shade:Strike_Shade","Shade:Strike_Shade","Shade:Strike_Shade","Shade:Strike_Shade","Shade:Defend_Shade","Shade:Defend_Shade","Shade:Defend_Shade","Shade:Defend_Shade","hubris:DuctTapeCard+2","Shade:FreshBones+1","Shade:SkeletonHug","Specialist","Shade:UnbarTheGrave","Shade:GraveStillness","hubris:Lust","hubris:Despair","Injury","Shade:LyeBath"],"relics":["Shade:YorickSkull","Runesmith:AutoHammer","hubris:DuctTape","Snack Pack","Kunai","hubris:ToyBattleship","Replay:Ancient Bell","Vajra","Replay:Ringing Soul","Pondfish Scales"],"acts_visited":["Exordium","TheCity"],"potions_floor_usage":[12,12,14,16],"damage_taken":[{"damage":0,"enemies":"Cultist","floor":1,"turns":3},{"damage":0,"enemies":"2 Louse","floor":5,"turns":2},{"damage":16,"enemies":"Gremlin Nob","floor":6,"turns":4},{"damage":11,"enemies":"3 Sentries","floor":8,"turns":8},{"damage":8,"enemies":"Lagavulin","floor":12,"turns":4},{"damage":0,"enemies":"Small Slimes","floor":13,"turns":2},{"damage":0,"enemies":"Gremlin Gang","floor":14,"turns":5},{"damage":20,"enemies":"Slime Boss","floor":16,"turns":7},{"damage":4,"enemies":"Spheric Guardian","floor":18,"turns":4},{"damage":15,"enemies":"3 Byrds","floor":19,"turns":4}],"seed_played":"6454564985370418381","potions_obtained":[{"floor":10,"key":"Fruit Juice"},{"floor":10,"key":"Languid Potion"},{"floor":10,"key":"GamblersBrew"},{"floor":12,"key":"Strength Potion"},{"floor":13,"key":"EssenceOfSteel"},{"floor":16,"key":"hexamod:EctoCoolerPotion"}],"is_trial":false,"path_per_floor":["M","?","$","?","M","E","$","E","T","?","R","E","M","M","R","B",null,"M","M"],"character_chosen":"SHADE","items_purchased":["Shade:FreshBones","Specialist"],"campfire_rested":1,"item_purchase_floors":[3,7],"current_hp_per_floor":[65,58,58,58,58,42,42,31,31,31,31,28,28,28,49,29,73,72,57,57],"gold":315,"neow_bonus":"RANDOM_COMMON_RELIC","is_daily":false,"chose_seed":false,"campfire_upgraded":1,"win_rate":0.0,"timestamp":1608119555,"path_taken":["M","?","$","?","M","E","$","E","T","?","R","E","?","M","R","BOSS","M","M"],"items_purchased_type":["Card","Card"],"build_version":"2020-12-13","purchased_purges":0,"victory":false,"max_hp_per_floor":[65,65,65,65,65,65,65,65,65,65,65,70,70,70,70,70,73,76,76,76],"card_choices":[{"not_picked":["Shade:AncientSpear","Shade:BoneShards","Shade:Brains"],"picked":"SKIP","floor":1},{"not_picked":["Shade:AblativeArmor","Shade:FeralStrike","Shade:Brains"],"picked":"SKIP","floor":5},{"not_picked":["Shade:FreshBones","Shade:TouchOfTheGrave"],"picked":"Shade:SkeletonHug","floor":6},{"not_picked":["Shade:CoffinDance","Shade:GreyBargain"],"picked":"Shade:UnbarTheGrave","floor":8},{"not_picked":["Shade:DangerousRitual","Shade:Bite_Shade","Shade:FuneraryArmor"],"picked":"SKIP","floor":12},{"not_picked":["Shade:FeralStrike","Shade:FreshBones","Shade:CoffinDance"],"picked":"SKIP","floor":13},{"not_picked":["Shade:SkeletonHug","Shade:Premonition"],"picked":"Shade:GraveStillness","floor":14},{"not_picked":["Delirium","Normality"],"picked":"hubris:Lust","floor":17},{"not_picked":["Pain","Regret"],"picked":"hubris:Despair","floor":17},{"not_picked":["Decay","hubris:Gluttony"],"picked":"Injury","floor":17},{"not_picked":["Shade:ExtraLimbs","Shade:Doomsay"],"picked":"Shade:LyeBath","floor":18}],"player_experience":893843,"relics_obtained":[{"floor":6,"key":"Snack Pack"},{"floor":8,"key":"Kunai"},{"floor":12,"key":"hubris:ToyBattleship"}],"event_choices":[{"damage_healed":0,"gold_gain":0,"player_choice":"Success","damage_taken":7,"relics_obtained":["hubris:DuctTape"],"max_hp_gain":0,"max_hp_loss":0,"event_name":"Scrap Ooze","floor":2,"gold_loss":0},{"damage_healed":0,"gold_gain":0,"player_choice":"Grow","damage_taken":0,"max_hp_gain":0,"max_hp_loss":0,"event_name":"Living Wall","floor":4,"gold_loss":0,"cards_upgraded":["hubris:DuctTapeCard"]},{"damage_healed":0,"gold_gain":0,"player_choice":"Got Potions","damage_taken":0,"max_hp_gain":0,"max_hp_loss":0,"event_name":"Lab","floor":10,"gold_loss":0}],"is_beta":false,"boss_relics":[{"not_picked":["Black Star","Sozu"],"picked":"Replay:Ancient Bell"},{"not_picked":["CeramicFish","Anchor"],"picked":"Vajra"},{"not_picked":["Eternal Feather","infinitespire:Midas Blood"],"picked":"Replay:Ringing Soul"},{"not_picked":["Prayer Wheel","Durian"],"picked":"Pondfish Scales"}],"items_purged_floors":[],"is_endless":false,"potions_floor_spawned":[12,13,16],"killed_by":"3 Byrds","ascension_level":0}}