{"host":"ec2wu4mdnvke243f","time":1608152141,"event":{"mods":["2.2 Compatiblity","AchievementEnabler","BaseMod","Defuse TimeMaze Blight","Downfall","Hermit","Infinite Spire","Minty Spire (QoL Compilation)","StSLib","The Cursed","The Disciple","The Jungle","The Servant 0.9.4"],"gold_per_floor":[99,127,52,83,83,31,83,8,8,43,62,72,87,156,173,173,173],"floor_reached":16,"playtime":1014,"items_purged":[],"score":176,"play_id":"1f30514c-a450-4963-b34b-beac96b9a372","local_time":"20201216215541","is_ascension_mode":true,"campfire_choices":[{"floor":1,"key":"RECALL"},{"data":"hermit:Malice","floor":3,"key":"SMITH"},{"data":"hermit:Magnum","floor":5,"key":"SMITH"},{"data":"hermit:Maintenance","floor":8,"key":"SMITH"}],"circlet_count":0,"master_deck":["hermit:Strike_Hermit","hermit:Strike_Hermit","hermit:Strike_Hermit","hermit:Strike_Hermit","hermit:Defend_Hermit","hermit:Defend_Hermit","hermit:Defend_Hermit","hermit:Defend_Hermit","hermit:Snapshot","hermit:Covet","hermit:Malice+1","hermit:Magnum+1","hermit:Maintenance+1","hermit:Misfire","hermit:Enervate","hermit:HighCaliber","hermit:Scavenge","hermit:Ricochet","hermit:GoldenBullet","hermit:Malice"],"relics":["hermit:Momento","downfall:HeartsMalice","Ancient Tea Set","downfall:HeartBlessingRed","infinitespire:Bottled Soul","downfall:HeartBlessingBlue","Bronze Scales","infinitespire:Magic Flask"],"acts_visited":["Exordium"],"potions_floor_usage":[16,16,16],"damage_taken":[{"damage":0,"enemies":"Lagavulin","floor":2,"turns":1},{"damage":0,"enemies":"3 Sentries","floor":4,"turns":1},{"damage":0,"enemies":"downfall:FleeingMerchant","floor":6,"turns":1},{"damage":26,"enemies":"Lagavulin","floor":10,"turns":4},{"damage":6,"enemies":"Cultist","floor":11,"turns":2},{"damage":3,"enemies":"Jaw Worm","floor":12,"turns":2},{"damage":0,"enemies":"2 Louse","floor":13,"turns":1},{"damage":5,"enemies":"3 Sentries","floor":14,"turns":6},{"damage":6,"enemies":"Large Slime","floor":15,"turns":4},{"damage":49,"enemies":"downfall:Ironclad","floor":16,"turns":6}],"seed_played":"1115563334218996123","potions_obtained":[{"floor":2,"key":"hermit:BlackBile"},{"floor":4,"key":"EssenceOfSteel"},{"floor":11,"key":"Swift Potion"}],"is_trial":false,"path_per_floor":["R","E","R","E","R","$","T","R","?","E","M","M","M","?","M","B"],"character_chosen":"HERMIT","items_purchased":["hermit:Misfire"],"campfire_rested":0,"item_purchase_floors":[6],"current_hp_per_floor":[75,75,75,75,75,75,75,85,85,59,53,50,50,45,39,0,0],"gold":173,"neow_bonus":"THREE_ENEMY_KILL","is_daily":false,"chose_seed":false,"campfire_upgraded":3,"win_rate":0.0,"timestamp":1608152141,"path_taken":["R","E","R","E","R","?","T","R","?","E","M","?","M","?","M","BOSS"],"items_purchased_type":["Card"],"build_version":"2020-12-13","purchased_purges":0,"victory":false,"max_hp_per_floor":[75,75,75,75,75,75,75,85,85,85,85,85,85,85,85,85,85],"card_choices":[{"not_picked":["hermit:BodyArmor","hermit:Brawl"],"picked":"hermit:Malice","floor":2},{"not_picked":["hermit:Desperado","hermit:LoneWolf"],"picked":"hermit:Magnum","floor":4},{"not_picked":["hermit:Misfire","hermit:TakeAim"],"picked":"hermit:Maintenance","floor":6},{"not_picked":["hermit:WideOpen","hermit:HighCaliber"],"picked":"hermit:Enervate","floor":10},{"not_picked":["hermit:Dive","hermit:BigShot"],"picked":"hermit:HighCaliber","floor":11},{"not_picked":["hermit:HeroicBravado","hermit:HighCaliber"],"picked":"hermit:Scavenge","floor":12},{"not_picked":["hermit:HoleUp","hermit:ShadowCloak"],"picked":"hermit:Ricochet","floor":13},{"not_picked":["hermit:Manifest","hermit:Midnight"],"picked":"hermit:GoldenBullet","floor":14},{"not_picked":["hermit:Snipe","hermit:Roulette"],"picked":"hermit:Malice","floor":15}],"player_experience":509678,"relics_obtained":[{"floor":2,"key":"Ancient Tea Set"},{"floor":4,"key":"infinitespire:Bottled Soul"},{"floor":10,"key":"Bronze Scales"},{"floor":14,"key":"infinitespire:Magic Flask"}],"event_choices":[{"damage_healed":0,"gold_gain":0,"player_choice":"Full Heal","damage_taken":0,"max_hp_gain":0,"max_hp_loss":0,"event_name":"Wheel of Change","floor":9,"gold_loss":0}],"is_beta":false,"boss_relics":[],"items_purged_floors":[],"is_endless":false,"potions_floor_spawned":[2,4,11,14,15],"killed_by":"downfall:Ironclad","ascension_level":1}}