{"host":"csaqw07vjsqfysdp","time":1608146462,"event":{"mods":["AchievementEnabler","BaseMod","Colored Powertips","Downfall","Googly Eyes","Minty Spire (QoL Compilation)","Permanent Neow","Quick Restart","StSLib","Unceasing Turn Reminder"],"gold_per_floor":[111,182,257,277,26,26,56,56,56,88,100,20,32,32,32,131,131,144,160,174,174,174,174],"floor_reached":22,"playtime":549,"items_purged":["Strike_R"],"score":262,"play_id":"33df930d-27d1-4da3-80bd-c78a1ff934aa","local_time":"20201216142102","is_ascension_mode":true,"campfire_choices":[{"floor":6,"key":"REST"},{"data":"Clothesline","floor":8,"key":"SMITH"},{"floor":15,"key":"REST"}],"circlet_count":0,"master_deck":["Strike_R","Strike_R","Strike_R","Defend_R","Defend_R","Defend_R","Defend_R","Bash","Clothesline+1","Rampage","Armaments","Dropkick","Shockwave","Shrug It Off","Offering","Double Tap","Sword Boomerang"],"relics":["SlaversCollar","Brimstone","Akabeko","Champion Belt","Sundial","Velvet Choker","CultistMask"],"acts_visited":["Exordium","TheCity"],"potions_floor_usage":[19],"damage_taken":[{"damage":7,"enemies":"Small Slimes","floor":1,"turns":3},{"damage":5,"enemies":"2 Louse","floor":4,"turns":3},{"damage":13,"enemies":"3 Sentries","floor":7,"turns":5},{"damage":21,"enemies":"Lagavulin","floor":10,"turns":4},{"damage":4,"enemies":"Jaw Worm","floor":11,"turns":3},{"damage":16,"enemies":"Lots of Slimes","floor":13,"turns":3},{"damage":14,"enemies":"The Guardian","floor":16,"turns":6},{"damage":0,"enemies":"Chosen","floor":18,"turns":2},{"damage":20,"enemies":"3 Byrds","floor":19,"turns":3},{"damage":13,"enemies":"Snake Plant","floor":20,"turns":2},{"damage":38,"enemies":"Sentry and Sphere","floor":22,"turns":3}],"seed_played":"8851110558254036316","potions_obtained":[{"floor":7,"key":"SkillPotion"},{"floor":11,"key":"GamblersBrew"},{"floor":13,"key":"LiquidBronze"}],"is_trial":false,"path_per_floor":["M","?","?","M","$","R","E","R","T","E","M","$","M","?","R","B",null,"M","M","M","?","M"],"character_chosen":"IRONCLAD","items_purchased":["Brimstone","Armaments","Shockwave"],"campfire_rested":2,"item_purchase_floors":[5,5,12],"current_hp_per_floor":[65,65,54,49,49,73,60,60,60,39,35,35,19,19,43,29,67,67,47,34,34,0,0],"gold":174,"neow_bonus":"BOSS_RELIC","is_daily":false,"chose_seed":false,"campfire_upgraded":1,"win_rate":0.0,"timestamp":1608146462,"path_taken":["M","?","?","M","$","R","E","R","T","E","M","?","?","?","R","BOSS","M","M","M","?","?"],"items_purchased_type":["Relic","Card","Card"],"build_version":"2020-12-13","purchased_purges":1,"victory":false,"max_hp_per_floor":[80,80,80,80,80,80,80,80,80,80,80,80,80,80,80,80,80,80,80,80,80,80,80],"card_choices":[{"not_picked":["Cleave","Sword Boomerang"],"picked":"Clothesline","floor":1},{"not_picked":["Headbutt","Evolve"],"picked":"Rampage","floor":4},{"not_picked":["Entrench","Warcry","Inflame"],"picked":"SKIP","floor":7},{"not_picked":["Clothesline","Disarm"],"picked":"Dropkick","floor":10},{"not_picked":["Combust","Headbutt","Clothesline"],"picked":"SKIP","floor":11},{"not_picked":["Pommel Strike","Brutality"],"picked":"Shrug It Off","floor":13},{"not_picked":["Fiend Fire","Impervious"],"picked":"Double Tap","floor":16},{"not_picked":["Wild Strike","Rupture+1"],"picked":"Sword Boomerang","floor":18},{"not_picked":["Dropkick","Fire Breathing","Bloodletting"],"picked":"SKIP","floor":19},{"not_picked":["Thunderclap","Pommel Strike","Headbutt"],"picked":"SKIP","floor":20}],"player_experience":379525,"relics_obtained":[{"floor":7,"key":"Akabeko"},{"floor":9,"key":"Champion Belt"},{"floor":10,"key":"Sundial"}],"event_choices":[{"damage_healed":0,"gold_gain":71,"player_choice":"Gained Gold","damage_taken":0,"max_hp_gain":0,"max_hp_loss":0,"event_name":"Golden Wing","floor":2,"gold_loss":0},{"damage_healed":0,"gold_gain":75,"player_choice":"Gather Gold","damage_taken":11,"max_hp_gain":0,"max_hp_loss":0,"event_name":"World of Goop","floor":3,"gold_loss":0},{"damage_healed":0,"gold_gain":0,"cards_transformed":["Strike_R"],"player_choice":"Transformed","damage_taken":0,"max_hp_gain":0,"max_hp_loss":0,"event_name":"Transmorgrifier","floor":14,"gold_loss":0,"cards_obtained":["Offering"]},{"damage_healed":0,"gold_gain":0,"player_choice":"Trade","damage_taken":0,"relics_obtained":["CultistMask"],"max_hp_gain":0,"max_hp_loss":0,"event_name":"FaceTrader","floor":21,"gold_loss":0}],"is_beta":false,"boss_relics":[{"not_picked":["Mark of Pain","Ectoplasm"],"picked":"Velvet Choker"}],"items_purged_floors":[5],"is_endless":false,"potions_floor_spawned":[7,11,13,18],"killed_by":"Sentry and Sphere","ascension_level":7}}