{"host":"88n6zaadp7apuxho","time":1608140902,"event":{"mods":["AchievementEnabler","BaseMod","CapriCore","Colored Map","Friendly Minions","KomeijiMod","Minty Spire (QoL Compilation)","StSLib","The Immortal"],"gold_per_floor":[216,166,23,36,36,36,36,62,85,113,128,28,60,73,73,174,174,184,184,196,212,229,229,255,255,255,288,288,318,195,207,207,303,303,320,320,122,122,122],"floor_reached":38,"playtime":2275,"items_purged":["Defend_B","Strike_B","Strike_B"],"score":473,"play_id":"b80655ef-1586-4382-bd0c-dc982a9de8b8","local_time":"20201217024822","is_ascension_mode":true,"campfire_choices":[{"data":"Zap","floor":6.0,"key":"SMITH"},{"data":"Streamline","floor":15.0,"key":"SMITH"},{"data":"Redo","floor":23.0,"key":"SMITH"},{"floor":25.0,"key":"REST"},{"data":"Hologram","floor":28.0,"key":"SMITH"},{"data":"Go for the Eyes","floor":32,"key":"SMITH"}],"circlet_count":0,"master_deck":["Strike_B","Defend_B","Defend_B","Zap+1","Dualcast+1","Capacitor","Coolheaded","Streamline+1","Cold Snap","Rip and Tear","All For One","Go for the Eyes+1","Genetic Algorithm","Conserve Battery","Redo+1","Stack+1","Hologram+1","Scrape","Self Repair","Fission","Conserve Battery+1","Defragment"],"relics":["Cracked Core","Pen Nib","Bag of Marbles","Lantern","Blood Vial","Runic Pyramid","Gremlin Horn","Question Card","Oddly Smooth Stone","Nunchaku","Sozu"],"acts_visited":["Exordium","TheCity","TheBeyond"],"potions_floor_usage":[33,38],"damage_taken":[{"damage":5.0,"enemies":"2 Louse","floor":1.0,"turns":2.0},{"damage":5.0,"enemies":"Jaw Worm","floor":4.0,"turns":4.0},{"damage":6.0,"enemies":"Lagavulin","floor":8.0,"turns":8.0},{"damage":24.0,"enemies":"Gremlin Nob","floor":10.0,"turns":4.0},{"damage":0.0,"enemies":"Cultist","floor":11.0,"turns":3.0},{"damage":4.0,"enemies":"3 Sentries","floor":13.0,"turns":6.0},{"damage":2.0,"enemies":"Lots of Slimes","floor":14.0,"turns":4.0},{"damage":18.0,"enemies":"Hexaghost","floor":16.0,"turns":9.0},{"damage":0.0,"enemies":"Spheric Guardian","floor":18.0,"turns":3.0},{"damage":20.0,"enemies":"2 Thieves","floor":20.0,"turns":3.0},{"damage":13.0,"enemies":"Shelled Parasite and Fungi","floor":21.0,"turns":5.0},{"damage":5.0,"enemies":"Chosen and Byrds","floor":22.0,"turns":6.0},{"damage":41.0,"enemies":"Slavers","floor":24.0,"turns":6.0},{"damage":7.0,"enemies":"Book of Stabbing","floor":27.0,"turns":7.0},{"damage":11.0,"enemies":"Gremlin Leader","floor":29.0,"turns":5.0},{"damage":6.0,"enemies":"Sentry and Sphere","floor":31.0,"turns":4.0},{"damage":18,"enemies":"Automaton","floor":33,"turns":9},{"damage":2,"enemies":"3 Shapes","floor":35,"turns":3},{"damage":84,"enemies":"2 Orb Walkers","floor":38,"turns":5}],"seed_played":"-3031755871355629592","potions_obtained":[{"floor":4.0,"key":"Block Potion"},{"floor":10.0,"key":"SkillPotion"},{"floor":11.0,"key":"SteroidPotion"},{"floor":18.0,"key":"Strength Potion"},{"floor":21.0,"key":"SpeedPotion"},{"floor":33,"key":"SteroidPotion"}],"is_trial":false,"path_per_floor":["M","?","$","M","$","R","?","E","T","E","M","$","E","M","R","B",null,"M","?","M","M","M","R","E","R","T","E","R","E","?","M","R","B",null,"M","?","$","?"],"character_chosen":"DEFECT","items_purchased":["Capacitor","Defragment"],"campfire_rested":1,"item_purchase_floors":[3,37],"current_hp_per_floor":[70,70,70,65,65,65,65,59,59,35,35,35,31,31,31,15,75,75,75,55,44,41,41,2,24,24,19,19,10,10,13,13,29,75,75,75,75,0,0],"gold":122,"neow_bonus":"HUNDRED_GOLD","is_daily":false,"chose_seed":false,"campfire_upgraded":5,"win_rate":0.0,"timestamp":1608140902,"path_taken":["M","?","$","M","$","R","?","E","T","E","M","?","E","M","R","BOSS","M","?","M","?","?","R","E","R","T","E","R","E","?","M","R","BOSS","M","?","$","?"],"items_purchased_type":["Card","Card"],"build_version":"2020-11-30","purchased_purges":3,"victory":false,"max_hp_per_floor":[75,75,75,75,75,75,75,75,75,75,75,75,75,75,75,75,75,75,75,75,75,75,75,75,75,75,75,75,75,75,75,75,75,75,75,75,75,75,75],"card_choices":[{"not_picked":["Turbo","Scrape","Skim"],"picked":"SKIP","floor":1.0},{"not_picked":["Scrape","Rebound"],"picked":"Coolheaded","floor":4.0},{"not_picked":["Fusion","Turbo","Doom and Gloom"],"picked":"SKIP","floor":8.0},{"not_picked":["Gash","Rebound","Scrape"],"picked":"SKIP","floor":10.0},{"not_picked":["Skim","Reprogram"],"picked":"Streamline","floor":11.0},{"not_picked":["Creative AI","Self Repair"],"picked":"Cold Snap","floor":13.0},{"not_picked":["Stack","Gash"],"picked":"Rip and Tear","floor":14.0},{"not_picked":["Reboot","Buffer"],"picked":"All For One","floor":16.0},{"not_picked":["Blizzard","Capacitor"],"picked":"Go for the Eyes","floor":18.0},{"not_picked":["Barrage+1","Coolheaded+1"],"picked":"Conserve Battery","floor":20.0},{"not_picked":["Compile Driver","Reboot"],"picked":"Redo","floor":21.0},{"not_picked":["Rebound+1","Melter+1"],"picked":"Stack+1","floor":22.0},{"not_picked":["Doom and Gloom","Chaos"],"picked":"Hologram","floor":24.0},{"not_picked":["Static Discharge","Amplify","Barrage"],"picked":"Scrape","floor":27.0},{"not_picked":["Turbo+1","Rebound+1","Sweeping Beam"],"picked":"Self Repair","floor":29.0},{"not_picked":["Chaos+1","Coolheaded","Cold Snap+1","Streamline"],"picked":"SKIP","floor":31.0},{"not_picked":["Electrodynamics","Echo Form","Thunder Strike"],"picked":"Fission","floor":33},{"not_picked":["Rebound","Compile Driver+1","Turbo"],"picked":"Conserve Battery+1","floor":35}],"player_experience":484437,"relics_obtained":[{"floor":8.0,"key":"Pen Nib"},{"floor":9.0,"key":"Bag of Marbles"},{"floor":10.0,"key":"Lantern"},{"floor":13.0,"key":"Blood Vial"},{"floor":24.0,"key":"Gremlin Horn"},{"floor":26.0,"key":"Question Card"},{"floor":27.0,"key":"Oddly Smooth Stone"},{"floor":29.0,"key":"Nunchaku"}],"event_choices":[{"cards_removed":["Strike_B"],"damage_healed":0.0,"max_hp_gain":0.0,"max_hp_loss":0.0,"gold_gain":0.0,"event_name":"The Cleric","player_choice":"Card Removal","floor":2.0,"gold_loss":50.0,"damage_taken":0.0},{"damage_healed":0.0,"max_hp_gain":0.0,"max_hp_loss":0.0,"gold_gain":0.0,"event_name":"Living Wall","player_choice":"Grow","floor":7.0,"gold_loss":0.0,"damage_taken":0.0,"cards_upgraded":["Dualcast"]},{"damage_healed":0.0,"max_hp_gain":0.0,"max_hp_loss":0.0,"gold_gain":0.0,"event_name":"Match and Keep!","player_choice":"1 cards matched","floor":19.0,"gold_loss":0.0,"damage_taken":0.0,"cards_obtained":["Genetic Algorithm"]},{"cards_removed":["Defend_B"],"damage_healed":0,"gold_gain":0,"player_choice":"Removed Skill","damage_taken":0,"max_hp_gain":0,"max_hp_loss":0,"event_name":"Falling","floor":36,"gold_loss":0},{"damage_healed":0,"gold_gain":0,"player_choice":"Fight","damage_taken":0,"max_hp_gain":0,"max_hp_loss":0,"event_name":"Mysterious Sphere","floor":38,"gold_loss":0}],"is_beta":false,"boss_relics":[{"not_picked":["Cursed Key","SlaversCollar"],"picked":"Runic Pyramid"},{"not_picked":["Pandora\u0027s Box","Nuclear Battery"],"picked":"Sozu"}],"items_purged_floors":[3,12,37],"is_endless":false,"potions_floor_spawned":[4,10,11,16,18,21,33,35],"killed_by":"2 Orb Walkers","ascension_level":1}}