{"host":"kag8mfq4or8nkqb2","time":1608081211,"event":{"mods":["2.2 Compatiblity","BaseMod","Downfall","Minty Spire (QoL Compilation)","StSLib"],"gold_per_floor":[0,16,16,35,35,65,65,78,3,38,48,33,45,59,70,70,70],"floor_reached":16,"playtime":2688,"items_purged":[],"score":177,"play_id":"fb543d3a-9093-445b-918f-e0153769d4c9","local_time":"20201216011331","is_ascension_mode":true,"campfire_choices":[{"data":"Guardian:TwinSlam","floor":1,"key":"SMITH"},{"data":"Guardian:SentryBeam","floor":5,"key":"SMITH"},{"data":"Guardian:SentryBeam","floor":9,"key":"SMITH"}],"circlet_count":0,"master_deck":["AscendersBane","Guardian:Strike_Guardian","Guardian:Strike_Guardian","Guardian:Strike_Guardian","Guardian:Defend_Guardian","Guardian:Defend_Guardian","Guardian:Defend_Guardian","Guardian:CurlUp","Guardian:TwinSlam+1","Guardian:Gem_Green","Guardian:SentryBeam+1","Guardian:SentryBeam+1","Guardian:PiercingHide","Guardian:Gem_Purple","Guardian:ArmoredProtocol","Guardian:Orbwalk","Guardian:Gem_Fragmented","Guardian:Gem_Blue"],"relics":["Guardian:ModeShifter","Guardian:DefensiveModeMoreBlock","Bottled Lightning","downfall:HeartBlessingGreen","Mummified Hand"],"acts_visited":["Exordium"],"potions_floor_usage":[6,10],"damage_taken":[{"damage":1,"enemies":"Cultist","floor":2,"turns":4},{"damage":0,"enemies":"2 Louse","floor":4,"turns":3},{"damage":34,"enemies":"3 Sentries","floor":6,"turns":9},{"damage":0,"enemies":"Jaw Worm","floor":8,"turns":2},{"damage":12,"enemies":"Gremlin Nob","floor":10,"turns":3},{"damage":0,"enemies":"Exordium Thugs","floor":11,"turns":3},{"damage":0,"enemies":"downfall:FleeingMerchant","floor":12,"turns":4},{"damage":3,"enemies":"Red Slaver","floor":13,"turns":3},{"damage":0,"enemies":"Large Slime","floor":14,"turns":4},{"damage":0,"enemies":"3 Louse","floor":15,"turns":3},{"damage":22,"enemies":"downfall:Ironclad","floor":16,"turns":3}],"seed_played":"-6435514671804902354","potions_obtained":[{"floor":2,"key":"hexamod:EctoCoolerPotion"},{"floor":4,"key":"LiquidBronze"},{"floor":8,"key":"Strength Potion"},{"floor":13,"key":"SmokeBomb"}],"is_trial":false,"path_per_floor":["R","M","?","M","R","E","T","M","R","E","M","$","M","M","M","B"],"character_chosen":"GUARDIAN","items_purchased":[],"campfire_rested":0,"item_purchase_floors":[],"current_hp_per_floor":[72,71,71,71,71,37,37,37,37,25,25,25,22,22,22,0,0],"gold":70,"neow_bonus":"REMOVE_TWO","is_daily":false,"chose_seed":false,"campfire_upgraded":3,"win_rate":0.0,"timestamp":1608081211,"path_taken":["R","M","?","M","R","E","T","M","R","E","?","?","M","M","M","BOSS"],"items_purchased_type":[],"build_version":"2020-12-13","purchased_purges":0,"victory":false,"max_hp_per_floor":[80,80,80,80,80,80,80,80,80,80,80,80,80,80,80,80,80],"card_choices":[{"not_picked":["Guardian:Planning","Guardian:PrimingBeam"],"picked":"Guardian:Gem_Crimson","floor":2},{"not_picked":["Guardian:Clone","Guardian:Incinerate"],"picked":"Guardian:SentryBeam","floor":4},{"not_picked":["Guardian:Gem_Red","Guardian:Reroute","Guardian:StasisEngine"],"picked":"SKIP","floor":6},{"not_picked":["Guardian:Gem_Green","Guardian:Gem_Red"],"picked":"Guardian:SentryBeam","floor":8},{"not_picked":["Guardian:Gem_Lightblue","Guardian:Gem_Green"],"picked":"Guardian:PiercingHide","floor":10},{"not_picked":["Guardian:RollAttack","Guardian:Gem_Lightblue"],"picked":"Guardian:Gem_Purple","floor":11},{"not_picked":["Guardian:Planning","Guardian:TemporalShield"],"picked":"Guardian:ArmoredProtocol","floor":12},{"not_picked":["Guardian:FuturePlans","Guardian:Recover"],"picked":"Guardian:Orbwalk","floor":13},{"not_picked":["Guardian:DonusPower","Guardian:Gem_Blue"],"picked":"Guardian:Gem_Fragmented","floor":14},{"not_picked":["Guardian:Recover","Guardian:VentSteam"],"picked":"Guardian:Gem_Blue","floor":15}],"player_experience":1024032,"relics_obtained":[{"floor":6,"key":"Guardian:DefensiveModeMoreBlock"},{"floor":7,"key":"Bottled Lightning"},{"floor":10,"key":"Mummified Hand"}],"event_choices":[],"is_beta":false,"boss_relics":[],"items_purged_floors":[],"is_endless":false,"potions_floor_spawned":[2,4,8,13],"killed_by":"downfall:Ironclad","ascension_level":11}}