{"host":"8u7tvcybuv0u72fd","time":1608103675,"event":{"mods":["BaseMod","BetterRewards","Colored Map","Colored Powertips","Minty Spire (QoL Compilation)","Quick Restart","Shop Mod"],"gold_per_floor":[118,128,142,5,25,54,54,54,80,95,95,95,122,141,141,241,241,251,261,261,261,261,261,296,310,310,330,330,255,255,255,255,354,354,373,373,373,726,739,739,773,784,808,820,8,8,22,37,37,37,37,37,37,69,69,69],"floor_reached":55,"playtime":3418,"items_purged":["Strike_R","Parasite"],"score":950,"play_id":"d4216662-c16f-4da7-9c91-29031f0e9b29","local_time":"20201216022755","is_ascension_mode":false,"campfire_choices":[{"data":"Feed","floor":8.0,"key":"SMITH"},{"data":"Body Slam","floor":12.0,"key":"SMITH"},{"data":"Bash","floor":15.0,"key":"SMITH"},{"data":"Shrug It Off","floor":23.0,"key":"SMITH"},{"data":"Clash","floor":28.0,"key":"SMITH"},{"data":"Headbutt","floor":32.0,"key":"SMITH"},{"floor":40.0,"key":"RECALL"},{"data":"Defend_R","floor":46.0,"key":"SMITH"},{"floor":49.0,"key":"REST"},{"data":"Defend_R","floor":52.0,"key":"SMITH"}],"circlet_count":0,"master_deck":["Strike_R","Strike_R","Strike_R","Defend_R","Defend_R+1","Defend_R+1","Defend_R+1","Bash+1","Shrug It Off+1","Clash+1","Feed+1","Body Slam+1","Headbutt+1","Dropkick+1","Rampage+1","Necronomicurse","Thunderclap+1","Rage"],"relics":["Burning Blood","Thread and Needle","Champion Belt","Boot","Mango","Strawberry","Juzu Bracelet","Bronze Scales","SlaversCollar","StoneCalendar","Necronomicon","Runic Cube","Old Coin","Calipers","MawBank","Ice Cream","Bottled Flame","ClockworkSouvenir","Paper Frog"],"acts_visited":["TheCity","TheBeyond","TheEnding"],"potions_floor_usage":[],"damage_taken":[{"damage":0.0,"enemies":"Cultist","floor":1.0,"turns":3.0},{"damage":1.0,"enemies":"Small Slimes","floor":2.0,"turns":4.0},{"damage":0.0,"enemies":"2 Louse","floor":3.0,"turns":4.0},{"damage":1.0,"enemies":"Lots of Slimes","floor":5.0,"turns":2.0},{"damage":34.0,"enemies":"Lagavulin","floor":6.0,"turns":11.0},{"damage":0.0,"enemies":"Red Slaver","floor":10.0,"turns":4.0},{"damage":6.0,"enemies":"Gremlin Nob","floor":13.0,"turns":3.0},{"damage":1.0,"enemies":"Exordium Wildlife","floor":14.0,"turns":4.0},{"damage":61.0,"enemies":"Slime Boss","floor":16.0,"turns":12.0},{"damage":12.0,"enemies":"Shell Parasite","floor":18.0,"turns":6.0},{"damage":13.0,"enemies":"Spheric Guardian","floor":19.0,"turns":4.0},{"damage":1.0,"enemies":"Gremlin Leader","floor":24.0,"turns":4.0},{"damage":21.0,"enemies":"Snake Plant","floor":25.0,"turns":5.0},{"damage":12.0,"enemies":"Shelled Parasite and Fungi","floor":27.0,"turns":5.0},{"damage":43.0,"enemies":"Collector","floor":33.0,"turns":9.0},{"damage":0.0,"enemies":"Orb Walker","floor":35.0,"turns":3.0},{"damage":34.0,"enemies":"2 Orb Walkers","floor":38.0,"turns":4.0},{"damage":21.0,"enemies":"3 Darklings","floor":39.0,"turns":6.0},{"damage":16.0,"enemies":"Reptomancer","floor":41.0,"turns":5.0},{"damage":10.0,"enemies":"Writhing Mass","floor":42.0,"turns":6.0},{"damage":23.0,"enemies":"Jaw Worm Horde","floor":47.0,"turns":4.0},{"damage":30.0,"enemies":"Maw","floor":48.0,"turns":7.0},{"damage":112.0,"enemies":"Time Eater","floor":50.0,"turns":10.0},{"damage":50,"enemies":"Shield and Spear","floor":54,"turns":6},{"damage":118,"enemies":"The Heart","floor":55,"turns":8}],"seed_played":"6355483559373159215","potions_obtained":[{"floor":5.0,"key":"SkillPotion"},{"floor":14.0,"key":"Ancient Potion"},{"floor":18.0,"key":"Explosive Potion"},{"floor":35.0,"key":"LiquidMemories"},{"floor":37.0,"key":"Explosive Potion"},{"floor":37.0,"key":"Energy Potion"},{"floor":47.0,"key":"Swift Potion"},{"floor":48.0,"key":"SmokeBomb"}],"is_trial":false,"path_per_floor":["M","M","M","$","M","E","?","R","T","M","$","R","E","M","R","B",null,"M","M","?","?","?","R","E","M","T","M","R","$","?","?","R","B",null,"M","?","?","?","M","R","E","M","T","?","$","R","M","M","R","B",null,"R","$","E","B"],"character_chosen":"IRONCLAD","items_purchased":["Champion Belt","Boot","Mango","Fruit Juice","Whirlwind","Ice Cream","Bottled Flame","ClockworkSouvenir"],"campfire_rested":1,"item_purchase_floors":[0,0,0,4,4,45,45,45],"current_hp_per_floor":[68,73,79,79,89,68,61,61,61,71,71,71,75,84,84,33,122,120,113,113,136,136,136,136,121,121,119,119,119,103,73,73,40,149,153,153,153,129,118,118,108,104,104,104,104,104,91,67,115,9,162,162,162,118,0,0],"gold":69,"neow_bonus":"","is_daily":false,"chose_seed":false,"campfire_upgraded":8,"win_rate":0.0,"timestamp":1608103675,"path_taken":["M","M","M","$","M","E","?","R","T","M","$","R","E","M","R","BOSS","M","M","?","?","?","R","E","M","T","M","R","?","?","?","R","BOSS","M","?","?","?","M","R","E","M","T","?","$","R","M","M","R","BOSS","R","$","E","BOSS"],"items_purchased_type":["Relic","Relic","Relic","Potion","Card","Relic","Relic","Relic"],"build_version":"2020-12-13","purchased_purges":2,"victory":false,"max_hp_per_floor":[94,94,94,94,99,106,106,106,106,110,110,110,114,118,118,122,122,126,126,126,136,136,136,136,136,136,140,140,140,140,145,145,149,149,153,153,153,157,161,161,161,161,161,161,158,158,162,162,162,162,162,162,162,162,162,162],"card_choices":[{"not_picked":["Clothesline","Sword Boomerang","Intimidate"],"picked":"SKIP","floor":1.0},{"not_picked":["Perfected Strike","Heavy Blade","Clothesline"],"picked":"SKIP","floor":2.0},{"not_picked":["True Grit","Warcry"],"picked":"Shrug It Off","floor":3.0},{"not_picked":["Battle Trance","Headbutt"],"picked":"Clash","floor":5.0},{"not_picked":["Sentinel","Wild Strike"],"picked":"Feed","floor":6.0},{"not_picked":["Havoc","Infernal Blade"],"picked":"Body Slam","floor":10.0},{"not_picked":["Wild Strike","Rupture","Evolve"],"picked":"SKIP","floor":13.0},{"not_picked":["Feel No Pain","Disarm"],"picked":"Headbutt","floor":14.0},{"not_picked":["Double Tap","Brutality"],"picked":"Exhume","floor":16.0},{"not_picked":["Evolve","Body Slam","Headbutt"],"picked":"SKIP","floor":18.0},{"not_picked":["Clash","Pummel"],"picked":"Dropkick+1","floor":19.0},{"not_picked":["Twin Strike","Dual Wield","Headbutt"],"picked":"SKIP","floor":24.0},{"not_picked":["Anger","Perfected Strike","Body Slam"],"picked":"SKIP","floor":25.0},{"not_picked":["Pommel Strike","Headbutt"],"picked":"Rampage+1","floor":27.0},{"not_picked":["Infernal Blade","Searing Blow","Pommel Strike"],"picked":"SKIP","floor":35.0},{"not_picked":["Bloodletting+1","Flex"],"picked":"Thunderclap+1","floor":38.0},{"not_picked":["Cleave+1","Warcry","Thunderclap"],"picked":"SKIP","floor":39.0},{"not_picked":["Searing Blow","Anger+1","Bludgeon"],"picked":"SKIP","floor":41.0},{"not_picked":["Combust+1","Anger+1","Iron Wave"],"picked":"SKIP","floor":42.0},{"not_picked":["Shockwave","Infernal Blade","Twin Strike"],"picked":"SKIP","floor":47.0},{"not_picked":["Thunderclap","Heavy Blade+1","Clothesline+1"],"picked":"SKIP","floor":48.0},{"not_picked":["Metallicize","Whirlwind"],"picked":"Rage","floor":54}],"player_experience":1156409,"relics_obtained":[{"floor":6.0,"key":"Strawberry"},{"floor":9.0,"key":"Juzu Bracelet"},{"floor":13.0,"key":"Bronze Scales"},{"floor":24.0,"key":"StoneCalendar"},{"floor":30.0,"key":"Necronomicon"},{"floor":38.0,"key":"Old Coin"},{"floor":41.0,"key":"Calipers"},{"floor":43.0,"key":"MawBank"},{"floor":54,"key":"Paper Frog"}],"event_choices":[{"cards_removed":["Whirlwind"],"damage_healed":0.0,"max_hp_gain":0.0,"max_hp_loss":0.0,"gold_gain":0.0,"event_name":"Golden Wing","player_choice":"Card Removal","floor":7.0,"gold_loss":0.0,"damage_taken":7.0},{"damage_healed":0.0,"max_hp_gain":0.0,"max_hp_loss":0.0,"gold_gain":0.0,"event_name":"Ghosts","player_choice":"Ignored","floor":20.0,"gold_loss":0.0,"damage_taken":0.0},{"cards_removed":["Exhume"],"damage_healed":13.0,"max_hp_gain":10.0,"max_hp_loss":0.0,"gold_gain":0.0,"event_name":"Bonfire Elementals","player_choice":"Offered Rare","floor":21.0,"gold_loss":0.0,"damage_taken":0.0},{"damage_healed":0.0,"max_hp_gain":0.0,"max_hp_loss":0.0,"gold_gain":0.0,"event_name":"Duplicator","player_choice":"Ignored","floor":22.0,"gold_loss":0.0,"damage_taken":0.0},{"damage_healed":0.0,"max_hp_gain":0.0,"max_hp_loss":0.0,"gold_gain":0.0,"event_name":"Cursed Tome","player_choice":"Obtained Book","floor":30.0,"gold_loss":0.0,"damage_taken":16.0},{"damage_healed":0.0,"max_hp_gain":5.0,"max_hp_loss":0.0,"gold_gain":0.0,"event_name":"Forgotten Altar","player_choice":"Shed Blood","floor":31.0,"gold_loss":0.0,"damage_taken":35.0},{"cards_removed":["Strike_R"],"damage_healed":0.0,"max_hp_gain":0.0,"max_hp_loss":0.0,"gold_gain":0.0,"event_name":"Falling","player_choice":"Removed Attack","floor":36.0,"gold_loss":0.0,"damage_taken":0.0},{"damage_healed":0.0,"max_hp_gain":0.0,"max_hp_loss":0.0,"gold_gain":0.0,"event_name":"Lab","player_choice":"Got Potions","floor":37.0,"gold_loss":0.0,"damage_taken":0.0},{"damage_healed":0.0,"max_hp_gain":0.0,"max_hp_loss":0.0,"gold_gain":0.0,"event_name":"Mysterious Sphere","player_choice":"Fight","floor":38.0,"gold_loss":0.0,"damage_taken":0.0},{"damage_healed":0.0,"max_hp_gain":0.0,"max_hp_loss":0.0,"gold_gain":0.0,"event_name":"Upgrade Shrine","player_choice":"Upgraded","floor":44.0,"gold_loss":0.0,"damage_taken":0.0,"cards_upgraded":["Defend_R"]}],"is_beta":false,"boss_relics":[{"not_picked":["Runic Pyramid","Velvet Choker"],"picked":"SlaversCollar"},{"not_picked":["Runic Dome","Fusion Hammer"],"picked":"Runic Cube"}],"items_purged_floors":[29,45],"is_endless":false,"potions_floor_spawned":[5,14,18,35,47,48],"killed_by":"The Heart","ascension_level":0}}