{"host":"33wh7cigx3w9wmym","time":1608084830,"event":{"mods":["AchievementEnabler","Act Like it!","BaseMod","Colored Map","Colored Powertips","Downfall","Friendly Minions","GifTheSpireLib","Minty Spire (QoL Compilation)","StSLib"],"gold_per_floor":[99,133,80,80,80,114,140,65,83,408,423,440,458,478,492,591,591,516,533,533,533,221,246,246,278,293,293,311,139,139,158,177,287,287,287,319,319,378,397,397,397,397,440,460,479,493,174,190,200,200],"floor_reached":51,"playtime":5040,"items_purged":["Writhe"],"score":1494,"play_id":"9eedd5a0-dd7e-4b89-bd2e-560d531f2a1d","local_time":"20201216001350","is_ascension_mode":false,"campfire_choices":[{"floor":1.0,"key":"RECALL"},{"data":"champ:TornadoPunch","floor":8.0,"key":"SMITH"},{"data":"champ:Duel","floor":18.0,"key":"SMITH"},{"data":"champ:StanceDance","floor":21.0,"key":"SMITH"},{"data":"champ:DefensiveStyle","floor":27.0,"key":"SMITH"},{"data":"champ:EnGarde","floor":35.0,"key":"SMITH"},{"data":"champ:CheapShot","floor":37,"key":"SMITH"},{"floor":40,"key":"REST"},{"data":"champ:CheapShot","floor":42,"key":"SMITH"}],"circlet_count":0,"master_deck":["champ:Strike+1","champ:Strike+1","champ:Strike+1","champ:Strike+1","champ:Defend+1","champ:Defend+1","champ:Defend+1","champ:Defend+1","champ:Execute+1","champ:Taunt","champ:FlashCut+1","champ:EnGarde+1","champ:StanceDance+1","champ:TornadoPunch+1","champ:CheapShot+1","champ:DefensiveShout","champ:CrookedStrike","champ:SkillfulDodge","champ:Duel+1","champ:BringItOn","champ:TornadoPunch+1","champ:Circumvent+1","champ:DefensiveStyle+1","champ:BringItOn","champ:Improvising+1","champ:CheapShot+1","champ:CalledShot+1","champ:Riposte+1","champ:Circumvent","champ:FalseCounter","champ:CalledShot+1","Violence"],"relics":["champ:ChampionCrown","downfall:HeartsMalice","Lantern","Blood Vial","Whetstone","Orichalcum","downfall:HeartBlessingRed","Old Coin","SacredBark","downfall:HeartBlessingGreen","Matryoshka","champ:FightingForDummies","Frozen Egg 2","Bronze Scales","Thread and Needle","CeramicFish","Juzu Bracelet","Pen Nib","Peace Pipe","champ:DefensiveTrainingManual","Kunai","Lizard Tail","Mummified Hand","Vajra"],"acts_visited":["Exordium","TheCity","TheBeyond"],"potions_floor_usage":[36,44,47,50,50],"damage_taken":[{"damage":0.0,"enemies":"Lagavulin","floor":2.0,"turns":1.0},{"damage":0.0,"enemies":"downfall:FleeingMerchant","floor":3.0,"turns":1.0},{"damage":0.0,"enemies":"Jaw Worm","floor":4.0,"turns":1.0},{"damage":8.0,"enemies":"3 Sentries","floor":6.0,"turns":5.0},{"damage":0.0,"enemies":"2 Louse","floor":9.0,"turns":2.0},{"damage":12.0,"enemies":"Gremlin Nob","floor":10.0,"turns":4.0},{"damage":3.0,"enemies":"Small Slimes","floor":11.0,"turns":4.0},{"damage":5.0,"enemies":"3 Louse","floor":12.0,"turns":2.0},{"damage":0.0,"enemies":"Blue Slaver","floor":13.0,"turns":3.0},{"damage":5.0,"enemies":"Exordium Wildlife","floor":14.0,"turns":2.0},{"damage":5.0,"enemies":"3 Louse","floor":15.0,"turns":2.0},{"damage":6.0,"enemies":"downfall:Silent","floor":16.0,"turns":8.0},{"damage":5.0,"enemies":"Shell Parasite","floor":19.0,"turns":4.0},{"damage":16.0,"enemies":"downfall:FleeingMerchant","floor":22.0,"turns":5.0},{"damage":31.0,"enemies":"Book of Stabbing","floor":23.0,"turns":7.0},{"damage":5.0,"enemies":"Slavers","floor":25.0,"turns":4.0},{"damage":0.0,"enemies":"Centurion and Healer","floor":26.0,"turns":4.0},{"damage":4.0,"enemies":"3 Cultists","floor":28.0,"turns":5.0},{"damage":5.0,"enemies":"downfall:FleeingMerchant","floor":29.0,"turns":5.0},{"damage":3.0,"enemies":"Snake Plant","floor":31.0,"turns":2.0},{"damage":1.0,"enemies":"Snecko","floor":32.0,"turns":4.0},{"damage":22.0,"enemies":"downfall:Watcher","floor":33.0,"turns":12.0},{"damage":11,"enemies":"Reptomancer","floor":36,"turns":5},{"damage":47,"enemies":"2 Orb Walkers","floor":38,"turns":6},{"damage":6,"enemies":"3 Shapes","floor":39,"turns":2},{"damage":0,"enemies":"Nemesis","floor":43,"turns":8},{"damage":11,"enemies":"3 Darklings","floor":44,"turns":6},{"damage":13,"enemies":"Sphere and 2 Shapes","floor":45,"turns":5},{"damage":7,"enemies":"Writhing Mass","floor":46,"turns":5},{"damage":3,"enemies":"downfall:FleeingMerchant","floor":47,"turns":5},{"damage":0,"enemies":"3 Darklings","floor":48,"turns":4},{"damage":5,"enemies":"Maw","floor":49,"turns":6},{"damage":0,"enemies":"downfall:Defect","floor":50,"turns":8}],"seed_played":"-4553457398733699164","potions_obtained":[{"floor":10.0,"key":"SkillPotion"},{"floor":11.0,"key":"SkillPotion"},{"floor":12.0,"key":"PowerPotion"},{"floor":16.0,"key":"FearPotion"},{"floor":23.0,"key":"Strength Potion"},{"floor":26.0,"key":"sneckomod:MuddlingPotion"},{"floor":32.0,"key":"LiquidMemories"},{"floor":39,"key":"SkillPotion"},{"floor":46,"key":"ColorlessPotion"},{"floor":48,"key":"PowerPotion"}],"is_trial":false,"path_per_floor":["R","E","$","M","?","E","T","R","M","E","M","M","M","M","M","B",null,"R","M","?","R","$","E","T","E","M","R","M","$","?","M","M","B",null,"R","E","R","?","M","R","T","R","E","M","M","M","$","M","M","B",null],"character_chosen":"THE_CHAMP","items_purchased":["champ:StanceDance","champ:DefensiveStyle","champ:FightingForDummies","Juzu Bracelet","Mummified Hand","champ:CalledShot+1","Violence","Vajra","champ:OpenerPotion"],"campfire_rested":1,"item_purchase_floors":[3,22,22,29,47,47,47,47,47],"current_hp_per_floor":[90,90,90,90,72,71,71,71,73,68,67,64,66,68,70,72,90,90,90,90,90,90,70,70,72,74,74,72,74,74,73,74,68,90,90,82,82,42,38,65,65,65,67,69,61,61,63,65,67,69],"gold":200,"neow_bonus":"THREE_ENEMY_KILL","is_daily":false,"chose_seed":false,"campfire_upgraded":7,"win_rate":0.0,"timestamp":1608084830,"path_taken":["R","E","$","M","?","E","T","R","M","E","M","M","M","M","M","BOSS","R","M","?","R","$","E","T","E","M","R","M","$","?","M","M","BOSS","R","E","R","?","M","R","T","R","E","M","M","M","$","M","M","BOSS"],"items_purchased_type":["Card","Card","Relic","Relic","Relic","Card","Card","Relic","Potion"],"build_version":"2020-12-13","purchased_purges":1,"victory":true,"max_hp_per_floor":[90,90,90,90,90,90,90,90,90,90,90,90,90,90,90,90,90,90,90,90,90,90,90,90,90,90,90,90,90,90,90,90,90,90,90,90,90,90,90,90,90,90,90,90,90,90,90,90,90,90],"card_choices":[{"not_picked":["champ:LastStand","champ:BladeFlurry"],"picked":"champ:FlashCut","floor":2.0},{"not_picked":["champ:FanOfKnives","champ:Haymaker"],"picked":"champ:EnGarde","floor":3.0},{"not_picked":["champ:PerfectedStrike","champ:Duel"],"picked":"champ:TornadoPunch","floor":4.0},{"not_picked":["champ:GutPunch","champ:GladiatorStyle"],"picked":"champ:CheapShot","floor":6.0},{"not_picked":["champ:Encircle","champ:BladeFlurry"],"picked":"champ:DefensiveShout","floor":9.0},{"not_picked":["champ:FightOn","champ:StanceDance"],"picked":"champ:CrookedStrike","floor":10.0},{"not_picked":["champ:TornadoPunch","champ:Haymaker"],"picked":"champ:SkillfulDodge","floor":11.0},{"not_picked":["champ:RecklessLeap","champ:CrookedStrike","champ:DefensiveShout"],"picked":"SKIP","floor":12.0},{"not_picked":["champ:Backstep","champ:RisingSlash"],"picked":"champ:Duel","floor":13.0},{"not_picked":["champ:AdrenalArmor","champ:HeartStrike","champ:Backstep"],"picked":"SKIP","floor":14.0},{"not_picked":["champ:RapidStrikes","champ:FanOfKnives"],"picked":"champ:BringItOn","floor":15.0},{"not_picked":["champ:AdrenalArmor","champ:ShieldWall"],"picked":"champ:TornadoPunch+1","floor":19.0},{"not_picked":["champ:Haymaker","champ:PerfectedStrike"],"picked":"champ:Circumvent+1","floor":22.0},{"not_picked":["champ:GladiatorStyle+1","champ:Backstep","champ:BerserkerStyle+1"],"picked":"SKIP","floor":23.0},{"not_picked":["champ:GladiatorsShout","champ:FocusedBerserking","champ:FanOfKnives"],"picked":"SKIP","floor":25.0},{"not_picked":["champ:FightOn","champ:Haymaker","champ:Backstep"],"picked":"SKIP","floor":26.0},{"not_picked":["champ:GutPunch","champ:Encircle","champ:RapidStrikes+1"],"picked":"SKIP","floor":28.0},{"not_picked":["champ:Haymaker","champ:RecklessLeap","champ:BerserkersShout"],"picked":"SKIP","floor":29.0},{"not_picked":["champ:AdrenalArmor","champ:HeartStrike","champ:IgnorePain"],"picked":"SKIP","floor":31.0},{"not_picked":["champ:GladiatorsShout+1","champ:Haymaker"],"picked":"champ:BringItOn","floor":32.0},{"not_picked":["champ:SwordThrow","champ:StrikeOfGenius+1"],"picked":"champ:Improvising+1","floor":33.0},{"not_picked":["champ:StrikeOfGenius+1","champ:BladeFlurry","champ:Encircle+1"],"picked":"SKIP","floor":36},{"not_picked":["champ:StanceDance+1","champ:DefensiveStyle+1"],"picked":"champ:CheapShot","floor":38},{"not_picked":["champ:DeathBlow","champ:BringItOn+1"],"picked":"champ:CalledShot+1","floor":39},{"not_picked":["champ:GladiatorsShout+1","champ:FlashCut+1"],"picked":"champ:Riposte+1","floor":43},{"not_picked":["champ:FaceSlap","champ:GutPunch+1","champ:Riposte"],"picked":"SKIP","floor":44},{"not_picked":["champ:GladiatorsShout","champ:TornadoPunch+1"],"picked":"champ:Circumvent","floor":45},{"not_picked":["champ:CalledShot+1","champ:Backstep+1","champ:DefensiveShout"],"picked":"SKIP","floor":46},{"not_picked":["champ:FaceSlap","champ:FlashCut+1"],"picked":"champ:FalseCounter","floor":47},{"not_picked":["champ:DefensiveShout+1","champ:EndlessRage+1","champ:ShieldSlam"],"picked":"SKIP","floor":48},{"not_picked":["champ:PerfectedStrike+1","champ:Backstep","champ:FlashCut+1"],"picked":"SKIP","floor":49}],"player_experience":392506,"relics_obtained":[{"floor":2.0,"key":"Lantern"},{"floor":6.0,"key":"Whetstone"},{"floor":7.0,"key":"Orichalcum"},{"floor":10.0,"key":"Old Coin"},{"floor":23.0,"key":"Frozen Egg 2"},{"floor":24.0,"key":"Bronze Scales"},{"floor":24.0,"key":"Thread and Needle"},{"floor":25.0,"key":"CeramicFish"},{"floor":36,"key":"Pen Nib"},{"floor":38,"key":"Peace Pipe"},{"floor":41,"key":"champ:DefensiveTrainingManual"},{"floor":41,"key":"Kunai"},{"floor":43,"key":"Lizard Tail"}],"event_choices":[{"damage_healed":0.0,"max_hp_gain":0.0,"max_hp_loss":0.0,"gold_gain":0.0,"event_name":"Scrap Ooze","player_choice":"Success","floor":5.0,"gold_loss":0.0,"damage_taken":18.0,"relics_obtained":["Blood Vial"]},{"damage_healed":0.0,"max_hp_gain":0.0,"max_hp_loss":0.0,"gold_gain":0.0,"event_name":"Back to Basics","player_choice":"Simplicity","floor":30.0,"gold_loss":0.0,"damage_taken":0.0,"cards_upgraded":["champ:Strike","champ:Strike","champ:Strike","champ:Strike","champ:Defend","champ:Defend","champ:Defend","champ:Defend"]},{"damage_healed":0,"gold_gain":0,"player_choice":"Fight","damage_taken":0,"max_hp_gain":0,"max_hp_loss":0,"event_name":"Mysterious Sphere","floor":38,"gold_loss":0}],"is_beta":false,"boss_relics":[{"not_picked":["Tiny House","Empty Cage"],"picked":"SacredBark"},{"not_picked":["Velvet Choker","Snecko Eye","Runic Pyramid"]}],"items_purged_floors":[22],"is_endless":false,"potions_floor_spawned":[10,11,12,16,23,26,32,33,39,46,48,49],"ascension_level":0}}