{"host":"8yg5xi2a6w9qkgsw","time":1608149063,"event":{"mods":["AchievementEnabler","BaseMod","Block Reminder","Colored Powertips","Minty Spire (QoL Compilation)","MonsterHotkey","Random Character Button","Relic Stats"],"gold_per_floor":[118,130,148,165,13,41,58,89,89,89,118,118,133,166,166,261,261,272,1,12,27,126,126,126,153,180,215,215,225,240,270,270,372,372,391,405,405,455,466,496,496,526,526,526,88,114,114,129,129,129,129,129,4,37,37],"floor_reached":56,"playtime":10751,"items_purged":["Strike_P","Writhe","Writhe"],"score":2015,"play_id":"3da7eae1-e397-41c3-af4c-d9bec8301ead","local_time":"20201216210423","is_ascension_mode":true,"campfire_choices":[{"data":"Conclude","floor":10.0,"key":"SMITH"},{"data":"CutThroughFate","floor":12.0,"key":"SMITH"},{"floor":15.0,"key":"REST"},{"data":"CutThroughFate","floor":23.0,"key":"SMITH"},{"floor":28.0,"key":"REST"},{"data":"MentalFortress","floor":32.0,"key":"SMITH"},{"data":"Vigilance","floor":41.0,"key":"SMITH"},{"floor":44.0,"key":"REST"},{"floor":49.0,"key":"RECALL"},{"data":"FearNoEvil","floor":52.0,"key":"SMITH"}],"circlet_count":0,"master_deck":["AscendersBane","Strike_P+1","Strike_P+1","Strike_P+1","Defend_P+1","Defend_P+1","Eruption+1","Vigilance+1","Conclude+1","CutThroughFate+1","MentalFortress+1","EmptyFist+1","FearNoEvil+1","FearNoEvil","Halt+1","Nirvana+1","EmptyFist+1","Halt+1","Establishment+1","Halt+1","CutThroughFate+1","EmptyFist+1","CutThroughFate+1","WaveOfTheHand+1","LessonLearned+1","Meditate+1","FlurryOfBlows+1","BattleHymn+1","Vault+1","ThirdEye+1","Collect+1","JustLucky+1","Perseverance+1","Forethought+1","InnerPeace+1","Master of Strategy+1","FlyingSleeves+1"],"relics":["Black Star","Oddly Smooth Stone","War Paint","Yang","Thread and Needle","Unceasing Top","Odd Mushroom","CaptainsWheel","Toy Ornithopter","Cursed Key","Shuriken","Mercury Hourglass","Bottled Flame","Potion Belt","MealTicket","Toxic Egg 2","Anchor","Whetstone","VioletLotus","FossilizedHelix","Letter Opener","Du-Vu Doll","Singing Bowl","StrikeDummy","Ornamental Fan","Ancient Tea Set","Gambling Chip","Bag of Preparation","Orichalcum"],"acts_visited":["Exordium","TheCity","TheBeyond","TheEnding"],"potions_floor_usage":[55],"damage_taken":[{"damage":5.0,"enemies":"Small Slimes","floor":1.0,"turns":4.0},{"damage":0.0,"enemies":"2 Louse","floor":2.0,"turns":2.0},{"damage":0.0,"enemies":"Jaw Worm","floor":3.0,"turns":4.0},{"damage":18.0,"enemies":"Gremlin Gang","floor":4.0,"turns":5.0},{"damage":19.0,"enemies":"3 Sentries","floor":6.0,"turns":8.0},{"damage":0.0,"enemies":"3 Louse","floor":7.0,"turns":2.0},{"damage":2.0,"enemies":"Lagavulin","floor":8.0,"turns":6.0},{"damage":0.0,"enemies":"The Mushroom Lair","floor":11.0,"turns":3.0},{"damage":3.0,"enemies":"Looter","floor":13.0,"turns":2.0},{"damage":3.0,"enemies":"3 Sentries","floor":14.0,"turns":7.0},{"damage":21.0,"enemies":"Hexaghost","floor":16.0,"turns":14.0},{"damage":6.0,"enemies":"Shell Parasite","floor":18.0,"turns":6.0},{"damage":0.0,"enemies":"3 Byrds","floor":20.0,"turns":6.0},{"damage":12.0,"enemies":"Snake Plant","floor":21.0,"turns":3.0},{"damage":6.0,"enemies":"Gremlin Leader","floor":25.0,"turns":7.0},{"damage":11.0,"enemies":"Slavers","floor":27.0,"turns":6.0},{"damage":0.0,"enemies":"Centurion and Healer","floor":29.0,"turns":4.0},{"damage":0.0,"enemies":"Sentry and Sphere","floor":30.0,"turns":4.0},{"damage":9.0,"enemies":"Book of Stabbing","floor":31.0,"turns":4.0},{"damage":13.0,"enemies":"Collector","floor":33.0,"turns":9.0},{"damage":9.0,"enemies":"3 Darklings","floor":35.0,"turns":7.0},{"damage":2.0,"enemies":"Orb Walker","floor":36.0,"turns":2.0},{"damage":7.0,"enemies":"Mind Bloom Boss Battle","floor":38.0,"turns":5.0},{"damage":0.0,"enemies":"Spire Growth","floor":39.0,"turns":5.0},{"damage":0.0,"enemies":"Reptomancer","floor":40.0,"turns":5.0},{"damage":0.0,"enemies":"Giant Head","floor":42.0,"turns":5.0},{"damage":0.0,"enemies":"Reptomancer","floor":46.0,"turns":7.0},{"damage":0.0,"enemies":"Maw","floor":48.0,"turns":6.0},{"damage":7.0,"enemies":"Time Eater","floor":50.0,"turns":8.0},{"damage":0.0,"enemies":"Shield and Spear","floor":54.0,"turns":3.0},{"damage":54,"enemies":"The Heart","floor":55,"turns":9}],"seed_played":"6484868908671869359","potions_obtained":[{"floor":1.0,"key":"DistilledChaos"},{"floor":3.0,"key":"SteroidPotion"},{"floor":4.0,"key":"Regen Potion"},{"floor":6.0,"key":"Explosive Potion"},{"floor":8.0,"key":"Energy Potion"},{"floor":27.0,"key":"LiquidBronze"},{"floor":30.0,"key":"LiquidMemories"},{"floor":31.0,"key":"ColorlessPotion"},{"floor":35.0,"key":"Energy Potion"},{"floor":38.0,"key":"EntropicBrew"},{"floor":42.0,"key":"SteroidPotion"},{"floor":54.0,"key":"SteroidPotion"}],"is_trial":false,"path_per_floor":["M","M","M","M","$","E","M","E","T","R","?","R","M","E","R","B",null,"M","$","M","M","?","R","?","E","T","E","R","M","M","E","R","B",null,"M","M","?","?","M","E","R","E","T","R","$","E","?","M","R","B",null,"R","$","E","B",null],"character_chosen":"WATCHER","items_purchased":["FearNoEvil","Shuriken","CutThroughFate","Ornamental Fan","Forethought+1"],"campfire_rested":3,"item_purchase_floors":[5,19,19,45,45],"current_hp_per_floor":[60,60,60,42,42,38,38,36,36,36,36,36,33,30,51,30,62,56,56,56,44,44,44,44,38,38,27,48,48,48,39,39,31,62,53,51,51,44,44,44,44,44,44,65,72,72,66,66,66,64,73,73,76,78,24],"gold":37,"neow_bonus":"BOSS_RELIC","is_daily":false,"chose_seed":false,"campfire_upgraded":6,"win_rate":0.0,"timestamp":1608149063,"path_taken":["M","M","M","M","$","E","M","E","T","R","?","R","M","E","R","BOSS","M","$","M","M","?","R","?","E","T","E","R","?","M","E","R","BOSS","M","M","?","?","M","E","R","E","T","R","$","E","?","M","R","BOSS","R","$","E","BOSS"],"items_purchased_type":["Card","Relic","Card","Relic","Card"],"build_version":"2020-12-13","purchased_purges":3,"victory":true,"max_hp_per_floor":[72,72,72,72,72,72,72,72,72,72,72,72,72,72,72,72,72,72,72,72,72,72,72,72,72,72,72,72,72,72,72,72,72,72,72,72,72,72,72,72,72,72,72,72,72,72,76,76,76,76,76,76,76,78,78],"relic_stats":{"Singing Bowl":6,"counters":[31,167],"Yang":[424],"Bag of Preparation":[2],"Whetstone":["EmptyFist","FlurryOfBlows"],"Letter Opener":[50],"War Paint":["Defend_P","Defend_P"],"Orichalcum":[6],"Cursed Key":2,"Mercury Hourglass":[350],"Shuriken":[82],"Ornamental Fan":[108],"Gambling Chip":[10],"MealTicket":10,"VioletLotus":[30],"Black Star":10,"obtain_stats":[{"Singing Bowl":42,"Yang":8,"Bag of Preparation":54,"Whetstone":31,"Cursed Key":17,"Ancient Tea Set":46,"Gambling Chip":46,"MealTicket":27,"VioletLotus":34,"Toxic Egg 2":27,"Potion Belt":26,"Oddly Smooth Stone":6,"Thread and Needle":8,"Letter Opener":40,"War Paint":6,"Odd Mushroom":11,"Orichalcum":54,"Mercury Hourglass":25,"Du-Vu Doll":40,"CaptainsWheel":14,"Bottled Flame":25,"Anchor":31,"Shuriken":19,"Ornamental Fan":45,"Black Star":0,"PureWater":0,"StrikeDummy":42,"Unceasing Top":9,"Toy Ornithopter":14,"FossilizedHelix":38},{"Singing Bowl":26,"Yang":7,"Bag of Preparation":30,"Whetstone":19,"Cursed Key":11,"Ancient Tea Set":27,"Gambling Chip":27,"MealTicket":16,"VioletLotus":20,"Toxic Egg 2":16,"Potion Belt":15,"Oddly Smooth Stone":5,"Thread and Needle":7,"Letter Opener":25,"War Paint":5,"Odd Mushroom":8,"Orichalcum":30,"Mercury Hourglass":15,"Du-Vu Doll":25,"CaptainsWheel":10,"Bottled Flame":15,"Anchor":19,"Shuriken":12,"Ornamental Fan":26,"Black Star":0,"PureWater":0,"StrikeDummy":26,"Unceasing Top":7,"Toy Ornithopter":10,"FossilizedHelix":23},{"Singing Bowl":134,"Yang":31,"Bag of Preparation":158,"Whetstone":96,"Cursed Key":57,"Ancient Tea Set":141,"Gambling Chip":141,"MealTicket":85,"VioletLotus":105,"Toxic Egg 2":85,"Potion Belt":79,"Oddly Smooth Stone":23,"Thread and Needle":31,"Letter Opener":129,"War Paint":23,"Odd Mushroom":34,"Orichalcum":158,"Mercury Hourglass":79,"Du-Vu Doll":129,"CaptainsWheel":43,"Bottled Flame":79,"Anchor":96,"Shuriken":63,"Ornamental Fan":134,"Black Star":0,"PureWater":0,"StrikeDummy":134,"Unceasing Top":31,"Toy Ornithopter":43,"FossilizedHelix":119}],"Unceasing Top":[35],"Toy Ornithopter":10},"card_choices":[{"not_picked":["LikeWater","Sanctity"],"picked":"Conclude","floor":1.0},{"not_picked":["Vengeance","Consecrate"],"picked":"CutThroughFate","floor":2.0},{"not_picked":["SashWhip","SignatureMove"],"picked":"MentalFortress","floor":3.0},{"not_picked":["FlurryOfBlows","LikeWater"],"picked":"EmptyFist","floor":4.0},{"not_picked":["SignatureMove","EmptyFist"],"picked":"FearNoEvil","floor":6.0},{"not_picked":["BowlingBash","Crescendo"],"picked":"Halt","floor":7.0},{"not_picked":["Prostrate","Consecrate","FlyingSleeves"],"picked":"SKIP","floor":8.0},{"not_picked":["Protect","Consecrate"],"picked":"Nirvana","floor":11.0},{"not_picked":["Swivel","FlyingSleeves"],"picked":"EmptyFist","floor":13.0},{"not_picked":["Ragnarok","FlyingSleeves"],"picked":"Halt","floor":14.0},{"not_picked":["Vault","Brilliance"],"picked":"Establishment","floor":16.0},{"not_picked":["ClearTheMind","FollowUp"],"picked":"Halt+1","floor":18.0},{"not_picked":["Prostrate","Evaluate"],"picked":"EmptyFist+1","floor":20.0},{"not_picked":["DeceiveReality","Pray+1"],"picked":"CutThroughFate+1","floor":21.0},{"not_picked":["Halt","Swivel"],"picked":"WaveOfTheHand","floor":25.0},{"not_picked":["CutThroughFate+1","Protect+1"],"picked":"LessonLearned","floor":27.0},{"not_picked":["ThirdEye+1","WheelKick"],"picked":"Meditate+1","floor":29.0},{"not_picked":["Prostrate+1","EmptyFist"],"picked":"FlurryOfBlows","floor":30.0},{"not_picked":["WaveOfTheHand+1","Fasting2"],"picked":"BattleHymn","floor":31.0},{"not_picked":["Judgement+1","MasterReality"],"picked":"Vault+1","floor":33.0},{"not_picked":["MentalFortress","Swivel+1","Evaluate+1"],"picked":"SKIP","floor":35.0},{"not_picked":["CarveReality+1","Indignation+1"],"picked":"ThirdEye+1","floor":36.0},{"not_picked":["PathToVictory+1","FlyingSleeves"],"picked":"Collect+1","floor":38.0},{"not_picked":["Consecrate","MentalFortress+1","Crescendo+1"],"picked":"SKIP","floor":39.0},{"not_picked":["EmptyFist","BattleHymn+1"],"picked":"JustLucky+1","floor":40.0},{"not_picked":["BowlingBash+1","FlurryOfBlows+1"],"picked":"Perseverance+1","floor":42.0},{"not_picked":["FollowUp","BowlingBash"],"picked":"InnerPeace+1","floor":46.0},{"not_picked":["Enlightenment+1","Bandage Up+1"],"picked":"Master of Strategy+1","floor":47.0},{"not_picked":["Mayhem","Enlightenment+1","Discovery+1"],"picked":"Singing Bowl","floor":47.0},{"not_picked":["Impatience+1","Swift Strike","Mayhem"],"picked":"Singing Bowl","floor":47.0},{"not_picked":["Adaptation","Halt+1"],"picked":"FlyingSleeves+1","floor":48.0},{"not_picked":["Tantrum+1","Evaluate+1","Study+1"],"picked":"Singing Bowl","floor":54.0}],"player_experience":1408154,"relics_obtained":[{"floor":6.0,"key":"Oddly Smooth Stone"},{"floor":6.0,"key":"War Paint"},{"floor":8.0,"key":"Yang"},{"floor":8.0,"key":"Thread and Needle"},{"floor":9.0,"key":"Unceasing Top"},{"floor":11.0,"key":"Odd Mushroom"},{"floor":14.0,"key":"CaptainsWheel"},{"floor":14.0,"key":"Toy Ornithopter"},{"floor":25.0,"key":"Mercury Hourglass"},{"floor":25.0,"key":"Bottled Flame"},{"floor":26.0,"key":"Potion Belt"},{"floor":27.0,"key":"MealTicket"},{"floor":27.0,"key":"Toxic Egg 2"},{"floor":31.0,"key":"Anchor"},{"floor":31.0,"key":"Whetstone"},{"floor":38.0,"key":"FossilizedHelix"},{"floor":40.0,"key":"Letter Opener"},{"floor":40.0,"key":"Du-Vu Doll"},{"floor":42.0,"key":"Singing Bowl"},{"floor":42.0,"key":"StrikeDummy"},{"floor":46.0,"key":"Ancient Tea Set"},{"floor":46.0,"key":"Gambling Chip"},{"floor":54.0,"key":"Bag of Preparation"},{"floor":54.0,"key":"Orichalcum"}],"event_choices":[{"damage_healed":0.0,"max_hp_gain":0.0,"max_hp_loss":0.0,"gold_gain":0.0,"event_name":"Mushrooms","player_choice":"Fought Mushrooms","floor":11.0,"gold_loss":0.0,"damage_taken":0.0},{"damage_healed":0.0,"max_hp_gain":0.0,"max_hp_loss":0.0,"gold_gain":99.0,"event_name":"Nest","player_choice":"Stole From Cult","floor":22.0,"gold_loss":0.0,"damage_taken":0.0},{"cards_removed":["Defend_P"],"damage_healed":0.0,"max_hp_gain":0.0,"max_hp_loss":0.0,"gold_gain":0.0,"event_name":"Purifier","player_choice":"Purged","floor":24.0,"gold_loss":0.0,"damage_taken":0.0},{"cards_removed":["Defend_P"],"damage_healed":0.0,"max_hp_gain":0.0,"max_hp_loss":0.0,"gold_gain":0.0,"event_name":"Falling","player_choice":"Removed Skill","floor":37.0,"gold_loss":0.0,"damage_taken":0.0},{"damage_healed":0.0,"max_hp_gain":0.0,"max_hp_loss":0.0,"gold_gain":0.0,"event_name":"MindBloom","player_choice":"Fight","floor":38.0,"gold_loss":0.0,"damage_taken":0.0},{"damage_healed":0.0,"max_hp_gain":0.0,"max_hp_loss":0.0,"gold_gain":0.0,"event_name":"SensoryStone","player_choice":"Memory 3","floor":47.0,"gold_loss":0.0,"damage_taken":10.0}],"is_beta":false,"boss_relics":[{"not_picked":["Sozu","Runic Pyramid"],"picked":"Cursed Key"},{"not_picked":["Pandora\u0027s Box","Empty Cage"],"picked":"VioletLotus"}],"items_purged_floors":[5,45,53],"is_endless":false,"potions_floor_spawned":[1,3,4,6,8,27,30,31,35,38,42,46,54],"ascension_level":11}}