{"host":"99ad87xtd5ypi7ii","time":1608098343,"event":{"mods":["BaseMod","Hermit","Highlight Path","Marisa????????","Minty Spire (QoL Compilation)","Robot Space Explorer","StSLib","The Bladedancer","The Construct","The Cursed","The Disciple","The Elementalist","The Gatherer","The Hierophant","The Runesmith","The Servant 0.9.4","TheVacant"],"gold_per_floor":[117,42,42,8,8,8,31,65,65,65,65],"floor_reached":10,"playtime":329,"items_purged":["Doubt"],"score":90,"play_id":"29c68c92-6e17-43ac-999f-8c8dd7142bca","local_time":"20201216065903","is_ascension_mode":true,"campfire_choices":[{"floor":6,"key":"REST"}],"circlet_count":0,"master_deck":["RobotSpaceExplorer:Strike","RobotSpaceExplorer:Strike","RobotSpaceExplorer:Strike","RobotSpaceExplorer:Strike","RobotSpaceExplorer:Defend","RobotSpaceExplorer:Defend","RobotSpaceExplorer:Defend","RobotSpaceExplorer:Defend","RobotSpaceExplorer:Scan","RobotSpaceExplorer:MiniLasers","RobotSpaceExplorer:Probe","RobotSpaceExplorer:Electropulse","RobotSpaceExplorer:BigMissile","RobotSpaceExplorer:BlastShield"],"relics":["RobotSpaceExplorer:RoboCore","Calipers","Golden Idol","elementalistmod:YellowCirclet","Akabeko","Sundial"],"acts_visited":["Exordium"],"potions_floor_usage":[8],"damage_taken":[{"damage":2,"enemies":"2 Louse","floor":1,"turns":4},{"damage":0,"enemies":"Jaw Worm","floor":7,"turns":3},{"damage":30,"enemies":"Gremlin Nob","floor":8,"turns":5},{"damage":21,"enemies":"Lagavulin","floor":10,"turns":5}],"seed_played":"2678931337235347469","potions_obtained":[{"floor":1,"key":"Block Potion"}],"is_trial":false,"path_per_floor":["M","$","?","$","?","R","M","E","T","E"],"character_chosen":"RobotSpaceExplorer","items_purchased":["RobotSpaceExplorer:Electropulse"],"campfire_rested":1,"item_purchase_floors":[4],"current_hp_per_floor":[66,66,48,48,48,70,70,40,40,19,19],"gold":65,"neow_bonus":"ONE_RARE_RELIC","is_daily":false,"chose_seed":false,"campfire_upgraded":0,"win_rate":0.0,"timestamp":1608098343,"path_taken":["M","$","?","$","?","R","M","E","T","E"],"items_purchased_type":["Card"],"build_version":"2020-12-13","purchased_purges":1,"victory":false,"max_hp_per_floor":[75,75,75,75,75,75,75,75,75,75,75],"card_choices":[{"not_picked":["RobotSpaceExplorer:Counterblock","RobotSpaceExplorer:ShockKick"],"picked":"RobotSpaceExplorer:Probe","floor":1},{"not_picked":["RobotSpaceExplorer:SwiftStep","RobotSpaceExplorer:Reload"],"picked":"RobotSpaceExplorer:BigMissile","floor":7},{"not_picked":["RobotSpaceExplorer:MakeshiftVolley","RobotSpaceExplorer:DoubleBlock"],"picked":"RobotSpaceExplorer:BlastShield","floor":8}],"player_experience":758451,"relics_obtained":[{"floor":8,"key":"Akabeko"},{"floor":9,"key":"Sundial"}],"event_choices":[{"damage_healed":0,"gold_gain":0,"player_choice":"Take Damage","damage_taken":18,"relics_obtained":["Golden Idol"],"max_hp_gain":0,"max_hp_loss":0,"event_name":"Golden Idol","floor":3,"gold_loss":0}],"is_beta":false,"boss_relics":[],"items_purged_floors":[2],"is_endless":false,"potions_floor_spawned":[1],"killed_by":"Lagavulin","ascension_level":8}}