{"host":"8rwnpls8n88jrgbg","time":1608128307,"event":{"mods":["AchievementEnabler","BaseMod","Colored Map","Colored Powertips","DeckTracker","Keyboard Shortcuts","Minty Spire (QoL Compilation)","Relic Stats","StSLib","SuperFastMode"],"gold_per_floor":[113,126,136,49,49,49,69,69,69,87,87,100,100,134,134,210,210,229,243,125,125,175,175,90,90,90,117,9,37,37,37],"floor_reached":30,"playtime":1045,"items_purged":["Strike_R"],"score":542,"play_id":"b53701e6-a08d-4c0d-bfe2-876c6f35f738","local_time":"20201216231827","is_ascension_mode":true,"campfire_choices":[{"data":"Double Tap","floor":6,"key":"SMITH"},{"data":"Blood for Blood","floor":8,"key":"SMITH"},{"data":"Infernal Blade","floor":13,"key":"SMITH"},{"data":"Bash","floor":15,"key":"SMITH"},{"floor":23,"key":"REST"},{"data":"Dual Wield","floor":25,"key":"SMITH"}],"circlet_count":0,"master_deck":["AscendersBane","Strike_R","Strike_R+1","Strike_R","Defend_R","Defend_R","Defend_R+1","Defend_R","Bash+1","Double Tap+1","Wild Strike","Power Through","Blood for Blood+1","Infernal Blade+1","Ghostly Armor","Exhume","Dual Wield+1","Evolve","Shrug It Off+1","Battle Trance+1"],"relics":["Burning Blood","Mercury Hourglass","SlaversCollar","Nilry\u0027s Codex","Vajra","Toxic Egg 2","MealTicket","Smiling Mask"],"acts_visited":["Exordium","TheCity"],"potions_floor_usage":[14,18,29,30],"damage_taken":[{"damage":7,"enemies":"Cultist","floor":1,"turns":4},{"damage":0,"enemies":"Small Slimes","floor":2,"turns":2},{"damage":9,"enemies":"Jaw Worm","floor":3,"turns":4},{"damage":16,"enemies":"Blue Slaver","floor":7,"turns":3},{"damage":3,"enemies":"3 Louse","floor":10,"turns":4},{"damage":3,"enemies":"Looter","floor":12,"turns":3},{"damage":0,"enemies":"Gremlin Nob","floor":14,"turns":2},{"damage":12,"enemies":"Slime Boss","floor":16,"turns":10},{"damage":18,"enemies":"2 Thieves","floor":18,"turns":3},{"damage":29,"enemies":"Spheric Guardian","floor":19,"turns":6},{"damage":37,"enemies":"Book of Stabbing","floor":29,"turns":4},{"damage":22,"enemies":"3 Cultists","floor":30,"turns":4}],"seed_played":"-2263453816285223560","potions_obtained":[{"floor":1,"key":"GamblersBrew"},{"floor":2,"key":"Strength Potion"},{"floor":16,"key":"LiquidBronze"},{"floor":18,"key":"Explosive Potion"}],"is_trial":false,"path_per_floor":["M","M","M","$","$","R","M","R","T","M","?","M","R","E","R","B",null,"M","M","$","?","?","R","?","R","T","T","$","E","M"],"character_chosen":"IRONCLAD","items_purchased":["Blood for Blood","Dual Wield","Evolve","Shrug It Off+1"],"campfire_rested":1,"item_purchase_floors":[4,20,28,28],"current_hp_per_floor":[67,73,70,70,70,70,60,60,60,63,40,43,43,49,49,43,67,55,32,32,11,11,33,33,33,33,33,48,17,0,0],"gold":37,"neow_bonus":"TRANSFORM_CARD","is_daily":false,"chose_seed":false,"campfire_upgraded":5,"win_rate":0.0,"timestamp":1608128307,"path_taken":["M","M","M","?","$","R","M","R","T","M","?","M","R","E","R","BOSS","M","M","$","?","?","R","?","R","T","?","?","E","?"],"items_purchased_type":["Card","Card","Card","Card"],"build_version":"2020-12-13","purchased_purges":1,"victory":false,"max_hp_per_floor":[75,75,75,75,75,75,75,75,75,75,75,75,75,75,75,75,75,75,75,75,75,75,75,75,75,75,75,75,75,75,75],"relic_stats":{"counters":[12,48],"MealTicket":15,"Smiling Mask":0,"obtain_stats":[{"SlaversCollar":17,"Nilry\u0027s Codex":21,"Vajra":24,"MealTicket":27,"Toxic Egg 2":26,"Smiling Mask":29,"Burning Blood":0,"Mercury Hourglass":14},{"SlaversCollar":8,"Nilry\u0027s Codex":10,"Vajra":10,"MealTicket":10,"Toxic Egg 2":10,"Smiling Mask":11,"Burning Blood":0,"Mercury Hourglass":7},{"SlaversCollar":31,"Nilry\u0027s Codex":40,"Vajra":40,"MealTicket":40,"Toxic Egg 2":40,"Smiling Mask":44,"Burning Blood":0,"Mercury Hourglass":22}],"Burning Blood":66,"Mercury Hourglass":[99]},"card_choices":[{"not_picked":["Dark Embrace","Shrug It Off"],"picked":"Wild Strike","floor":1},{"not_picked":["Flex","Seeing Red","Disarm"],"picked":"SKIP","floor":2},{"not_picked":["Havoc","Shrug It Off"],"picked":"Power Through","floor":3},{"not_picked":["Havoc","Twin Strike","Perfected Strike"],"picked":"SKIP","floor":7},{"not_picked":["Havoc","Twin Strike","Perfected Strike"],"picked":"SKIP","floor":7},{"not_picked":["Headbutt","Shrug It Off"],"picked":"Infernal Blade","floor":10},{"not_picked":["Anger","Reckless Charge","Feel No Pain"],"picked":"SKIP","floor":12},{"not_picked":["Reckless Charge","Juggernaut"],"picked":"Ghostly Armor","floor":14},{"not_picked":["Brutality","Reaper"],"picked":"Exhume","floor":16},{"not_picked":["Dark Embrace+1","Rampage+1","Shockwave"],"picked":"SKIP","floor":18},{"not_picked":["Havoc","Intimidate","Shockwave"],"picked":"SKIP","floor":19},{"not_picked":["Armaments+1","Cleave"],"picked":"Battle Trance+1","floor":29}],"player_experience":1444222,"relics_obtained":[{"floor":14,"key":"Mercury Hourglass"},{"floor":21,"key":"Nilry\u0027s Codex"},{"floor":26,"key":"Toxic Egg 2"},{"floor":27,"key":"MealTicket"},{"floor":29,"key":"Smiling Mask"}],"event_choices":[{"damage_healed":0,"gold_gain":0,"player_choice":"Entered Light","damage_taken":23,"max_hp_gain":0,"max_hp_loss":0,"event_name":"Shining Light","floor":11,"gold_loss":0,"cards_upgraded":["Strike_R","Defend_R"]},{"damage_healed":0,"gold_gain":0,"player_choice":"Obtained Book","damage_taken":21,"max_hp_gain":0,"max_hp_loss":0,"event_name":"Cursed Tome","floor":21,"gold_loss":0},{"damage_healed":0,"gold_gain":50,"player_choice":"Stole From Cult","damage_taken":0,"max_hp_gain":0,"max_hp_loss":0,"event_name":"Nest","floor":22,"gold_loss":0},{"damage_healed":0,"gold_gain":0,"player_choice":"Obtained Relic","damage_taken":0,"relics_obtained":["Vajra"],"max_hp_gain":0,"max_hp_loss":0,"event_name":"Addict","floor":24,"gold_loss":85}],"is_beta":false,"boss_relics":[{"not_picked":["Ectoplasm","Runic Dome"],"picked":"SlaversCollar"}],"items_purged_floors":[20],"is_endless":false,"potions_floor_spawned":[1,2,12,16,18],"killed_by":"3 Cultists","ascension_level":20}}