{"host":"fne7yx97fnz7kq05","time":1608087115,"event":{"mods":["BaseMod","Colored Map","Colored Powertips","Highlight Path","Minty Spire (QoL Compilation)","Relic Stats"],"gold_per_floor":[138,138,198,232,12,12,63,81,81,146,199,199,558,179,179,351,351,393,393,393,393,393,446,446,446,446,496,561,611,678,250,250,378,378,421,7,48,48,48,81,108,140,215,190,242,85,130,171,171,196,196,196,35,60,85],"floor_reached":56,"playtime":4686,"items_purged":["Strike_R","Strike_R","Second Wind"],"score":1708,"play_id":"ee79335b-a344-484b-ae09-74764a186d0a","local_time":"20201215205155","is_ascension_mode":true,"campfire_choices":[{"data":"HandOfGreed","floor":6,"key":"SMITH"},{"data":"Shrug It Off","floor":12,"key":"SMITH"},{"data":"Infernal Blade","floor":15,"key":"SMITH"},{"data":"Combust","floor":24,"key":"SMITH"},{"floor":32,"key":"REST"},{"floor":49,"key":"RECALL"},{"data":"Bloodletting","floor":52,"key":"SMITH"}],"circlet_count":0,"master_deck":["Defend_R+1","Defend_R","Defend_R","Defend_R","Bash+1","HandOfGreed+1","Combust+1","Discovery+1","Shrug It Off+1","Disarm","Dark Embrace+1","Infernal Blade+1","Corruption+1","Pommel Strike","Metallicize+1","Bloodletting+1","Shrug It Off","Disarm","Dark Embrace+1","CurseOfTheBell","Juggernaut+1","Sword Boomerang+1","Sword Boomerang+1","Disarm+1","Inflame+1","Anger+1","Fire Breathing+1","Heavy Blade+1","Berserk+1","Shockwave","Rupture+1"],"relics":["Burning Blood","Ancient Tea Set","Frozen Egg 2","Thread and Needle","Old Coin","Oddly Smooth Stone","Runic Pyramid","Mercury Hourglass","Mummified Hand","Centennial Puzzle","Orichalcum","Self Forming Clay","War Paint","Bag of Preparation","Calling Bell","Anchor","Shuriken","WingedGreaves","Membership Card","Whetstone","Blood Vial","Molten Egg 2","Pear","Juzu Bracelet","Boot","Bird Faced Urn","CaptainsWheel","Orrery","Bottled Lightning"],"acts_visited":["Exordium","TheCity","TheBeyond","TheEnding"],"potions_floor_usage":[8,10,13,23,27,29,29,29,33,33,39,45],"damage_taken":[{"damage":1,"enemies":"Cultist","floor":1,"turns":4},{"damage":2,"enemies":"Small Slimes","floor":3,"turns":3},{"damage":7,"enemies":"Jaw Worm","floor":4,"turns":3},{"damage":27,"enemies":"Gremlin Nob","floor":7,"turns":4},{"damage":1,"enemies":"3 Louse","floor":8,"turns":1},{"damage":13,"enemies":"Large Slime","floor":10,"turns":7},{"damage":18,"enemies":"3 Sentries","floor":11,"turns":6},{"damage":4,"enemies":"Lagavulin","floor":13,"turns":6},{"damage":15,"enemies":"Slime Boss","floor":16,"turns":10},{"damage":2,"enemies":"Spheric Guardian","floor":18,"turns":4},{"damage":18,"enemies":"Book of Stabbing","floor":23,"turns":6},{"damage":14,"enemies":"Slavers","floor":27,"turns":3},{"damage":3,"enemies":"2 Thieves","floor":28,"turns":3},{"damage":5,"enemies":"Gremlin Leader","floor":29,"turns":4},{"damage":2,"enemies":"Shelled Parasite and Fungi","floor":30,"turns":3},{"damage":21,"enemies":"Champ","floor":33,"turns":13},{"damage":4,"enemies":"Orb Walker","floor":35,"turns":2},{"damage":4,"enemies":"3 Shapes","floor":37,"turns":2},{"damage":14,"enemies":"Giant Head","floor":40,"turns":5},{"damage":3,"enemies":"Nemesis","floor":41,"turns":5},{"damage":13,"enemies":"Giant Head","floor":42,"turns":8},{"damage":28,"enemies":"Reptomancer","floor":45,"turns":5},{"damage":13,"enemies":"2 Orb Walkers","floor":47,"turns":3},{"damage":11,"enemies":"Jaw Worm Horde","floor":48,"turns":5},{"damage":20,"enemies":"Donu and Deca","floor":50,"turns":5},{"damage":5,"enemies":"Shield and Spear","floor":54,"turns":3},{"damage":77,"enemies":"The Heart","floor":55,"turns":7}],"seed_played":"-6585658408139680996","potions_obtained":[{"floor":1,"key":"ColorlessPotion"},{"floor":3,"key":"Regen Potion"},{"floor":10,"key":"ColorlessPotion"},{"floor":11,"key":"FearPotion"},{"floor":27,"key":"EntropicBrew"},{"floor":35,"key":"LiquidBronze"},{"floor":45,"key":"Explosive Potion"},{"floor":47,"key":"Fire Potion"}],"is_trial":false,"path_per_floor":["M","?","M","M","$","R","E","M","T","M","E","R","E","$","R","B",null,"M","?","T","?","?","E","R","?","T","E","M","E","M","$","R","B",null,"M","$","M","?","?","E","E","E","T","$","E","$","?","M","R","B",null,"R","$","E","B",null],"character_chosen":"IRONCLAD","items_purchased":["Discovery","Explosive Potion","Evolve+1","SkillPotion","Oddly Smooth Stone","ColorlessPotion","Dark Embrace+1","War Paint","Bag of Preparation","Membership Card","Juggernaut+1","Sword Boomerang","Whetstone","Blood Vial","Fruit Juice","BloodPotion","Bird Faced Urn","Orrery","Rupture+1"],"campfire_rested":1,"item_purchase_floors":[5,5,14,14,14,31,31,31,31,36,36,36,36,36,36,44,46,53,53],"current_hp_per_floor":[61,61,65,64,64,64,43,48,48,56,44,44,46,46,46,37,80,80,80,80,65,65,53,53,53,53,45,48,49,53,53,78,63,85,85,85,85,85,86,78,93,88,88,88,87,87,94,96,96,88,96,96,96,96,44],"gold":85,"neow_bonus":"RANDOM_COLORLESS_2","is_daily":false,"chose_seed":false,"campfire_upgraded":5,"win_rate":0.0,"timestamp":1608087115,"path_taken":["M","?","?","M","$","R","E","M","T","M","E","R","E","?","R","BOSS","M","?","?","?","?","E","R","?","T","E","M","E","?","$","R","BOSS","M","?","?","?","?","E","E","E","T","?","E","$","?","M","R","BOSS","R","$","E","BOSS"],"items_purchased_type":["Card","Potion","Card","Potion","Relic","Potion","Card","Relic","Relic","Relic","Card","Card","Relic","Relic","Potion","Potion","Relic","Relic","Card"],"build_version":"2020-12-13","purchased_purges":3,"victory":true,"max_hp_per_floor":[80,80,80,80,80,80,80,80,80,80,80,80,80,80,80,80,80,80,80,80,85,85,85,85,85,85,85,85,85,85,85,85,85,85,85,85,85,85,86,86,96,96,96,96,96,96,96,96,96,96,96,96,96,96,96],"relic_stats":{"counters":[27,129],"Self Forming Clay":[198],"Bag of Preparation":[24],"Juzu Bracelet":0,"Whetstone":["Sword Boomerang","Bash"],"Orichalcum":[18],"War Paint":["Discovery","Defend_R"],"Boot":[7],"Burning Blood":144,"Mercury Hourglass":[268],"Blood Vial":10,"Centennial Puzzle":[48],"Mummified Hand":[125],"Shuriken":[22],"Bird Faced Urn":[51],"obtain_stats":[{"Bag of Preparation":31,"Juzu Bracelet":42,"Whetstone":36,"Ancient Tea Set":7,"Boot":45,"Burning Blood":0,"Old Coin":13,"Blood Vial":36,"Centennial Puzzle":26,"Mummified Hand":23,"WingedGreaves":34,"Runic Pyramid":17,"Pear":41,"Self Forming Clay":29,"Oddly Smooth Stone":14,"Thread and Needle":11,"Frozen Egg 2":9,"Orichalcum":27,"War Paint":31,"Mercury Hourglass":20,"Calling Bell":34,"Anchor":34,"CaptainsWheel":47,"Shuriken":34,"Bird Faced Urn":46,"Orrery":53,"Molten Egg 2":40,"Membership Card":36,"Bottled Lightning":54},{"Bag of Preparation":15,"Juzu Bracelet":21,"Whetstone":17,"Ancient Tea Set":4,"Boot":22,"Burning Blood":0,"Old Coin":8,"Blood Vial":17,"Centennial Puzzle":11,"Mummified Hand":11,"WingedGreaves":16,"Runic Pyramid":9,"Pear":20,"Self Forming Clay":14,"Oddly Smooth Stone":8,"Thread and Needle":7,"Frozen Egg 2":5,"Orichalcum":12,"War Paint":15,"Mercury Hourglass":10,"Calling Bell":16,"Anchor":16,"CaptainsWheel":23,"Shuriken":16,"Bird Faced Urn":22,"Orrery":25,"Molten Egg 2":19,"Membership Card":17,"Bottled Lightning":26},{"Bag of Preparation":67,"Juzu Bracelet":101,"Whetstone":82,"Ancient Tea Set":14,"Boot":106,"Burning Blood":0,"Old Coin":34,"Blood Vial":82,"Centennial Puzzle":54,"Mummified Hand":54,"WingedGreaves":80,"Runic Pyramid":44,"Pear":94,"Self Forming Clay":64,"Oddly Smooth Stone":34,"Thread and Needle":28,"Frozen Egg 2":15,"Orichalcum":57,"War Paint":67,"Mercury Hourglass":48,"Calling Bell":80,"Anchor":80,"CaptainsWheel":109,"Shuriken":80,"Bird Faced Urn":106,"Orrery":119,"Molten Egg 2":89,"Membership Card":82,"Bottled Lightning":122}]},"card_choices":[{"not_picked":["The Bomb","Thinking Ahead"],"picked":"HandOfGreed","floor":0},{"not_picked":["Burning Pact","Heavy Blade"],"picked":"Combust","floor":1},{"not_picked":["Flex","Combust","Dropkick"],"picked":"SKIP","floor":3},{"not_picked":["Dropkick","Wild Strike","Clothesline"],"picked":"SKIP","floor":4},{"not_picked":["Seeing Red","Body Slam","Reaper"],"picked":"SKIP","floor":7},{"not_picked":["Heavy Blade","Metallicize"],"picked":"Shrug It Off","floor":8},{"not_picked":["Perfected Strike","Fire Breathing+1"],"picked":"Disarm","floor":10},{"not_picked":["Disarm","Evolve+1"],"picked":"Dark Embrace+1","floor":11},{"not_picked":["Rampage","Anger"],"picked":"Infernal Blade","floor":13},{"not_picked":["Limit Break","Fiend Fire"],"picked":"Corruption+1","floor":16},{"not_picked":["Perfected Strike","Intimidate+1"],"picked":"Pommel Strike","floor":18},{"not_picked":["Evolve+1","Headbutt+1"],"picked":"Second Wind","floor":23},{"not_picked":["Twin Strike","Flame Barrier","Anger+1"],"picked":"SKIP","floor":27},{"not_picked":["Headbutt","Iron Wave+1","Battle Trance"],"picked":"SKIP","floor":28},{"not_picked":["Armaments","True Grit"],"picked":"Disarm","floor":29},{"not_picked":["Clash+1","Anger","Armaments+1"],"picked":"SKIP","floor":30},{"not_picked":["Perfected Strike+1","Clash+1","Warcry+1"],"picked":"SKIP","floor":35},{"not_picked":["Armaments","Pommel Strike"],"picked":"Sword Boomerang+1","floor":37},{"not_picked":["Offering","Flex"],"picked":"Disarm+1","floor":40},{"not_picked":["Shrug It Off","Body Slam+1"],"picked":"Inflame+1","floor":41},{"not_picked":["Clothesline+1","Rampage+1","Body Slam+1"],"picked":"SKIP","floor":42},{"not_picked":["Perfected Strike+1","Cleave+1"],"picked":"Anger+1","floor":45},{"not_picked":["Anger+1","Armaments+1"],"picked":"Fire Breathing+1","floor":47},{"not_picked":["Brutality+1","Disarm+1","Combust+1"],"picked":"SKIP","floor":48},{"not_picked":["Ghostly Armor+1","Twin Strike+1"],"picked":"Heavy Blade+1","floor":53},{"not_picked":["Flex+1","Power Through"],"picked":"Berserk+1","floor":53},{"not_picked":["Anger+1","Disarm+1"],"picked":"Shockwave","floor":53},{"not_picked":["Sword Boomerang+1","Second Wind","Anger+1"],"picked":"SKIP","floor":54}],"player_experience":17658,"relics_obtained":[{"floor":7,"key":"Ancient Tea Set"},{"floor":9,"key":"Frozen Egg 2"},{"floor":11,"key":"Thread and Needle"},{"floor":13,"key":"Old Coin"},{"floor":20,"key":"Mercury Hourglass"},{"floor":23,"key":"Mummified Hand"},{"floor":26,"key":"Centennial Puzzle"},{"floor":27,"key":"Orichalcum"},{"floor":29,"key":"Self Forming Clay"},{"floor":34,"key":"Anchor"},{"floor":34,"key":"Shuriken"},{"floor":34,"key":"WingedGreaves"},{"floor":40,"key":"Molten Egg 2"},{"floor":41,"key":"Pear"},{"floor":42,"key":"Juzu Bracelet"},{"floor":45,"key":"Boot"},{"floor":47,"key":"CaptainsWheel"},{"floor":54,"key":"Bottled Lightning"}],"event_choices":[{"cards_removed":["Strike_R"],"damage_healed":0,"gold_gain":0,"player_choice":"Purged","damage_taken":0,"max_hp_gain":0,"max_hp_loss":0,"event_name":"Purifier","floor":2,"gold_loss":0},{"damage_healed":0,"gold_gain":0,"player_choice":"Ignored","damage_taken":0,"max_hp_gain":0,"max_hp_loss":0,"event_name":"Vampires","floor":19,"gold_loss":0},{"damage_healed":0,"gold_gain":0,"player_choice":"Shed Blood","damage_taken":20,"max_hp_gain":5,"max_hp_loss":0,"event_name":"Forgotten Altar","floor":21,"gold_loss":0},{"damage_healed":0,"gold_gain":0,"cards_transformed":["Strike_R","Strike_R"],"player_choice":"Became Test Subject","damage_taken":0,"max_hp_gain":0,"max_hp_loss":0,"event_name":"Drug Dealer","floor":22,"gold_loss":0,"cards_obtained":["Metallicize","Bloodletting"]},{"damage_healed":0,"gold_gain":0,"player_choice":"Read","damage_taken":0,"max_hp_gain":0,"max_hp_loss":0,"event_name":"The Library","floor":25,"gold_loss":0,"cards_obtained":["Shrug It Off"]},{"cards_removed":["Evolve"],"damage_healed":0,"gold_gain":0,"player_choice":"Removed Power","damage_taken":0,"max_hp_gain":0,"max_hp_loss":0,"event_name":"Falling","floor":38,"gold_loss":0},{"damage_healed":0,"gold_gain":0,"player_choice":"Max HP","damage_taken":0,"max_hp_gain":0,"max_hp_loss":4,"event_name":"Winding Halls","floor":39,"gold_loss":0},{"damage_healed":0,"gold_gain":0,"player_choice":"Fight","damage_taken":0,"max_hp_gain":0,"max_hp_loss":0,"event_name":"Mysterious Sphere","floor":47,"gold_loss":0}],"is_beta":false,"boss_relics":[{"not_picked":["Black Star","Astrolabe"],"picked":"Runic Pyramid"},{"not_picked":["Runic Dome","Coffee Dripper"],"picked":"Calling Bell"}],"items_purged_floors":[5,14,53],"is_endless":false,"potions_floor_spawned":[1,3,7,10,11,18,27,35,45,47,48],"ascension_level":2}}