{"host":"m1ntkrf87179kmo6","time":1608080260,"event":{"mods":["BaseMod","Better Third Choice","Minty Spire (QoL Compilation)","Shade Mod","StSLib"],"gold_per_floor":[119,138,138,161,161,161,201,201,247,260,281,281,281,301,301,301,301],"floor_reached":16,"playtime":1177,"items_purged":[],"score":102,"play_id":"6ae14a13-6428-4c9f-bd5d-fc0521f8199d","local_time":"20201215195740","is_ascension_mode":false,"campfire_choices":[{"floor":6,"key":"RECALL"},{"floor":8,"key":"REST"},{"floor":15,"key":"REST"}],"circlet_count":0,"master_deck":["Shade:Strike_Shade","Shade:Strike_Shade","Shade:Strike_Shade","Shade:Strike_Shade","Shade:Defend_Shade","Shade:Defend_Shade","Shade:Defend_Shade","Shade:Defend_Shade","Shade:AnimateDead+1","Shade:CarefulCut","Shade:ClawBack","Shade:Brains","Shade:FuneraryJewels","Shade:FuneraryArmor+1"],"relics":["Shade:YorickSkull","Bag of Marbles","Golden Idol","Dream Catcher","Toxic Egg 2"],"acts_visited":["Exordium"],"potions_floor_usage":[7,14,16],"damage_taken":[{"damage":0,"enemies":"2 Louse","floor":1,"turns":2},{"damage":0,"enemies":"Small Slimes","floor":2,"turns":3},{"damage":2,"enemies":"Jaw Worm","floor":4,"turns":2},{"damage":31,"enemies":"3 Sentries","floor":7,"turns":14},{"damage":2,"enemies":"Large Slime","floor":10,"turns":6},{"damage":0,"enemies":"Lots of Slimes","floor":11,"turns":4},{"damage":0,"enemies":"Blue Slaver","floor":14,"turns":2},{"damage":72,"enemies":"Slime Boss","floor":16,"turns":11}],"seed_played":"7223829080850712288","potions_obtained":[{"floor":2,"key":"AttackPotion"},{"floor":4,"key":"Regen Potion"},{"floor":10,"key":"Fire Potion"}],"is_trial":false,"path_per_floor":["M","M","?","M","?","R","E","R","T","M","M","?","?","M","R","B"],"character_chosen":"SHADE","items_purchased":[],"campfire_rested":2,"item_purchase_floors":[],"current_hp_per_floor":[65,65,65,63,63,63,32,51,51,49,49,42,35,35,54,0,0],"gold":301,"neow_bonus":"RANDOM_COMMON_RELIC","is_daily":false,"chose_seed":false,"campfire_upgraded":0,"win_rate":0.0,"timestamp":1608080260,"path_taken":["M","M","?","M","?","R","E","R","T","M","M","?","?","M","R","BOSS"],"items_purchased_type":[],"build_version":"2020-12-13","purchased_purges":0,"victory":false,"max_hp_per_floor":[65,65,65,65,65,65,65,65,65,65,65,65,65,65,65,65,65],"card_choices":[{"not_picked":["Shade:Premonition","Shade:GraveStillness","Shade:FleshToFlesh"],"picked":"SKIP","floor":1},{"not_picked":["Shade:Frenzy","Shade:FeralStrike"],"picked":"Shade:ClawBack","floor":2},{"not_picked":["Shade:CloudOfShrapnel","Shade:GraveStillness"],"picked":"Shade:Brains","floor":4},{"not_picked":["Shade:RavenousHorde","Shade:LichForm","Shade:PressTheAttack"],"picked":"SKIP","floor":7},{"not_picked":["Shade:LyeBath","Shade:GraveStillness","Shade:Brains"],"picked":"SKIP","floor":10},{"not_picked":["Shade:Brains","Shade:Awaken"],"picked":"Shade:FuneraryJewels","floor":11},{"not_picked":["Shade:SkeletonHug","Shade:BoneShards"],"picked":"Shade:FuneraryArmor+1","floor":14}],"player_experience":1021977,"relics_obtained":[{"floor":7,"key":"Dream Catcher"}],"event_choices":[{"damage_healed":0,"gold_gain":0,"player_choice":"Take Wound","damage_taken":0,"relics_obtained":["Golden Idol"],"max_hp_gain":0,"max_hp_loss":0,"event_name":"Golden Idol","floor":3,"gold_loss":0,"cards_obtained":["Injury"]},{"damage_healed":0,"gold_gain":0,"player_choice":"Grow","damage_taken":0,"max_hp_gain":0,"max_hp_loss":0,"event_name":"Living Wall","floor":5,"gold_loss":0,"cards_upgraded":["Shade:AnimateDead"]},{"cards_removed":["Injury"],"damage_healed":0,"gold_gain":0,"player_choice":"Card Removal","damage_taken":7,"max_hp_gain":0,"max_hp_loss":0,"event_name":"Golden Wing","floor":12,"gold_loss":0},{"damage_healed":0,"gold_gain":0,"player_choice":"Relic ","damage_taken":7,"max_hp_gain":0,"max_hp_loss":0,"event_name":"betterThird:BetterScrap","floor":13,"gold_loss":0,"cards_obtained":["Amplify"]}],"is_beta":false,"boss_relics":[],"items_purged_floors":[],"is_endless":false,"potions_floor_spawned":[2,4,10],"killed_by":"Slime Boss","ascension_level":0}}