{"host":"3y33rrrkia6pkpow","time":1608122696,"event":{"mods":["2.2 Compatiblity","AchievementEnabler","BaseMod","BetterRewards","Colored Map","Keyboard Shortcuts","Minty Spire (QoL Compilation)","Quick Restart","Replay The Spire","Shop Mod","Spicy Shops","StSLib","Synergy Search","The Animator"],"gold_per_floor":[114,289,303,75,75,75,109,132,132,132,132,142,43,54,54,154,154,166,54,66,66,89,127,146,165,165,165,185,196,196,206,206,320,320,336,4,15,15,52,81,2,2,2,20,39,39,39,0,0,4,4],"floor_reached":50,"playtime":5551,"items_purged":["Doubt","animator:Defend"],"score":1216,"play_id":"8659ce9e-a478-4cb7-8d02-0abd9d00264e","local_time":"20201216064456","is_ascension_mode":true,"campfire_choices":[{"data":"animator:HinaKagiyama","floor":6.0,"key":"SMITH"},{"data":"animator:Tet","floor":10.0,"key":"SMITH"},{"floor":15.0,"key":"REST"},{"floor":27.0,"key":"REST"},{"data":"animator:Hibiki","floor":30.0,"key":"SMITH"},{"data":"animator:DolaStephanie","floor":32.0,"key":"SMITH"},{"data":"animator:Saber","floor":42,"key":"SMITH"},{"floor":46,"key":"REST"},{"floor":49,"key":"REST"}],"circlet_count":0,"master_deck":["AscendersBane","animator:Strike_HitsugiNoChaika+1","animator:Defend_HitsugiNoChaika","animator:AcuraAkari+1","animator:Gillette","animator:Souei","animator:Tet+1","animator:Archer","ReplayTheSpireMod:IOU","animator:Gillette","animator:HinaKagiyama+1","animator:Curse_Dizziness","animator:Witch","animator:Fredrika","animator:FeridBathory","animator:DolaSchwi","ReplayTheSpireMod:IOU","animator:Rimuru","animator:ChaikaBohdan","animator:GazelDwargon","animator:Gillette","animator:Chris","animator:WinryRockbell","animator:WinryRockbell","ReplayTheSpireMod:IOU","animator:Hibiki+1","animator:Aqua","animator:Darkness+1","animator:Fredrika","animator:Spearman","animator:Vesta","animator:Vesta","animator:Wiz","animator:DolaStephanie+1","animator:Saber+1","animator:AcuraAkari","animator:Kaijin","animator:AcuraAkari+1","animator:HigakiRinne","Looming Evil","ReplayTheSpireMod:IOU","animator:WinryRockbell","animator:Spearman","Regret","animator:RoyMustang","animator:Vesta","animator:NononJakuzure"],"relics":["animator:LivingPicture","animator:TheMissingPiece","animator:PurgingStone","Replay:Wax Seal","Pet Ghost","Du-Vu Doll","BargainBundle","Replay:Drink Me","animator:EngravedStaff","Iron Hammer","Cursed Key","Replay:Baseball","TwistedFunnel","ReplayTheSpireMod:CursedCoin","Garlic","Centennial Puzzle","Oddly Smooth Stone","Red Mask"],"acts_visited":["Exordium","TheCity","TheBeyond"],"potions_floor_usage":[33,50,50],"damage_taken":[{"damage":0.0,"enemies":"Small Slimes","floor":1.0,"turns":3.0},{"damage":2.0,"enemies":"2 Louse","floor":3.0,"turns":3.0},{"damage":12.0,"enemies":"Gremlin Nob","floor":7.0,"turns":3.0},{"damage":0.0,"enemies":"Cultist","floor":8.0,"turns":2.0},{"damage":2.0,"enemies":"Blue Slaver","floor":12.0,"turns":2.0},{"damage":18.0,"enemies":"Lots of Slimes","floor":14.0,"turns":3.0},{"damage":0.0,"enemies":"The Guardian","floor":16.0,"turns":5.0},{"damage":12.0,"enemies":"Chosen","floor":18.0,"turns":4.0},{"damage":2.0,"enemies":"Spheric Guardian","floor":20.0,"turns":3.0},{"damage":6.0,"enemies":"Cultist and Chosen","floor":22.0,"turns":4.0},{"damage":18.0,"enemies":"Book of Stabbing","floor":23.0,"turns":3.0},{"damage":10.0,"enemies":"Shelled Parasite and Fungi","floor":24.0,"turns":4.0},{"damage":9.0,"enemies":"Snake Plant","floor":25.0,"turns":4.0},{"damage":0.0,"enemies":"Centurion and Healer","floor":28.0,"turns":5.0},{"damage":0.0,"enemies":"Chosen and Byrds","floor":29.0,"turns":4.0},{"damage":10.0,"enemies":"Snecko","floor":31.0,"turns":6.0},{"damage":9,"enemies":"Pondfish","floor":33,"turns":9},{"damage":0,"enemies":"3 Shapes","floor":35,"turns":4},{"damage":7,"enemies":"3 Darklings","floor":37,"turns":3},{"damage":6,"enemies":"Nemesis","floor":40,"turns":5},{"damage":11,"enemies":"Spire Growth","floor":44,"turns":3},{"damage":16,"enemies":"4 Shapes","floor":45,"turns":3},{"damage":54,"enemies":"Awakened One","floor":50,"turns":4}],"seed_played":"4589003098316416781","potions_obtained":[{"floor":1.0,"key":"AttackPotion"},{"floor":7.0,"key":"FearPotion"},{"floor":12.0,"key":"Venom Potion"},{"floor":18.0,"key":"Energy Potion"},{"floor":24.0,"key":"Ancient Potion"},{"floor":28.0,"key":"EssenceOfSteel"},{"floor":33,"key":"Dexterity Potion"},{"floor":35,"key":"SteroidPotion"}],"is_trial":false,"path_per_floor":["M","?","M","$","?","R","E","M","T","R","?","M","$","M","R","B",null,"M","$","M","?","M","E","M","M","T","R","M","M","R","M","R","B",null,"M","$","M","?","$","E","?","R","T","M","M","R","?","?","R","B"],"character_chosen":"THE_ANIMATOR","items_purchased":["animator:Archer","Replay:Wax Seal","animator:Gillette","BargainBundle","Toxic Potion","animator:Rimuru","animator:ChaikaBohdan","animator:GazelDwargon","animator:WinryRockbell","animator:Hibiki","animator:Kaijin","Replay:Baseball","TwistedFunnel","ReplayTheSpireMod:CursedCoin","animator:WinryRockbell"],"campfire_rested":4,"item_purchase_floors":[4,4,4,13,13,13,13,13,19,19,36,36,36,39,39],"current_hp_per_floor":[59,59,57,57,57,57,45,45,45,45,45,43,43,25,44,44,49,40,40,44,44,43,30,25,16,16,31,36,41,41,33,33,29,45,50,50,43,37,37,39,39,39,39,31,23,38,38,38,50,0,0],"gold":4,"neow_bonus":"RANDOM_EVENT","is_daily":false,"chose_seed":false,"campfire_upgraded":5,"win_rate":0.0,"timestamp":1608122696,"path_taken":["M","?","M","$","?","R","E","M","T","R","?","?","$","M","R","BOSS","M","$","M","?","M","E","?","M","T","R","M","M","R","M","R","BOSS","M","$","M","?","$","E","?","R","T","M","?","R","?","?","R","BOSS"],"items_purchased_type":["Card","Relic","Card","Relic","Potion","Card","Card","Card","Card","Card","Card","Relic","Relic","Relic","Card"],"build_version":"2020-12-13","purchased_purges":2,"victory":false,"max_hp_per_floor":[66,66,66,66,66,66,66,66,66,66,66,66,66,66,66,66,50,50,50,50,50,50,50,50,50,50,50,50,50,50,50,50,50,50,50,50,50,50,50,50,50,50,50,50,50,50,50,50,50,50,50],"card_choices":[{"not_picked":["animator:Tet","animator:Shion"],"picked":"animator:Souei","floor":1.0},{"not_picked":["animator:MaesHughes","animator:Shigure"],"picked":"animator:Tet","floor":3.0},{"not_picked":["animator:WinryRockbell","animator:Assassin"],"picked":"animator:Witch","floor":7.0},{"not_picked":["animator:ChaikaBohdan","animator:AcuraTooru"],"picked":"animator:Fredrika","floor":8.0},{"not_picked":["animator:KrulTepes","animator:RinTohsaka"],"picked":"animator:DolaSchwi","floor":12.0},{"not_picked":["animator:Scar","animator:ChaikaBohdan"],"picked":"animator:Gillette","floor":14.0},{"not_picked":["animator:Guren","animator:Greed"],"picked":"animator:Eris","floor":16.0},{"not_picked":["animator:AcuraTooru","animator:Lancer+1"],"picked":"animator:Chris","floor":18.0},{"not_picked":["animator:Vanir","animator:Megumin"],"picked":"animator:Aqua","floor":20.0},{"not_picked":["animator:YunYun+1","animator:Megumin+1"],"picked":"animator:Darkness+1","floor":22.0},{"not_picked":["animator:Pride+1","animator:GazelDwargon"],"picked":"animator:Fredrika","floor":23.0},{"not_picked":["animator:Yuuichirou","animator:Mikaela"],"picked":"animator:Spearman","floor":24.0},{"not_picked":["animator:Souei","animator:Millim"],"picked":"animator:Vesta","floor":25.0},{"not_picked":["animator:MumenRider+1","animator:Shion"],"picked":"animator:Vesta","floor":28.0},{"not_picked":["animator:Sloth+1","animator:ElricEdward+1"],"picked":"animator:Wiz","floor":29.0},{"not_picked":["animator:Vanir+1","animator:Benimaru"],"picked":"animator:DolaStephanie","floor":31.0},{"not_picked":["animator:Wiz","animator:Rimuru"],"picked":"animator:Saber","floor":33},{"not_picked":["animator:Viivi","animator:Layla"],"picked":"animator:AcuraAkari","floor":35},{"not_picked":["animator:Alexander","animator:IzunaHatsuse+1"],"picked":"animator:AcuraAkari+1","floor":37},{"not_picked":["animator:Greed","animator:ShinjiMatou+1"],"picked":"animator:Spearman","floor":40},{"not_picked":["animator:Layla","animator:Yoichi"],"picked":"animator:RoyMustang","floor":44},{"not_picked":["animator:Benimaru","animator:Shuna"],"picked":"animator:Vesta","floor":45},{"not_picked":["animator:Kira","animator:KotoriKanbe"],"picked":"animator:NononJakuzure","floor":47}],"player_experience":794864,"relics_obtained":[{"floor":7.0,"key":"Pet Ghost"},{"floor":9.0,"key":"Du-Vu Doll"},{"floor":23.0,"key":"animator:EngravedStaff"},{"floor":26.0,"key":"Iron Hammer"},{"floor":40,"key":"Garlic"},{"floor":43,"key":"Oddly Smooth Stone"}],"event_choices":[{"damage_healed":0.0,"max_hp_gain":0.0,"max_hp_loss":0.0,"gold_gain":0.0,"event_name":"Living Wall","player_choice":"Grow","floor":0.0,"gold_loss":0.0,"damage_taken":0.0,"cards_upgraded":["animator:AcuraAkari"]},{"damage_healed":0.0,"max_hp_gain":0.0,"max_hp_loss":0.0,"gold_gain":175.0,"event_name":"Liars Game","player_choice":"AGREE","floor":2.0,"gold_loss":0.0,"damage_taken":0.0,"cards_obtained":["Doubt"]},{"damage_healed":0.0,"max_hp_gain":0.0,"max_hp_loss":0.0,"gold_gain":0.0,"cards_transformed":["animator:Strike"],"event_name":"Transmorgrifier","player_choice":"Transformed","floor":11.0,"gold_loss":0.0,"damage_taken":0.0,"cards_obtained":["animator:FeridBathory"]},{"cards_removed":["animator:Defend"],"damage_healed":0.0,"max_hp_gain":0.0,"max_hp_loss":0.0,"gold_gain":0.0,"event_name":"Wheel of Change","player_choice":"Card Removal","floor":21.0,"gold_loss":0.0,"damage_taken":0.0},{"damage_healed":0,"gold_gain":0,"player_choice":"Embrace Madness","damage_taken":6,"max_hp_gain":0,"max_hp_loss":0,"event_name":"Winding Halls","floor":38,"gold_loss":0,"cards_obtained":["animator:HigakiRinne"]},{"damage_healed":0,"gold_gain":0,"player_choice":"Paid Gold","damage_taken":0,"relics_obtained":["Centennial Puzzle"],"max_hp_gain":0,"max_hp_loss":0,"event_name":"WeMeetAgain","floor":41,"gold_loss":79},{"damage_healed":0,"gold_gain":0,"player_choice":"Memory 1","damage_taken":0,"max_hp_gain":0,"max_hp_loss":0,"event_name":"SensoryStone","floor":47,"gold_loss":0},{"damage_healed":0,"gold_gain":0,"player_choice":"Paid","damage_taken":0,"relics_obtained":["Red Mask"],"max_hp_gain":0,"max_hp_loss":0,"event_name":"Tomb of Lord Red Mask","floor":48,"gold_loss":39}],"is_beta":false,"boss_relics":[{"not_picked":["Velvet Choker","Runic Dome"],"picked":"Replay:Drink Me"},{"not_picked":["animator:VividPicture","Black Star"],"picked":"Cursed Key"}],"items_purged_floors":[4,13],"is_endless":false,"potions_floor_spawned":[1,7,12,14,18,24,28,33,35,44],"killed_by":"Awakened One","ascension_level":10}}