{"host":"gzwwvnucm264f2jm","time":1608080208,"event":{"mods":["AchievementEnabler","BaseMod","Better Note","BetterRewards","Colored Map","Curses Come First","Minty Spire (QoL Compilation)","Permanent Neow","Quick Restart","Rare Cards Sparkle","Slay-I","Spicy Shops","StSLib","SuperFastMode"],"gold_per_floor":[118,293,243,318,175,175,175,200,200,200,54,67,67,67,67,170,170,186,186,186,186,186,221,182,182,182,217,217,217,251,251,251,350,350,365,212,23,23,32,32,32,42,90,90,120,49,65,74,74,74],"floor_reached":51,"playtime":1578,"items_purged":["Decay"],"score":867,"play_id":"c11a4fa0-5489-4496-8807-4b9f21fb2e80","local_time":"20201215195648","daily_mods":["Draft","Vintage","Flight"],"is_ascension_mode":false,"campfire_choices":[{"data":"Fusion","floor":6.0,"key":"SMITH"},{"data":"Hologram","floor":7.0,"key":"SMITH"},{"data":"Coolheaded","floor":13.0,"key":"SMITH"},{"data":"Coolheaded","floor":15.0,"key":"SMITH"},{"data":"Defragment","floor":25.0,"key":"SMITH"},{"data":"Turbo","floor":29.0,"key":"SMITH"},{"data":"Barrage","floor":32.0,"key":"SMITH"},{"data":"Biased Cognition","floor":40,"key":"SMITH"},{"data":"Barrage","floor":44,"key":"SMITH"},{"floor":49,"key":"REST"}],"circlet_count":0,"master_deck":["Barrage+1","Conserve Battery","Ball Lightning","Gash","Fusion+1","Coolheaded+1","Barrage+1","Leap","Coolheaded+1","Turbo+1","Gash","Hologram+1","Steam Power+1","Seek+1","Multi-Cast+1","Defragment+1","Reinforced Body+1","Coolheaded+1","Biased Cognition+1","Reprogram+1","Pain","Blind+1"],"relics":["Cracked Core","Runic Capacitor","Meat on the Bone","Bag of Marbles","Darkstone Periapt","OrangePellets","Toxic Egg 2","Philosopher\u0027s Stone","Juzu Bracelet","Art of War","Mummified Hand","Pear","Centennial Puzzle","Gremlin Horn","Nuclear Battery","CeramicFish","Membership Card","Cauldron","Shuriken","WarpedTongs","Bottled Flame","Toy Ornithopter","Smiling Mask","Medical Kit","Vajra"],"acts_visited":["Exordium","TheCity","TheBeyond"],"potions_floor_usage":[50,50],"damage_taken":[{"damage":0.0,"enemies":"Jaw Worm","floor":1.0,"turns":2.0},{"damage":7.0,"enemies":"3 Sentries","floor":8.0,"turns":5.0},{"damage":0.0,"enemies":"2 Louse","floor":12.0,"turns":2.0},{"damage":10.0,"enemies":"Hexaghost","floor":16.0,"turns":6.0},{"damage":15.0,"enemies":"2 Thieves","floor":18.0,"turns":3.0},{"damage":24.0,"enemies":"Slavers","floor":23.0,"turns":4.0},{"damage":1.0,"enemies":"Gremlin Leader","floor":27.0,"turns":5.0},{"damage":0.0,"enemies":"Book of Stabbing","floor":30.0,"turns":4.0},{"damage":27.0,"enemies":"Champ","floor":33.0,"turns":7.0},{"damage":8,"enemies":"3 Shapes","floor":35,"turns":3},{"damage":7,"enemies":"3 Darklings","floor":42,"turns":2},{"damage":4,"enemies":"Nemesis","floor":45,"turns":3},{"damage":19,"enemies":"Writhing Mass","floor":47,"turns":5},{"damage":20,"enemies":"Donu and Deca","floor":50,"turns":5}],"seed_played":"-1250535910983816360","potions_obtained":[{"floor":12.0,"key":"Energy Potion"},{"floor":27.0,"key":"Weak Potion"},{"floor":30.0,"key":"Fire Potion"},{"floor":31.0,"key":"Energy Potion"}],"is_trial":true,"path_per_floor":["M","?","?","?","$","R","R","E","T","?","$","M","R","?","R","B",null,"M","?","?","?","?","E","$","R","T","E","?","R","E","?","R","B",null,"M","$","$","?","?","R","?","M","T","R","E","$","M","?","R","B",null],"character_chosen":"DEFECT","items_purchased":["Runic Capacitor","OrangePellets","Defragment","Membership Card","Cauldron","Shuriken","Reprogram+1","Medical Kit"],"campfire_rested":1,"item_purchase_floors":[5,11,24,36,37,37,37,46],"current_hp_per_floor":[75,75,75,64,64,64,64,57,57,63,63,63,63,56,56,46,81,66,66,66,66,66,42,42,42,52,51,51,51,51,51,51,36,91,83,83,83,83,89,89,89,82,82,82,78,84,65,65,94,83],"gold":74,"neow_bonus":"","is_daily":false,"chose_seed":false,"campfire_upgraded":9,"win_rate":0.0,"timestamp":1608080208,"path_taken":["M","?","?","?","?","R","R","E","T","?","$","M","R","?","R","BOSS","M","?","?","?","?","E","$","R","T","E","?","R","E","?","R","BOSS","M","$","$","?","?","R","?","M","T","R","E","$","M","?","R","BOSS"],"items_purchased_type":["Relic","Relic","Card","Relic","Relic","Relic","Card","Relic"],"build_version":"2020-12-13","purchased_purges":1,"victory":true,"max_hp_per_floor":[75,75,75,75,75,75,75,75,75,81,81,81,81,81,81,81,81,81,81,81,81,81,81,81,81,91,91,91,91,91,91,91,91,91,91,91,91,86,92,92,92,92,92,92,92,98,98,98,98,98],"card_choices":[{"not_picked":["Beam Cell","Hello World"],"picked":"Barrage","floor":0.0},{"not_picked":["Ball Lightning","Hologram"],"picked":"Conserve Battery","floor":0.0},{"not_picked":["Leap","Rebound"],"picked":"Ball Lightning","floor":0.0},{"not_picked":["Blizzard","Rebound"],"picked":"Gash","floor":0.0},{"not_picked":["Barrage","Blizzard"],"picked":"Fusion","floor":0.0},{"not_picked":["Rebound","Self Repair"],"picked":"Coolheaded","floor":0.0},{"not_picked":["Go for the Eyes","Compile Driver"],"picked":"Barrage","floor":0.0},{"not_picked":["Beam Cell","FTL"],"picked":"Leap","floor":0.0},{"not_picked":["Barrage","Turbo"],"picked":"Coolheaded","floor":0.0},{"not_picked":["Hologram","Recycle"],"picked":"Turbo","floor":0.0},{"not_picked":["Coolheaded","Go for the Eyes"],"picked":"Gash","floor":0.0},{"not_picked":["Rebound","BootSequence"],"picked":"Hologram","floor":0.0},{"not_picked":["Coolheaded","Cold Snap"],"picked":"Steam Power","floor":0.0},{"not_picked":["Go for the Eyes","Leap"],"picked":"Conserve Battery","floor":0.0},{"not_picked":["White Noise","Coolheaded"],"picked":"Rebound","floor":0.0},{"not_picked":["Sweeping Beam","Heatsinks","Ball Lightning"],"picked":"SKIP","floor":8.0},{"not_picked":["Meteor Strike","Rainbow+1"],"picked":"Seek+1","floor":16.0},{"not_picked":["Reprogram+1","Multi-Cast+1","Redo+1"],"picked":"SKIP","floor":23.0},{"not_picked":["Stack+1","Hello World"],"picked":"Reinforced Body+1","floor":27.0},{"not_picked":["Gash","Conserve Battery+1"],"picked":"Coolheaded+1","floor":30.0},{"not_picked":["Hyperbeam","Fission+1"],"picked":"Biased Cognition","floor":33.0},{"not_picked":["Sunder+1","Darkness+1","Hyperbeam"],"picked":"SKIP","floor":45},{"not_picked":["Trip+1","Jack Of All Trades+1"],"picked":"Blind+1","floor":48}],"player_experience":432848,"relics_obtained":[{"floor":8.0,"key":"Meat on the Bone"},{"floor":9.0,"key":"Bag of Marbles"},{"floor":12.0,"key":"Toxic Egg 2"},{"floor":18.0,"key":"Juzu Bracelet"},{"floor":23.0,"key":"Mummified Hand"},{"floor":26.0,"key":"Pear"},{"floor":27.0,"key":"Centennial Puzzle"},{"floor":30.0,"key":"Gremlin Horn"},{"floor":35,"key":"CeramicFish"},{"floor":42,"key":"Bottled Flame"},{"floor":43,"key":"Toy Ornithopter"},{"floor":45,"key":"Smiling Mask"},{"floor":47,"key":"Vajra"}],"event_choices":[{"damage_healed":0.0,"max_hp_gain":0.0,"max_hp_loss":0.0,"gold_gain":175.0,"event_name":"Liars Game","player_choice":"AGREE","floor":2.0,"gold_loss":0.0,"damage_taken":0.0,"cards_obtained":["Doubt"]},{"cards_removed":["Doubt"],"damage_healed":0.0,"max_hp_gain":0.0,"max_hp_loss":0.0,"gold_gain":0.0,"event_name":"The Cleric","player_choice":"Card Removal","floor":3.0,"gold_loss":50.0,"damage_taken":0.0},{"damage_healed":0.0,"max_hp_gain":0.0,"max_hp_loss":0.0,"gold_gain":75.0,"event_name":"World of Goop","player_choice":"Gather Gold","floor":4.0,"gold_loss":0.0,"damage_taken":11.0},{"damage_healed":0.0,"max_hp_gain":0.0,"max_hp_loss":0.0,"gold_gain":0.0,"event_name":"Big Fish","player_choice":"Box","floor":10.0,"gold_loss":0.0,"damage_taken":0.0,"relics_obtained":["Darkstone Periapt"],"cards_obtained":["Regret"]},{"cards_removed":["Regret"],"damage_healed":0.0,"max_hp_gain":0.0,"max_hp_loss":0.0,"gold_gain":0.0,"event_name":"Golden Wing","player_choice":"Card Removal","floor":14.0,"gold_loss":0.0,"damage_taken":7.0},{"cards_removed":["Rebound"],"damage_healed":0.0,"max_hp_gain":0.0,"max_hp_loss":0.0,"gold_gain":0.0,"event_name":"WeMeetAgain","player_choice":"Gave Card","floor":19.0,"gold_loss":0.0,"damage_taken":0.0,"relics_obtained":["Art of War"]},{"damage_healed":0.0,"max_hp_gain":0.0,"max_hp_loss":0.0,"gold_gain":0.0,"event_name":"Match and Keep!","player_choice":"1 cards matched","floor":20.0,"gold_loss":0.0,"damage_taken":0.0,"cards_obtained":["Multi-Cast"]},{"damage_healed":0.0,"max_hp_gain":0.0,"max_hp_loss":0.0,"gold_gain":0.0,"event_name":"Transmorgrifier","player_choice":"Ignored","floor":21.0,"gold_loss":0.0,"damage_taken":0.0},{"damage_healed":0.0,"max_hp_gain":0.0,"max_hp_loss":0.0,"gold_gain":0.0,"event_name":"Beggar","player_choice":"Ignored","floor":22.0,"gold_loss":0.0,"damage_taken":0.0},{"cards_removed":["Conserve Battery"],"damage_healed":0.0,"max_hp_gain":0.0,"max_hp_loss":0.0,"gold_gain":0.0,"event_name":"Purifier","player_choice":"Purged","floor":28.0,"gold_loss":0.0,"damage_taken":0.0},{"damage_healed":0.0,"max_hp_gain":0.0,"max_hp_loss":0.0,"gold_gain":0.0,"event_name":"Lab","player_choice":"Got Potions","floor":31.0,"gold_loss":0.0,"damage_taken":0.0},{"damage_healed":0,"gold_gain":0,"player_choice":"Max HP","damage_taken":0,"max_hp_gain":0,"max_hp_loss":5,"event_name":"Winding Halls","floor":38,"gold_loss":0},{"damage_healed":0,"gold_gain":0,"player_choice":"Rummage","damage_taken":0,"relics_obtained":["WarpedTongs"],"max_hp_gain":0,"max_hp_loss":0,"event_name":"Accursed Blacksmith","floor":39,"gold_loss":0,"cards_obtained":["Pain"]},{"damage_healed":0,"gold_gain":0,"player_choice":"Upgraded","damage_taken":0,"max_hp_gain":0,"max_hp_loss":0,"event_name":"Upgrade Shrine","floor":41,"gold_loss":0,"cards_upgraded":["Steam Power"]},{"damage_healed":0,"gold_gain":0,"player_choice":"Memory 1","damage_taken":0,"max_hp_gain":0,"max_hp_loss":0,"event_name":"SensoryStone","floor":48,"gold_loss":0}],"is_beta":false,"boss_relics":[{"not_picked":["SacredBark","Velvet Choker"],"picked":"Philosopher\u0027s Stone"},{"not_picked":["Runic Pyramid","Fusion Hammer"],"picked":"Nuclear Battery"}],"items_purged_floors":[46],"is_endless":false,"potions_floor_spawned":[12,27,30,47],"ascension_level":0}}