{"host":"5gc11emcm5chfr5t","time":1608156954,"event":{"mods":["2.2 Compatiblity","AchievementEnabler","BaseMod","Bestiary","Better Note","Colored Map","Colored Powertips","Downfall","Googly Eyes","Minty Spire (QoL Compilation)","Rare Cards Sparkle","StSLib"],"gold_per_floor":[99,99,274,338,24,57,83,8,37,37,56,71,84,534,549,653,653,503,503,535,535,535,549,549,549,582,582,582,582,582,602,613,710,760,760,779,195,215,215,15,39,39,39,39,39,51,101,3,22,22,22,22,22],"floor_reached":52,"playtime":2270,"items_purged":["Doubt"],"score":1049,"play_id":"cf32efd1-4237-4484-b7c8-87d508567f04","local_time":"20201216171554","is_ascension_mode":true,"campfire_choices":[{"floor":1,"key":"RECALL"},{"floor":8,"key":"REST"},{"floor":10,"key":"REST"},{"data":"Apotheosis","floor":18,"key":"SMITH"},{"floor":21,"key":"REST"},{"data":"sneckomod:UnlimitedRolls","floor":25,"key":"SMITH"},{"floor":27,"key":"REST"},{"floor":35,"key":"REST"},{"data":"The Bomb","floor":42,"key":"SMITH"},{"data":"sneckomod:DiceBoulder","floor":44,"key":"SMITH"}],"circlet_count":0,"master_deck":["sneckomod:Strike","sneckomod:Strike","sneckomod:Strike","sneckomod:Defend","sneckomod:Defend","sneckomod:Defend","sneckomod:TailWhip","sneckomod:SnekBite","sneckomod:Unknown","sneckomod:UnknownDexterity","sneckomod:Unknown0Cost","sneckomod:RainOfDice","Apotheosis+1","sneckomod:UnlimitedRolls+1","sneckomod:SoulRoll","sneckomod:WideSting","sneckomod:TrashToTreasure","sneckomod:Unknown1Cost","sneckomod:IronFang","Slimebound:Icky","Slimebound:Icky","Slimebound:Icky","sneckomod:UnknownRarePower","sneckomod:UnknownRarePower","Ghostly","Ghostly","Ghostly","Ghostly","Ghostly","sneckomod:UnknownRareAttack","sneckomod:UnknownDexterity","sneckomod:UnknownVulnerable+1","sneckomod:SlitherStrike+1","sneckomod:Bewildered","sneckomod:UnknownCommonSkill","sneckomod:ImprovisedAttack+1","sneckomod:DiceBoulder+1","sneckomod:UnknownRareAttack","sneckomod:UnknownBlock","sneckomod:UnknownCommonAttack+1","sneckomod:UnknownVulnerable+1","sneckomod:CheapStock+1","sneckomod:UnknownStrength","expansioncontent:DefensiveMode+1","The Bomb+1","sneckomod:Unknown2Cost","sneckomod:UnknownVulnerable","sneckomod:UnknownVulnerable","sneckomod:UnknownRareAttack","sneckomod:UnknownBlock","sneckomod:UnknownBlock+1"],"relics":["sneckomod:SneckoSoul","downfall:HeartsMalice","HornCleat","Lantern","downfall:HeartBlessingRed","sneckomod:ConfusingCodex","sneckomod:SneckoTalon","downfall:HeartBlessingGreen","downfall:HeartBlessingBlue","Ancient Tea Set","Pen Nib","Mummified Hand","Nilry\u0027s Codex","sneckomod:BabySnecko","MutagenicStrength","Tiny House","Frozen Egg 2","Meat on the Bone","Boot","StoneCalendar","Art of War","DollysMirror"],"acts_visited":["Exordium","TheCity","TheBeyond","TheEnding"],"potions_floor_usage":[6,13,16,16,26,33,36,38,49,49],"damage_taken":[{"damage":0,"enemies":"Cultist","floor":2,"turns":1},{"damage":0,"enemies":"3 Sentries","floor":4,"turns":1},{"damage":0,"enemies":"downfall:FleeingMerchant","floor":5,"turns":1},{"damage":28,"enemies":"3 Sentries","floor":6,"turns":12},{"damage":18,"enemies":"Lagavulin","floor":9,"turns":5},{"damage":10,"enemies":"Small Slimes","floor":11,"turns":3},{"damage":9,"enemies":"Jaw Worm","floor":12,"turns":2},{"damage":6,"enemies":"Large Slime","floor":13,"turns":2},{"damage":0,"enemies":"2 Fungi Beasts","floor":15,"turns":4},{"damage":37,"enemies":"downfall:Silent","floor":16,"turns":8},{"damage":21,"enemies":"Slavers","floor":20,"turns":7},{"damage":1,"enemies":"Shell Parasite","floor":23,"turns":5},{"damage":47,"enemies":"Gremlin Leader","floor":26,"turns":6},{"damage":0,"enemies":"Spheric Guardian","floor":31,"turns":3},{"damage":3,"enemies":"Snake Plant","floor":32,"turns":4},{"damage":6,"enemies":"downfall:Defect","floor":33,"turns":7},{"damage":12,"enemies":"Orb Walker","floor":36,"turns":3},{"damage":0,"enemies":"downfall:FleeingMerchant","floor":37,"turns":4},{"damage":33,"enemies":"3 Shapes","floor":38,"turns":5},{"damage":0,"enemies":"downfall:FleeingMerchant","floor":40,"turns":4},{"damage":31,"enemies":"Spire Growth","floor":46,"turns":5},{"damage":3,"enemies":"Mind Bloom Boss Battle","floor":47,"turns":6},{"damage":1,"enemies":"downfall:FleeingMerchant","floor":48,"turns":4},{"damage":33,"enemies":"Maw","floor":49,"turns":6},{"damage":4,"enemies":"downfall:Watcher","floor":50,"turns":7},{"damage":62,"enemies":"downfall:CharBossMerchant","floor":52,"turns":3}],"seed_played":"-1089958490315053645","potions_obtained":[{"floor":4,"key":"Dexterity Potion"},{"floor":9,"key":"sneckomod:DiceRollPotion"},{"floor":12,"key":"Regen Potion"},{"floor":15,"key":"Strength Potion"},{"floor":23,"key":"sneckomod:DiceRollPotion"},{"floor":26,"key":"SpeedPotion"},{"floor":32,"key":"Regen Potion"},{"floor":34,"key":"hexamod:EctoCoolerPotion"},{"floor":36,"key":"Fire Potion"},{"floor":46,"key":"Explosive Potion"}],"is_trial":false,"path_per_floor":["R","M","?","?","$","E","T","R","E","R","M","M","M","?","M","B",null,"R","?","E","R","?","M","T","R","E","R","?","?","?","M","M","B",null,"R","M","$","M","?","$","T","R","?","R","?","M","?","$","M","B",null,"E"],"character_chosen":"THE_SNECKO","items_purchased":["Apotheosis","sneckomod:UnlimitedRolls","Frozen Egg 2","Meat on the Bone","sneckomod:CheapStock+1","The Bomb","Art of War","DollysMirror","DuplicationPotion","sneckomod:UnknownBlock"],"campfire_rested":5,"item_purchase_floors":[5,5,37,37,37,40,48,48,48,48],"current_hp_per_floor":[81,82,82,83,83,55,55,82,64,91,81,73,67,67,68,46,83,93,52,32,47,48,53,53,53,6,22,6,6,6,7,4,14,52,63,52,53,33,33,45,45,45,45,45,58,40,38,44,24,34,57,0,0],"gold":22,"neow_bonus":"THREE_ENEMY_KILL","is_daily":false,"chose_seed":false,"campfire_upgraded":4,"win_rate":0.0,"timestamp":1608156954,"path_taken":["R","M","?","?","$","E","T","R","E","R","M","?","M","?","M","BOSS","R","?","E","R","?","M","T","R","E","R","?","?","?","?","M","BOSS","R","M","?","M","?","$","T","R","?","R","?","M","?","?","M","BOSS","E"],"items_purchased_type":["Card","Card","Relic","Relic","Card","Card","Relic","Relic","Potion","Card"],"build_version":"2020-12-13","purchased_purges":1,"victory":false,"max_hp_per_floor":[90,91,91,92,92,92,92,92,92,92,92,93,93,93,94,95,95,105,52,53,53,54,55,55,55,55,55,55,55,55,56,56,57,63,63,64,65,66,66,66,66,66,66,66,58,59,60,63,64,64,64,64,64],"card_choices":[{"not_picked":["sneckomod:UnknownUncommonAttack","sneckomod:DiceCrush"],"picked":"sneckomod:UnknownDexterity","floor":2},{"not_picked":["sneckomod:DiceBlock","sneckomod:UnknownStrike"],"picked":"sneckomod:Unknown0Cost","floor":4},{"not_picked":["sneckomod:UnknownStrike","sneckomod:UnknownBlock"],"picked":"sneckomod:RainOfDice","floor":5},{"not_picked":["sneckomod:UnknownBlock","sneckomod:DefensiveFlair"],"picked":"sneckomod:SoulRoll","floor":6},{"not_picked":["sneckomod:RainOfDice","sneckomod:CheapStock"],"picked":"sneckomod:WideSting","floor":9},{"not_picked":["sneckomod:SoulCleanse","sneckomod:UnknownUncommonPower"],"picked":"sneckomod:TrashToTreasure","floor":11},{"not_picked":["sneckomod:DiceCrush","sneckomod:UnknownClassTHE_CHAMP_GRAY"],"picked":"sneckomod:Unknown1Cost","floor":12},{"not_picked":["sneckomod:UnknownX","sneckomod:Unknown2Cost"],"picked":"sneckomod:IronFang","floor":13},{"not_picked":["sneckomod:IronFang","sneckomod:UnknownExhaust"],"picked":"sneckomod:UnknownRarePower","floor":15},{"not_picked":["sneckomod:SoulExchange","sneckomod:DangerNoodle"],"picked":"sneckomod:UnknownRarePower","floor":16},{"not_picked":["sneckomod:DiceBlock","sneckomod:SoulDraw+1"],"picked":"sneckomod:UnknownRareAttack","floor":20},{"not_picked":["sneckomod:UnknownWeak","sneckomod:DiceCrush"],"picked":"sneckomod:UnknownVulnerable+1","floor":23},{"not_picked":["sneckomod:UnknownClassGREEN+1","sneckomod:UnknownCommonSkill"],"picked":"sneckomod:SlitherStrike","floor":26},{"not_picked":["sneckomod:SoulRoll","sneckomod:MixItUp"],"picked":"sneckomod:UnknownCommonSkill","floor":31},{"not_picked":["sneckomod:UnknownClassGREEN","sneckomod:Rotation+1"],"picked":"sneckomod:ImprovisedAttack+1","floor":31},{"not_picked":["sneckomod:DiceCrush","sneckomod:UnknownClassHEXA_GHOST_PURPLE"],"picked":"sneckomod:DiceBoulder","floor":32},{"not_picked":["sneckomod:SoulExchange","sneckomod:Mudshield"],"picked":"sneckomod:UnknownRareAttack","floor":33},{"not_picked":["sneckomod:UnknownVulnerable","sneckomod:UnknownClassTHE_CHAMP_GRAY"],"picked":"sneckomod:UnknownBlock","floor":34},{"not_picked":["sneckomod:UnknownEthereal","sneckomod:WideSting"],"picked":"sneckomod:UnknownCommonAttack+1","floor":36},{"not_picked":["sneckomod:UnknownWeak","sneckomod:SoulRoll+1"],"picked":"sneckomod:UnknownVulnerable+1","floor":37},{"not_picked":["sneckomod:DiceBlock","sneckomod:SoulRoll+1"],"picked":"sneckomod:UnknownStrength","floor":38},{"not_picked":["expansioncontent:DarkVoid","expansioncontent:YouAreMine"],"picked":"expansioncontent:DefensiveMode+1","floor":39},{"not_picked":["sneckomod:QuickMove","sneckomod:QuickBite","sneckomod:CheapStock+1"],"picked":"SKIP","floor":40},{"not_picked":["sneckomod:WideSting","sneckomod:UnknownWeak+1"],"picked":"sneckomod:Unknown2Cost","floor":46},{"not_picked":["sneckomod:QuickBite","sneckomod:DiceCrush+1"],"picked":"sneckomod:UnknownVulnerable","floor":47},{"not_picked":["sneckomod:SoulDraw","sneckomod:SerpentMind+1"],"picked":"sneckomod:UnknownVulnerable","floor":48},{"not_picked":["sneckomod:DiceBlock","sneckomod:UnknownClassGUARDIAN+1"],"picked":"sneckomod:UnknownBlock+1","floor":49}],"player_experience":397468,"relics_obtained":[{"floor":4,"key":"HornCleat"},{"floor":6,"key":"Lantern"},{"floor":9,"key":"sneckomod:ConfusingCodex"},{"floor":20,"key":"Ancient Tea Set"},{"floor":24,"key":"Pen Nib"},{"floor":26,"key":"Mummified Hand"},{"floor":28,"key":"Nilry\u0027s Codex"},{"floor":41,"key":"Boot"},{"floor":47,"key":"StoneCalendar"}],"event_choices":[{"damage_healed":0,"gold_gain":0,"player_choice":"Became a Ghost","damage_taken":0,"max_hp_gain":0,"max_hp_loss":53,"event_name":"Ghosts","floor":19,"gold_loss":0,"cards_obtained":["Ghostly","Ghostly","Ghostly","Ghostly","Ghostly"]},{"damage_healed":0,"gold_gain":0,"player_choice":"Read","damage_taken":0,"max_hp_gain":0,"max_hp_loss":0,"event_name":"The Library","floor":22,"gold_loss":0,"cards_obtained":["sneckomod:UnknownDexterity"]},{"damage_healed":0,"gold_gain":0,"player_choice":"Inject Mutagens","damage_taken":0,"relics_obtained":["MutagenicStrength"],"max_hp_gain":0,"max_hp_loss":0,"event_name":"Drug Dealer","floor":30,"gold_loss":0},{"cards_removed":["sneckomod:Unknown"],"damage_healed":0,"gold_gain":0,"player_choice":"Removed Skill","damage_taken":0,"max_hp_gain":0,"max_hp_loss":0,"event_name":"Falling","floor":43,"gold_loss":0}],"is_beta":false,"boss_relics":[{"not_picked":["SacredBark","sneckomod:SuperSneckoSoul"],"picked":"sneckomod:SneckoTalon"},{"not_picked":["Velvet Choker","Sozu"],"picked":"Tiny House"}],"items_purged_floors":[5],"is_endless":false,"potions_floor_spawned":[4,9,12,15,23,26,32,36,46],"killed_by":"downfall:CharBossMerchant","ascension_level":8}}