{"host":"xyexbe31ku0ov20l","time":1608115330,"event":{"mods":["AchievementEnabler","AlwaysNeverKeys","BaseMod","Bestiary","Block Reminder","Colored Map","Colored Powertips","Curses Come First","Displayed Cursed Tome","Minty Spire (QoL Compilation)","Permanent Neow","Quick Restart","Random Character Button","Rare Cards Sparkle","Relic Stats","StSLib"],"gold_per_floor":[119,119,132,143,156,156,185,30,30,30,360,440,455,475,475,579,579,594,606,10,10,10,10,43,43,43,43,55,55,72,82,82,179,179,193,193,0,13,1012,1012,1030,1030,1030,1079,1092,138,157,189,189,189,189],"floor_reached":50,"playtime":3504,"items_purged":[],"score":788,"play_id":"d6174299-cc68-44a8-8ec1-2588d8ce616e","local_time":"20201216024210","is_ascension_mode":true,"campfire_choices":[{"data":"Apotheosis","floor":6,"key":"SMITH"},{"data":"Heavy Blade","floor":10,"key":"SMITH"},{"data":"True Grit","floor":15,"key":"SMITH"},{"floor":23,"key":"REST"},{"data":"Strike_R","floor":25,"key":"PURGE"},{"data":"Strike_R","floor":27,"key":"PURGE"},{"data":"Perfected Strike+1","floor":32,"key":"PURGE"},{"data":"Normality","floor":40,"key":"PURGE"},{"data":"Normality","floor":42,"key":"PURGE"},{"floor":49,"key":"REST"}],"circlet_count":0,"master_deck":["Defend_R","Defend_R","Defend_R","Defend_R","Bash","Apotheosis+1","Thunderclap","Heavy Blade+1","Battle Trance","Spot Weakness","Headbutt","Disarm","True Grit+1","Exhume","Shrug It Off","Dropkick","Reckless Charge+1","Rupture","Bite","Bite","Bite","Bite","Offering","Cleave+1","Impervious","Disarm+1","Fire Breathing","Flame Barrier","Dark Shackles","Feel No Pain","Entrench"],"relics":["Burning Blood","Red Skull","PreservedInsect","Pantograph","Old Coin","Matryoshka","Fusion Hammer","Letter Opener","Peace Pipe","MutagenicStrength","StoneCalendar","Kunai","Sundial","Mark of Pain","Red Mask","Self Forming Clay","Pear","Gambling Chip","Mercury Hourglass","Toolbox","White Beast Statue","Nunchaku"],"acts_visited":["TheCity","TheBeyond"],"potions_floor_usage":[33,33,35,41,44,44,50,50,50],"damage_taken":[{"damage":0,"enemies":"Cultist","floor":1,"turns":3},{"damage":8,"enemies":"2 Louse","floor":3,"turns":3},{"damage":8,"enemies":"Jaw Worm","floor":4,"turns":4},{"damage":11,"enemies":"Lots of Slimes","floor":5,"turns":4},{"damage":24,"enemies":"Lagavulin","floor":7,"turns":7},{"damage":11,"enemies":"Looter","floor":13,"turns":2},{"damage":6,"enemies":"2 Fungi Beasts","floor":14,"turns":4},{"damage":30,"enemies":"The Guardian","floor":16,"turns":10},{"damage":16,"enemies":"2 Thieves","floor":18,"turns":4},{"damage":2,"enemies":"Chosen","floor":19,"turns":5},{"damage":23,"enemies":"Slavers","floor":24,"turns":5},{"damage":8,"enemies":"Centurion and Healer","floor":28,"turns":4},{"damage":10,"enemies":"Shelled Parasite and Fungi","floor":30,"turns":6},{"damage":29,"enemies":"Cultist and Chosen","floor":31,"turns":6},{"damage":72,"enemies":"Automaton","floor":33,"turns":10},{"damage":43,"enemies":"3 Darklings","floor":35,"turns":5},{"damage":18,"enemies":"Orb Walker","floor":38,"turns":3},{"damage":23,"enemies":"3 Darklings","floor":41,"turns":5},{"damage":19,"enemies":"2 Orb Walkers","floor":44,"turns":5},{"damage":11,"enemies":"Sphere and 2 Shapes","floor":45,"turns":6},{"damage":7,"enemies":"Writhing Mass","floor":47,"turns":5},{"damage":11,"enemies":"Nemesis","floor":48,"turns":5},{"damage":103,"enemies":"Time Eater","floor":50,"turns":12}],"seed_played":"-6586773477274303731","potions_obtained":[{"floor":5,"key":"PowerPotion"},{"floor":7,"key":"SkillPotion"},{"floor":13,"key":"Fire Potion"},{"floor":24,"key":"ColorlessPotion"},{"floor":33,"key":"Fire Potion"},{"floor":35,"key":"EssenceOfSteel"},{"floor":41,"key":"Block Potion"},{"floor":47,"key":"SpeedPotion"}],"is_trial":false,"path_per_floor":["M","?","M","M","M","R","E","$","T","R","?","T","M","M","R","B",null,"M","M","$","?","?","R","E","R","T","R","M","?","M","M","R","B",null,"M","?","?","M","?","R","M","R","T","?","M","$","M","E","R","B"],"character_chosen":"IRONCLAD","items_purchased":["PreservedInsect","Letter Opener","Peace Pipe","Dropkick","Mercury Hourglass","Fire Breathing","Toolbox","White Beast Statue","Flame Barrier","FearPotion","Energy Potion","Dark Shackles"],"campfire_rested":2,"item_purchase_floors":[8,20,20,20,46,46,46,46,46,46,46,46],"current_hp_per_floor":[78,78,76,74,69,69,51,51,51,51,51,51,46,46,46,47,72,62,66,66,66,51,76,59,59,59,59,57,57,59,42,42,20,49,30,30,30,30,30,30,25,25,35,33,38,38,52,61,69,0,0],"gold":189,"neow_bonus":"RANDOM_COLORLESS_2","is_daily":false,"chose_seed":false,"campfire_upgraded":3,"win_rate":0.0,"timestamp":1608115330,"path_taken":["M","?","M","?","M","R","E","$","T","R","?","?","?","M","R","BOSS","M","M","$","?","?","R","E","R","T","R","M","?","M","M","R","BOSS","M","?","?","M","?","R","?","R","T","?","M","$","M","E","R","BOSS"],"items_purchased_type":["Relic","Relic","Relic","Card","Relic","Card","Relic","Relic","Card","Potion","Potion","Card"],"build_version":"2020-12-13","purchased_purges":0,"victory":false,"max_hp_per_floor":[80,80,80,80,80,80,80,80,80,80,80,80,80,80,80,80,80,80,80,80,80,85,85,85,85,85,85,85,59,59,59,59,59,59,59,59,59,59,59,59,59,59,69,69,69,69,69,69,69,69,69],"relic_stats":{"counters":[23,123],"Self Forming Clay":[54],"StoneCalendar":[104],"PreservedInsect":91,"Letter Opener":[215],"Burning Blood":126,"Mercury Hourglass":[56],"Peace Pipe":5,"Nunchaku":[2],"Sundial":[8],"Pantograph":42,"Gambling Chip":[8],"Kunai":[21],"obtain_stats":[{"Pear":43,"Self Forming Clay":43,"StoneCalendar":24,"PreservedInsect":8,"Letter Opener":20,"Burning Blood":0,"White Beast Statue":46,"Old Coin":11,"Mercury Hourglass":46,"Peace Pipe":20,"Nunchaku":48,"Matryoshka":12,"Sundial":26,"Pantograph":9,"MutagenicStrength":21,"Gambling Chip":44,"Toolbox":46,"Fusion Hammer":17,"Mark of Pain":34,"Red Mask":37,"Kunai":26,"Red Skull":7},{"Pear":18,"Self Forming Clay":18,"StoneCalendar":11,"PreservedInsect":5,"Letter Opener":10,"Burning Blood":0,"White Beast Statue":20,"Old Coin":5,"Mercury Hourglass":20,"Peace Pipe":10,"Nunchaku":22,"Matryoshka":5,"Sundial":11,"Pantograph":5,"MutagenicStrength":10,"Gambling Chip":19,"Toolbox":20,"Fusion Hammer":8,"Mark of Pain":15,"Red Mask":16,"Kunai":11,"Red Skull":5},{"Pear":90,"Self Forming Clay":90,"StoneCalendar":51,"PreservedInsect":21,"Letter Opener":46,"Burning Blood":0,"White Beast Statue":101,"Old Coin":21,"Mercury Hourglass":101,"Peace Pipe":46,"Nunchaku":111,"Matryoshka":21,"Sundial":51,"Pantograph":21,"MutagenicStrength":46,"Gambling Chip":95,"Toolbox":101,"Fusion Hammer":37,"Mark of Pain":77,"Red Mask":82,"Kunai":51,"Red Skull":21}]},"card_choices":[{"not_picked":["Magnetism","Transmutation"],"picked":"Apotheosis","floor":0},{"not_picked":["Uppercut","Sword Boomerang"],"picked":"Thunderclap","floor":1},{"not_picked":["Twin Strike","Fiend Fire"],"picked":"Heavy Blade","floor":3},{"not_picked":["Havoc","Clothesline"],"picked":"Battle Trance","floor":4},{"not_picked":["Anger","Havoc"],"picked":"Spot Weakness","floor":5},{"not_picked":["Wild Strike","Battle Trance"],"picked":"Headbutt","floor":7},{"not_picked":["Sentinel","Warcry"],"picked":"Disarm","floor":13},{"not_picked":["Perfected Strike","Clothesline"],"picked":"True Grit","floor":14},{"not_picked":["Brutality","Offering"],"picked":"Exhume","floor":16},{"not_picked":["Dual Wield+1","Body Slam"],"picked":"Shrug It Off","floor":18},{"not_picked":["Sword Boomerang+1","Battle Trance+1","Iron Wave"],"picked":"SKIP","floor":19},{"not_picked":["Headbutt","Warcry"],"picked":"Reckless Charge+1","floor":24},{"not_picked":["Evolve","Reckless Charge"],"picked":"Rupture","floor":28},{"not_picked":["Carnage","Battle Trance+1","Clash"],"picked":"SKIP","floor":30},{"not_picked":["Anger","Twin Strike+1"],"picked":"Perfected Strike+1","floor":31},{"not_picked":["Berserk","Exhume"],"picked":"Offering","floor":33},{"not_picked":["Perfected Strike+1","Iron Wave"],"picked":"Cleave+1","floor":35},{"not_picked":["Havoc","Heavy Blade"],"picked":"Impervious","floor":38},{"not_picked":["Heavy Blade","Havoc","Thunderclap"],"picked":"SKIP","floor":41},{"not_picked":["Battle Trance+1","Armaments+1"],"picked":"Disarm+1","floor":44},{"not_picked":["Twin Strike+1","Ghostly Armor","True Grit"],"picked":"SKIP","floor":45},{"not_picked":["Sword Boomerang","Burning Pact+1"],"picked":"Feel No Pain","floor":47},{"not_picked":["Thunderclap+1","Berserk"],"picked":"Entrench","floor":48}],"player_experience":2205285,"relics_obtained":[{"floor":7,"key":"Red Skull"},{"floor":9,"key":"Pantograph"},{"floor":12,"key":"Matryoshka"},{"floor":24,"key":"StoneCalendar"},{"floor":26,"key":"Kunai"},{"floor":26,"key":"Sundial"},{"floor":43,"key":"Self Forming Clay"},{"floor":43,"key":"Pear"},{"floor":44,"key":"Gambling Chip"},{"floor":48,"key":"Nunchaku"}],"event_choices":[{"cards_removed":["Shame"],"damage_healed":0,"gold_gain":0,"player_choice":"Removed Curses","damage_taken":0,"max_hp_gain":0,"max_hp_loss":0,"event_name":"Fountain of Cleansing","floor":2,"gold_loss":0},{"damage_healed":0,"gold_gain":30,"player_choice":"Searched \u00272\u0027 times","damage_taken":0,"relics_obtained":["Old Coin"],"max_hp_gain":0,"max_hp_loss":0,"event_name":"Dead Adventurer","floor":11,"gold_loss":0},{"damage_healed":0,"gold_gain":0,"player_choice":"Inject Mutagens","damage_taken":0,"relics_obtained":["MutagenicStrength"],"max_hp_gain":0,"max_hp_loss":0,"event_name":"Drug Dealer","floor":21,"gold_loss":0},{"damage_healed":0,"gold_gain":0,"player_choice":"Shed Blood","damage_taken":20,"max_hp_gain":5,"max_hp_loss":0,"event_name":"Forgotten Altar","floor":22,"gold_loss":0},{"damage_healed":0,"gold_gain":0,"player_choice":"Became a vampire","damage_taken":0,"max_hp_gain":0,"max_hp_loss":26,"event_name":"Vampires","floor":29,"gold_loss":0,"cards_obtained":["Bite","Bite","Bite","Bite","Bite"]},{"cards_removed":["Bite"],"damage_healed":0,"gold_gain":0,"player_choice":"Removed Attack","damage_taken":0,"max_hp_gain":0,"max_hp_loss":0,"event_name":"Falling","floor":36,"gold_loss":0},{"damage_healed":0,"gold_gain":0,"player_choice":"Paid","damage_taken":0,"relics_obtained":["Red Mask"],"max_hp_gain":0,"max_hp_loss":0,"event_name":"Tomb of Lord Red Mask","floor":37,"gold_loss":193},{"damage_healed":0,"gold_gain":999,"player_choice":"Gold","damage_taken":0,"max_hp_gain":0,"max_hp_loss":0,"event_name":"MindBloom","floor":39,"gold_loss":0,"cards_obtained":["Normality","Normality"]},{"damage_healed":0,"gold_gain":0,"player_choice":"Fight","damage_taken":0,"max_hp_gain":0,"max_hp_loss":0,"event_name":"Mysterious Sphere","floor":44,"gold_loss":0}],"is_beta":false,"boss_relics":[{"not_picked":["Empty Cage","Calling Bell"],"picked":"Fusion Hammer"},{"not_picked":["Snecko Eye","Astrolabe"],"picked":"Mark of Pain"}],"items_purged_floors":[],"is_endless":false,"potions_floor_spawned":[5,7,13,24,30,33,35,41,47,48],"killed_by":"Time Eater","ascension_level":9}}