{"host":"nmjik3bzoelmmajy","time":1608130879,"event":{"mods":["BaseMod","Better Third Choice","Colored Map","DeckTracker","Minty Spire (QoL Compilation)","Quick Restart","Say the Spire","StSLib","SuperFastMode"],"gold_per_floor":[114,125,50,65,65,92,92,92,92,92,111,129,161,176,176,250,250,268,268,284,39,59,59,84,84,84,84,84,84],"floor_reached":28,"playtime":1327,"items_purged":[],"score":581,"play_id":"0d950e77-58fd-4939-8899-dcd54a120618","local_time":"20201217000119","is_ascension_mode":true,"campfire_choices":[{"data":"Footwork","floor":7,"key":"SMITH"},{"data":"Neutralize","floor":10,"key":"SMITH"},{"data":"Cloak And Dagger","floor":15,"key":"SMITH"},{"data":"Well Laid Plans","floor":23,"key":"SMITH"},{"floor":25,"key":"REST"},{"data":"Machine Learning","floor":27,"key":"SMITH"}],"circlet_count":0,"master_deck":["AscendersBane","Strike_G+1","Defend_G","Defend_G","Defend_G","Defend_G","Defend_G","Survivor","Neutralize+1","Dagger Throw+1","Terror","Backflip+1","Footwork+1","Backflip","Acrobatics","Footwork","Cloak And Dagger+1","A Thousand Cuts","Tactician","All Out Attack+1","Dodge and Roll","Blade Dance","Well Laid Plans+1","ReachHeaven+1","Machine Learning+1"],"relics":["Ring of the Snake","PreservedInsect","FossilizedHelix","Question Card","Molten Egg 2","WristBlade","PrismaticShard","Whetstone","Bottled Tornado"],"acts_visited":["Exordium","TheCity"],"potions_floor_usage":[2,11,13,16,24],"damage_taken":[{"damage":6,"enemies":"Jaw Worm","floor":1,"turns":6},{"damage":13,"enemies":"2 Louse","floor":2,"turns":7},{"damage":0,"enemies":"Cultist","floor":4,"turns":4},{"damage":17,"enemies":"3 Sentries","floor":6,"turns":10},{"damage":0,"enemies":"3 Louse","floor":11,"turns":1},{"damage":0,"enemies":"Looter","floor":12,"turns":3},{"damage":0,"enemies":"Lagavulin","floor":13,"turns":6},{"damage":0,"enemies":"Large Slime","floor":14,"turns":10},{"damage":0,"enemies":"Hexaghost","floor":16,"turns":10},{"damage":1,"enemies":"Spheric Guardian","floor":18,"turns":8},{"damage":0,"enemies":"Chosen","floor":20,"turns":6},{"damage":16,"enemies":"Snake Plant","floor":22,"turns":5},{"damage":28,"enemies":"Gremlin Leader","floor":24,"turns":6},{"damage":37,"enemies":"Slavers","floor":28,"turns":2}],"seed_played":"-3281525009044786308","potions_obtained":[{"floor":1,"key":"Regen Potion"},{"floor":6,"key":"Explosive Potion"},{"floor":11,"key":"SteroidPotion"},{"floor":13,"key":"Strength Potion"},{"floor":22,"key":"AttackPotion"}],"is_trial":false,"path_per_floor":["M","M","?","M","?","E","R","?","T","R","M","M","E","M","R","B",null,"M","?","M","$","M","R","E","R","T","R","E"],"character_chosen":"THE_SILENT","items_purchased":["Well Laid Plans","PrismaticShard"],"campfire_rested":1,"item_purchase_floors":[21,21],"current_hp_per_floor":[53,55,55,55,55,38,38,38,38,38,38,38,38,38,38,38,59,58,58,58,58,42,42,14,33,33,33,0,0],"gold":84,"neow_bonus":"RANDOM_COMMON_RELIC","is_daily":false,"chose_seed":false,"campfire_upgraded":5,"win_rate":0.0,"timestamp":1608130879,"path_taken":["M","M","?","M","?","E","R","?","T","R","M","M","E","?","R","BOSS","M","?","M","$","M","R","E","R","T","R","E"],"items_purchased_type":["Card","Relic"],"build_version":"2020-12-13","purchased_purges":0,"victory":false,"max_hp_per_floor":[66,66,66,66,66,66,66,66,66,66,66,66,66,66,66,66,66,66,66,66,66,66,66,66,66,66,66,66,66],"card_choices":[{"not_picked":["Catalyst","Masterful Stab"],"picked":"Dagger Throw","floor":1},{"not_picked":["Flying Knee","Riddle With Holes"],"picked":"Terror","floor":2},{"not_picked":["Sucker Punch","Acrobatics"],"picked":"Backflip","floor":4},{"not_picked":["Blade Dance","Malaise"],"picked":"Footwork","floor":6},{"not_picked":["Bane","Distraction","Dagger Throw"],"picked":"Backflip","floor":11},{"not_picked":["Quick Slash","Leg Sweep","Reflex"],"picked":"Acrobatics","floor":12},{"not_picked":["Grand Finale+1","Riddle With Holes+1","PiercingWail"],"picked":"Footwork","floor":13},{"not_picked":["Underhanded Strike+1","Dodge and Roll","Quick Slash+1"],"picked":"Cloak And Dagger","floor":14},{"not_picked":["Phantasmal Killer","Glass Knife+1","Malaise"],"picked":"A Thousand Cuts","floor":16},{"not_picked":["Leg Sweep","Deadly Poison","Quick Slash+1"],"picked":"Tactician","floor":18},{"not_picked":["All Out Attack+1","Deadly Poison+1","Bane+1"],"picked":"Blade Dance","floor":20},{"not_picked":["EmptyBody","Deflect","Seek"],"picked":"ReachHeaven+1","floor":22},{"not_picked":["Cleave+1","Ragnarok+1","Sucker Punch+1"],"picked":"Machine Learning","floor":24}],"player_experience":808069,"relics_obtained":[{"floor":6,"key":"FossilizedHelix"},{"floor":9,"key":"Question Card"},{"floor":13,"key":"Molten Egg 2"},{"floor":24,"key":"Whetstone"},{"floor":26,"key":"Bottled Tornado"}],"event_choices":[{"cards_removed":["Strike_G"],"damage_healed":0,"gold_gain":0,"player_choice":"Card Removal","damage_taken":0,"max_hp_gain":0,"max_hp_loss":0,"event_name":"The Cleric","floor":3,"gold_loss":75},{"damage_healed":0,"gold_gain":0,"player_choice":"Grow","damage_taken":0,"max_hp_gain":0,"max_hp_loss":0,"event_name":"Living Wall","floor":5,"gold_loss":0,"cards_upgraded":["Backflip"]},{"cards_removed":["Strike_G"],"damage_healed":0,"gold_gain":0,"player_choice":"Offered Basic","damage_taken":0,"max_hp_gain":0,"max_hp_loss":0,"event_name":"Bonfire Elementals","floor":8,"gold_loss":0},{"damage_healed":0,"gold_gain":0,"cards_transformed":["Strike_G","Strike_G"],"player_choice":"Became Test Subject","damage_taken":0,"max_hp_gain":0,"max_hp_loss":0,"event_name":"Drug Dealer","floor":19,"gold_loss":0,"cards_obtained":["All Out Attack","Dodge and Roll"]}],"is_beta":false,"boss_relics":[{"not_picked":["Philosopher\u0027s Stone","HoveringKite"],"picked":"WristBlade"}],"items_purged_floors":[],"is_endless":false,"potions_floor_spawned":[1,6,11,13,22],"killed_by":"Slavers","ascension_level":16}}