{"host":"ydedwhtj7an0mou1","time":1608094097,"event":{"mods":["Act Like it!","Aspiration","BaseMod","Conspire","Downfall","GifTheSpireLib","Hallownest","Hermit","Hubris","Infinite Spire","Jorbs\u0027s Wanderer Trilogy","Marisa????????","Minty Spire (QoL Compilation)","Replay The Spire","StSLib","SuperFastMode","The Bug Knight","The Cursed","The Hierophant","The Necromancer","The Servant 0.9.4"],"gold_per_floor":[10415,10415,10415,9800,9814,9841,9841,9870,9870,9870,9895,9225,9225,9244,9244,9342,9342,9356,9371,9371,8624,8624,8650,7751,7791,7817,7817,7844,7844,7871,7902,7902,8005,8005,8015,8015,8015,7481,7481],"floor_reached":38,"playtime":37030,"items_purged":["Defend_G","Strike_G","Strike_G","hubris:SlightOfHand+1"],"score":710,"play_id":"4a577427-27da-4780-9c25-fba2e3222340","local_time":"20201216024817","daily_mods":["Heirloom","Time Dilation","Flight","DeadlyEvents","Elite Swarm"],"is_ascension_mode":true,"campfire_choices":[{"data":"Neutralize","floor":7.0,"key":"SMITH"},{"data":"Adrenaline","floor":10.0,"key":"SMITH"},{"floor":13.0,"key":"REST"},{"data":"Terror","floor":15.0,"key":"SMITH"},{"data":"infinitespire:Neurotoxin","floor":27.0,"key":"SMITH"},{"data":"Replay:Bag of Tricks","floor":29.0,"key":"SMITH"},{"floor":32,"key":"REST"}],"circlet_count":0,"master_deck":["Strike_G","Strike_G","Strike_G","Defend_G","Defend_G","Defend_G","Survivor","Neutralize+1","Poisoned Stab","Adrenaline+1","Blade Dance","Terror+1","infinitespire:Neurotoxin+1","Master of Strategy","Replay:Bag of Tricks+1","Bullet Time"],"relics":["Ring of the Snake","Old Coin","Omamori","hubris:ToyBattleship","Replay:Bottled Snecko","OrangePellets","Potion Belt","aspiration:StickyExplosives_weak","conspire:InfiniteJournal","Meat on the Bone","Sundial","Blood Vial","Orrery","expansioncontent:StudyCardRelic","aspiration:Lifesprig","infinitespire:Satchel","hubris:HerbalPaste","conspire:TopHat","Toy Ornithopter","Iron Hammer","Replay:Lucky Slots","hexamod:BolsterEngine","Replay:Mystery Machine","Dream Catcher","Oddly Smooth Stone","Molten Egg 2","sneckomod:SneckoTalon","Eternal Feather","infinitespire:Beetle Shell","Chemical X"],"acts_visited":["Exordium","TheCity","TheBeyond"],"potions_floor_usage":[],"damage_taken":[{"damage":0.0,"enemies":"Cultist","floor":1.0,"turns":4.0},{"damage":0.0,"enemies":"conspire:RoseBush","floor":5.0,"turns":4.0},{"damage":15.0,"enemies":"HollowMod:MossKnight","floor":6.0,"turns":8.0},{"damage":15.0,"enemies":"Lagavulin","floor":8.0,"turns":7.0},{"damage":10.0,"enemies":"Gremlin Nob","floor":11.0,"turns":4.0},{"damage":0.0,"enemies":"2 Louse","floor":14.0,"turns":1.0},{"damage":62.0,"enemies":"Fading Forest","floor":16.0,"turns":11.0},{"damage":1.0,"enemies":"Chosen","floor":18.0,"turns":3.0},{"damage":4.0,"enemies":"2 Thieves","floor":19.0,"turns":3.0},{"damage":32.0,"enemies":"Gremlin Leader","floor":23.0,"turns":6.0},{"damage":0.0,"enemies":"conspire:Head Lice","floor":25.0,"turns":3.0},{"damage":1.0,"enemies":"conspire:SneckoGhost","floor":28.0,"turns":2.0},{"damage":4.0,"enemies":"Nightmare","floor":30.0,"turns":4.0},{"damage":2,"enemies":"Gremlin Leader","floor":31,"turns":3},{"damage":0,"enemies":"conspire:MysteriousRune","floor":33,"turns":4},{"damage":3,"enemies":"3 Darklings","floor":35,"turns":3}],"seed_played":"8582783552191220312","potions_obtained":[{"floor":1.0,"key":"BlessingOfTheForge"},{"floor":6.0,"key":"EssenceOfSteel"},{"floor":23.0,"key":"GhostInAJar"},{"floor":31,"key":"EntropicBrew"}],"is_trial":true,"path_per_floor":["M","$","?","$","M","E","R","E","T","R","E","$","R","M","R","B",null,"M","M","?","$","?","E","$","E","T","R","E","R","NM","E","R","B",null,"M","?","?","$"],"character_chosen":"THE_SILENT","items_purchased":["hubris:ToyBattleship","Replay:Bottled Snecko","OrangePellets","Sundial","Blood Vial","Orrery","aspiration:Lifesprig","infinitespire:Satchel","hubris:HerbalPaste","Master of Strategy","Toy Ornithopter","Iron Hammer","Replay:Lucky Slots","Replay:Bag of Tricks","Eternal Feather","infinitespire:Beetle Shell","Chemical X"],"campfire_rested":2,"item_purchase_floors":[4,4,4,12,12,12,21,21,21,21,24,24,24,24,38,38,38],"current_hp_per_floor":[70,70,70,70,70,55,55,40,40,40,30,30,51,53,53,31,70,69,66,66,66,66,41,41,48,48,48,52,52,56,62,70,70,70,67,67,67,67,67],"gold":7481,"neow_bonus":"","is_daily":false,"chose_seed":false,"campfire_upgraded":5,"win_rate":0.0,"timestamp":1608094097,"path_taken":["M","?","?","$","?","E","R","E","T","R","?","$","R","?","R","BOSS","M","M","?","$","?","E","$","E","T","R","E","R","NM","E","R","BOSS","M","?","?","$"],"items_purchased_type":["Relic","Relic","Relic","Relic","Relic","Relic","Relic","Relic","Relic","Card","Relic","Relic","Relic","Card","Relic","Relic","Relic"],"build_version":"2020-12-13","purchased_purges":4,"victory":false,"max_hp_per_floor":[70,70,70,70,70,70,70,70,70,70,70,70,70,70,70,70,70,70,70,70,70,70,70,70,70,70,70,70,70,70,70,70,70,70,70,70,70,70,70],"card_choices":[{"not_picked":["conspire:DoublingDagger","Dagger Spray"],"picked":"hubris:SlightOfHand","floor":1.0},{"not_picked":["Toxin Wave","Slice","conspire:DoublingDagger"],"picked":"SKIP","floor":5.0},{"not_picked":["Corpse Explosion","Venomology","Malaise"],"picked":"SKIP","floor":6.0},{"not_picked":["ReplayTheSpireMod:Necrosis","A Thousand Cuts"],"picked":"Adrenaline","floor":8.0},{"not_picked":["Corpse Explosion","Envenom","Storm of Steel"],"picked":"SKIP","floor":11.0},{"not_picked":["PiercingWail","Dodge and Roll"],"picked":"Blade Dance","floor":12.0},{"not_picked":["PiercingWail","Underhanded Strike"],"picked":"Terror","floor":12.0},{"not_picked":["Choke","Prepared","Draining Mist"],"picked":"SKIP","floor":14.0},{"not_picked":["Night Terror","Envenom"],"picked":"infinitespire:Neurotoxin","floor":16.0},{"not_picked":["Outmaneuver","Catalyst+1","Heel Hook"],"picked":"SKIP","floor":18.0},{"not_picked":["Endless Agony","Outmaneuver","Prepared"],"picked":"SKIP","floor":19.0},{"not_picked":["Burst","Tools of the Trade","ReplayTheSpireMod:From All Sides"],"picked":"SKIP","floor":23.0},{"not_picked":["Doppelganger","Night Terror","Bullet Time"],"picked":"SKIP","floor":25.0},{"not_picked":["infinitespire:Neurotoxin","Die Die Die","Venomology"],"picked":"SKIP","floor":28.0},{"not_picked":["Unload","A Thousand Cuts","ReplayTheSpireMod:Necrosis"],"picked":"SKIP","floor":30},{"not_picked":["Night Terror","Venomology"],"picked":"Bullet Time","floor":31},{"not_picked":["Underhanded Strike+1","Endless Agony+1","Outmaneuver+1"],"picked":"SKIP","floor":35}],"player_experience":304103,"relics_obtained":[{"floor":6.0,"key":"Potion Belt"},{"floor":8.0,"key":"aspiration:StickyExplosives_weak"},{"floor":9.0,"key":"conspire:InfiniteJournal"},{"floor":11.0,"key":"Meat on the Bone"},{"floor":23.0,"key":"conspire:TopHat"},{"floor":25.0,"key":"hexamod:BolsterEngine"},{"floor":26.0,"key":"Replay:Mystery Machine"},{"floor":28.0,"key":"Dream Catcher"},{"floor":30,"key":"Oddly Smooth Stone"},{"floor":31,"key":"Molten Egg 2"}],"event_choices":[{"damage_healed":0.0,"max_hp_gain":0.0,"max_hp_loss":0.0,"gold_gain":0.0,"cards_transformed":["Defend_G"],"event_name":"Transmorgrifier","player_choice":"Transformed","floor":3.0,"gold_loss":0.0,"damage_taken":0.0,"cards_obtained":["Poisoned Stab"]},{"damage_healed":0.0,"max_hp_gain":0.0,"max_hp_loss":0.0,"gold_gain":0.0,"event_name":"Vampires","player_choice":"Ignored","floor":20.0,"gold_loss":0.0,"damage_taken":0.0},{"damage_healed":0.0,"max_hp_gain":0.0,"max_hp_loss":0.0,"gold_gain":0.0,"event_name":"Upgrade Shrine","player_choice":"Upgraded","floor":22.0,"gold_loss":0.0,"damage_taken":0.0,"cards_upgraded":["hubris:SlightOfHand"]},{"damage_healed":0,"gold_gain":0,"player_choice":"Ignored","damage_taken":0,"max_hp_gain":0,"max_hp_loss":0,"event_name":"Tomb of Lord Red Mask","floor":37,"gold_loss":0}],"is_beta":false,"boss_relics":[{"not_picked":["Replay:Wanted Poster","WristBlade"],"picked":"expansioncontent:StudyCardRelic"},{"not_picked":["conspire:SlowCooker","Empty Cage"],"picked":"sneckomod:SneckoTalon"}],"items_purged_floors":[4,12,21,24],"is_endless":false,"potions_floor_spawned":[1,6,19,23,31],"ascension_level":1}}