{"host":"a5y02gvi04tqovpl","time":1608087569,"event":{"mods":["Act Like it!","BaseMod","Better Third Choice","Colored Map","Downfall","Minty Spire (QoL Compilation)","StSLib"],"gold_per_floor":[99,99,99,128,128,128,128,128,38,38,55,205,224,236,251,251,251],"floor_reached":16,"playtime":603,"items_purged":["Regret"],"score":123,"play_id":"82522b60-b564-4683-be55-38f56eae6aec","local_time":"20201216132929","is_ascension_mode":false,"campfire_choices":[{"data":"champ:Taunt","floor":1,"key":"SMITH"},{"data":"champ:Encircle","floor":6,"key":"SMITH"},{"data":"champ:HeartStrike","floor":8,"key":"SMITH"},{"floor":10,"key":"RECALL"}],"circlet_count":0,"master_deck":["champ:Strike+1","champ:Strike+1","champ:Strike","champ:Strike","champ:Defend","champ:Defend","champ:Defend+1","champ:Defend","champ:Execute","champ:Taunt+1","champ:HeartStrike+1","champ:EnragedBash","champ:Encircle+1","champ:DeathBlow","Slimebound:Icky","champ:Shatter","champ:BerserkersShout"],"relics":["champ:ChampionCrown","downfall:HeartsMalice","Gremlin Horn","Shuriken"],"acts_visited":["Exordium"],"potions_floor_usage":[],"damage_taken":[{"damage":0,"enemies":"2 Louse","floor":2,"turns":1},{"damage":0,"enemies":"Jaw Worm","floor":3,"turns":1},{"damage":0,"enemies":"3 Sentries","floor":4,"turns":1},{"damage":21,"enemies":"downfall:FleeingMerchant","floor":9,"turns":4},{"damage":6,"enemies":"Small Slimes","floor":11,"turns":4},{"damage":19,"enemies":"Blue Slaver","floor":13,"turns":2},{"damage":25,"enemies":"Large Slime","floor":14,"turns":3},{"damage":33,"enemies":"3 Louse","floor":15,"turns":3},{"damage":125,"enemies":"downfall:Defect","floor":16,"turns":5}],"seed_played":"-6615773534818580157","potions_obtained":[{"floor":11,"key":"Ancient Potion"},{"floor":13,"key":"DuplicationPotion"},{"floor":15,"key":"SkillPotion"}],"is_trial":false,"path_per_floor":["R","M","M","E","?","R","T","R","$","R","M","?","M","M","M","B"],"character_chosen":"THE_CHAMP","items_purchased":[],"campfire_rested":0,"item_purchase_floors":[],"current_hp_per_floor":[90,90,90,90,90,90,90,90,83,83,81,81,72,72,66,0,0],"gold":251,"neow_bonus":"THREE_ENEMY_KILL","is_daily":false,"chose_seed":false,"campfire_upgraded":3,"win_rate":0.0,"timestamp":1608087569,"path_taken":["R","M","M","E","?","R","T","R","$","R","M","?","M","M","M","BOSS"],"items_purchased_type":[],"build_version":"2020-12-13","purchased_purges":1,"victory":false,"max_hp_per_floor":[90,90,90,90,90,90,90,90,90,90,90,90,90,90,90,90,90],"card_choices":[{"not_picked":["champ:AdrenalArmor","champ:BerserkersShout"],"picked":"champ:HeartStrike","floor":2},{"not_picked":["champ:Haymaker","champ:DefensiveShout"],"picked":"champ:EnragedBash","floor":3},{"not_picked":["champ:EndlessRage","champ:GutPunch"],"picked":"champ:Encircle","floor":4},{"not_picked":["champ:GladiatorsShout","champ:BringItOn","champ:BladeFlurry"],"picked":"SKIP","floor":9},{"not_picked":["champ:Improvising","champ:FlashCut"],"picked":"champ:DeathBlow","floor":11},{"not_picked":["champ:BringItOn","champ:StanceDance"],"picked":"champ:Shatter","floor":13},{"not_picked":["champ:TornadoPunch","champ:Encircle"],"picked":"champ:BerserkersShout","floor":14},{"not_picked":["champ:FlashCut","champ:BladeFlurry","champ:FocusedDefense"],"picked":"SKIP","floor":15}],"player_experience":2827,"relics_obtained":[{"floor":4,"key":"Gremlin Horn"},{"floor":7,"key":"Shuriken"}],"event_choices":[],"is_beta":false,"boss_relics":[],"items_purged_floors":[9],"is_endless":false,"potions_floor_spawned":[11,13,15],"killed_by":"downfall:Defect","ascension_level":0}}