{"host":"yuhibl5o0ay6idau","time":1608136545,"event":{"mods":["Aspiration","BaseMod","Better Altar","Better Match","Better Note","Better Sensory Stone","Better Skull","Better Third Choice","Colored Map","Colored Powertips","Conspire","Highlight Path","Minty Spire (QoL Compilation)","Quick Restart","Replay The Spire","StSLib","SuperFastMode"],"gold_per_floor":[114,114,133,58,71,71,99,114,138,157,157,171,171,181,181,282,282,301,301,301,314,214,245,245,273,273,273,285,315,327,340,340,443,443,460,460,502,281,358,358,384,384,466,466,466,516,546,561,561,561],"floor_reached":51,"playtime":3759,"items_purged":["Strike_P","Eruption","Vigilance"],"score":968,"play_id":"105e4987-9aec-42ff-b2f8-de823a87d89c","local_time":"20201216083545","is_ascension_mode":true,"campfire_choices":[{"data":"Worship","floor":6,"key":"SMITH"},{"floor":13,"key":"REST"},{"floor":15,"key":"DIG"},{"data":"EmptyBody","floor":24,"key":"SMITH"},{"data":"Prostrate","floor":32,"key":"SMITH"},{"data":"Wish","floor":40,"key":"SMITH"},{"data":"Wish+1","floor":42,"key":"SMITH"},{"data":"EmptyBody+1","floor":49,"key":"SMITH"}],"circlet_count":0,"master_deck":["JustLucky","Worship+1","Prostrate+1","Brilliance","CutThroughFate","Brilliance","EmptyBody+2","Prostrate","ThirdEye","Shrug It Off+1","Bandage Up+1","Wish+2","Deflect+1","Finesse","Replay:AtTheReady+1","Shockwave+1","Expertise+1"],"relics":["PureWater","Bird Faced Urn","Replay:Accelerometer","Bronze Scales","conspire:InfiniteJournal","Sozu","MutagenicStrength","Replay:Kaleidoscope","aspiration:DSix","Garlic","PrismaticShard","Tiny Chest","conspire:RunicOctahedron","Ginger","conspire:GlowingRock","Kunai","aspiration:SeaSaltIceCream","aspiration:Nostalgia","Sizzling Blood","Toxic Egg 2"],"acts_visited":["Exordium","TheCity","TheBeyond"],"potions_floor_usage":[16,16,16],"damage_taken":[{"damage":0,"enemies":"2 Louse","floor":1,"turns":4},{"damage":0,"enemies":"Cultist","floor":3,"turns":4},{"damage":6,"enemies":"Jaw Worm","floor":5,"turns":5},{"damage":23,"enemies":"Lagavulin","floor":7,"turns":7},{"damage":5,"enemies":"Looter","floor":8,"turns":4},{"damage":6,"enemies":"Blue Slaver","floor":10,"turns":4},{"damage":2,"enemies":"Exordium Wildlife","floor":12,"turns":4},{"damage":2,"enemies":"2 Fungi Beasts","floor":14,"turns":3},{"damage":20,"enemies":"Slime Boss","floor":16,"turns":6},{"damage":0,"enemies":"Spheric Guardian","floor":18,"turns":3},{"damage":0,"enemies":"conspire:FuzzyDice","floor":21,"turns":3},{"damage":0,"enemies":"Replay:Snechameleon","floor":23,"turns":2},{"damage":6,"enemies":"conspire:Head Lice","floor":25,"turns":3},{"damage":3,"enemies":"Snake Plant","floor":28,"turns":2},{"damage":8,"enemies":"Slavers","floor":29,"turns":6},{"damage":0,"enemies":"Centurion and Healer","floor":30,"turns":3},{"damage":0,"enemies":"Snecko","floor":31,"turns":4},{"damage":0,"enemies":"Collector","floor":33,"turns":6},{"damage":0,"enemies":"Orb Walker","floor":35,"turns":2},{"damage":0,"enemies":"3 Darklings","floor":37,"turns":3},{"damage":0,"enemies":"2 Orb Walkers","floor":39,"turns":3},{"damage":18,"enemies":"R_Hoarder","floor":41,"turns":7},{"damage":0,"enemies":"Writhing Mass","floor":46,"turns":2},{"damage":0,"enemies":"Reptomancer","floor":47,"turns":1},{"damage":0,"enemies":"Maw","floor":48,"turns":4},{"damage":40,"enemies":"Time Eater","floor":50,"turns":5}],"seed_played":"-5139889712175235709","potions_obtained":[{"floor":1,"key":"Languid Potion"},{"floor":7,"key":"Elixir"},{"floor":8,"key":"Adrenaline Potion"},{"floor":12,"key":"Swift Potion"},{"floor":16,"key":"Elixir"}],"is_trial":false,"path_per_floor":["M","?","M","$","M","R","E","M","T","M","?","M","R","M","R_BF","B",null,"M","?","?","M","$","E","R","E","T","?","M","E","M","M","R","B",null,"M","?","M","$","?","R","E","R","T","T","?","M","E","M","R","B",null],"character_chosen":"WATCHER","items_purchased":["Finesse"],"campfire_rested":1,"item_purchase_floors":[38],"current_hp_per_floor":[51,51,51,51,45,45,22,17,17,11,11,9,30,28,28,8,72,72,72,72,72,72,72,72,66,66,58,55,47,47,47,47,53,72,72,72,72,72,72,72,68,68,68,72,72,76,76,76,76,46],"gold":561,"neow_bonus":"REMOVE_TWO","is_daily":false,"chose_seed":false,"campfire_upgraded":6,"win_rate":0.0,"timestamp":1608136545,"path_taken":["M","?","M","$","M","R","E","?","T","M","?","M","R","M","R_BF","BOSS","M","?","?","M","?","E","R","E","T","?","M","E","M","?","R","BOSS","M","?","M","$","?","R","E","R","T","?","?","M","E","?","R","BOSS"],"items_purchased_type":["Card"],"build_version":"2020-12-13","purchased_purges":3,"victory":true,"max_hp_per_floor":[72,72,72,72,72,72,72,72,72,72,72,72,72,72,72,72,72,72,72,72,72,72,72,72,72,72,72,72,72,72,72,72,72,72,72,72,72,72,72,72,72,72,72,76,76,76,76,76,76,76],"card_choices":[{"not_picked":["Replay:Hum","CarveReality","JustLucky"],"picked":"SKIP","floor":1},{"not_picked":["Replay:Hum","CarveReality"],"picked":"JustLucky","floor":1},{"not_picked":["Crescendo","SignatureMove"],"picked":"JustLucky","floor":3},{"not_picked":["CrushJoints","ThirdEye"],"picked":"Worship","floor":5},{"not_picked":["CrushJoints","WheelKick"],"picked":"Prostrate","floor":7},{"not_picked":["EmptyBody","Halt"],"picked":"Brilliance","floor":8},{"not_picked":["BowlingBash","WheelKick"],"picked":"CutThroughFate","floor":10},{"not_picked":["FlurryOfBlows","Replay:BluntJabs","CrushJoints"],"picked":"SKIP","floor":12},{"not_picked":["Indignation","CutThroughFate","WindmillStrike"],"picked":"SKIP","floor":14},{"not_picked":["MasterReality","Judgement"],"picked":"Brilliance","floor":16},{"not_picked":["SashWhip","Crescendo","Wallop"],"picked":"SKIP","floor":18},{"not_picked":["FlurryOfBlows+1","EmptyFist+1"],"picked":"EmptyBody","floor":21},{"not_picked":["Adaptation+1","Halt","ReachHeaven"],"picked":"SKIP","floor":23},{"not_picked":["Omniscience","Replay:Hum+1"],"picked":"Prostrate","floor":25},{"not_picked":["Replay:Vibes","Replay:AtTheReady"],"picked":"ThirdEye","floor":27},{"not_picked":["Defy Death","ReplayTheSpireMod:Strike From Hell+1"],"picked":"Shrug It Off+1","floor":28},{"not_picked":["WindmillStrike","Consecrate","ClearTheMind"],"picked":"SKIP","floor":29},{"not_picked":["Armaments+1","Mind Blast","Wild Strike"],"picked":"SKIP","floor":30},{"not_picked":["Replay:AtTheReady","Cloak And Dagger"],"picked":"Bandage Up+1","floor":31},{"not_picked":["Replay:AllIn","ReplayRNGCard"],"picked":"Wish","floor":33},{"not_picked":["PiercingWail+1","Streamline","Defragment+1"],"picked":"SKIP","floor":35},{"not_picked":["Heel Hook+1","Dodge and Roll+1"],"picked":"Deflect+1","floor":37},{"not_picked":["Fusion","Dual Wield+1","PathToVictory"],"picked":"SKIP","floor":41},{"not_picked":["Carnage+1","FollowUp"],"picked":"Replay:AtTheReady+1","floor":46},{"not_picked":["Crescendo+1","Stack+1"],"picked":"Shockwave+1","floor":47},{"not_picked":["Self Repair+1","EmptyBody+1"],"picked":"Expertise+1","floor":48}],"player_experience":371409,"relics_obtained":[{"floor":7,"key":"Replay:Accelerometer"},{"floor":9,"key":"Bronze Scales"},{"floor":15,"key":"conspire:InfiniteJournal"},{"floor":23,"key":"Replay:Kaleidoscope"},{"floor":25,"key":"aspiration:DSix"},{"floor":26,"key":"Garlic"},{"floor":27,"key":"PrismaticShard"},{"floor":29,"key":"Tiny Chest"},{"floor":39,"key":"Ginger"},{"floor":41,"key":"conspire:GlowingRock"},{"floor":43,"key":"Kunai"},{"floor":44,"key":"aspiration:SeaSaltIceCream"},{"floor":47,"key":"Toxic Egg 2"}],"event_choices":[{"damage_healed":0,"gold_gain":0,"player_choice":"Gave Potion","damage_taken":0,"relics_obtained":["Bird Faced Urn"],"max_hp_gain":0,"max_hp_loss":0,"event_name":"WeMeetAgain","floor":2,"gold_loss":0},{"damage_healed":0,"gold_gain":0,"player_choice":"Searched \u00270\u0027 times","damage_taken":0,"max_hp_gain":0,"max_hp_loss":0,"event_name":"Dead Adventurer","floor":11,"gold_loss":0},{"damage_healed":0,"gold_gain":0,"player_choice":"Inject Mutagens","damage_taken":0,"relics_obtained":["MutagenicStrength"],"max_hp_gain":0,"max_hp_loss":0,"event_name":"Drug Dealer","floor":19,"gold_loss":0},{"damage_healed":0,"gold_gain":0,"player_choice":"Materialism","damage_taken":0,"max_hp_gain":0,"max_hp_loss":5,"event_name":"betterThird:BetterWriting","floor":20,"gold_loss":0},{"cards_removed":["JustLucky"],"damage_healed":0,"gold_gain":0,"player_choice":"Removed Attack","damage_taken":0,"max_hp_gain":0,"max_hp_loss":0,"event_name":"Falling","floor":36,"gold_loss":0},{"damage_healed":0,"gold_gain":0,"player_choice":"Fight","damage_taken":0,"max_hp_gain":0,"max_hp_loss":0,"event_name":"Mysterious Sphere","floor":39,"gold_loss":0},{"damage_healed":0,"gold_gain":0,"player_choice":"Got Potions","damage_taken":0,"max_hp_gain":0,"max_hp_loss":0,"event_name":"Lab","floor":45,"gold_loss":0}],"is_beta":false,"boss_relics":[{"not_picked":["Ectoplasm","ChewingGum"],"picked":"Sozu"},{"not_picked":["Philosopher\u0027s Stone","Replay:Drink Me"],"picked":"conspire:RunicOctahedron"}],"items_purged_floors":[4,22,38],"is_endless":false,"potions_floor_spawned":[1,7,8,12,16,23,28,31,33,35,41,48],"ascension_level":3}}