{"host":"28p8ce41sjwa6lzf","time":1608152442,"event":{"mods":["BaseMod","Colored Map","Colored Powertips","Highlight Path","Minty Spire (QoL Compilation)","Permanent Neow","Quick Restart","Random Character Button","Rare Cards Sparkle","Relic Stats","StSLib","Unceasing Turn Reminder"],"gold_per_floor":[14,25,25,37,54,54,91,91,91,132,132,160,160,16,16,104,104,130,130,157,207,207,207,207],"floor_reached":23,"playtime":1657,"items_purged":["Strike_G"],"score":394,"play_id":"e85605b3-2a3d-4f0f-9403-df975f6deae7","local_time":"20201216150042","is_ascension_mode":true,"campfire_choices":[{"data":"Bouncing Flask","floor":6.0,"key":"SMITH"},{"data":"Burst","floor":11,"key":"SMITH"},{"floor":15,"key":"REST"}],"circlet_count":0,"master_deck":["AscendersBane","Strike_G","Strike_G","Strike_G","Defend_G","Defend_G","Defend_G","Defend_G","Defend_G","Survivor","Neutralize","Apotheosis+1","Distraction","Terror","Bouncing Flask+1","Noxious Fumes","Burst+1","Blade Dance","Footwork","After Image","Dodge and Roll"],"relics":["Ring of the Snake","CeramicFish","Tingsha","Gremlin Horn","Akabeko","Runic Pyramid","Enchiridion","Toy Ornithopter"],"acts_visited":["TheCity"],"potions_floor_usage":[7,23,23],"damage_taken":[{"damage":1.0,"enemies":"2 Louse","floor":1.0,"turns":3.0},{"damage":1.0,"enemies":"Jaw Worm","floor":2.0,"turns":7.0},{"damage":2.0,"enemies":"Small Slimes","floor":4.0,"turns":3.0},{"damage":0.0,"enemies":"3 Louse","floor":5.0,"turns":4.0},{"damage":22,"enemies":"3 Sentries","floor":7,"turns":8},{"damage":4,"enemies":"Lagavulin","floor":10,"turns":4},{"damage":7,"enemies":"Blue Slaver","floor":12,"turns":3},{"damage":4,"enemies":"Slime Boss","floor":16,"turns":7},{"damage":13,"enemies":"Shell Parasite","floor":18,"turns":4},{"damage":32,"enemies":"Gremlin Leader","floor":23,"turns":4}],"seed_played":"-7952460698365890815","potions_obtained":[{"floor":4.0,"key":"PowerPotion"},{"floor":5.0,"key":"LiquidMemories"},{"floor":7,"key":"GhostInAJar"}],"is_trial":false,"path_per_floor":["M","M","?","M","M","R","E","?","T","E","R","M","?","$","R","B",null,"M","?","T","?","?","E"],"character_chosen":"THE_SILENT","items_purchased":["Footwork"],"campfire_rested":1,"item_purchase_floors":[14],"current_hp_per_floor":[58,57,57,55,55,55,33,15,15,11,11,4,4,4,23,19,54,41,20,20,20,20,0,0],"gold":207,"neow_bonus":"RANDOM_COLORLESS_2","is_daily":false,"chose_seed":false,"campfire_upgraded":2,"win_rate":0.0,"timestamp":1608152442,"path_taken":["M","M","?","M","M","R","E","?","T","E","R","M","?","$","R","BOSS","M","?","?","?","?","E"],"items_purchased_type":["Card"],"build_version":"2020-12-13","purchased_purges":1,"victory":false,"max_hp_per_floor":[66,66,66,66,66,66,66,66,66,66,66,66,66,66,66,66,66,66,66,66,66,66,66,66],"relic_stats":{"Gremlin Horn":[5,5],"counters":[10,47],"CeramicFish":54,"Tingsha":[49],"obtain_stats":[{"Gremlin Horn":9,"CeramicFish":7,"Enchiridion":19,"Tingsha":8,"Akabeko":10,"Toy Ornithopter":20,"Ring of the Snake":0,"Runic Pyramid":17},{"Gremlin Horn":5,"CeramicFish":5,"Enchiridion":9,"Tingsha":5,"Akabeko":6,"Toy Ornithopter":9,"Ring of the Snake":0,"Runic Pyramid":8},{"Gremlin Horn":25,"CeramicFish":25,"Enchiridion":43,"Tingsha":25,"Akabeko":29,"Toy Ornithopter":43,"Ring of the Snake":0,"Runic Pyramid":39}],"Toy Ornithopter":10,"Ring of the Snake":[20]},"card_choices":[{"not_picked":["Secret Technique","Secret Weapon"],"picked":"Apotheosis","floor":0.0},{"not_picked":["Finisher","Endless Agony"],"picked":"Distraction","floor":1.0},{"not_picked":["Backflip","Slice"],"picked":"Terror","floor":2.0},{"not_picked":["Tactician","Bane"],"picked":"Bouncing Flask","floor":4.0},{"not_picked":["Bane","Caltrops","Deflect"],"picked":"SKIP","floor":5.0},{"not_picked":["Quick Slash","Flying Knee"],"picked":"Noxious Fumes","floor":7},{"not_picked":["Venomology","Prepared"],"picked":"Burst","floor":10},{"not_picked":["Dagger Throw","Quick Slash"],"picked":"Blade Dance","floor":12},{"not_picked":["Storm of Steel","Tools of the Trade"],"picked":"After Image","floor":16},{"not_picked":["Blade Dance+1","Deflect"],"picked":"Dodge and Roll","floor":18}],"player_experience":1007173,"relics_obtained":[{"floor":7,"key":"CeramicFish"},{"floor":9,"key":"Gremlin Horn"},{"floor":10,"key":"Akabeko"},{"floor":19,"key":"Enchiridion"},{"floor":20,"key":"Toy Ornithopter"}],"event_choices":[{"damage_healed":0.0,"max_hp_gain":0.0,"max_hp_loss":0.0,"gold_gain":0.0,"event_name":"Living Wall","player_choice":"Grow","floor":3.0,"gold_loss":0.0,"damage_taken":0.0,"cards_upgraded":["Apotheosis"]},{"damage_healed":0,"gold_gain":0,"player_choice":"Success","damage_taken":18,"relics_obtained":["Tingsha"],"max_hp_gain":0,"max_hp_loss":0,"event_name":"Scrap Ooze","floor":8,"gold_loss":0},{"damage_healed":0,"gold_gain":0,"player_choice":"Ignored","damage_taken":0,"max_hp_gain":0,"max_hp_loss":0,"event_name":"Shining Light","floor":13,"gold_loss":0},{"damage_healed":0,"gold_gain":0,"player_choice":"Obtained Book","damage_taken":21,"max_hp_gain":0,"max_hp_loss":0,"event_name":"Cursed Tome","floor":19,"gold_loss":0},{"damage_healed":0,"gold_gain":50,"player_choice":"Stole From Cult","damage_taken":0,"max_hp_gain":0,"max_hp_loss":0,"event_name":"Nest","floor":21,"gold_loss":0},{"cards_removed":["Strike_G"],"damage_healed":0,"gold_gain":0,"player_choice":"Elegance","damage_taken":0,"max_hp_gain":0,"max_hp_loss":0,"event_name":"Back to Basics","floor":22,"gold_loss":0}],"is_beta":false,"boss_relics":[{"not_picked":["SlaversCollar","Runic Dome"],"picked":"Runic Pyramid"}],"items_purged_floors":[14],"is_endless":false,"potions_floor_spawned":[4,5,7,16],"killed_by":"Gremlin Leader","ascension_level":20}}