{"host":"fdq5pmhluajjrf8d","time":1608151263,"event":{"mods":["BaseMod","Minty Spire (QoL Compilation)"],"gold_per_floor":[119,139,139,155,167,167,167,15,86,86,98,98,114,114,114,190,190,209,259,133,143,158,158,158,158,158],"floor_reached":25,"playtime":676,"items_purged":[],"score":376,"play_id":"3e0c00bb-3fb1-46b7-ba56-2334ca7f3f1e","local_time":"20201216154103","is_ascension_mode":true,"campfire_choices":[{"data":"Redo","floor":6.0,"key":"SMITH"},{"floor":10.0,"key":"REST"},{"floor":15.0,"key":"REST"},{"floor":23,"key":"REST"}],"circlet_count":0,"master_deck":["AscendersBane","Strike_B","Strike_B","Strike_B","Defend_B+1","Defend_B","Defend_B","Zap","Dualcast","Ball Lightning","Redo+1","Leap","Storm","Reinforced Body","Thunder Strike+1","Ball Lightning","Barrage","Biased Cognition","Tempest+1","Defragment","Electrodynamics"],"relics":["Cracked Core","WarpedTongs","Bottled Flame","Bronze Scales","Empty Cage"],"acts_visited":["Exordium","TheCity"],"potions_floor_usage":[21],"damage_taken":[{"damage":9.0,"enemies":"Jaw Worm","floor":1.0,"turns":3.0},{"damage":1.0,"enemies":"Cultist","floor":2.0,"turns":3.0},{"damage":5.0,"enemies":"Small Slimes","floor":4.0,"turns":3.0},{"damage":9.0,"enemies":"Red Slaver","floor":5.0,"turns":3.0},{"damage":1.0,"enemies":"3 Louse","floor":11.0,"turns":3.0},{"damage":10.0,"enemies":"Blue Slaver","floor":13.0,"turns":3.0},{"damage":54,"enemies":"Hexaghost","floor":16,"turns":8},{"damage":0,"enemies":"Chosen","floor":18,"turns":3},{"damage":39,"enemies":"2 Thieves","floor":21,"turns":3},{"damage":0,"enemies":"Snecko","floor":22,"turns":4},{"damage":51,"enemies":"Book of Stabbing","floor":25,"turns":3}],"seed_played":"-1199958623021417224","potions_obtained":[{"floor":2.0,"key":"DuplicationPotion"},{"floor":5.0,"key":"Explosive Potion"},{"floor":11.0,"key":"FairyPotion"},{"floor":22,"key":"BlessingOfTheForge"}],"is_trial":false,"path_per_floor":["M","M","?","M","M","R","?","$","T","R","M","?","M","?","R","B",null,"M","?","$","M","M","R","?","E"],"character_chosen":"DEFECT","items_purchased":["Thunder Strike","Tempest","Defragment"],"campfire_rested":3,"item_purchase_floors":[8,20,20],"current_hp_per_floor":[62,61,61,56,47,47,47,47,47,70,69,64,54,31,54,23,64,64,64,64,25,25,48,48,0,0],"gold":158,"neow_bonus":"TEN_PERCENT_HP_BONUS","is_daily":false,"chose_seed":false,"campfire_upgraded":1,"win_rate":0.0,"timestamp":1608151263,"path_taken":["M","M","?","M","?","R","?","$","T","R","?","?","M","?","R","BOSS","M","?","$","?","M","R","?","E"],"items_purchased_type":["Card","Card","Card"],"build_version":"2020-12-13","purchased_purges":0,"victory":false,"max_hp_per_floor":[78,78,78,78,78,78,78,78,78,78,78,78,78,78,78,78,78,78,78,78,78,78,78,78,78,78],"card_choices":[{"not_picked":["Steam","Leap"],"picked":"Ball Lightning","floor":1.0},{"not_picked":["Beam Cell","Loop"],"picked":"Redo","floor":2.0},{"not_picked":["Melter","Double Energy"],"picked":"Leap","floor":4.0},{"not_picked":["Gash","Compile Driver"],"picked":"Storm","floor":5.0},{"not_picked":["Rip and Tear","Hyperbeam"],"picked":"Ball Lightning","floor":11.0},{"not_picked":["Steam","Rebound"],"picked":"Barrage","floor":13.0},{"not_picked":["Amplify","All For One"],"picked":"Biased Cognition","floor":16},{"not_picked":["Sweeping Beam","Reprogram","BootSequence"],"picked":"SKIP","floor":18},{"not_picked":["Scrape","Go for the Eyes","Rebound"],"picked":"SKIP","floor":21},{"not_picked":["Go for the Eyes","Rebound"],"picked":"Electrodynamics","floor":22}],"player_experience":1871579,"relics_obtained":[{"floor":9.0,"key":"Bottled Flame"}],"event_choices":[{"damage_healed":0.0,"max_hp_gain":0.0,"max_hp_loss":0.0,"gold_gain":0.0,"event_name":"Accursed Blacksmith","player_choice":"Rummage","floor":3.0,"gold_loss":0.0,"damage_taken":0.0,"relics_obtained":["WarpedTongs"],"cards_obtained":["Pain"]},{"damage_healed":0.0,"max_hp_gain":0.0,"max_hp_loss":0.0,"gold_gain":0.0,"cards_transformed":["Strike_B"],"event_name":"Transmorgrifier","player_choice":"Transformed","floor":7.0,"gold_loss":0.0,"damage_taken":0.0,"cards_obtained":["Reinforced Body"]},{"damage_healed":0.0,"max_hp_gain":0.0,"max_hp_loss":0.0,"gold_gain":0.0,"event_name":"Scrap Ooze","player_choice":"Success","floor":12.0,"gold_loss":0.0,"damage_taken":5.0,"relics_obtained":["Bronze Scales"]},{"damage_healed":0.0,"max_hp_gain":0.0,"max_hp_loss":0.0,"gold_gain":0.0,"event_name":"Shining Light","player_choice":"Entered Light","floor":14.0,"gold_loss":0.0,"damage_taken":23.0,"cards_upgraded":["Defend_B","Thunder Strike"]},{"damage_healed":0,"gold_gain":100,"player_choice":"Bet on Murderer","damage_taken":0,"max_hp_gain":0,"max_hp_loss":0,"event_name":"The Joust","floor":19,"gold_loss":50},{"damage_healed":0,"gold_gain":0,"player_choice":"Upgraded","damage_taken":0,"max_hp_gain":0,"max_hp_loss":0,"event_name":"Upgrade Shrine","floor":24,"gold_loss":0,"cards_upgraded":["Tempest"]}],"is_beta":false,"boss_relics":[{"not_picked":["Tiny House","SlaversCollar"],"picked":"Empty Cage"}],"items_purged_floors":[],"is_endless":false,"potions_floor_spawned":[2,5,11,22],"killed_by":"Book of Stabbing","ascension_level":19}}