{"host":"coame8l8goqx0svj","time":1608123519,"event":{"mods":["BaseMod","Downfall","Minty Spire (QoL Compilation)","StSLib"],"gold_per_floor":[99,199,124,151,151,151,232,232,265,190,207,221,235,77,88,190,190,190,190,200,200,64,74,74,107,107,32,47,147,55,75,93,195,195,195,208,225,325,359,409,487,556,556,616,148,165,215,225,240,240,240,275,57,57,57],"floor_reached":56,"playtime":3685,"items_purged":["Slimebound:Strike_Slimebound"],"score":1718,"play_id":"d1aaf385-0772-415c-bb8f-08ea7e7722a8","local_time":"20201216135839","is_ascension_mode":true,"campfire_choices":[{"floor":1,"key":"RECALL"},{"data":"Slimebound:Split","floor":3,"key":"SMITH"},{"data":"Slimebound:CorrosiveSpit","floor":8,"key":"SMITH"},{"data":"Slimebound:LivingWall","floor":10,"key":"SMITH"},{"data":"Slimebound:OneTwoCombo","floor":18,"key":"SMITH"},{"floor":27,"key":"REST"},{"data":"Slimebound:MinionMaster","floor":35,"key":"SMITH"},{"data":"Slimebound:SlimeBarrage","floor":43,"key":"SMITH"},{"data":"Slimebound:Overexert","floor":54,"key":"SMITH"}],"circlet_count":0,"master_deck":["Slimebound:Defend_Slimebound","Slimebound:Defend_Slimebound","Slimebound:Defend_Slimebound","Slimebound:Defend_Slimebound","Slimebound:Split+1","Slimebound:CorrosiveSpit+1","Slimebound:LivingWall+1","Slimebound:LeechingTouch","Slimebound:SplitBruiser+1","Slimebound:SamplingLick+1","Slimebound:Recollect+1","Slimebound:Darklings+1","Slimebound:DivideAndConquer+1","Slimebound:OneTwoCombo+1","Slimebound:SplitMire+1","Slimebound:SlimeBarrage+1","Slimebound:MinionMaster+1","Slimebound:Equalize","Slimebound:RejuvenatingLick+1","Slimebound:PrepareCrush+1","Slimebound:SlimeTap+1","Slimebound:SlimeSpikes+1","Slimebound:SplitLeeching+1","Slimebound:OneTwoCombo+1","Slimebound:Recollect+1","Slimebound:Overexert+1","Slimebound:MinionMaster","Slimebound:AcidTongue+1","Slimebound:LevelUp","Slimebound:TagTeam+1"],"relics":["Slimebound:AbsorbEndCombat","downfall:HeartsMalice","downfall:HeartBlessingRed","Slimebound:MaxSlimesRelic","Toxic Egg 2","Vajra","downfall:HeartBlessingGreen","Slimebound:AggressiveSlimeRelic","Empty Cage","Slimebound:SlimedTailRelic","Molten Egg 2","Oddly Smooth Stone","downfall:HeartBlessingBlue","downfall:CloakOfManyFaces","CultistMask","FaceOfCleric","NlothsMask","GremlinMask","SsserpentHead","Sozu","Unceasing Top","Potion Belt","Kunai","HornCleat"],"acts_visited":["Exordium","TheCity","TheBeyond","TheEnding"],"potions_floor_usage":[23,25,55],"damage_taken":[{"damage":0,"enemies":"Lagavulin","floor":4,"turns":1},{"damage":0,"enemies":"Cultist","floor":6,"turns":1},{"damage":0,"enemies":"Gremlin Nob","floor":9,"turns":1},{"damage":7,"enemies":"Small Slimes","floor":11,"turns":2},{"damage":16,"enemies":"Jaw Worm","floor":12,"turns":3},{"damage":17,"enemies":"Large Slime","floor":13,"turns":4},{"damage":18,"enemies":"downfall:FleeingMerchant","floor":14,"turns":4},{"damage":41,"enemies":"2 Fungi Beasts","floor":15,"turns":3},{"damage":62,"enemies":"downfall:Defect","floor":16,"turns":6},{"damage":44,"enemies":"Chosen","floor":20,"turns":2},{"damage":40,"enemies":"downfall:FleeingMerchant","floor":22,"turns":4},{"damage":42,"enemies":"3 Byrds","floor":23,"turns":2},{"damage":52,"enemies":"Slavers","floor":25,"turns":3},{"damage":38,"enemies":"Centurion and Healer","floor":28,"turns":2},{"damage":24,"enemies":"downfall:FaceTrader","floor":29,"turns":3},{"damage":28,"enemies":"Chosen and Byrds","floor":31,"turns":2},{"damage":38,"enemies":"Shelled Parasite and Fungi","floor":32,"turns":3},{"damage":48,"enemies":"downfall:Watcher","floor":33,"turns":3},{"damage":25,"enemies":"Orb Walker","floor":36,"turns":2},{"damage":24,"enemies":"3 Darklings","floor":37,"turns":2},{"damage":20,"enemies":"Mind Bloom Boss Battle","floor":38,"turns":2},{"damage":46,"enemies":"Nemesis","floor":39,"turns":3},{"damage":29,"enemies":"Sphere and 2 Shapes","floor":42,"turns":3},{"damage":52,"enemies":"Transient","floor":44,"turns":5},{"damage":24,"enemies":"Jaw Worm Horde","floor":46,"turns":1},{"damage":24,"enemies":"Sphere and 2 Shapes","floor":48,"turns":2},{"damage":36,"enemies":"Maw","floor":49,"turns":2},{"damage":44,"enemies":"downfall:Ironclad","floor":50,"turns":2},{"damage":67,"enemies":"downfall:CharBossMerchant","floor":52,"turns":4},{"damage":55,"enemies":"downfall:NeowBoss","floor":55,"turns":15}],"seed_played":"-910475695440705349","potions_obtained":[{"floor":4,"key":"Slimebound:SpawnSlimePotion"},{"floor":5,"key":"CultistPotion"},{"floor":5,"key":"FairyPotion"},{"floor":15,"key":"Fruit Juice"},{"floor":23,"key":"sneckomod:MuddlingPotion"},{"floor":28,"key":"ColorlessPotion"}],"is_trial":false,"path_per_floor":["R","?","R","E","?","M","T","R","E","R","M","M","M","$","M","B",null,"R","?","M","T","$","M","T","E","?","R","M","?","$","M","M","B",null,"R","M","M","?","E","?","T","M","R","M","$","M","?","M","M","B",null,"E","$","R","B",null],"character_chosen":"SLIMEBOUND","items_purchased":["Slimebound:AggressiveSlimeRelic","Slimebound:MinionMaster","Slimebound:SlimedTailRelic","Slimebound:SlimeSpikes+1","Slimebound:SplitLeeching+1","Kunai","Slimebound:Overexert","Slimebound:LevelUp","Slimebound:TagTeam+1"],"campfire_rested":1,"item_purchase_floors":[14,22,22,30,30,45,45,53,53],"current_hp_per_floor":[54,54,54,54,54,54,54,54,54,54,53,55,60,60,57,35,54,54,54,58,58,58,45,45,33,33,65,53,69,69,74,75,74,77,77,79,76,77,78,78,78,83,83,84,84,81,81,86,83,86,88,62,62,62,88],"gold":57,"neow_bonus":"THREE_ENEMY_KILL","is_daily":false,"chose_seed":false,"campfire_upgraded":7,"win_rate":0.0,"timestamp":1608123519,"path_taken":["R","?","R","E","?","?","T","R","E","R","M","M","M","$","M","BOSS","R","?","M","?","$","M","T","E","?","R","M","?","$","M","M","BOSS","R","M","M","?","E","?","T","?","R","?","$","M","?","M","M","BOSS","E","$","R","BOSS"],"items_purchased_type":["Relic","Card","Relic","Card","Card","Relic","Card","Card","Card"],"build_version":"2020-12-13","purchased_purges":1,"victory":true,"max_hp_per_floor":[60,60,60,60,60,60,60,60,60,60,60,60,60,60,60,60,60,60,60,60,60,60,65,65,65,65,75,75,75,75,76,77,78,78,78,79,80,81,82,82,82,83,83,84,84,85,85,86,87,88,88,89,89,89,90],"card_choices":[{"not_picked":["Slimebound:Gluttony","Slimebound:LeechingTouch"],"picked":"Slimebound:LivingWall","floor":4},{"not_picked":["Slimebound:ComboTackle","Slimebound:DivideAndConquer"],"picked":"Slimebound:LeechingTouch","floor":6},{"not_picked":["Slimebound:DivideAndConquer+1","Slimebound:TongueLash"],"picked":"Slimebound:SplitBruiser+1","floor":9},{"not_picked":["Slimebound:SplitBruiser+1","Slimebound:HungryTackle"],"picked":"Slimebound:Schlurp+1","floor":11},{"not_picked":["Slimebound:FinishingTackle","Slimebound:Schlurp+1"],"picked":"Slimebound:SamplingLick+1","floor":12},{"not_picked":["Slimebound:SlimeSlap","Slimebound:Equalize"],"picked":"Slimebound:Recollect+1","floor":13},{"not_picked":["Slimebound:ViciousTackle","Slimebound:LeechEnergy"],"picked":"Slimebound:Darklings+1","floor":14},{"not_picked":["Slimebound:LeechEnergy","Slimebound:RollThrough"],"picked":"Slimebound:DivideAndConquer+1","floor":15},{"not_picked":["Slimebound:WasteNot+1","Slimebound:DouseInSlime+1"],"picked":"Slimebound:OneTwoCombo","floor":16},{"not_picked":["Slimebound:SpikyOuterGoop","Slimebound:Chomp"],"picked":"Slimebound:SplitMire+1","floor":20},{"not_picked":["Slimebound:FormOfPuddle+1","Slimebound:GrowthPunch"],"picked":"Slimebound:SlimeBarrage","floor":22},{"not_picked":["Slimebound:ViciousTackle","Slimebound:SamplingLick+1"],"picked":"Slimebound:Equalize","floor":23},{"not_picked":["Slimebound:GoopSpray+1","Slimebound:PressTheAttack+1","Slimebound:Dissolve+1"],"picked":"SKIP","floor":25},{"not_picked":["Slimebound:AcidTongue+1","Slimebound:Nibble+1"],"picked":"Slimebound:SlimeTap+1","floor":28},{"not_picked":["Slimebound:HungryTackle+1","Slimebound:Chomp+1","Slimebound:PressTheAttack+1"],"picked":"SKIP","floor":31},{"not_picked":["Slimebound:Grow","Slimebound:LeechingTouch+1","Slimebound:DivideAndConquer+1"],"picked":"SKIP","floor":32},{"not_picked":["Slimebound:CheckThePlaybook+1","Slimebound:Overexert"],"picked":"Slimebound:OneTwoCombo+1","floor":33},{"not_picked":["Slimebound:LeechEnergy+1","Slimebound:SplitBruiser+1","Slimebound:GoopSpray+1"],"picked":"SKIP","floor":36},{"not_picked":["Slimebound:DivideAndConquer+1","Slimebound:RollThrough+1","Slimebound:ProtectTheBoss"],"picked":"SKIP","floor":37},{"not_picked":["Slimebound:GoopTackle+1","Slimebound:SamplingLick+1","Slimebound:SlimeSpikes+1"],"picked":"SKIP","floor":39},{"not_picked":["Slimebound:GoopTackle+1","Slimebound:SamplingLick+1","Slimebound:SlimeSpikes+1"],"picked":"SKIP","floor":39},{"not_picked":["Slimebound:RollThrough+1","Slimebound:Equalize+1"],"picked":"Slimebound:Recollect+1","floor":42},{"not_picked":["Slimebound:ViciousTackle+1","Slimebound:RollThrough+1","Slimebound:SplitMire+1"],"picked":"SKIP","floor":44},{"not_picked":["Slimebound:SplitMire+1","Slimebound:SlimeSpikes+1"],"picked":"Slimebound:MinionMaster","floor":46},{"not_picked":["Slimebound:SplitLeeching+1","Slimebound:ComboTackle+1"],"picked":"Slimebound:AcidTongue+1","floor":48},{"not_picked":["Slimebound:RollThrough+1","Slimebound:GoopSpray+1","Slimebound:GrowthPunch+1"],"picked":"SKIP","floor":49},{"not_picked":["Slimebound:LeechingTouch+1","Slimebound:ForwardTackle+1","Slimebound:ComboTackle+1"],"picked":"SKIP","floor":52}],"player_experience":1634282,"relics_obtained":[{"floor":4,"key":"Slimebound:MaxSlimesRelic"},{"floor":7,"key":"Toxic Egg 2"},{"floor":9,"key":"Vajra"},{"floor":24,"key":"Molten Egg 2"},{"floor":25,"key":"Oddly Smooth Stone"},{"floor":29,"key":"downfall:CloakOfManyFaces"},{"floor":38,"key":"Unceasing Top"},{"floor":39,"key":"Potion Belt"},{"floor":52,"key":"HornCleat"}],"event_choices":[{"damage_healed":0,"gold_gain":0,"player_choice":"Got Potions","damage_taken":0,"max_hp_gain":0,"max_hp_loss":0,"event_name":"Lab","floor":5,"gold_loss":0},{"damage_healed":0,"gold_gain":0,"player_choice":"Ignored","damage_taken":0,"max_hp_gain":0,"max_hp_loss":0,"event_name":"Vampires","floor":19,"gold_loss":0},{"damage_healed":0,"gold_gain":0,"cards_transformed":["Slimebound:Strike_Slimebound","Slimebound:Strike_Slimebound"],"player_choice":"Became Test Subject","damage_taken":0,"max_hp_gain":0,"max_hp_loss":0,"event_name":"Drug Dealer","floor":26,"gold_loss":0,"cards_obtained":["Slimebound:RejuvenatingLick","Slimebound:PrepareCrush"]}],"is_beta":false,"boss_relics":[{"not_picked":["Runic Dome","Pandora\u0027s Box"],"picked":"Empty Cage"},{"not_picked":["SacredBark","Fusion Hammer"],"picked":"Sozu"}],"items_purged_floors":[45],"is_endless":false,"potions_floor_spawned":[4,11,13,15,16,20,23,28,29,37,38,42,49],"ascension_level":7}}