{"host":"kiehjq3lc4w5t4uc","time":1608105985,"event":{"mods":["AchievementEnabler","BaseMod","BetterRewards","Colored Map","Colored Powertips","DeckTracker","Minty Spire (QoL Compilation)","Quick Restart","Rare Cards Sparkle","Relic Stats","Shop Mod","Spicy Shops","StSLib","SuperFastMode","The Cursed"],"gold_per_floor":[111,126,139,139,139,139,139],"floor_reached":6,"playtime":336,"items_purged":[],"score":41,"play_id":"6e5c7564-4fa5-4cf3-ac26-85d2072cc0c3","local_time":"20201216170625","is_ascension_mode":true,"campfire_choices":[],"circlet_count":0,"master_deck":["TheCursedMod:Strike_TheCursed","TheCursedMod:Strike_TheCursed","TheCursedMod:Strike_TheCursed","TheCursedMod:Strike_TheCursed","TheCursedMod:Defend_TheCursed","TheCursedMod:Defend_TheCursed","TheCursedMod:Defend_TheCursed+1","TheCursedMod:Defend_TheCursed+1","TheCursedMod:CursedWand","TheCursedMod:CleanUpWorkshop","TheCursedMod:Dregs","TheCursedMod:CursedAmulet+1","TheCursedMod:SpitefulPray+1"],"relics":["TheCursedMod:BlackMagic101","Toxic Egg 2","Du-Vu Doll","Molten Egg 2","TheCursedMod:PinkPellets","Shuriken","Bronze Scales"],"acts_visited":["Exordium"],"potions_floor_usage":[6],"damage_taken":[{"damage":6,"enemies":"Jaw Worm","floor":1,"turns":4},{"damage":3,"enemies":"Small Slimes","floor":2,"turns":4},{"damage":0,"enemies":"2 Louse","floor":3,"turns":3},{"damage":17,"enemies":"3 Sentries","floor":6,"turns":6}],"seed_played":"-9197569674421700534","potions_obtained":[{"floor":2,"key":"Weak Potion"},{"floor":3,"key":"Swift Potion"}],"is_trial":false,"path_per_floor":["M","M","M","?","?","E"],"character_chosen":"THE_CURSED","items_purchased":["Toxic Egg 2","Du-Vu Doll","Molten Egg 2","TheCursedMod:PinkPellets"],"campfire_rested":0,"item_purchase_floors":[0,0,0,0],"current_hp_per_floor":[69,66,66,33,18,1,1],"gold":139,"neow_bonus":"","is_daily":false,"chose_seed":false,"campfire_upgraded":0,"win_rate":0.0,"timestamp":1608105985,"path_taken":["M","M","M","?","?","E"],"items_purchased_type":["Relic","Relic","Relic","Relic"],"build_version":"2020-12-13","purchased_purges":0,"victory":false,"max_hp_per_floor":[75,75,75,75,75,75,75],"relic_stats":{"counters":[4,17],"Shuriken":[4],"Bronze Scales":[15],"obtain_stats":[{"Du-Vu Doll":0,"Shuriken":0,"Bronze Scales":4,"TheCursedMod:CrystalBall":0,"Molten Egg 2":0,"TheCursedMod:PinkPellets":0,"Toxic Egg 2":0},{"Du-Vu Doll":0,"Shuriken":0,"Bronze Scales":3,"TheCursedMod:CrystalBall":0,"Molten Egg 2":0,"TheCursedMod:PinkPellets":0,"Toxic Egg 2":0},{"Du-Vu Doll":0,"Shuriken":0,"Bronze Scales":11,"TheCursedMod:CrystalBall":0,"Molten Egg 2":0,"TheCursedMod:PinkPellets":0,"Toxic Egg 2":0}]},"card_choices":[{"not_picked":["TheCursedMod:TacticalStrike+1","TheCursedMod:RapidMovement+1"],"picked":"TheCursedMod:CursedAmulet+1","floor":1},{"not_picked":["TheCursedMod:CursedBlade+1","TheCursedMod:TacticalStrike+1","TheCursedMod:CircleOfCorruption+1"],"picked":"SKIP","floor":2},{"not_picked":["TheCursedMod:CircleOfFlame+1","TheCursedMod:BloodBarrier+1"],"picked":"TheCursedMod:SpitefulPray+1","floor":3}],"player_experience":99591,"relics_obtained":[],"event_choices":[{"damage_healed":0,"gold_gain":0,"player_choice":"Success","damage_taken":33,"relics_obtained":["Bronze Scales"],"max_hp_gain":0,"max_hp_loss":0,"event_name":"Scrap Ooze","floor":4,"gold_loss":0},{"damage_healed":0,"gold_gain":0,"player_choice":"Entered Light","damage_taken":15,"max_hp_gain":0,"max_hp_loss":0,"event_name":"Shining Light","floor":5,"gold_loss":0,"cards_upgraded":["TheCursedMod:Defend_TheCursed","TheCursedMod:Defend_TheCursed"]}],"is_beta":false,"boss_relics":[],"items_purged_floors":[],"is_endless":false,"potions_floor_spawned":[2,3],"killed_by":"3 Sentries","ascension_level":3}}