{"host":"rqd50iigewdjy74u","time":1608135191,"event":{"mods":["AchievementEnabler","BaseMod","BetterRewards","Custom Start","Minty Spire (QoL Compilation)","StSLib"],"gold_per_floor":[119,69,79,89,103,135,135,158,158,172,190,203,203,222,222,317,317,333,433,433,453,453,453,453],"floor_reached":23,"playtime":909,"items_purged":[],"score":205,"play_id":"1b4226c1-48c6-4aab-8027-db6abfb700cf","local_time":"20201216101311","is_ascension_mode":true,"campfire_choices":[{"floor":7,"key":"REST"},{"floor":13,"key":"REST"},{"data":"Darkness","floor":15,"key":"SMITH"}],"circlet_count":0,"master_deck":["Strike_B","Strike_B","Strike_B","Strike_B","Defend_B","Defend_B","Defend_B","Defend_B","Zap","Dualcast","Dark Shackles","Beam Cell","Rebound","Sunder","Beam Cell","Loop","All For One","Gash","Gash","Static Discharge","Darkness","Darkness+1","Biased Cognition","Go for the Eyes+1","Necronomicurse","Gash"],"relics":["Cracked Core","Strawberry","Dream Catcher","Juzu Bracelet","Blood Vial","Black Star","Necronomicon","NlothsMask"],"acts_visited":["Exordium","TheCity"],"potions_floor_usage":[6,16,16,23],"damage_taken":[{"damage":0,"enemies":"2 Louse","floor":1,"turns":2},{"damage":0,"enemies":"Cultist","floor":3,"turns":3},{"damage":0,"enemies":"Small Slimes","floor":4,"turns":2},{"damage":4,"enemies":"Gremlin Gang","floor":5,"turns":4},{"damage":18,"enemies":"Lagavulin","floor":6,"turns":5},{"damage":0,"enemies":"Large Slime","floor":10,"turns":3},{"damage":13,"enemies":"Red Slaver","floor":11,"turns":2},{"damage":0,"enemies":"2 Fungi Beasts","floor":12,"turns":3},{"damage":0,"enemies":"Blue Slaver","floor":14,"turns":3},{"damage":35,"enemies":"Hexaghost","floor":16,"turns":7},{"damage":29,"enemies":"Spheric Guardian","floor":18,"turns":5},{"damage":16,"enemies":"Chosen","floor":21,"turns":4},{"damage":26,"enemies":"Slavers","floor":23,"turns":2}],"seed_played":"5701921921990639329","potions_obtained":[{"floor":5,"key":"PowerPotion"},{"floor":6,"key":"Swift Potion"},{"floor":10,"key":"Block Potion"},{"floor":14,"key":"Strength Potion"}],"is_trial":false,"path_per_floor":["M","?","M","M","M","E","R","T","T","M","M","M","R","M","R","B",null,"M","?","?","M","?","E"],"character_chosen":"DEFECT","items_purchased":[],"campfire_rested":2,"item_purchase_floors":[],"current_hp_per_floor":[75,82,82,82,78,60,82,82,82,82,69,71,82,82,82,47,82,53,53,37,23,23,0,0],"gold":453,"neow_bonus":"RANDOM_COLORLESS","is_daily":false,"chose_seed":false,"campfire_upgraded":1,"win_rate":0.0,"timestamp":1608135191,"path_taken":["M","?","M","M","?","E","R","?","T","M","M","M","R","M","R","BOSS","M","?","?","M","?","E"],"items_purchased_type":[],"build_version":"2020-12-13","purchased_purges":0,"victory":false,"max_hp_per_floor":[75,82,82,82,82,82,82,82,82,82,82,82,82,82,82,82,82,82,82,82,82,82,82,82],"card_choices":[{"not_picked":["Trip","Swift Strike"],"picked":"Dark Shackles","floor":0},{"not_picked":["Hello World","Fusion"],"picked":"Beam Cell","floor":1},{"not_picked":["Stack","Sweeping Beam"],"picked":"Rebound","floor":3},{"not_picked":["Streamline","Beam Cell"],"picked":"Sunder","floor":4},{"not_picked":["Stack","Lockon"],"picked":"Beam Cell","floor":5},{"not_picked":["Auto Shields","Tempest"],"picked":"Loop","floor":6},{"not_picked":["Storm","Tempest"],"picked":"All For One","floor":7},{"not_picked":["Go for the Eyes","BootSequence"],"picked":"Gash","floor":10},{"not_picked":["White Noise","Beam Cell"],"picked":"Gash","floor":11},{"not_picked":["Compile Driver","Barrage"],"picked":"Static Discharge","floor":12},{"not_picked":["Hologram","Steam"],"picked":"Darkness","floor":13},{"not_picked":["Rip and Tear","Force Field"],"picked":"Darkness","floor":14},{"not_picked":["Buffer","Hyperbeam"],"picked":"Biased Cognition","floor":16},{"not_picked":["Leap","Steam"],"picked":"Go for the Eyes+1","floor":18},{"not_picked":["Rebound","Melter"],"picked":"Gash","floor":21}],"player_experience":49541,"relics_obtained":[{"floor":6,"key":"Dream Catcher"},{"floor":8,"key":"Juzu Bracelet"},{"floor":9,"key":"Blood Vial"},{"floor":20,"key":"Necronomicon"}],"event_choices":[{"damage_healed":0,"gold_gain":0,"player_choice":"Paid Gold","damage_taken":0,"relics_obtained":["Strawberry"],"max_hp_gain":0,"max_hp_loss":0,"event_name":"WeMeetAgain","floor":2,"gold_loss":50},{"damage_healed":0,"gold_gain":100,"player_choice":"Pray","damage_taken":0,"max_hp_gain":0,"max_hp_loss":0,"event_name":"Golden Shrine","floor":19,"gold_loss":0},{"damage_healed":0,"gold_gain":0,"player_choice":"Obtained Book","damage_taken":16,"max_hp_gain":0,"max_hp_loss":0,"event_name":"Cursed Tome","floor":20,"gold_loss":0},{"damage_healed":0,"gold_gain":0,"player_choice":"Trade","damage_taken":0,"relics_obtained":["NlothsMask"],"max_hp_gain":0,"max_hp_loss":0,"event_name":"FaceTrader","floor":22,"gold_loss":0}],"is_beta":false,"boss_relics":[{"not_picked":["Philosopher\u0027s Stone","Tiny House"],"picked":"Black Star"}],"items_purged_floors":[],"is_endless":false,"potions_floor_spawned":[5,6,10,14],"killed_by":"Slavers","ascension_level":1}}