{"host":"xz534terrkr331jc","time":1608107261,"event":{"mods":["BaseMod","Better Third Choice","Downfall","Hermit","Jorbs\u0027s Wanderer Trilogy","Marisa????????","Minty Spire (QoL Compilation)","Shade Mod","StSLib","The Cursed","The Hierophant","The Servant 0.9.4","The Wild Card"],"gold_per_floor":[99,99,99,99,99,119,144,179,198,228,242,36,48,60,74,178,178,178,195,195,208,228,243,243,243,243,272,272,282,105,105,117,218,218,218,72,122,141,141,141,166,181,207,207,217,217,172,187,200,200,200],"floor_reached":50,"playtime":4918,"items_purged":["Slimebound:Strike_Slimebound","Slimebound:Defend_Slimebound","Slimebound:Strike_Slimebound+1"],"score":554,"play_id":"5b9399bb-c6a0-4fa0-af20-5b32c91e4558","local_time":"20201216092741","is_ascension_mode":false,"campfire_choices":[{"data":"Slimebound:Split","floor":1,"key":"SMITH"},{"data":"Slimebound:ServeAndProtect","floor":3,"key":"SMITH"},{"floor":18,"key":"RECALL"},{"data":"Slimebound:Nibble","floor":20,"key":"SMITH"},{"data":"Slimebound:Defend_Slimebound","floor":26,"key":"SMITH"},{"data":"Slimebound:SelfFormingGoo","floor":35,"key":"SMITH"},{"floor":44,"key":"REST"}],"circlet_count":0,"master_deck":["Slimebound:Tackle","Slimebound:Defend_Slimebound+1","Slimebound:Defend_Slimebound+1","Slimebound:Split+1","Slimebound:CorrosiveSpit","Slimebound:ServeAndProtect+1","Slimebound:SplitLeeching","Slimebound:PressTheAttack","Slimebound:LevelUp","Slimebound:Nibble+1","Slimebound:SlimeSpikes","Slimebound:Repurpose","Slimebound:SplitMire","Slimebound:SamplingLick","Slimebound:MinionMaster","Slimebound:SelfFormingGoo+1","Slimebound:SplitLeeching+1","Slimebound:Darklings","expansioncontent:Sear"],"relics":["Slimebound:AbsorbEndCombat","downfall:HeartsMalice","Mango","Turnip","Membership Card","SlaversCollar","Gremlin Horn","Slimebound:AggressiveSlimeRelic","Lee\u0027s Waffle","Empty Cage","Sundial","Ginger","Girya","Akabeko","Letter Opener","Blood Vial","StoneCalendar","Cauldron"],"acts_visited":["Exordium","TheCity","TheBeyond"],"potions_floor_usage":[27,33,37,43,49,50,50],"damage_taken":[{"damage":0,"enemies":"Cultist","floor":2,"turns":1},{"damage":0,"enemies":"Small Slimes","floor":4,"turns":1},{"damage":0,"enemies":"Jaw Worm","floor":5,"turns":1},{"damage":13,"enemies":"Large Slime","floor":6,"turns":5},{"damage":34,"enemies":"3 Sentries","floor":8,"turns":8},{"damage":12,"enemies":"Blue Slaver","floor":9,"turns":4},{"damage":33,"enemies":"Lagavulin","floor":10,"turns":5},{"damage":15,"enemies":"Large Slime","floor":11,"turns":4},{"damage":15,"enemies":"downfall:FleeingMerchant","floor":12,"turns":4},{"damage":19,"enemies":"Blue Slaver","floor":13,"turns":2},{"damage":27,"enemies":"Gremlin Gang","floor":14,"turns":3},{"damage":25,"enemies":"Large Slime","floor":15,"turns":5},{"damage":31,"enemies":"downfall:Watcher","floor":16,"turns":8},{"damage":42,"enemies":"Spheric Guardian","floor":19,"turns":6},{"damage":28,"enemies":"3 Byrds","floor":21,"turns":5},{"damage":42,"enemies":"Centurion and Healer","floor":22,"turns":7},{"damage":29,"enemies":"Snake Plant","floor":23,"turns":4},{"damage":71,"enemies":"Gremlin Leader","floor":27,"turns":9},{"damage":35,"enemies":"Cultist and Chosen","floor":29,"turns":5},{"damage":24,"enemies":"downfall:FleeingMerchant","floor":30,"turns":4},{"damage":20,"enemies":"3 Cultists","floor":32,"turns":4},{"damage":51,"enemies":"downfall:Defect","floor":33,"turns":9},{"damage":32,"enemies":"downfall:FleeingMerchant","floor":36,"turns":4},{"damage":24,"enemies":"Mind Bloom Boss Battle","floor":37,"turns":5},{"damage":45,"enemies":"3 Darklings","floor":38,"turns":6},{"damage":45,"enemies":"3 Shapes","floor":42,"turns":4},{"damage":55,"enemies":"Reptomancer","floor":43,"turns":7},{"damage":48,"enemies":"Sphere and 2 Shapes","floor":45,"turns":4},{"damage":44,"enemies":"downfall:FleeingMerchant","floor":47,"turns":4},{"damage":50,"enemies":"Maw","floor":48,"turns":7},{"damage":37,"enemies":"Spire Growth","floor":49,"turns":5},{"damage":79,"enemies":"downfall:Silent","floor":50,"turns":4}],"seed_played":"-8989818496154011186","potions_obtained":[{"floor":6,"key":"SteroidPotion"},{"floor":9,"key":"ColorlessPotion"},{"floor":11,"key":"SmokeBomb"},{"floor":13,"key":"Energy Potion"},{"floor":29,"key":"SpeedPotion"},{"floor":33,"key":"Fire Potion"},{"floor":38,"key":"Swift Potion"},{"floor":42,"key":"Fire Potion"},{"floor":47,"key":"EssenceOfSteel"},{"floor":49,"key":"SpeedPotion"}],"is_trial":false,"path_per_floor":["R","M","R","M","M","M","T","E","M","E","M","$","M","M","M","B",null,"R","M","R","M","M","M","T","?","R","E","?","M","$","?","M","B",null,"R","$","?","M","?","?","T","M","E","R","M","?","$","M","M","B"],"character_chosen":"SLIMEBOUND","items_purchased":["Membership Card","Lee\u0027s Waffle","Regen Potion","Sundial","Blood Vial","StoneCalendar","Fire Potion","Cauldron"],"campfire_rested":1,"item_purchase_floors":[12,30,30,36,47,47,47,47],"current_hp_per_floor":[60,60,60,60,60,60,60,54,60,47,46,49,42,37,38,35,74,74,52,52,46,38,33,33,57,57,28,28,21,81,81,81,59,81,81,79,81,56,56,56,56,45,44,68,60,60,58,54,47,0,0],"gold":200,"neow_bonus":"THREE_ENEMY_KILL","is_daily":false,"chose_seed":false,"campfire_upgraded":5,"win_rate":0.0,"timestamp":1608107261,"path_taken":["R","M","R","?","M","M","T","E","M","E","M","?","M","M","M","BOSS","R","M","R","M","M","M","T","?","R","E","?","M","$","?","M","BOSS","R","$","?","M","?","?","T","M","E","R","M","?","$","M","M","BOSS"],"items_purchased_type":["Relic","Relic","Potion","Relic","Relic","Relic","Potion","Relic"],"build_version":"2020-12-13","purchased_purges":3,"victory":false,"max_hp_per_floor":[60,60,60,60,60,60,60,74,74,74,74,74,74,74,74,74,74,74,74,74,74,74,74,74,74,74,74,74,74,81,81,81,81,81,81,81,81,81,81,81,81,81,81,81,81,81,81,81,81,81,81],"card_choices":[{"not_picked":["Slimebound:SlimeBrawl","Slimebound:ForwardTackle"],"picked":"Slimebound:ServeAndProtect","floor":2},{"not_picked":["Slimebound:FinishingTackle","Slimebound:SamplingLick"],"picked":"Slimebound:SplitLeeching","floor":4},{"not_picked":["Slimebound:Replication","Slimebound:Gluttony"],"picked":"Slimebound:PressTheAttack","floor":5},{"not_picked":["Slimebound:SplitAcid","Slimebound:LeechingTouch"],"picked":"Slimebound:LevelUp","floor":6},{"not_picked":["Slimebound:SplitBruiser","Slimebound:FinishingTackle"],"picked":"Slimebound:Nibble","floor":8},{"not_picked":["Slimebound:Prepare","Slimebound:BestDefense","Slimebound:RollThrough"],"picked":"SKIP","floor":9},{"not_picked":["Slimebound:LeechingTouch","Slimebound:DouseInSlime"],"picked":"Slimebound:SlimeSpikes","floor":10},{"not_picked":["Slimebound:SamplingLick","Slimebound:LeechEnergy"],"picked":"Slimebound:Repurpose","floor":11},{"not_picked":["Slimebound:Nibble","Slimebound:PressTheAttack","Slimebound:Grow"],"picked":"SKIP","floor":12},{"not_picked":["Slimebound:ComboTackle","Slimebound:RollThrough"],"picked":"Slimebound:SplitMire","floor":13},{"not_picked":["Slimebound:SplitBruiser","Slimebound:RollThrough"],"picked":"Slimebound:SamplingLick","floor":14},{"not_picked":["Slimebound:SamplingLick","Slimebound:DivideAndConquer"],"picked":"Slimebound:MinionMaster","floor":15},{"not_picked":["Slimebound:RallyTheTroops","Slimebound:Recycling"],"picked":"Slimebound:SelfFormingGoo","floor":16},{"not_picked":["Slimebound:GoopSpray+1","Slimebound:SlimeSpikes","Slimebound:FinishingTackle+1"],"picked":"SKIP","floor":19},{"not_picked":["Slimebound:DouseInSlime","Slimebound:GoopSpray+1"],"picked":"Slimebound:SplitLeeching+1","floor":21},{"not_picked":["Slimebound:SamplingLick","Slimebound:Replication","Slimebound:SlimeBrawl"],"picked":"SKIP","floor":22},{"not_picked":["Slimebound:SamplingLick","Slimebound:ViciousTackle","Slimebound:RejuvenatingLick"],"picked":"SKIP","floor":23},{"not_picked":["Slimebound:Dissolve","Slimebound:FinishingTackle","Slimebound:MinionMaster"],"picked":"SKIP","floor":27},{"not_picked":["Slimebound:DivideAndConquer","Slimebound:GoopSpray","Slimebound:FinishingTackle"],"picked":"SKIP","floor":29},{"not_picked":["Slimebound:FinishingTackle","Slimebound:HauntingLick","Slimebound:RollThrough"],"picked":"SKIP","floor":30},{"not_picked":["Slimebound:AcidTongue","Slimebound:SamplingLick","Slimebound:BestDefense"],"picked":"SKIP","floor":32},{"not_picked":["Slimebound:AcidTongue","Slimebound:GrowthPunch+1","Slimebound:Schlurp+1"],"picked":"SKIP","floor":36},{"not_picked":["Slimebound:SplitMire","Slimebound:FlameTackle","Slimebound:DisruptingSlam"],"picked":"SKIP","floor":38},{"not_picked":["Slimebound:Nibble+1","Slimebound:ServeAndProtect","Slimebound:FormOfPuddle"],"picked":"SKIP","floor":42},{"not_picked":["Slimebound:RollThrough+1","Slimebound:Recycling","Slimebound:GoopSpray+1"],"picked":"SKIP","floor":43},{"not_picked":["Slimebound:Equalize+1","Slimebound:SpikyOuterGoop","Slimebound:RollThrough+1"],"picked":"SKIP","floor":45},{"not_picked":["expansioncontent:Torchfire","expansioncontent:SuperHexaguard"],"picked":"expansioncontent:Sear","floor":46},{"not_picked":["Slimebound:TongueLash+1","Slimebound:GoopTackle+1","Slimebound:ViciousTackle"],"picked":"SKIP","floor":47},{"not_picked":["Slimebound:SlimeBrawl+1","Slimebound:Repurpose+1","Slimebound:DivideAndConquer"],"picked":"SKIP","floor":48},{"not_picked":["Slimebound:Recollect","Slimebound:Schlurp","Slimebound:FinishingTackle+1"],"picked":"SKIP","floor":49}],"player_experience":535328,"relics_obtained":[{"floor":8,"key":"Mango"},{"floor":10,"key":"Turnip"},{"floor":24,"key":"Gremlin Horn"},{"floor":27,"key":"Slimebound:AggressiveSlimeRelic"},{"floor":37,"key":"Ginger"},{"floor":40,"key":"Girya"},{"floor":41,"key":"Akabeko"},{"floor":43,"key":"Letter Opener"}],"event_choices":[{"damage_healed":24,"gold_gain":0,"player_choice":"Heal","damage_taken":0,"max_hp_gain":0,"max_hp_loss":0,"event_name":"The Library","floor":25,"gold_loss":0},{"damage_healed":0,"gold_gain":0,"player_choice":"Ignored","damage_taken":0,"max_hp_gain":0,"max_hp_loss":0,"event_name":"Ghosts","floor":28,"gold_loss":0},{"damage_healed":0,"gold_gain":0,"player_choice":"Simplicity","damage_taken":0,"max_hp_gain":0,"max_hp_loss":4,"event_name":"betterThird:BetterWriting","floor":31,"gold_loss":0}],"is_beta":false,"boss_relics":[{"not_picked":["Slimebound:AbsorbEndCombatUpgraded","Black Star"],"picked":"SlaversCollar"},{"not_picked":["Pandora\u0027s Box","Runic Pyramid"],"picked":"Empty Cage"}],"items_purged_floors":[12,30,47],"is_endless":false,"potions_floor_spawned":[6,9,11,13,14,16,21,22,29,32,33,38,42,48,49],"killed_by":"downfall:Silent","ascension_level":0}}