{"host":"bux1pdxjwq4dkad9","time":1608096798,"event":{"mods":["BaseMod","Colored Map","Luminous","Minty Spire (QoL Compilation)","Quick Restart","Robot Space Explorer","StSLib","SuperFastMode","The Alterego","°æ“≈ŒÔMod°øºÚµ•”Œœ∑"],"gold_per_floor":[119,131,131,151,226,226,261,261,335,364,384,417,436,436,436,537,537,557,472,472,472,247,281,281,308,308,339,339,352,365,265,265,369,369,389,409,30,30,43,43,71,71,71,99,114,114,142,3,3,3,3,3,3,29,29],"floor_reached":56,"playtime":1348,"items_purged":["Luminous:Dark_Abyssal_Drop","Luminous:Defend_Luminous","Luminous:Dark_Apocalypse"],"score":2379,"play_id":"f49ed9f5-7b66-4a1b-8718-a408864c9398","local_time":"20201216133318","is_ascension_mode":true,"campfire_choices":[{"data":"Luminous:Switch_Luminous","floor":6.0,"key":"SMITH"},{"data":"Luminous:Shadow_Shell_Luminous","floor":8.0,"key":"SMITH"},{"data":"Luminous:Magic_Guard_Luminous","floor":15.0,"key":"SMITH"},{"data":"Apotheosis","floor":24.0,"key":"SMITH"},{"data":"Luminous:Mirror_Force_Luminous","floor":28.0,"key":"SMITH"},{"floor":32.0,"key":"RECALL"},{"data":"Luminous:Freud_Wisdom1_Luminous","floor":40.0,"key":"SMITH"},{"data":"Finesse","floor":42.0,"key":"SMITH"},{"data":"Luminous:Freud_Wisdom1_Luminous","floor":49.0,"key":"SMITH"},{"data":"Luminous:Light_Sylvan_Lance","floor":52.0,"key":"SMITH"}],"circlet_count":0,"master_deck":["Luminous:Dark_Abyssal_Drop","Luminous:Defend_Luminous","Luminous:Defend_Luminous","Luminous:Defend_Luminous","Finesse+1","Luminous:Magic_Guard_Luminous+1","Luminous:Light_Glare","Luminous:Shadow_Shell_Luminous+1","Luminous:Light_Sylvan_Lance+1","Luminous:Light_Gather","Luminous:Freud_Wisdom1_Luminous+1","Apotheosis+1","Luminous:Mirror_Force_Luminous+1","Luminous:Balance_Death_Scythe","Luminous:Magic_Accelerate_Luminous","Luminous:Flash_Blink_Luminous+1","Luminous:Dark_Raid","Luminous:Light_Sylvan_Lance","Luminous:Freud_Wisdom1_Luminous+1","Luminous:Phantom_Treasure_Luminous+1"],"relics":["Luminous:MirrorRelic","EasyMod:Easy_4","Toy Ornithopter","Frozen Egg 2","Happy Flower","Luminous:BlackBlessingRelic","Runic Pyramid","Ornamental Fan","Bag of Preparation","Potion Belt","Juzu Bracelet","Omamori","Busted Crown","HornCleat","CaptainsWheel","Boot","Smiling Mask","Letter Opener"],"acts_visited":["Exordium","TheCity","TheBeyond","TheEnding"],"potions_floor_usage":[55,55,55,55,55,55,55,55],"damage_taken":[{"damage":0.0,"enemies":"2 Louse","floor":1.0,"turns":2.0},{"damage":0.0,"enemies":"Jaw Worm","floor":2.0,"turns":2.0},{"damage":0.0,"enemies":"Small Slimes","floor":4.0,"turns":2.0},{"damage":0.0,"enemies":"3 Sentries","floor":7.0,"turns":7.0},{"damage":0.0,"enemies":"Lagavulin","floor":10.0,"turns":6.0},{"damage":0.0,"enemies":"Exordium Thugs","floor":11.0,"turns":3.0},{"damage":0.0,"enemies":"Gremlin Nob","floor":12.0,"turns":3.0},{"damage":0.0,"enemies":"3 Louse","floor":13.0,"turns":1.0},{"damage":0.0,"enemies":"The Guardian","floor":16.0,"turns":6.0},{"damage":0.0,"enemies":"3 Byrds","floor":18.0,"turns":3.0},{"damage":0.0,"enemies":"Slavers","floor":23.0,"turns":3.0},{"damage":0.0,"enemies":"Gremlin Leader","floor":25.0,"turns":4.0},{"damage":0.0,"enemies":"Slavers","floor":27.0,"turns":3.0},{"damage":0.0,"enemies":"Chosen","floor":29.0,"turns":2.0},{"damage":0.0,"enemies":"Shelled Parasite and Fungi","floor":30.0,"turns":2.0},{"damage":0.0,"enemies":"Collector","floor":33.0,"turns":5.0},{"damage":0.0,"enemies":"Orb Walker","floor":35.0,"turns":1.0},{"damage":0.0,"enemies":"3 Darklings","floor":36.0,"turns":2.0},{"damage":0.0,"enemies":"Transient","floor":39.0,"turns":5.0},{"damage":0.0,"enemies":"Giant Head","floor":41.0,"turns":5.0},{"damage":0.0,"enemies":"Nemesis","floor":44.0,"turns":5.0},{"damage":0.0,"enemies":"4 Shapes","floor":45.0,"turns":1.0},{"damage":0.0,"enemies":"Giant Head","floor":47.0,"turns":5.0},{"damage":0.0,"enemies":"Time Eater","floor":50.0,"turns":7.0},{"damage":0,"enemies":"Shield and Spear","floor":54,"turns":5},{"damage":0,"enemies":"The Heart","floor":55,"turns":8}],"seed_played":"325636928683608881","potions_obtained":[{"floor":2.0,"key":"CultistPotion"},{"floor":4.0,"key":"LiquidBronze"},{"floor":10.0,"key":"EntropicBrew"},{"floor":11.0,"key":"EssenceOfSteel"},{"floor":12.0,"key":"Energy Potion"},{"floor":25.0,"key":"AttackPotion"},{"floor":29.0,"key":"LiquidMemories"},{"floor":30.0,"key":"LiquidMemories"}],"is_trial":false,"path_per_floor":["M","M","?","M","?","R","E","R","T","E","M","E","M","?","R","B",null,"M","?","?","?","$","E","R","E","T","E","R","M","M","$","R","B",null,"M","M","$","?","M","R","E","R","T","E","M","?","E","$","R","B",null,"R","$","E","B",null],"character_chosen":"LuminousClass","items_purchased":["Bag of Preparation","HornCleat","Luminous:Freud_Wisdom1_Luminous"],"campfire_rested":0,"item_purchase_floors":[22,37,48],"current_hp_per_floor":[68,68,61,61,50,50,50,50,50,50,50,50,50,50,50,50,69,73,73,73,73,73,73,73,73,73,73,73,73,73,73,73,73,75,75,75,75,75,75,75,75,75,75,75,75,75,75,75,75,75,75,75,75,75,75],"gold":29,"neow_bonus":"RANDOM_COLORLESS","is_daily":false,"chose_seed":false,"campfire_upgraded":9,"win_rate":0.0,"timestamp":1608096798,"path_taken":["M","M","?","M","?","R","E","R","T","E","M","E","M","?","R","BOSS","M","?","?","?","$","E","R","E","T","E","R","M","M","?","R","BOSS","M","M","$","?","M","R","E","R","T","E","M","?","E","$","R","BOSS","R","$","E","BOSS"],"items_purchased_type":["Relic","Relic","Card"],"build_version":"2020-12-13","purchased_purges":3,"victory":true,"max_hp_per_floor":[75,75,75,75,75,75,75,75,75,75,75,75,75,75,75,75,75,75,75,75,75,75,75,75,75,75,75,75,75,75,75,75,75,75,75,75,75,75,75,75,75,75,75,75,75,75,75,75,75,75,75,75,75,75,75],"card_choices":[{"not_picked":["Dark Shackles","Madness"],"picked":"Finesse","floor":0.0},{"not_picked":["Luminous:Blinding_Pillar_Luminous","Luminous:Light_Wash_Luminous"],"picked":"Luminous:Magic_Guard_Luminous","floor":1.0},{"not_picked":["Luminous:Magic_Guard_Luminous","Luminous:Dark_Dim_Erosion"],"picked":"Luminous:Light_Glare","floor":2.0},{"not_picked":["Luminous:Dark_Dim_Erosion","Luminous:Light_Gather","Luminous:Shadow_Shell_Luminous"],"picked":"SKIP","floor":4.0},{"not_picked":["Luminous:Dark_Dim_Erosion","Luminous:Light_Gather"],"picked":"Luminous:Shadow_Shell_Luminous","floor":4.0},{"not_picked":["Luminous:Light_Wash_Luminous","Luminous:Light_Glare","Luminous:Dark_Moonlight_Spear"],"picked":"SKIP","floor":7.0},{"not_picked":["Luminous:Accumulation_Luminous","Luminous:Chase_Spell_Luminous"],"picked":"Luminous:Light_Sylvan_Lance","floor":10.0},{"not_picked":["Luminous:Light_Gather","Luminous:Light_Reflection"],"picked":"Luminous:Dark_Apocalypse","floor":11.0},{"not_picked":["Luminous:Dark_Raid","Luminous:Dark_Arcane_Pitch"],"picked":"Luminous:Light_Gather","floor":12.0},{"not_picked":["Luminous:Dark_Pressure_Void","Luminous:Light_Sylvan_Lance","Luminous:Light_Wash_Luminous+1"],"picked":"SKIP","floor":13.0},{"not_picked":["Luminous:Dark_Crescendo_Luminous+1","Luminous:Equalize_Luminous"],"picked":"Luminous:Freud_Wisdom1_Luminous","floor":16.0},{"not_picked":["Luminous:Accumulation_Luminous+1","Luminous:Sympathy_Luminous","Luminous:Dark_Pressure_Void+1"],"picked":"SKIP","floor":18.0},{"not_picked":["Luminous:Balance_Death_Scythe+1","Luminous:Light_Track"],"picked":"Luminous:Mirror_Force_Luminous","floor":23.0},{"not_picked":["Luminous:Dark_Pressure_Void+1","Luminous:Mirror_Force_Luminous","Luminous:Mana_Well_Luminous"],"picked":"SKIP","floor":25.0},{"not_picked":["Luminous:Dark_Dim_Erosion","Luminous:Balance_Death_Scythe","Luminous:Light_Sylvan_Lance+1"],"picked":"SKIP","floor":27.0},{"not_picked":["Luminous:Dark_Dim_Erosion","Luminous:Light_Sylvan_Lance+1"],"picked":"Luminous:Balance_Death_Scythe","floor":27.0},{"not_picked":["Luminous:Dark_Arcane_Pitch","Luminous:Light_Glare","Luminous:Chase_Spell_Luminous"],"picked":"SKIP","floor":29.0},{"not_picked":["Luminous:Dark_Pressure_Void","Luminous:Light_Gather","Luminous:Light_Glare+1"],"picked":"SKIP","floor":30.0},{"not_picked":["Luminous:Dark_Pressure_Void"],"picked":"SKIP","floor":35.0},{"not_picked":["Luminous:Light_Wash_Luminous+1"],"picked":"SKIP","floor":36.0},{"not_picked":[],"picked":"Luminous:Magic_Accelerate_Luminous","floor":39.0},{"not_picked":["Luminous:Hero_Will_Luminous"],"picked":"SKIP","floor":41.0},{"not_picked":[],"picked":"Luminous:Flash_Blink_Luminous+1","floor":44.0},{"not_picked":["Luminous:Blinding_Pillar_Luminous+1"],"picked":"SKIP","floor":45.0},{"not_picked":["Luminous:Light_Sylvan_Lance"],"picked":"SKIP","floor":47.0},{"not_picked":[],"picked":"Luminous:Light_Sylvan_Lance","floor":47.0},{"not_picked":[],"picked":"Luminous:Phantom_Treasure_Luminous+1","floor":54}],"player_experience":2365253,"relics_obtained":[{"floor":7.0,"key":"Toy Ornithopter"},{"floor":9.0,"key":"Frozen Egg 2"},{"floor":10.0,"key":"Happy Flower"},{"floor":12.0,"key":"Luminous:BlackBlessingRelic"},{"floor":25.0,"key":"Potion Belt"},{"floor":26.0,"key":"Juzu Bracelet"},{"floor":27.0,"key":"Omamori"},{"floor":41.0,"key":"CaptainsWheel"},{"floor":44.0,"key":"Boot"},{"floor":47.0,"key":"Smiling Mask"},{"floor":54,"key":"Letter Opener"}],"event_choices":[{"cards_removed":["Luminous:Light_Flash_Shower"],"damage_healed":0.0,"max_hp_gain":0.0,"max_hp_loss":0.0,"gold_gain":0.0,"event_name":"Golden Wing","player_choice":"Card Removal","floor":3.0,"gold_loss":0.0,"damage_taken":7.0},{"damage_healed":0.0,"max_hp_gain":0.0,"max_hp_loss":0.0,"gold_gain":75.0,"event_name":"World of Goop","player_choice":"Gather Gold","floor":5.0,"gold_loss":0.0,"damage_taken":11.0},{"cards_removed":["Luminous:Dark_Abyssal_Drop"],"damage_healed":0.0,"max_hp_gain":0.0,"max_hp_loss":0.0,"gold_gain":0.0,"event_name":"Bonfire Elementals","player_choice":"Offered Basic","floor":14.0,"gold_loss":0.0,"damage_taken":0.0},{"damage_healed":0.0,"max_hp_gain":0.0,"max_hp_loss":0.0,"gold_gain":0.0,"event_name":"Addict","player_choice":"Obtained Relic","floor":19.0,"gold_loss":85.0,"damage_taken":0.0,"relics_obtained":["Ornamental Fan"]},{"cards_removed":["Luminous:Light_Flash_Shower"],"damage_healed":0.0,"max_hp_gain":0.0,"max_hp_loss":0.0,"gold_gain":0.0,"event_name":"Back to Basics","player_choice":"Elegance","floor":20.0,"gold_loss":0.0,"damage_taken":0.0},{"cards_removed":["Luminous:Switch_Luminous"],"damage_healed":0.0,"max_hp_gain":0.0,"max_hp_loss":0.0,"gold_gain":0.0,"event_name":"Falling","player_choice":"Removed Skill","floor":38.0,"gold_loss":0.0,"damage_taken":0.0},{"damage_healed":0.0,"max_hp_gain":0.0,"max_hp_loss":0.0,"gold_gain":0.0,"cards_transformed":["Luminous:Light_Flash_Shower"],"event_name":"Transmorgrifier","player_choice":"Transformed","floor":46.0,"gold_loss":0.0,"damage_taken":0.0,"cards_obtained":["Luminous:Dark_Raid"]}],"is_beta":false,"boss_relics":[{"not_picked":["Sozu","Runic Dome"],"picked":"Runic Pyramid"},{"not_picked":["Tiny House","Snecko Eye"],"picked":"Busted Crown"}],"items_purged_floors":[22,31,37],"is_endless":false,"potions_floor_spawned":[2,4,10,11,12,23,25,29,30,36,41],"ascension_level":9}}