{"host":"6bsan6hkua32tfq7","time":1608109377,"event":{"mods":["BaseMod","Better Third Choice","Colored Map","Highlight Path","Minty Spire (QoL Compilation)","StSLib"],"gold_per_floor":[111,129,144,144,0,0,27,27,27,27,54,54,85,10,10,87,87,99,118,118,152,165,165,199,199,199,124,124,159,159,191,191,191,191],"floor_reached":33,"playtime":932,"items_purged":["Strike_G"],"score":634,"play_id":"73323dfe-4eea-4971-8031-d7136084db3c","local_time":"20201216100257","is_ascension_mode":true,"campfire_choices":[{"data":"Neutralize","floor":6,"key":"SMITH"},{"data":"Eviscerate","floor":8,"key":"SMITH"},{"floor":12,"key":"REST"},{"data":"Quick Slash","floor":15,"key":"SMITH"},{"data":"Ghostly","floor":23,"key":"SMITH"},{"floor":25,"key":"REST"},{"data":"Venomology","floor":30,"key":"SMITH"},{"floor":32,"key":"REST"}],"circlet_count":0,"master_deck":["AscendersBane","Strike_G","Strike_G","Strike_G","Strike_G","Defend_G","Survivor","Neutralize+1","Eviscerate+1","Deflect+1","Riddle With Holes+1","Slice","Tactician","Quick Slash+1","Enlightenment","Eviscerate+1","Wraith Form v2+1","Venomology+1","Noxious Fumes+1","Ghostly","Ghostly","Ghostly+1"],"relics":["Astrolabe","Omamori","Frozen Egg 2","Lizard Tail","StrikeDummy","Calling Bell","Blood Vial","Eternal Feather","Bird Faced Urn","Red Mask","Du-Vu Doll","Nunchaku","Vajra"],"acts_visited":["Exordium","TheCity"],"potions_floor_usage":[16,19,19,22,24,24,29,31,31,33],"damage_taken":[{"damage":0,"enemies":"2 Louse","floor":1,"turns":2},{"damage":0,"enemies":"Jaw Worm","floor":2,"turns":3},{"damage":0,"enemies":"Cultist","floor":3,"turns":3},{"damage":44,"enemies":"Gremlin Nob","floor":7,"turns":5},{"damage":20,"enemies":"Lagavulin","floor":11,"turns":5},{"damage":17,"enemies":"3 Sentries","floor":13,"turns":7},{"damage":37,"enemies":"Slime Boss","floor":16,"turns":9},{"damage":21,"enemies":"Shell Parasite","floor":18,"turns":4},{"damage":24,"enemies":"2 Thieves","floor":19,"turns":4},{"damage":10,"enemies":"Masked Bandits","floor":21,"turns":6},{"damage":3,"enemies":"Snake Plant","floor":22,"turns":5},{"damage":31,"enemies":"Slavers","floor":24,"turns":8},{"damage":36,"enemies":"Book of Stabbing","floor":29,"turns":5},{"damage":24,"enemies":"Slavers","floor":31,"turns":5},{"damage":42,"enemies":"Automaton","floor":33,"turns":10}],"seed_played":"-2031920994223010238","potions_obtained":[{"floor":3,"key":"FairyPotion"},{"floor":7,"key":"EntropicBrew"},{"floor":13,"key":"PowerPotion"},{"floor":18,"key":"Energy Potion"},{"floor":19,"key":"SteroidPotion"},{"floor":24,"key":"Ancient Potion"}],"is_trial":false,"path_per_floor":["M","M","M","?","?","R","E","R","T","$","E","R","E","$","R","B",null,"M","M","?","?","M","R","E","R","T","?","?","E","R","E","R","B"],"character_chosen":"THE_SILENT","items_purchased":[],"campfire_rested":3,"item_purchase_floors":[],"current_hp_per_floor":[59,59,59,64,70,70,26,26,26,26,6,29,12,12,12,5,59,42,20,20,16,17,29,2,25,25,25,25,12,24,2,25,0,0],"gold":191,"neow_bonus":"BOSS_RELIC","is_daily":false,"chose_seed":false,"campfire_upgraded":5,"win_rate":0.0,"timestamp":1608109377,"path_taken":["M","M","M","?","?","R","E","R","T","$","E","R","E","?","R","BOSS","M","?","?","?","M","R","E","R","T","?","?","E","R","E","R","BOSS"],"items_purchased_type":[],"build_version":"2020-12-13","purchased_purges":1,"victory":false,"max_hp_per_floor":[66,66,66,71,77,77,77,77,77,77,77,77,77,77,77,77,77,77,77,38,38,38,38,38,38,38,38,38,38,38,38,38,38,38],"card_choices":[{"not_picked":["Bouncing Flask","PiercingWail"],"picked":"Slice","floor":1},{"not_picked":["Flying Knee","PiercingWail"],"picked":"Tactician","floor":2},{"not_picked":["Outmaneuver","Prepared"],"picked":"Quick Slash","floor":3},{"not_picked":["Accuracy","Storm of Steel"],"picked":"Eviscerate","floor":7},{"not_picked":["Flying Knee","Blade Dance","Deadly Poison"],"picked":"SKIP","floor":11},{"not_picked":["Bullet Time","Dash"],"picked":"Wraith Form v2+1","floor":13},{"not_picked":["Grand Finale","Doppelganger"],"picked":"Venomology","floor":16},{"not_picked":["Prepared","Deadly Poison"],"picked":"Noxious Fumes+1","floor":18},{"not_picked":["Slice","Deflect","Distraction"],"picked":"SKIP","floor":19},{"not_picked":["Tactician","Quick Slash","Underhanded Strike"],"picked":"SKIP","floor":22},{"not_picked":["Dodge and Roll","Infinite Blades+1","Acrobatics"],"picked":"SKIP","floor":24},{"not_picked":["Dodge and Roll+1","Bane","Bullet Time"],"picked":"SKIP","floor":29},{"not_picked":["Masterful Stab","Dodge and Roll","Skewer"],"picked":"SKIP","floor":31}],"player_experience":5177361,"relics_obtained":[{"floor":7,"key":"Omamori"},{"floor":9,"key":"Frozen Egg 2"},{"floor":11,"key":"Lizard Tail"},{"floor":13,"key":"StrikeDummy"},{"floor":17,"key":"Blood Vial"},{"floor":17,"key":"Eternal Feather"},{"floor":17,"key":"Bird Faced Urn"},{"floor":21,"key":"Red Mask"},{"floor":24,"key":"Du-Vu Doll"},{"floor":29,"key":"Nunchaku"},{"floor":31,"key":"Vajra"}],"event_choices":[{"damage_healed":0,"gold_gain":0,"player_choice":"Donut","damage_taken":0,"max_hp_gain":5,"max_hp_loss":0,"event_name":"Big Fish","floor":4,"gold_loss":0},{"damage_healed":0,"gold_gain":0,"player_choice":"RENOUNCE","damage_taken":144,"max_hp_gain":0,"max_hp_loss":0,"event_name":"betterThird:BetterSerpent","floor":5,"gold_loss":144,"cards_obtained":["Enlightenment"]},{"damage_healed":0,"gold_gain":0,"player_choice":"Became a Ghost","damage_taken":0,"max_hp_gain":0,"max_hp_loss":39,"event_name":"Ghosts","floor":20,"gold_loss":0,"cards_obtained":["Ghostly","Ghostly","Ghostly"]},{"damage_healed":0,"gold_gain":0,"player_choice":"Fought Bandits","damage_taken":0,"max_hp_gain":0,"max_hp_loss":0,"event_name":"Masked Bandits","floor":21,"gold_loss":0},{"cards_removed":["Defend_G"],"damage_healed":0,"gold_gain":0,"player_choice":"Gave Gold","damage_taken":0,"max_hp_gain":0,"max_hp_loss":0,"event_name":"Beggar","floor":27,"gold_loss":75},{"damage_healed":0,"gold_gain":0,"player_choice":"Smashed Altar","damage_taken":0,"max_hp_gain":0,"max_hp_loss":0,"event_name":"Forgotten Altar","floor":28,"gold_loss":0,"cards_obtained":["Decay"]}],"is_beta":false,"boss_relics":[{"not_picked":["Pandora\u0027s Box","SlaversCollar"],"picked":"Calling Bell"}],"items_purged_floors":[14],"is_endless":false,"potions_floor_spawned":[3,7,13,18,19,24],"killed_by":"Automaton","ascension_level":20}}