{"host":"jm9833yuloeli2yd","time":1608078251,"event":{"mods":["AchievementEnabler","BaseMod","Better Altar","Better Match","Better Note","Better Sensory Stone","Better Skull","Better Vampires","Colored Map","Colored Powertips","DeckTracker","Minty Spire (QoL Compilation)","Permanent Neow","Quick Restart","Replay The Spire","StSLib","SuperFastMode"],"gold_per_floor":[113,113,131,149,338,338,372,372,372,383,414,414,414,414],"floor_reached":13,"playtime":278,"items_purged":[],"score":186,"play_id":"a365d126-687c-4de0-8896-773852e5e2db","local_time":"20201215192411","is_ascension_mode":true,"campfire_choices":[{"floor":8,"key":"REST"},{"data":"Zap","floor":12,"key":"SMITH"}],"circlet_count":0,"master_deck":["AscendersBane","Strike_B","Strike_B","Strike_B","Defend_B","Defend_B","Defend_B","Defend_B","Zap+1","Dualcast","The Bomb","Sweeping Beam+1","Leap","Cold Snap","Turbo","Conserve Battery","Chill"],"relics":["Cracked Core","Thread and Needle","Counterbalance","Calipers"],"acts_visited":["Exordium"],"potions_floor_usage":[7],"damage_taken":[{"damage":4.0,"enemies":"Small Slimes","floor":1.0,"turns":3.0},{"damage":0,"enemies":"2 Louse","floor":3,"turns":2},{"damage":0,"enemies":"Jaw Worm","floor":4,"turns":3},{"damage":8,"enemies":"3 Sentries","floor":7,"turns":5},{"damage":0,"enemies":"2 Fungi Beasts","floor":10,"turns":4},{"damage":18,"enemies":"Lagavulin","floor":11,"turns":6},{"damage":32,"enemies":"Gremlin Nob","floor":13,"turns":4}],"seed_played":"-4481112915399550985","potions_obtained":[{"floor":1.0,"key":"Energy Potion"}],"is_trial":false,"path_per_floor":["M","?","M","M","?","?","E","R","T","M","E","R","E"],"character_chosen":"DEFECT","items_purchased":[],"campfire_rested":1,"item_purchase_floors":[],"current_hp_per_floor":[60,53,53,53,28,28,20,39,39,39,21,21,0,0],"gold":414,"neow_bonus":"RANDOM_COLORLESS_2","is_daily":false,"chose_seed":false,"campfire_upgraded":1,"win_rate":0.0,"timestamp":1608078251,"path_taken":["M","?","M","M","?","?","E","R","T","M","E","R","E"],"items_purchased_type":[],"build_version":"2020-12-13","purchased_purges":0,"victory":false,"max_hp_per_floor":[64,64,64,64,64,64,64,64,64,64,64,64,64,64],"card_choices":[{"not_picked":["Panache","ReplayUltimateDefense"],"picked":"The Bomb","floor":0.0},{"not_picked":["Go for the Eyes","Beam Cell"],"picked":"Sweeping Beam","floor":1.0},{"not_picked":["Panic Button","Coolheaded"],"picked":"Leap","floor":3},{"not_picked":["Redo","Stack"],"picked":"Cold Snap","floor":4},{"not_picked":["Ball Lightning","Cold Snap"],"picked":"Turbo","floor":5},{"not_picked":["Heatsinks","Reprogram"],"picked":"Conserve Battery","floor":7},{"not_picked":["Blizzard","Storm","Machine Learning"],"picked":"SKIP","floor":10},{"not_picked":["BasicCrystalCard","Cold Snap"],"picked":"Chill","floor":11}],"player_experience":1088051,"relics_obtained":[{"floor":7,"key":"Thread and Needle"},{"floor":9,"key":"Counterbalance"},{"floor":11,"key":"Calipers"}],"event_choices":[{"cards_removed":["Strike_B"],"damage_healed":0.0,"max_hp_gain":0.0,"max_hp_loss":0.0,"gold_gain":0.0,"event_name":"Golden Wing","player_choice":"Card Removal","floor":2.0,"gold_loss":0.0,"damage_taken":7.0},{"damage_healed":0,"gold_gain":0,"player_choice":"Grow","damage_taken":0,"max_hp_gain":0,"max_hp_loss":0,"event_name":"Living Wall","floor":6,"gold_loss":0,"cards_upgraded":["Sweeping Beam"]}],"is_beta":false,"boss_relics":[],"items_purged_floors":[],"is_endless":false,"potions_floor_spawned":[1],"killed_by":"Gremlin Nob","ascension_level":20}}