{"host":"5gc11emcm5chfr5t","time":1608111468,"event":{"mods":["2.2 Compatiblity","AchievementEnabler","BaseMod","Bestiary","Better Note","Colored Map","Colored Powertips","Downfall","Googly Eyes","Minty Spire (QoL Compilation)","Rare Cards Sparkle","StSLib"],"gold_per_floor":[0,19,19,19,31,50,50,78,88,113,132,232,232,243,255,255,255],"floor_reached":16,"playtime":832,"items_purged":[],"score":154,"play_id":"1b4b5f43-f856-4906-9b4f-360a9b2f2f00","local_time":"20201216043748","is_ascension_mode":true,"campfire_choices":[{"floor":1,"key":"RECALL"},{"data":"expansioncontent:Corrupt","floor":4,"key":"SMITH"}],"circlet_count":0,"master_deck":["sneckomod:Strike","sneckomod:Strike","sneckomod:Strike","sneckomod:Defend","sneckomod:Defend","sneckomod:Defend","sneckomod:TailWhip","sneckomod:SnekBite","sneckomod:Unknown","sneckomod:Unknown","expansioncontent:Corrupt+1","sneckomod:Unknown2Cost","Pain","sneckomod:IronFang","sneckomod:ImprovisedAttack","sneckomod:Restock","sneckomod:SnakeSap","sneckomod:Unknown1Cost","sneckomod:UnlimitedRolls","sneckomod:UnknownCommonSkill","sneckomod:UnknownUncommonAttack"],"relics":["sneckomod:SneckoSoul","WarpedTongs","Anchor","Regal Pillow"],"acts_visited":["Exordium"],"potions_floor_usage":[8,9,10,16],"damage_taken":[{"damage":1,"enemies":"2 Louse","floor":2,"turns":3},{"damage":1,"enemies":"Cultist","floor":5,"turns":5},{"damage":12,"enemies":"Jaw Worm","floor":6,"turns":2},{"damage":10,"enemies":"3 Sentries","floor":8,"turns":4},{"damage":6,"enemies":"Blue Slaver","floor":9,"turns":5},{"damage":32,"enemies":"Lagavulin","floor":10,"turns":11},{"damage":7,"enemies":"Lots of Slimes","floor":11,"turns":5},{"damage":2,"enemies":"2 Fungi Beasts","floor":14,"turns":4},{"damage":3,"enemies":"Blue Slaver","floor":15,"turns":2},{"damage":35,"enemies":"downfall:Ironclad","floor":16,"turns":3}],"seed_played":"5801758140318534403","potions_obtained":[{"floor":6,"key":"DistilledChaos"},{"floor":8,"key":"EssenceOfSteel"},{"floor":9,"key":"Block Potion"},{"floor":14,"key":"sneckomod:DiceRollPotion"}],"is_trial":false,"path_per_floor":["R","M","?","R","M","M","T","E","M","E","M","?","?","M","M","B"],"character_chosen":"THE_SNECKO","items_purchased":[],"campfire_rested":0,"item_purchase_floors":[],"current_hp_per_floor":[81,81,81,81,80,73,73,63,57,26,22,22,22,21,19,0,0],"gold":255,"neow_bonus":"RANDOM_COLORLESS_2","is_daily":false,"chose_seed":false,"campfire_upgraded":1,"win_rate":0.0,"timestamp":1608111468,"path_taken":["R","M","?","R","?","M","T","E","M","E","M","?","?","M","M","BOSS"],"items_purchased_type":[],"build_version":"2020-12-13","purchased_purges":0,"victory":false,"max_hp_per_floor":[90,91,91,91,91,91,91,91,91,92,95,95,95,96,97,97,97],"card_choices":[{"not_picked":["Master of Strategy","The Bomb"],"picked":"expansioncontent:Corrupt","floor":0},{"not_picked":["sneckomod:UnknownWeak","sneckomod:Nope"],"picked":"sneckomod:Unknown2Cost","floor":2},{"not_picked":["sneckomod:UnknownCommonAttack","sneckomod:UnknownBlock"],"picked":"sneckomod:IronFang","floor":5},{"not_picked":["sneckomod:Rotation","sneckomod:UnknownCommonAttack"],"picked":"sneckomod:ImprovisedAttack","floor":6},{"not_picked":["sneckomod:UnknownStrike","sneckomod:SoulDraw"],"picked":"sneckomod:Restock","floor":8},{"not_picked":["sneckomod:QuickMove","sneckomod:UnknownCommonAttack"],"picked":"sneckomod:SnakeSap","floor":9},{"not_picked":["sneckomod:SoulDraw","sneckomod:SoulRoll"],"picked":"sneckomod:Unknown1Cost","floor":10},{"not_picked":["sneckomod:UnknownCommonAttack","sneckomod:ImprovisedAttack"],"picked":"sneckomod:UnlimitedRolls","floor":11},{"not_picked":["sneckomod:Unknown1Cost","sneckomod:RainOfDice"],"picked":"sneckomod:UnknownCommonSkill","floor":14},{"not_picked":["sneckomod:SoulRoll","sneckomod:Rotation"],"picked":"sneckomod:UnknownUncommonAttack","floor":15}],"player_experience":393326,"relics_obtained":[{"floor":8,"key":"Anchor"},{"floor":10,"key":"Regal Pillow"}],"event_choices":[{"damage_healed":0,"gold_gain":0,"player_choice":"Rummage","damage_taken":0,"relics_obtained":["WarpedTongs"],"max_hp_gain":0,"max_hp_loss":0,"event_name":"Accursed Blacksmith","floor":3,"gold_loss":0,"cards_obtained":["Pain"]}],"is_beta":false,"boss_relics":[],"items_purged_floors":[],"is_endless":false,"potions_floor_spawned":[6,8,9,14],"killed_by":"downfall:Ironclad","ascension_level":7}}