{"host":"Muxenle","time":1608094599,"event":{"mods":["BaseMod","Downfall","Minty Spire (QoL Compilation)","Relic Stats","StSLib"],"gold_per_floor":[99,131,34,34,47,47,47],"floor_reached":6,"playtime":469,"items_purged":[],"score":42,"play_id":"da1db088-6891-44a3-b711-7e75de0687a1","local_time":"20201215205639","is_ascension_mode":false,"campfire_choices":[{"data":"champ:Taunt","floor":1,"key":"SMITH"},{"data":"champ:RisingSlash","floor":4,"key":"SMITH"}],"circlet_count":0,"master_deck":["champ:Strike","champ:Strike","champ:Strike","champ:Strike","champ:Defend","champ:Defend","champ:Defend","champ:Defend","champ:Execute","champ:Taunt+1","champ:RapidStrikes","champ:GladiatorsShout","champ:RisingSlash+1","champ:BladeFlurry"],"relics":["champ:ChampionCrown","Toy Ornithopter","Gremlin Horn"],"acts_visited":["Exordium"],"potions_floor_usage":[],"damage_taken":[{"damage":57,"enemies":"3 Sentries","floor":2,"turns":13},{"damage":5,"enemies":"downfall:FleeingMerchant","floor":3,"turns":4},{"damage":3,"enemies":"Jaw Worm","floor":5,"turns":2},{"damage":44,"enemies":"Lagavulin","floor":6,"turns":3}],"seed_played":"8460676678373053936","potions_obtained":[{"floor":2,"key":"LiquidMemories"}],"is_trial":false,"path_per_floor":["R","E","$","R","M","E"],"character_chosen":"THE_CHAMP","items_purchased":["champ:RisingSlash"],"campfire_rested":0,"item_purchase_floors":[3],"current_hp_per_floor":[90,46,46,46,43,0,0],"gold":47,"neow_bonus":"RANDOM_COMMON_RELIC","is_daily":false,"chose_seed":false,"campfire_upgraded":2,"win_rate":0.0,"timestamp":1608094599,"path_taken":["R","E","$","R","M","E"],"items_purchased_type":["Card"],"build_version":"2020-12-07","purchased_purges":0,"victory":false,"max_hp_per_floor":[90,90,90,90,90,90,90],"relic_stats":{"Gremlin Horn":[0,0],"counters":[4,22],"obtain_stats":[{"Gremlin Horn":2,"champ:ChampionCrown":0,"Toy Ornithopter":0},{"Gremlin Horn":1,"champ:ChampionCrown":0,"Toy Ornithopter":0},{"Gremlin Horn":13,"champ:ChampionCrown":0,"Toy Ornithopter":0}],"Toy Ornithopter":0},"card_choices":[{"not_picked":["champ:ShieldWall","champ:CalledShot"],"picked":"champ:RapidStrikes","floor":2},{"not_picked":["champ:RecklessLeap","champ:CrookedStrike"],"picked":"champ:GladiatorsShout","floor":3},{"not_picked":["champ:SkillfulDodge","champ:FanOfKnives"],"picked":"champ:BladeFlurry","floor":5}],"player_experience":1756667,"relics_obtained":[{"floor":2,"key":"Gremlin Horn"}],"event_choices":[],"is_beta":true,"boss_relics":[],"items_purged_floors":[],"is_endless":false,"potions_floor_spawned":[2],"killed_by":"Lagavulin","ascension_level":0}}