{"host":"cr9rpoy6dx9riis3","time":1608150538,"event":{"mods":["AchievementEnabler","BaseMod","Better Altar","Better Note","Better Sensory Stone","Better Skull","Better Third Choice","Better-Laid Plans","BetterRewards","Block Reminder","Curses Come First","Displayed Cursed Tome","Emptier Cage","Marked Mod","Minty Spire (QoL Compilation)","Permanent Neow","Relic Sorter","StSLib","The Blue Laboratory","Transform Curses"],"gold_per_floor":[113,113,288,363,106,106,116,116,141,155,168,168,185,111,111,208,208,224,238,238,163,180,180,212,212,236,236,267,267,281,296,296,399,399,410,427,427,35,35,35],"floor_reached":39,"playtime":1498,"items_purged":["Strike_R","Doubt"],"score":693,"play_id":"9886ad97-caf4-4e70-bbe0-fc06b4eea9b1","local_time":"20201216212858","is_ascension_mode":true,"campfire_choices":[{"data":"Sadistic Nature","floor":6,"key":"SMITH"},{"data":"Spot Weakness","floor":8,"key":"SMITH"},{"data":"Uppercut","floor":15,"key":"SMITH"},{"data":"Feed","floor":23,"key":"SMITH"},{"data":"Intimidate","floor":25,"key":"SMITH"},{"data":"Carnage","floor":27,"key":"SMITH"},{"data":"Bash","floor":29,"key":"SMITH"},{"floor":32,"key":"REST"}],"circlet_count":0,"master_deck":["Strike_R","Strike_R","Defend_R","Defend_R","Defend_R","Defend_R","Bash+1","Sadistic Nature+1","Carnage+1","Spot Weakness+1","Intimidate+1","Uppercut+1","Feed+1","Feed+1","Seeing Red","Rampage"],"relics":["Black Blood","Pantograph","Bottled Flame","Blood Vial","Runic Cube","Brimstone","Bag of Marbles","HandDrill"],"acts_visited":["Exordium","TheCity","TheBeyond"],"potions_floor_usage":[16,22,22,24],"damage_taken":[{"damage":0,"enemies":"Small Slimes","floor":1,"turns":3},{"damage":12,"enemies":"Jaw Worm","floor":7,"turns":3},{"damage":11,"enemies":"2 Louse","floor":10,"turns":2},{"damage":7,"enemies":"Looter","floor":11,"turns":3},{"damage":9,"enemies":"Red Slaver","floor":13,"turns":2},{"damage":42,"enemies":"Slime Boss","floor":16,"turns":9},{"damage":17,"enemies":"Shell Parasite","floor":18,"turns":3},{"damage":37,"enemies":"2 Thieves","floor":19,"turns":4},{"damage":19,"enemies":"Snake Plant","floor":22,"turns":2},{"damage":92,"enemies":"Slavers","floor":24,"turns":9},{"damage":81,"enemies":"Book of Stabbing","floor":28,"turns":7},{"damage":15,"enemies":"Chosen and Byrds","floor":30,"turns":6},{"damage":19,"enemies":"Cultist and Chosen","floor":31,"turns":5},{"damage":158,"enemies":"Collector","floor":33,"turns":12},{"damage":81,"enemies":"3 Darklings","floor":35,"turns":9},{"damage":19,"enemies":"Orb Walker","floor":36,"turns":3},{"damage":51,"enemies":"Writhing Mass","floor":39,"turns":3}],"seed_played":"-991618885300890238","potions_obtained":[{"floor":7,"key":"blueLaboratory:RecallPotion"},{"floor":10,"key":"blueLaboratory:NullPotion"},{"floor":13,"key":"blueLaboratory:HorrorPotion"},{"floor":16,"key":"blueLaboratory:TrueEctoplasm"},{"floor":18,"key":"blueLaboratory:PhilterOfMotion"},{"floor":19,"key":"BloodPotion"},{"floor":33,"key":"blueLaboratory:BubblePotion"},{"floor":36,"key":"PowerPotion"}],"is_trial":false,"path_per_floor":["M","?","?","?","$","R","M","R","T","M","M","T","M","$","R","B",null,"M","M","?","?","M","R","E","R","T","R","E","R","M","M","R","B",null,"M","M","?","$","M"],"character_chosen":"IRONCLAD","items_purchased":["Sadistic Nature","HandDrill","LiquidMemories","Orrery","Uppercut","Bottled Flame","Brimstone"],"campfire_rested":1,"item_purchase_floors":[0,0,0,5,14,38,38],"current_hp_per_floor":[69,62,62,51,51,51,45,45,45,40,39,39,36,36,36,25,80,69,38,38,38,41,41,35,35,35,35,65,65,58,47,80,44,119,50,49,49,49,0,0],"gold":35,"neow_bonus":"","is_daily":false,"chose_seed":false,"campfire_upgraded":7,"win_rate":0.0,"timestamp":1608150538,"path_taken":["M","?","?","?","?","R","M","R","T","M","M","?","?","?","R","BOSS","M","M","?","?","?","R","E","R","T","R","E","R","M","M","R","BOSS","M","M","?","$","?"],"items_purchased_type":["Card","Relic","Potion","Relic","Card","Relic","Relic"],"build_version":"2020-12-13","purchased_purges":2,"victory":false,"max_hp_per_floor":[80,80,80,80,80,80,80,80,80,80,80,80,80,80,80,80,80,80,80,80,80,80,80,87,87,87,87,112,112,112,112,112,119,119,119,123,123,123,123,123],"card_choices":[{"not_picked":["Inflame","Burning Pact","Pommel Strike"],"picked":"SKIP","floor":1},{"not_picked":["Iron Wave","Inflame"],"picked":"Carnage","floor":5},{"not_picked":["Rampage","Clash"],"picked":"Spot Weakness","floor":7},{"not_picked":["True Grit","Sever Soul","Rupture"],"picked":"SKIP","floor":10},{"not_picked":["Clothesline","Body Slam","Havoc"],"picked":"SKIP","floor":11},{"not_picked":["Cleave","Hemokinesis"],"picked":"Intimidate","floor":13},{"not_picked":["Reaper","Bludgeon"],"picked":"Feed","floor":16},{"not_picked":["True Grit","Burning Pact+1","Headbutt"],"picked":"SKIP","floor":18},{"not_picked":["Clothesline","Warcry+1","Sever Soul"],"picked":"SKIP","floor":19},{"not_picked":["Body Slam+1","Anger","Armaments"],"picked":"SKIP","floor":22},{"not_picked":["Rage","Rupture","Cleave"],"picked":"SKIP","floor":24},{"not_picked":["Twin Strike","Heavy Blade+1","Iron Wave"],"picked":"SKIP","floor":28},{"not_picked":["Entrench","Thunderclap+1"],"picked":"Seeing Red","floor":30},{"not_picked":["Warcry","Berserk"],"picked":"Rampage","floor":31},{"not_picked":["Havoc","Sword Boomerang+1","Shrug It Off"],"picked":"SKIP","floor":35},{"not_picked":["Reckless Charge","Iron Wave+1","Whirlwind"],"picked":"SKIP","floor":36}],"player_experience":719909,"relics_obtained":[{"floor":12,"key":"Pantograph"},{"floor":24,"key":"Blood Vial"},{"floor":26,"key":"Bag of Marbles"},{"floor":28,"key":"Mango"}],"event_choices":[{"cards_removed":["Strike_R"],"damage_healed":0,"gold_gain":0,"player_choice":"Card Removal","damage_taken":7,"max_hp_gain":0,"max_hp_loss":0,"event_name":"Golden Wing","floor":2,"gold_loss":0},{"damage_healed":0,"gold_gain":175,"player_choice":"AGREE","damage_taken":113,"max_hp_gain":0,"max_hp_loss":0,"event_name":"betterThird:BetterSerpent","floor":3,"gold_loss":0},{"damage_healed":0,"gold_gain":75,"player_choice":"Gold","damage_taken":11,"max_hp_gain":0,"max_hp_loss":0,"event_name":"betterThird:BetterGoop","floor":4,"gold_loss":0},{"cards_removed":["Sadistic Nature"],"damage_healed":0,"gold_gain":0,"player_choice":"Take \u0026 Give","damage_taken":0,"max_hp_gain":0,"max_hp_loss":0,"event_name":"betterNote:BetterNote","floor":20,"gold_loss":0,"cards_obtained":["Feed"]},{"cards_removed":["Strike_R"],"damage_healed":0,"gold_gain":0,"player_choice":"Gave Gold","damage_taken":0,"max_hp_gain":0,"max_hp_loss":0,"event_name":"Beggar","floor":21,"gold_loss":75},{"damage_healed":0,"gold_gain":0,"player_choice":"Bought 0 Potions","damage_taken":0,"max_hp_gain":0,"max_hp_loss":0,"event_name":"The Woman in Blue","floor":37,"gold_loss":0}],"is_beta":false,"boss_relics":[{"not_picked":["Philosopher\u0027s Stone","Astrolabe"],"picked":"Runic Cube"},{"not_picked":["Velvet Choker","Tiny House"],"picked":"Black Blood"}],"items_purged_floors":[0,5],"is_endless":false,"potions_floor_spawned":[7,10,13,16,18,19,33,36],"killed_by":"Writhing Mass","ascension_level":3}}