{"host":"y89x8uui45kcjy42","time":1608123193,"event":{"mods":["2.2 Compatiblity","BaseMod","CapriCore","Colored Map","Colored Powertips","Custom Start","Friendly Minions","Highlight Path","Keyboard Shortcuts","Minty Spire (QoL Compilation)","Relic Stats","Slay the Relics Exporter","StSLib","SuperFastMode","The Gatherer","Waifu the Spire"],"gold_per_floor":[111,111,111,36,49,49,76,76,76,251,6,21,21,36,36,139,139,150,150,150,163,175,205,205,238,238,238,238,238],"floor_reached":27,"playtime":811,"items_purged":["Gatherer:Strike_Gatherer","Doubt"],"score":313,"play_id":"d4787a44-13f2-4cd3-85a8-181e845be18e","local_time":"20201216215313","is_ascension_mode":true,"metric_token":1053,"campfire_choices":[{"data":"Gatherer:BlackTea","floor":6,"key":"SMITH"},{"data":"Gatherer:Centralize","floor":8,"key":"SMITH"},{"data":"Gatherer:Shadow","floor":13,"key":"SMITH"},{"data":"Gatherer:QuickSynthesis","floor":15,"key":"SMITH"},{"data":"Gatherer:Light","floor":24,"key":"SMITH"}],"circlet_count":0,"master_deck":["Gatherer:Strike_Gatherer","Gatherer:Strike_Gatherer","Gatherer:Strike_Gatherer","Gatherer:Defend_Gatherer","Gatherer:Defend_Gatherer","Gatherer:Defend_Gatherer","Gatherer:Defend_Gatherer","Gatherer:Defend_Gatherer","Gatherer:Centralize+1","Gatherer:FlowerWhip","Gatherer:BlackTea+1","Gatherer:GlowingPlant","Gatherer:Shadow+1","Gatherer:Light+1","Gatherer:QuickSynthesis+1"],"relics":["Gatherer:AlchemyBag","NeowsBlessing","InkBottle","Gremlin Horn","ClockworkSouvenir","Busted Crown","Torii","Darkstone Periapt","Pear","Ice Cream"],"acts_visited":["Exordium","TheCity"],"potions_floor_usage":[14,16,16,23,23,23],"damage_taken":[{"damage":0,"enemies":"Jaw Worm","floor":1,"turns":1},{"damage":0,"enemies":"Small Slimes","floor":5,"turns":1},{"damage":0,"enemies":"Gremlin Nob","floor":7,"turns":1},{"damage":0,"enemies":"Cultist","floor":12,"turns":2},{"damage":0,"enemies":"Blue Slaver","floor":14,"turns":2},{"damage":41,"enemies":"Hexaghost","floor":16,"turns":8},{"damage":0,"enemies":"Chosen","floor":18,"turns":3},{"damage":1,"enemies":"Shell Parasite","floor":21,"turns":4},{"damage":7,"enemies":"Snecko","floor":22,"turns":4},{"damage":25,"enemies":"Gremlin Leader","floor":23,"turns":4},{"damage":8,"enemies":"Slavers","floor":25,"turns":5},{"damage":47,"enemies":"Book of Stabbing","floor":27,"turns":6}],"seed_played":"-3599823026117259765","potions_obtained":[{"floor":3,"key":"Swift Potion"},{"floor":3,"key":"Poison Potion"},{"floor":3,"key":"Fire Potion"},{"floor":14,"key":"LiquidMemories"},{"floor":18,"key":"BloodPotion"},{"floor":21,"key":"BottledMiracle"}],"is_trial":false,"path_per_floor":["M","?","?","$","M","R","E","R","T","?","$","M","R","M","R","B",null,"M","?","T","M","M","E","R","E","T","E"],"character_chosen":"THE_GATHERER","items_purchased":["ClockworkSouvenir"],"campfire_rested":0,"item_purchase_floors":[11],"current_hp_per_floor":[72,72,72,72,72,72,72,72,72,72,72,72,72,72,72,31,72,72,59,59,58,51,41,41,43,43,0,0,0],"gold":238,"neow_bonus":"THREE_ENEMY_KILL","is_daily":false,"chose_seed":false,"campfire_upgraded":5,"win_rate":0.0,"timestamp":1608123193,"path_taken":["M","?","?","$","?","R","E","R","T","?","?","?","R","M","R","BOSS","M","?","?","?","M","E","R","E","T","E"],"items_purchased_type":["Relic"],"build_version":"2020-12-13","purchased_purges":2,"victory":false,"max_hp_per_floor":[72,72,72,72,72,72,72,72,72,72,72,72,72,72,72,72,72,72,77,77,77,77,77,77,87,87,87,87,87],"relic_stats":{"Darkstone Periapt":0,"Busted Crown":10,"Gremlin Horn":[3,3],"Torii":10,"counters":[12,41],"obtain_stats":[{"Darkstone Periapt":23,"Ice Cream":26,"Busted Crown":17,"Pear":25,"NeowsBlessing":0,"Gremlin Horn":9,"Torii":20,"Gatherer:AlchemyBag":0,"InkBottle":7,"ClockworkSouvenir":11},{"Darkstone Periapt":10,"Ice Cream":11,"Busted Crown":6,"Pear":11,"NeowsBlessing":0,"Gremlin Horn":3,"Torii":7,"Gatherer:AlchemyBag":0,"InkBottle":3,"ClockworkSouvenir":3},{"Darkstone Periapt":30,"Ice Cream":35,"Busted Crown":15,"Pear":35,"NeowsBlessing":0,"Gremlin Horn":3,"Torii":18,"Gatherer:AlchemyBag":0,"InkBottle":3,"ClockworkSouvenir":3}],"InkBottle":[17]},"card_choices":[{"not_picked":["Gatherer:FlowerShield","Gatherer:GatherMaterial","Gatherer:CarefulStrike"],"picked":"SKIP","floor":1},{"not_picked":["Gatherer:BambuSword","Gatherer:AcidicSpray"],"picked":"Gatherer:GlowingPlant","floor":5},{"not_picked":["Gatherer:Duality","Gatherer:CollectorsShot","Gatherer:Polymorphism"],"picked":"SKIP","floor":7},{"not_picked":["Gatherer:ScentOfRosmari","Gatherer:GatherMaterial","Gatherer:TacticalStrike"],"picked":"SKIP","floor":12},{"not_picked":["Gatherer:DrugPower","Gatherer:FragileHammer"],"picked":"Gatherer:QuickSynthesis","floor":14},{"not_picked":["Gatherer:FlowerFalling"],"picked":"SKIP","floor":18},{"not_picked":["Gatherer:Convert+1"],"picked":"SKIP","floor":21},{"not_picked":["Gatherer:AromaProtection"],"picked":"SKIP","floor":22},{"not_picked":["Gatherer:Frenzy"],"picked":"SKIP","floor":23},{"not_picked":["Gatherer:ScrollOfPurity"],"picked":"SKIP","floor":25}],"player_experience":505518,"relics_obtained":[{"floor":7,"key":"InkBottle"},{"floor":9,"key":"Gremlin Horn"},{"floor":20,"key":"Torii"},{"floor":23,"key":"Darkstone Periapt"},{"floor":25,"key":"Pear"},{"floor":26,"key":"Ice Cream"}],"event_choices":[{"damage_healed":0,"gold_gain":0,"cards_transformed":["Gatherer:Strike_Gatherer"],"player_choice":"Change","damage_taken":0,"max_hp_gain":0,"max_hp_loss":0,"event_name":"Living Wall","floor":2,"gold_loss":0,"cards_obtained":["Gatherer:BlackTea"]},{"damage_healed":0,"gold_gain":0,"player_choice":"Got Potions","damage_taken":0,"max_hp_gain":0,"max_hp_loss":0,"event_name":"Lab","floor":3,"gold_loss":0},{"damage_healed":0,"gold_gain":175,"player_choice":"AGREE","damage_taken":0,"max_hp_gain":0,"max_hp_loss":0,"event_name":"Liars Game","floor":10,"gold_loss":0,"cards_obtained":["Doubt"]},{"damage_healed":0,"gold_gain":0,"player_choice":"Shed Blood","damage_taken":18,"max_hp_gain":5,"max_hp_loss":0,"event_name":"Forgotten Altar","floor":19,"gold_loss":0}],"is_beta":false,"boss_relics":[{"not_picked":["Runic Pyramid","Cursed Key"],"picked":"Busted Crown"}],"items_purged_floors":[4,11],"is_endless":false,"potions_floor_spawned":[5,12,14,18,21],"killed_by":"Book of Stabbing","ascension_level":1}}