{"host":"90zmhqhem9nbzoc6","time":1608099425,"event":{"mods":["AchievementEnabler","BaseMod","Better Note","Better Third Choice","BetterRewards","Colored Map","Colored Powertips","Conspire","Downfall","Energized Spire","Friendly Minions","GifTheSpireLib","Hermit","Hubris","Infinite Spire","Minty Spire (QoL Compilation)","Quick Restart","Replay The Spire","StSLib","Stuff the Spire","The Blue Laboratory","The Jungle"],"gold_per_floor":[119,119,69,69,87,87,97,109,158,158,168,195,207,240,240,338,338,354,354,368,643,661,661,674,674,674],"floor_reached":25,"playtime":1194,"items_purged":[],"score":205,"play_id":"f98201c6-2e87-4991-83f1-922e526c46f9","local_time":"20201215221705","is_ascension_mode":false,"campfire_choices":[{"floor":6,"key":"RECALL"},{"floor":10,"key":"REST"},{"floor":15,"key":"REST"},{"floor":23,"key":"REST"}],"circlet_count":0,"master_deck":["hermit:Strike_Hermit","hermit:Strike_Hermit","hermit:Strike_Hermit","hermit:Strike_Hermit","hermit:Defend_Hermit","hermit:Defend_Hermit","hermit:Defend_Hermit","hermit:Defend_Hermit","hermit:Snapshot","hermit:Covet","expansioncontent:CaCaw+1","hermit:BodyArmor","hermit:Shortfuse","hermit:Enervate","hermit:Malice","hermit:BodyArmor","hermit:Quickdraw","hermit:Shortfuse","hermit:Magnum","hermit:Shortfuse","hermit:Vantage+1","Regret","hermit:Gestalt","hermit:GhostlyPresence+1","hermit:EyeOfTheStorm+1"],"relics":["hermit:Momento","hubris:Towel","Dream Catcher","Odd Mushroom","Torii"],"acts_visited":["Exordium","Exordium"],"potions_floor_usage":[22],"damage_taken":[{"damage":3,"enemies":"Small Slimes","floor":1,"turns":4},{"damage":6,"enemies":"Jaw Worm","floor":5,"turns":4},{"damage":5,"enemies":"Cultist","floor":7,"turns":6},{"damage":5,"enemies":"Looter","floor":8,"turns":3},{"damage":9,"enemies":"Blue Slaver","floor":11,"turns":4},{"damage":8,"enemies":"The Mushroom Lair","floor":12,"turns":4},{"damage":6,"enemies":"2 Fungi Beasts","floor":13,"turns":3},{"damage":36,"enemies":"3 Sentries","floor":14,"turns":7},{"damage":41,"enemies":"Fading Forest","floor":16,"turns":11},{"damage":3,"enemies":"theJungle:5_Spyders","floor":18,"turns":12},{"damage":11,"enemies":"theJungle:MUSHROOMGANG","floor":20,"turns":5},{"damage":47,"enemies":"theJungle:Snecko_Cultist_And_Trap","floor":22,"turns":6},{"damage":6,"enemies":"theJungle:SlimyTreeVines","floor":24,"turns":8},{"damage":36,"enemies":"theJungle:2_Snecko_Cultists","floor":25,"turns":4}],"seed_played":"-4998827759516437717","potions_obtained":[{"floor":7,"key":"blueLaboratory:BottleOfVodka"},{"floor":11,"key":"FearPotion"},{"floor":12,"key":"blueLaboratory:BottleOfRum"},{"floor":18,"key":"Reflective Coating"},{"floor":20,"key":"champ:CounterPotion"}],"is_trial":false,"path_per_floor":["M","?","$","?","M","R","M","M","T","R","M","?","M","E","R","B",null,"M","?","M","?","M","R","M","M"],"character_chosen":"HERMIT","items_purchased":["expansioncontent:CaCaw","hermit:BodyArmor"],"campfire_rested":3,"item_purchase_floors":[0,3],"current_hp_per_floor":[72,72,72,72,66,66,61,56,56,75,66,58,52,16,38,7,75,72,72,61,61,14,36,36,0,0],"gold":674,"neow_bonus":"","is_daily":false,"chose_seed":false,"campfire_upgraded":0,"win_rate":0.0,"timestamp":1608099425,"path_taken":["M","?","$","?","M","R","M","M","T","R","?","?","M","E","R","BOSS","M","?","M","?","?","R","M","M"],"items_purchased_type":["Card","Card"],"build_version":"2020-12-13","purchased_purges":0,"victory":false,"max_hp_per_floor":[75,75,75,75,75,75,75,75,75,75,75,75,75,75,75,75,75,75,75,75,75,75,75,75,75,75],"card_choices":[{"not_picked":["hermit:Desperado","hermit:WideOpen","hermit:Roulette"],"picked":"SKIP","floor":1},{"not_picked":["hermit:ShadowCloak","hermit:PistolWhip","hermit:Manifest"],"picked":"SKIP","floor":5},{"not_picked":["hermit:CalledShot","hermit:GhostlyPresence"],"picked":"hermit:Shortfuse","floor":7},{"not_picked":["hermit:Feint","hermit:Misfire"],"picked":"hermit:Enervate","floor":8},{"not_picked":["hermit:Quickdraw","hermit:WideOpen"],"picked":"hermit:Malice","floor":10},{"not_picked":["hermit:Manifest","hermit:Coalescence","hermit:Snipe"],"picked":"SKIP","floor":11},{"not_picked":["hermit:Snipe","hermit:TakeCover"],"picked":"hermit:BodyArmor","floor":13},{"not_picked":["hermit:Coalescence","hermit:EyeOfTheStorm"],"picked":"hermit:Quickdraw","floor":14},{"not_picked":["hermit:Vantage","hermit:ShadowCloak"],"picked":"hermit:Shortfuse","floor":15},{"not_picked":["hermit:HighNoon","hermit:OverwhelmingPower"],"picked":"hermit:Magnum","floor":16},{"not_picked":["hermit:Deadeye+1","hermit:Coalescence"],"picked":"hermit:Shortfuse","floor":18},{"not_picked":["hermit:Combo","hermit:TrackingShot+1"],"picked":"hermit:Vantage+1","floor":20},{"not_picked":["hermit:Spite","hermit:Manifest"],"picked":"hermit:Gestalt","floor":22},{"not_picked":["hermit:Brawl","hermit:SprayPray"],"picked":"hermit:GhostlyPresence+1","floor":23},{"not_picked":["hermit:FullyLoaded","hermit:Roulette"],"picked":"hermit:EyeOfTheStorm+1","floor":24}],"player_experience":200796,"relics_obtained":[{"floor":9,"key":"Dream Catcher"},{"floor":12,"key":"Odd Mushroom"},{"floor":14,"key":"Torii"}],"event_choices":[{"damage_healed":0,"gold_gain":0,"player_choice":"Bought 0 Potions","damage_taken":0,"max_hp_gain":0,"max_hp_loss":0,"event_name":"The Woman in Blue","floor":4,"gold_loss":0},{"damage_healed":0,"gold_gain":0,"player_choice":"Fought Mushrooms","damage_taken":0,"max_hp_gain":0,"max_hp_loss":0,"event_name":"Mushrooms","floor":12,"gold_loss":0},{"damage_healed":0,"gold_gain":0,"player_choice":"Forge","damage_taken":0,"max_hp_gain":0,"max_hp_loss":0,"event_name":"Accursed Blacksmith","floor":19,"gold_loss":0,"cards_upgraded":["expansioncontent:CaCaw"]},{"damage_healed":0,"gold_gain":275,"player_choice":"Desecrate","damage_taken":0,"max_hp_gain":0,"max_hp_loss":0,"event_name":"Golden Shrine","floor":21,"gold_loss":0,"cards_obtained":["Regret"]}],"is_beta":false,"boss_relics":[{"not_picked":["energizedSpire:MagnifyingGlass","Replay:Drink Me","StuffTheSpire:ModemDavis"]}],"items_purged_floors":[],"is_endless":false,"potions_floor_spawned":[7,11,12,14,18,20],"killed_by":"theJungle:2_Snecko_Cultists","ascension_level":0}}