{"host":"77pvex58kafzx78l","time":1608103032,"event":{"mods":["BaseMod","Better Vampires","DeckTracker","Googly Eyes","Minty Spire (QoL Compilation)","Quick Restart","StSLib","SuperFastMode"],"gold_per_floor":[115,1,13,13,13,13,47,64,64,64,93,104,123,135,135,209,209,247,261,41,41,53,53,71,71,98,23,52,52,52,92,92,92,92],"floor_reached":33,"playtime":761,"items_purged":["Strike_P"],"score":581,"play_id":"5e078f72-dcb1-4d5f-b42c-913abfe1d632","local_time":"20201216151712","is_ascension_mode":true,"campfire_choices":[{"data":"Tantrum","floor":6.0,"key":"SMITH"},{"data":"Eruption","floor":10.0,"key":"SMITH"},{"data":"WreathOfFlame","floor":15.0,"key":"SMITH"},{"data":"Fasting2","floor":23.0,"key":"SMITH"},{"floor":30,"key":"REST"},{"data":"DevaForm","floor":32,"key":"SMITH"}],"circlet_count":0,"master_deck":["AscendersBane","Strike_P","Strike_P","Defend_P","Defend_P","Eruption+1","Vigilance","FlurryOfBlows","Tantrum+1","Wallop","FlurryOfBlows","FlyingSleeves","WreathOfFlame+1","Crescendo","Study","Wish","InnerPeace","Fasting2+1","DevaForm+1","Prostrate","InnerPeace+1","TalkToTheHand","Perseverance+1"],"relics":["HolyWater","NeowsBlessing","Mummified Hand","Singing Bowl","Potion Belt","Orrery","Vajra","Blue Candle"],"acts_visited":["Exordium","TheCity"],"potions_floor_usage":[28,28,33],"damage_taken":[{"damage":0.0,"enemies":"Jaw Worm","floor":1.0,"turns":1.0},{"damage":0.0,"enemies":"2 Louse","floor":3.0,"turns":1.0},{"damage":0.0,"enemies":"3 Sentries","floor":7.0,"turns":1.0},{"damage":0.0,"enemies":"Cultist","floor":8.0,"turns":2.0},{"damage":0.0,"enemies":"Lagavulin","floor":11.0,"turns":3.0},{"damage":12.0,"enemies":"3 Louse","floor":12.0,"turns":3.0},{"damage":0.0,"enemies":"Gremlin Gang","floor":13.0,"turns":4.0},{"damage":0.0,"enemies":"Exordium Wildlife","floor":14.0,"turns":3.0},{"damage":46.0,"enemies":"The Guardian","floor":16.0,"turns":10.0},{"damage":20.0,"enemies":"3 Byrds","floor":18.0,"turns":5.0},{"damage":12.0,"enemies":"Chosen","floor":19.0,"turns":3.0},{"damage":11.0,"enemies":"3 Cultists","floor":22.0,"turns":4.0},{"damage":22.0,"enemies":"Shelled Parasite and Fungi","floor":24.0,"turns":5.0},{"damage":0,"enemies":"Gremlin Leader","floor":28,"turns":4},{"damage":14,"enemies":"Snecko","floor":31,"turns":5},{"damage":0,"enemies":"Automaton","floor":33,"turns":2}],"seed_played":"-373209508778544387","potions_obtained":[{"floor":3.0,"key":"ColorlessPotion"},{"floor":14.0,"key":"SteroidPotion"},{"floor":19.0,"key":"GamblersBrew"},{"floor":22.0,"key":"CultistPotion"},{"floor":31,"key":"ColorlessPotion"}],"is_trial":false,"path_per_floor":["M","$","M","?","?","R","E","M","T","R","E","M","M","M","R","B",null,"M","M","$","?","M","R","M","?","T","$","E","?","R","M","R","B"],"character_chosen":"WATCHER","items_purchased":["Tantrum","Wallop","Fasting2","Orrery"],"campfire_rested":1,"item_purchase_floors":[2,2,20,20],"current_hp_per_floor":[65,65,65,65,72,72,72,72,72,72,72,60,62,64,64,18,62,44,32,36,36,27,27,5,5,5,5,7,7,32,18,18,18,18],"gold":92,"neow_bonus":"THREE_ENEMY_KILL","is_daily":false,"chose_seed":false,"campfire_upgraded":5,"win_rate":0.0,"timestamp":1608103032,"path_taken":["M","$","M","?","?","R","E","M","T","R","E","M","M","?","R","BOSS","M","M","$","?","M","R","?","?","T","$","E","?","R","M","R","BOSS"],"items_purchased_type":["Card","Card","Card","Relic"],"build_version":"2020-12-13","purchased_purges":1,"victory":false,"max_hp_per_floor":[72,72,72,72,72,72,72,72,72,72,72,72,74,76,76,76,76,78,78,82,82,84,84,84,84,84,84,86,86,86,86,86,86,86],"card_choices":[{"not_picked":["PathToVictory","FlyingSleeves"],"picked":"FlurryOfBlows","floor":1.0},{"not_picked":["CarveReality","ThirdEye"],"picked":"FlurryOfBlows","floor":3.0},{"not_picked":["PathToVictory","FlurryOfBlows"],"picked":"FlyingSleeves","floor":7.0},{"not_picked":["WaveOfTheHand","Crescendo"],"picked":"WreathOfFlame","floor":8.0},{"not_picked":["WheelKick","BowlingBash"],"picked":"Crescendo","floor":11.0},{"not_picked":["Consecrate","WaveOfTheHand"],"picked":"Study","floor":12.0},{"not_picked":["BowlingBash","Swivel","FlyingSleeves"],"picked":"Singing Bowl","floor":13.0},{"not_picked":["FollowUp","SandsOfTime","EmptyFist"],"picked":"Singing Bowl","floor":14.0},{"not_picked":["Ragnarok","ConjureBlade"],"picked":"Wish","floor":16.0},{"not_picked":["Crescendo","WindmillStrike","ReachHeaven"],"picked":"Singing Bowl","floor":18.0},{"not_picked":["BattleHymn","ReachHeaven"],"picked":"InnerPeace","floor":19.0},{"not_picked":["CarveReality","WaveOfTheHand+1","JustLucky+1"],"picked":"Singing Bowl","floor":20.0},{"not_picked":["JustLucky+1","FlyingSleeves"],"picked":"DevaForm","floor":20.0},{"not_picked":["SashWhip","Fasting2"],"picked":"Prostrate","floor":20.0},{"not_picked":["Wallop+1","Halt"],"picked":"InnerPeace+1","floor":20.0},{"not_picked":["CrushJoints","DeceiveReality","Protect"],"picked":"Singing Bowl","floor":20.0},{"not_picked":["SandsOfTime","Consecrate","Halt"],"picked":"Singing Bowl","floor":22.0},{"not_picked":["Consecrate+1","EmptyBody"],"picked":"TalkToTheHand","floor":24.0},{"not_picked":["CutThroughFate","SandsOfTime","CrushJoints"],"picked":"Singing Bowl","floor":28},{"not_picked":["FlurryOfBlows","ThirdEye"],"picked":"Perseverance+1","floor":31}],"player_experience":272008,"relics_obtained":[{"floor":7.0,"key":"Mummified Hand"},{"floor":9.0,"key":"Singing Bowl"},{"floor":11.0,"key":"Potion Belt"},{"floor":26.0,"key":"Vajra"},{"floor":28,"key":"Blue Candle"}],"event_choices":[{"damage_healed":0.0,"max_hp_gain":0.0,"max_hp_loss":0.0,"gold_gain":0.0,"cards_transformed":["Defend_P"],"event_name":"Living Wall","player_choice":"Change","floor":4.0,"gold_loss":0.0,"damage_taken":0.0,"cards_obtained":["Wallop"]},{"cards_removed":["Wallop"],"damage_healed":7.0,"max_hp_gain":0.0,"max_hp_loss":0.0,"gold_gain":0.0,"event_name":"Bonfire Elementals","player_choice":"Offered Uncommon","floor":5.0,"gold_loss":0.0,"damage_taken":0.0},{"cards_removed":["Defend_P"],"damage_healed":0.0,"max_hp_gain":0.0,"max_hp_loss":0.0,"gold_gain":0.0,"event_name":"Purifier","player_choice":"Purged","floor":21.0,"gold_loss":0.0,"damage_taken":0.0},{"cards_removed":["Strike_P"],"damage_healed":0.0,"max_hp_gain":0.0,"max_hp_loss":0.0,"gold_gain":0.0,"event_name":"Back to Basics","player_choice":"Elegance","floor":25.0,"gold_loss":0.0,"damage_taken":0.0},{"damage_healed":0,"gold_gain":0,"player_choice":"0 cards matched","damage_taken":0,"max_hp_gain":0,"max_hp_loss":0,"event_name":"Match and Keep!","floor":29,"gold_loss":0,"cards_obtained":[]}],"is_beta":false,"boss_relics":[{"not_picked":["Philosopher\u0027s Stone","Calling Bell"],"picked":"HolyWater"}],"items_purged_floors":[27],"is_endless":false,"potions_floor_spawned":[3,11,14,19,22,31],"killed_by":"Automaton","ascension_level":13}}