{"host":"t7mx8yfj1no5p62f","time":1608078467,"event":{"mods":["BaseMod","Colored Map","Colored Powertips","Filter the Spire","Minty Spire (QoL Compilation)","Relic Stats","StSLib"],"gold_per_floor":[114,128,146,164,33,64,77,87,165,492,511,511,537,570,570,648,648,666,682,607,626,643,643,653,653,679,729,747,847,847,858,858,858,858],"floor_reached":33,"playtime":1650,"items_purged":["Riddle With Holes"],"score":546,"play_id":"5344e150-39a0-422d-a444-f5a7fd0e953f","local_time":"20201215192747","is_ascension_mode":true,"campfire_choices":[{"data":"Wraith Form v2","floor":12,"key":"SMITH"},{"floor":15,"key":"REST"},{"data":"Crippling Poison","floor":23,"key":"SMITH"},{"data":"Catalyst","floor":25,"key":"SMITH"},{"data":"Burst","floor":32,"key":"SMITH"}],"circlet_count":0,"master_deck":["AscendersBane","Survivor","Neutralize","Masterful Stab","Burst+1","Acrobatics","Tools of the Trade","Bane","Quick Slash","Cloak And Dagger","Dodge and Roll","Deadly Poison","Underhanded Strike","Noxious Fumes","Catalyst+1","Wraith Form v2+1","Deadly Poison","Dagger Spray+1","PiercingWail","Corpse Explosion","Crippling Poison+1","Acrobatics","Glass Knife+1","PiercingWail"],"relics":["Pandora\u0027s Box","CaptainsWheel","Molten Egg 2","Old Coin","Odd Mushroom","StoneCalendar","Coffee Dripper","Potion Belt","Unceasing Top","Gremlin Horn"],"acts_visited":["Exordium","TheCity"],"potions_floor_usage":[6,8,8,8,10,13,16,31],"damage_taken":[{"damage":0.0,"enemies":"Cultist","floor":1.0,"turns":3.0},{"damage":5.0,"enemies":"Jaw Worm","floor":2.0,"turns":3.0},{"damage":0.0,"enemies":"Small Slimes","floor":3.0,"turns":2.0},{"damage":14,"enemies":"Exordium Thugs","floor":4,"turns":5},{"damage":2,"enemies":"Lagavulin","floor":6,"turns":6},{"damage":0,"enemies":"2 Fungi Beasts","floor":7,"turns":3},{"damage":12,"enemies":"Lots of Slimes","floor":8,"turns":4},{"damage":20,"enemies":"3 Sentries","floor":10,"turns":7},{"damage":1,"enemies":"Large Slime","floor":11,"turns":4},{"damage":0,"enemies":"The Mushroom Lair","floor":13,"turns":2},{"damage":3,"enemies":"Lagavulin","floor":14,"turns":5},{"damage":18,"enemies":"The Guardian","floor":16,"turns":7},{"damage":0,"enemies":"3 Byrds","floor":18,"turns":3},{"damage":0,"enemies":"Chosen","floor":19,"turns":3},{"damage":16,"enemies":"Centurion and Healer","floor":21,"turns":3},{"damage":2,"enemies":"Chosen and Byrds","floor":22,"turns":5},{"damage":7,"enemies":"Shelled Parasite and Fungi","floor":24,"turns":3},{"damage":17,"enemies":"Centurion and Healer","floor":28,"turns":3},{"damage":4,"enemies":"Colosseum Slavers","floor":29,"turns":3},{"damage":2,"enemies":"Colosseum Nobs","floor":29,"turns":3},{"damage":1,"enemies":"Snake Plant","floor":31,"turns":4},{"damage":1,"enemies":"Champ","floor":33,"turns":5}],"seed_played":"8570768137991286043","potions_obtained":[{"floor":3.0,"key":"SpeedPotion"},{"floor":6,"key":"PowerPotion"},{"floor":7,"key":"EntropicBrew"},{"floor":8,"key":"CunningPotion"},{"floor":11,"key":"Energy Potion"},{"floor":18,"key":"FearPotion"},{"floor":21,"key":"CunningPotion"},{"floor":29,"key":"SkillPotion"}],"is_trial":false,"path_per_floor":["M","M","M","M","$","E","M","M","T","E","M","R","?","E","R","B",null,"M","M","?","M","M","R","M","R","T","?","M","?","?","M","R","B"],"character_chosen":"THE_SILENT","items_purchased":["Strength Potion"],"campfire_rested":1,"item_purchase_floors":[5],"current_hp_per_floor":[59,54,54,40,40,38,38,26,26,6,5,5,5,2,21,3,50,50,50,50,34,32,32,25,25,25,25,8,2,2,1,1,0,0],"gold":858,"neow_bonus":"BOSS_RELIC","is_daily":false,"chose_seed":false,"campfire_upgraded":4,"win_rate":0.0,"timestamp":1608078467,"path_taken":["M","M","M","?","$","E","M","M","T","E","M","R","?","E","R","BOSS","M","M","?","M","M","R","M","R","T","?","?","?","?","M","R","BOSS"],"items_purchased_type":["Potion"],"build_version":"2020-12-13","purchased_purges":1,"victory":false,"max_hp_per_floor":[66,66,66,66,66,66,66,66,66,66,66,66,66,66,66,66,66,66,66,66,66,66,66,66,66,66,66,66,66,66,66,66,66,66],"relic_stats":{"Gremlin Horn":[0,0],"counters":[22,86],"Pandora\u0027s Box":["Masterful Stab","Masterful Stab","Riddle With Holes","Burst","Riddle With Holes","Acrobatics","Tools of the Trade","Bane","Quick Slash","Cloak And Dagger"],"StoneCalendar":[16],"obtain_stats":[{"Potion Belt":26,"CaptainsWheel":6,"Gremlin Horn":29,"Pandora\u0027s Box":0,"Molten Egg 2":9,"StoneCalendar":14,"Coffee Dripper":17,"Odd Mushroom":13,"Unceasing Top":29,"Ring of the Snake":0,"Old Coin":10},{"Potion Belt":17,"CaptainsWheel":5,"Gremlin Horn":20,"Pandora\u0027s Box":0,"Molten Egg 2":7,"StoneCalendar":11,"Coffee Dripper":12,"Odd Mushroom":10,"Unceasing Top":20,"Ring of the Snake":0,"Old Coin":8},{"Potion Belt":68,"CaptainsWheel":19,"Gremlin Horn":77,"Pandora\u0027s Box":0,"Molten Egg 2":26,"StoneCalendar":44,"Coffee Dripper":51,"Odd Mushroom":39,"Unceasing Top":77,"Ring of the Snake":0,"Old Coin":33}],"Unceasing Top":[0]},"card_choices":[{"not_picked":["Setup","Bane"],"picked":"Dodge and Roll","floor":1.0},{"not_picked":["Catalyst","Dagger Spray"],"picked":"Deadly Poison","floor":2.0},{"not_picked":["Finisher","Distraction"],"picked":"Underhanded Strike","floor":3.0},{"not_picked":["Dagger Throw","Caltrops"],"picked":"Noxious Fumes","floor":4},{"not_picked":["Quick Slash","Cloak And Dagger"],"picked":"Catalyst","floor":6},{"not_picked":["Blade Dance","Blur"],"picked":"Wraith Form v2","floor":7},{"not_picked":["Deflect","Cloak And Dagger","Dodge and Roll"],"picked":"SKIP","floor":8},{"not_picked":["Phantasmal Killer","Sucker Punch+1"],"picked":"Deadly Poison","floor":10},{"not_picked":["Caltrops","Deadly Poison"],"picked":"Dagger Spray+1","floor":11},{"not_picked":["Crippling Poison","Noxious Fumes"],"picked":"PiercingWail","floor":13},{"not_picked":["Slice+1","Riddle With Holes+1","Underhanded Strike+1"],"picked":"SKIP","floor":14},{"not_picked":["Adrenaline","Burst"],"picked":"Corpse Explosion","floor":16},{"not_picked":["Bane+1","Deadly Poison","Eviscerate+1"],"picked":"SKIP","floor":18},{"not_picked":["Endless Agony+1","Dodge and Roll"],"picked":"Crippling Poison","floor":19},{"not_picked":["Blade Dance","Dagger Throw+1","Infinite Blades"],"picked":"SKIP","floor":21},{"not_picked":["Concentrate","Sucker Punch+1","Blade Dance"],"picked":"SKIP","floor":22},{"not_picked":["Blade Dance","Dash+1"],"picked":"Acrobatics","floor":24},{"not_picked":["Deadly Poison","Setup+1","Outmaneuver"],"picked":"SKIP","floor":28},{"not_picked":["Phantasmal Killer","Slice+1"],"picked":"PiercingWail","floor":31}],"player_experience":1551843,"relics_obtained":[{"floor":6,"key":"CaptainsWheel"},{"floor":9,"key":"Molten Egg 2"},{"floor":10,"key":"Old Coin"},{"floor":13,"key":"Odd Mushroom"},{"floor":14,"key":"StoneCalendar"},{"floor":26,"key":"Potion Belt"},{"floor":29,"key":"Unceasing Top"},{"floor":29,"key":"Gremlin Horn"}],"event_choices":[{"damage_healed":0,"gold_gain":0,"player_choice":"Fought Mushrooms","damage_taken":0,"max_hp_gain":0,"max_hp_loss":0,"event_name":"Mushrooms","floor":13,"gold_loss":0},{"cards_removed":["Riddle With Holes"],"damage_healed":0,"gold_gain":0,"player_choice":"Gave Gold","damage_taken":0,"max_hp_gain":0,"max_hp_loss":0,"event_name":"Beggar","floor":20,"gold_loss":75},{"damage_healed":0,"gold_gain":50,"player_choice":"Pray","damage_taken":0,"max_hp_gain":0,"max_hp_loss":0,"event_name":"Golden Shrine","floor":27,"gold_loss":0},{"damage_healed":0,"gold_gain":0,"player_choice":"Fight","damage_taken":0,"max_hp_gain":0,"max_hp_loss":0,"event_name":"Colosseum","floor":29,"gold_loss":0},{"damage_healed":0,"gold_gain":0,"player_choice":"Fought Nobs","damage_taken":0,"max_hp_gain":0,"max_hp_loss":0,"event_name":"Colosseum","floor":29,"gold_loss":0},{"damage_healed":0,"gold_gain":0,"cards_transformed":["Masterful Stab"],"player_choice":"Transformed","damage_taken":0,"max_hp_gain":0,"max_hp_loss":0,"event_name":"Transmorgrifier","floor":30,"gold_loss":0,"cards_obtained":["Glass Knife"]}],"is_beta":false,"boss_relics":[{"not_picked":["Ectoplasm","Velvet Choker"],"picked":"Coffee Dripper"}],"items_purged_floors":[5],"is_endless":false,"potions_floor_spawned":[3,6,7,8,11,18,21,24,29,29],"killed_by":"Champ","ascension_level":20}}