{"host":"coame8l8goqx0svj","time":1608137516,"event":{"mods":["BaseMod","Downfall","Minty Spire (QoL Compilation)","StSLib"],"gold_per_floor":[99,127,52,52,78,78,78,104,138,63,238,17,39,67,81,193,193,193,211,211,232,232,232,232,256,275,275,301,33,33,26,46,46,46],"floor_reached":33,"playtime":1674,"items_purged":[],"score":475,"play_id":"45338dc2-4005-4d4f-8bf9-ae10217527ab","local_time":"20201216175156","is_ascension_mode":true,"campfire_choices":[{"floor":1,"key":"RECALL"},{"data":"hexamod:Float","floor":3,"key":"SMITH"},{"floor":10,"key":"REST"},{"data":"hexamod:FastForward","floor":18,"key":"SMITH"},{"data":"hexamod:GiftsFromTheDead","floor":20,"key":"SMITH"},{"floor":27,"key":"REST"}],"circlet_count":0,"master_deck":["hexamod:Strike","hexamod:Strike","hexamod:Strike","hexamod:Defend","hexamod:Defend","hexamod:Defend","hexamod:Defend","hexamod:Sear","hexamod:Float+1","hexamod:ChargedBarrage","hexamod:SecondSeal","hexamod:RadiantFlame","hexamod:FlamesFromBeyond","hexamod:TimeOfNeed","Doubt","hexamod:FastForward+1","Sadistic Nature","hexamod:RadiantFlame","hexamod:ShieldOfDarkness","hexamod:GiftsFromTheDead+1","hexamod:CatchUp+1","hexamod:GhostOfSpirePast","hexamod:GhostOfSpireFuture+1","hexamod:ShieldOfDarkness","hexamod:SearingWound+1"],"relics":["hexamod:SpiritBrand","downfall:HeartsMalice","Eternal Feather","downfall:HeartBlessingRed","Singing Bowl","Oddly Smooth Stone","downfall:HeartBlessingGreen","hexamod:IceCube","downfall:RedIOU","Bottled Lightning","Omamori","Toxic Egg 2"],"acts_visited":["Exordium","TheCity"],"potions_floor_usage":[12,14,16,28,33,33],"damage_taken":[{"damage":0,"enemies":"Gremlin Nob","floor":2,"turns":1},{"damage":0,"enemies":"Jaw Worm","floor":4,"turns":1},{"damage":0,"enemies":"Lagavulin","floor":5,"turns":1},{"damage":4,"enemies":"2 Louse","floor":8,"turns":3},{"damage":63,"enemies":"Gremlin Nob","floor":9,"turns":6},{"damage":0,"enemies":"downfall:FleeingMerchant","floor":12,"turns":4},{"damage":4,"enemies":"Small Slimes","floor":13,"turns":4},{"damage":21,"enemies":"Red Slaver","floor":14,"turns":4},{"damage":0,"enemies":"Blue Slaver","floor":15,"turns":3},{"damage":16,"enemies":"downfall:Silent","floor":16,"turns":7},{"damage":28,"enemies":"Chosen","floor":19,"turns":6},{"damage":17,"enemies":"Shell Parasite","floor":21,"turns":6},{"damage":32,"enemies":"Centurion and Healer","floor":26,"turns":5},{"damage":17,"enemies":"3 Cultists","floor":28,"turns":6},{"damage":0,"enemies":"downfall:FleeingMerchant","floor":29,"turns":4},{"damage":7,"enemies":"downfall:FleeingMerchant","floor":31,"turns":4},{"damage":15,"enemies":"Snake Plant","floor":32,"turns":4},{"damage":22,"enemies":"downfall:Ironclad","floor":33,"turns":4}],"seed_played":"1230432171775237781","potions_obtained":[{"floor":9,"key":"Regen Potion"},{"floor":13,"key":"AttackPotion"},{"floor":14,"key":"SteroidPotion"},{"floor":16,"key":"FearPotion"},{"floor":26,"key":"champ:CounterPotion"},{"floor":28,"key":"hexamod:DoubleChargePotion"},{"floor":32,"key":"LiquidBronze"}],"is_trial":false,"path_per_floor":["R","E","R","M","E","?","T","M","E","R","?","$","M","M","M","B",null,"R","M","R","M","?","?","T","T","M","R","M","$","?","$","M","B"],"character_chosen":"THE_SPIRIT","items_purchased":["Sadistic Nature","hexamod:RadiantFlame","Toxic Egg 2"],"campfire_rested":2,"item_purchase_floors":[12,12,29],"current_hp_per_floor":[70,70,70,70,70,70,70,66,3,30,30,44,42,21,23,7,74,74,46,58,41,41,41,41,41,9,43,28,28,28,21,8,0,0],"gold":46,"neow_bonus":"THREE_ENEMY_KILL","is_daily":false,"chose_seed":false,"campfire_upgraded":3,"win_rate":0.0,"timestamp":1608137516,"path_taken":["R","E","R","M","E","?","T","M","E","R","?","$","M","M","M","BOSS","R","M","R","M","?","?","T","?","M","R","M","?","?","$","M","BOSS"],"items_purchased_type":["Card","Card","Relic"],"build_version":"2020-12-13","purchased_purges":0,"victory":false,"max_hp_per_floor":[70,70,70,70,70,70,70,70,70,70,70,70,72,72,74,74,74,74,74,74,74,74,74,74,74,74,74,76,76,76,76,78,78,78],"card_choices":[{"not_picked":["hexamod:Firestarter","hexamod:Hexaguard"],"picked":"hexamod:ChargedBarrage","floor":2},{"not_picked":["hexamod:FastForward","hexamod:Firestarter"],"picked":"hexamod:SecondSeal","floor":4},{"not_picked":["hexamod:ThermalTransfer","hexamod:BurningTouch"],"picked":"hexamod:RadiantFlame","floor":5},{"not_picked":["hexamod:NightmareGuise","hexamod:Haunt"],"picked":"hexamod:FlamesFromBeyond","floor":8},{"not_picked":["hexamod:HauntingEcho","hexamod:Haunt"],"picked":"hexamod:TimeOfNeed","floor":9},{"not_picked":["hexamod:HauntingEcho","hexamod:FlamesFromBeyond"],"picked":"hexamod:FastForward","floor":12},{"not_picked":["hexamod:RainOfEmbers","hexamod:SwordOfDarkness","hexamod:Firestarter"],"picked":"Singing Bowl","floor":13},{"not_picked":["hexamod:NightmareStrike","hexamod:Incineration"],"picked":"hexamod:ShieldOfDarkness","floor":14},{"not_picked":["hexamod:GhostLash","hexamod:WildfireWeapon","hexamod:ThermalTransfer"],"picked":"Singing Bowl","floor":15},{"not_picked":["hexamod:UnlimitedPower","hexamod:GhostflameInferno"],"picked":"hexamod:GiftsFromTheDead","floor":16},{"not_picked":["hexamod:SpectersWail","hexamod:EtherealExpedition"],"picked":"hexamod:CatchUp+1","floor":19},{"not_picked":["hexamod:HauntingEcho","hexamod:Rewind"],"picked":"hexamod:GhostOfSpirePast","floor":21},{"not_picked":["hexamod:Again","hexamod:NightmareStrike"],"picked":"hexamod:GhostOfSpireFuture+1","floor":26},{"not_picked":["hexamod:EtherealExpedition","hexamod:RainOfEmbers","hexamod:NightmareGuise"],"picked":"Singing Bowl","floor":28},{"not_picked":["hexamod:RadiantFlame","hexamod:NecessarySacrifice"],"picked":"hexamod:ShieldOfDarkness","floor":29},{"not_picked":["hexamod:Hexaguard+1","hexamod:WildfireWeapon"],"picked":"hexamod:SearingWound+1","floor":31},{"not_picked":["hexamod:BurningTouch+1","hexamod:Firestarter","hexamod:NightmareStrike"],"picked":"Singing Bowl","floor":32}],"player_experience":1638058,"relics_obtained":[{"floor":2,"key":"Eternal Feather"},{"floor":5,"key":"Boot"},{"floor":7,"key":"Singing Bowl"},{"floor":9,"key":"Oddly Smooth Stone"},{"floor":24,"key":"Bottled Lightning"},{"floor":25,"key":"Omamori"}],"event_choices":[{"damage_healed":0,"gold_gain":0,"player_choice":"Ignored","damage_taken":0,"max_hp_gain":0,"max_hp_loss":0,"event_name":"Vampires","floor":23,"gold_loss":0}],"is_beta":false,"boss_relics":[{"not_picked":["Ectoplasm","Tiny House"],"picked":"hexamod:IceCube"}],"items_purged_floors":[],"is_endless":false,"potions_floor_spawned":[9,13,14,16,26,28,32],"killed_by":"downfall:Ironclad","ascension_level":3}}