{"host":"wha9hktbkslqvblg","time":1608122105,"event":{"mods":["BaseMod","Colored Map","Minty Spire (QoL Compilation)","Relic Stats","SuperFastMode","everything is the same but u backflip on backflip"],"gold_per_floor":[117,392,139,174,174,259,298,298,298,377,424,496,536,566,566,641,641,680,770,832,434,477,477,545,609,609,261,306,342,182,197,197,272,272,314,347,410,205,205,205,216,216,240,240,269,284,312,162,162,162,162,162,162,2,31,31],"floor_reached":57,"playtime":1771,"items_purged":["Regret","Bash","Fire Breathing","Armaments+1"],"score":3439,"play_id":"da65bc78-e22c-4e9d-8c99-da5ef15a956c","local_time":"20201216213505","is_ascension_mode":true,"campfire_choices":[{"data":"Offering","floor":15.0,"key":"SMITH"},{"data":"Pommel Strike","floor":23.0,"key":"SMITH"},{"floor":32.0,"key":"REST"},{"data":"Body Slam","floor":40,"key":"SMITH"},{"data":"Barricade","floor":42,"key":"SMITH"},{"data":"Evolve","floor":44,"key":"SMITH"},{"floor":49,"key":"RECALL"},{"data":"Shrug It Off","floor":53,"key":"SMITH"}],"circlet_count":0,"master_deck":["AscendersBane","Shrug It Off+1","Offering+1","Pommel Strike+1","Bloodletting+1","Power Through+1","Double Tap+1","Evolve+1","Entrench+1","Master of Strategy+1","Shockwave+1","Body Slam+1","Feel No Pain+1","Barricade+1","CurseOfTheBell","Burning Pact+1","Second Wind+1"],"relics":["Burning Blood","NeowsBlessing","Gremlin Horn","Toxic Egg 2","Pen Nib","Blood Vial","Pandora\u0027s Box","TheAbacus","Orrery","ClockworkSouvenir","Calling Bell","Bag of Marbles","Eternal Feather","Charon\u0027s Ashes","Toy Ornithopter","Bottled Lightning","Letter Opener","Nunchaku","Bag of Preparation"],"acts_visited":["Exordium","TheCity","TheBeyond","TheEnding"],"potions_floor_usage":[41,56],"damage_taken":[{"damage":0.0,"enemies":"2 Louse","floor":1.0,"turns":1.0},{"damage":0.0,"enemies":"Cultist","floor":4.0,"turns":3.0},{"damage":2.0,"enemies":"3 Sentries","floor":6.0,"turns":8.0},{"damage":6.0,"enemies":"Jaw Worm","floor":7.0,"turns":3.0},{"damage":22.0,"enemies":"Gremlin Gang","floor":10.0,"turns":6.0},{"damage":6.0,"enemies":"Gremlin Nob","floor":11.0,"turns":2.0},{"damage":6.0,"enemies":"Lots of Slimes","floor":12.0,"turns":5.0},{"damage":24.0,"enemies":"Large Slime","floor":13.0,"turns":5.0},{"damage":9.0,"enemies":"Blue Slaver","floor":14.0,"turns":3.0},{"damage":17.0,"enemies":"Hexaghost","floor":16.0,"turns":8.0},{"damage":13.0,"enemies":"Shell Parasite","floor":18.0,"turns":2.0},{"damage":15.0,"enemies":"3 Byrds","floor":19.0,"turns":1.0},{"damage":9.0,"enemies":"Cultist and Chosen","floor":20.0,"turns":3.0},{"damage":9.0,"enemies":"Snake Plant","floor":22.0,"turns":2.0},{"damage":12.0,"enemies":"Sentry and Sphere","floor":24.0,"turns":1.0},{"damage":12.0,"enemies":"Centurion and Healer","floor":25.0,"turns":1.0},{"damage":9.0,"enemies":"Cultist and Chosen","floor":28.0,"turns":2.0},{"damage":9.0,"enemies":"Snecko","floor":29.0,"turns":2.0},{"damage":9.0,"enemies":"Snake Plant","floor":31.0,"turns":2.0},{"damage":15.0,"enemies":"Collector","floor":33.0,"turns":3.0},{"damage":12,"enemies":"3 Darklings","floor":35,"turns":3},{"damage":9,"enemies":"3 Shapes","floor":36,"turns":3},{"damage":9,"enemies":"Jaw Worm Horde","floor":37,"turns":3},{"damage":9,"enemies":"3 Darklings","floor":41,"turns":2},{"damage":12,"enemies":"Nemesis","floor":45,"turns":1},{"damage":15,"enemies":"Writhing Mass","floor":46,"turns":3},{"damage":9,"enemies":"Giant Head","floor":47,"turns":3},{"damage":12,"enemies":"Awakened One","floor":50,"turns":3},{"damage":9,"enemies":"Time Eater","floor":51,"turns":4},{"damage":9,"enemies":"Shield and Spear","floor":55,"turns":2},{"damage":15,"enemies":"The Heart","floor":56,"turns":6}],"seed_played":"7613472214502490786","potions_obtained":[{"floor":1.0,"key":"AttackPotion"},{"floor":6.0,"key":"Strength Potion"},{"floor":13.0,"key":"Energy Potion"},{"floor":16.0,"key":"Block Potion"},{"floor":33.0,"key":"EntropicBrew"},{"floor":36,"key":"Energy Potion"},{"floor":55,"key":"SkillPotion"}],"is_trial":false,"path_per_floor":["M","?","$","M","?","E","M","T","T","M","E","M","M","M","R","B",null,"M","M","M","$","M","R","M","M","T","$","M","M","$","M","R","B",null,"M","M","M","$","?","R","M","R","T","R","E","M","E","$","R","B","B",null,"R","$","E","B",null],"character_chosen":"IRONCLAD","items_purchased":["HandOfGreed","TheAbacus","Master of Strategy+1","PowerPotion","Shockwave+1","Orrery","ClockworkSouvenir","Second Wind+1","Nunchaku"],"campfire_rested":1,"item_purchase_floors":[3,21,21,21,27,27,30,38,54],"current_hp_per_floor":[74,74,74,75,52,56,56,56,56,40,40,42,26,25,25,16,60,55,48,47,47,46,46,42,38,38,38,37,36,36,35,57,50,69,65,64,63,63,63,72,71,75,75,75,69,62,61,61,70,66,65,73,75,75,72,70],"gold":31,"neow_bonus":"THREE_ENEMY_KILL","is_daily":false,"chose_seed":false,"campfire_upgraded":6,"win_rate":0.0,"timestamp":1608122105,"path_taken":["M","?","$","?","?","E","M","?","T","?","E","?","M","M","R","BOSS","M","M","M","$","M","R","M","M","T","$","M","M","$","M","R","BOSS","M","?","?","$","?","R","M","R","T","R","E","M","E","$","R","BOSS","BOSS","R","$","E","BOSS"],"items_purchased_type":["Card","Relic","Card","Potion","Card","Relic","Relic","Card","Relic"],"build_version":"2020-12-13","purchased_purges":4,"victory":true,"max_hp_per_floor":[75,75,75,75,75,75,75,75,75,75,75,75,75,75,75,75,75,75,75,75,75,75,75,75,75,75,75,75,75,75,75,75,75,75,75,75,75,75,75,75,75,75,75,75,75,75,75,75,75,75,75,75,75,75,75,75],"relic_stats":{"Gremlin Horn":[26,28],"counters":[31,96],"Eternal Feather":24,"Pen Nib":[16],"Charon\u0027s Ashes":[524],"Bag of Preparation":[2],"Letter Opener":[115],"Burning Blood":181,"Blood Vial":46,"Nunchaku":[0],"TheAbacus":[324],"Pandora\u0027s Box":["Disarm","Twin Strike","Shockwave","Thunderclap","Anger","Dropkick","Carnage","Intimidate","Power Through"],"obtain_stats":[{"NeowsBlessing":0,"Gremlin Horn":6,"Eternal Feather":34,"Pen Nib":9,"Charon\u0027s Ashes":34,"Bag of Preparation":55,"Letter Opener":47,"Burning Blood":0,"ClockworkSouvenir":30,"Blood Vial":11,"Calling Bell":34,"Nunchaku":54,"TheAbacus":21,"Orrery":27,"Pandora\u0027s Box":17,"Bag of Marbles":34,"Bottled Lightning":45,"Toxic Egg 2":8,"Toy Ornithopter":43},{"NeowsBlessing":0,"Gremlin Horn":3,"Eternal Feather":20,"Pen Nib":4,"Charon\u0027s Ashes":20,"Bag of Preparation":30,"Letter Opener":27,"Burning Blood":0,"ClockworkSouvenir":18,"Blood Vial":6,"Calling Bell":20,"Nunchaku":29,"TheAbacus":13,"Orrery":16,"Pandora\u0027s Box":10,"Bag of Marbles":20,"Bottled Lightning":25,"Toxic Egg 2":4,"Toy Ornithopter":24},{"NeowsBlessing":0,"Gremlin Horn":12,"Eternal Feather":63,"Pen Nib":15,"Charon\u0027s Ashes":63,"Bag of Preparation":90,"Letter Opener":81,"Burning Blood":0,"ClockworkSouvenir":58,"Blood Vial":23,"Calling Bell":63,"Nunchaku":88,"TheAbacus":50,"Orrery":54,"Pandora\u0027s Box":44,"Bag of Marbles":63,"Bottled Lightning":75,"Toxic Egg 2":15,"Toy Ornithopter":74}],"Toy Ornithopter":5},"card_choices":[{"not_picked":["Headbutt","Perfected Strike"],"picked":"Shrug It Off","floor":1.0},{"not_picked":["Anger","True Grit","Dark Embrace"],"picked":"SKIP","floor":4.0},{"not_picked":["Havoc","Sword Boomerang"],"picked":"Offering","floor":6.0},{"not_picked":["Dual Wield","Flex"],"picked":"Pommel Strike","floor":7.0},{"not_picked":["Pommel Strike","Cleave","Wild Strike"],"picked":"SKIP","floor":10.0},{"not_picked":["Heavy Blade","Rupture"],"picked":"Bloodletting+1","floor":11.0},{"not_picked":["Clash","Sword Boomerang","Thunderclap"],"picked":"SKIP","floor":12.0},{"not_picked":["Evolve","Combust"],"picked":"Power Through+1","floor":13.0},{"not_picked":["Wild Strike","Entrench+1"],"picked":"Armaments+1","floor":14.0},{"not_picked":["Fiend Fire","Reaper"],"picked":"Double Tap+1","floor":16.0},{"not_picked":["Clothesline","Pummel+1"],"picked":"Evolve","floor":18.0},{"not_picked":["Anger","Perfected Strike"],"picked":"Entrench+1","floor":19.0},{"not_picked":["Disarm+1","Reckless Charge","Perfected Strike"],"picked":"SKIP","floor":20.0},{"not_picked":["Disarm+1","Impervious+1","Armaments+1"],"picked":"SKIP","floor":22.0},{"not_picked":["Searing Blow","Wild Strike","Power Through+1"],"picked":"SKIP","floor":24.0},{"not_picked":["Sever Soul","Wild Strike","Warcry+1"],"picked":"SKIP","floor":25.0},{"not_picked":["Pummel","Pommel Strike"],"picked":"Body Slam","floor":27.0},{"not_picked":["Brutality","Heavy Blade"],"picked":"Fire Breathing","floor":27.0},{"not_picked":["Fire Breathing","Warcry+1","Thunderclap"],"picked":"SKIP","floor":28.0},{"not_picked":["Carnage","Iron Wave","Inflame"],"picked":"SKIP","floor":29.0},{"not_picked":["Metallicize","Body Slam"],"picked":"Feel No Pain+1","floor":31.0},{"not_picked":["Feed","Corruption"],"picked":"Barricade","floor":33.0},{"not_picked":["Cleave","Wild Strike"],"picked":"Burning Pact+1","floor":35},{"not_picked":["Ghostly Armor+1","Seeing Red+1","Cleave"],"picked":"SKIP","floor":36},{"not_picked":["Evolve+1","Pommel Strike","Perfected Strike"],"picked":"SKIP","floor":37},{"not_picked":["Spot Weakness+1","Anger+1","Evolve"],"picked":"SKIP","floor":41},{"not_picked":["Dropkick","Havoc+1","Sever Soul"],"picked":"SKIP","floor":45},{"not_picked":["Cleave+1","Berserk","Entrench+1"],"picked":"SKIP","floor":46},{"not_picked":["Cleave","Flex+1","Iron Wave"],"picked":"SKIP","floor":47},{"not_picked":["Fiend Fire","Shrug It Off+1","Twin Strike"],"picked":"SKIP","floor":55}],"player_experience":856602,"relics_obtained":[{"floor":6.0,"key":"Gremlin Horn"},{"floor":8.0,"key":"Toxic Egg 2"},{"floor":9.0,"key":"Pen Nib"},{"floor":11.0,"key":"Blood Vial"},{"floor":34,"key":"Bag of Marbles"},{"floor":34,"key":"Eternal Feather"},{"floor":34,"key":"Charon\u0027s Ashes"},{"floor":43,"key":"Toy Ornithopter"},{"floor":45,"key":"Bottled Lightning"},{"floor":47,"key":"Letter Opener"},{"floor":55,"key":"Bag of Preparation"}],"event_choices":[{"damage_healed":0.0,"max_hp_gain":0.0,"max_hp_loss":0.0,"gold_gain":275.0,"event_name":"Golden Shrine","player_choice":"Desecrate","floor":2.0,"gold_loss":0.0,"damage_taken":0.0,"cards_obtained":["Regret"]},{"damage_healed":0.0,"max_hp_gain":0.0,"max_hp_loss":0.0,"gold_gain":0.0,"event_name":"Shining Light","player_choice":"Entered Light","floor":5.0,"gold_loss":0.0,"damage_taken":23.0,"cards_upgraded":["Defend_R","Strike_R"]},{"cards_removed":["HandOfGreed"],"damage_healed":0,"gold_gain":0,"player_choice":"Removed Attack","damage_taken":0,"max_hp_gain":0,"max_hp_loss":0,"event_name":"Falling","floor":39,"gold_loss":0}],"is_beta":false,"boss_relics":[{"not_picked":["Cursed Key","Tiny House"],"picked":"Pandora\u0027s Box"},{"not_picked":["Mark of Pain","Black Star"],"picked":"Calling Bell"}],"items_purged_floors":[3,27,38,48],"is_endless":false,"potions_floor_spawned":[1,6,13,14,16,22,28,29,33,36,37,46,55],"ascension_level":20}}