{"host":"vd5put2n5b3t1prw","time":1608094996,"event":{"mods":["2.2 Compatiblity","AchievementEnabler","Act Like it!","BaseMod","Better Altar","Better Match","Better Note","Better Sensory Stone","Better Silent Start","Better Skull","Better Third Choice","Better Vampires","Better-Laid Plans","BetterRewards","Block Reminder","Card Forge","Colored Map","Custom Start","Downfall","Emptier Cage","Hallownest","Marked Mod","Minty Spire (QoL Compilation)","Quick Restart","Random Character Button","Relic Stats","Reorder Act Four","Spicy Shops","StSLib","Transform Curses","Waifu the Spire"],"gold_per_floor":[119,129,129,149,163,197,197,232,256,289,306,306,231,249,249,352,352,370,386,226,241,253,253,283,283,328,328,362,375,386,396,396,498,498,517,530,580,592,233,233,268,281,281,281,291,316,316,316,316,316,316,63,63,96,96],"floor_reached":56,"playtime":5895,"items_purged":["MarkedMod:Acupuncture","MarkedMod:SlowDance+1"],"score":2208,"play_id":"ab446b74-7694-4018-9a4c-c2b280621f38","local_time":"20201215230316","is_ascension_mode":true,"campfire_choices":[{"data":"MarkedMod:OneThousandNeedles","floor":7,"key":"SMITH"},{"data":"MarkedMod:PinPointDefense","floor":12,"key":"SMITH"},{"data":"MarkedMod:PinPointDefense","floor":15,"key":"SMITH"},{"floor":23,"key":"RECALL"},{"floor":25,"key":"REST"},{"floor":32,"key":"REST"},{"floor":49,"key":"DIG"},{"floor":53,"key":"DIG"}],"circlet_count":0,"master_deck":["ThirdEye+1","MarkedMod:GracefulMovements+1","MarkedMod:PinPointDefense+1","MarkedMod:GracefulMovements+1","MarkedMod:NorthStar+1","MasterReality+1","PathToVictory+1","MarkedMod:OneThousandNeedles+1","MarkedMod:OneThousandNeedles+1","PathToVictory+1","hexamod:SixthSeal","MarkedMod:ChiBlock+1","MarkedMod:PinPointDefense+1","MarkedMod:PinPointDefense+1","ThirdEye+1","ThirdEye+1","Wireheading+1","DeceiveReality+1","Evaluate+1","PathToVictory+1","Evaluate+1","ThirdEye+1","PathToVictory+1","Panacea+1","DeceiveReality+1","ThirdEye+1"],"relics":["PureWater","Hammer of Thor","Seething Fire","Anvil of the Gods","Unceasing Top","CloakClasp","DollysMirror","Singing Bowl","Gremlin Horn","Damaru","Anchor","Omamori","Fusion Hammer","Toy Ornithopter","Ancient Tea Set","Empty Cage","Gambling Chip","Oddly Smooth Stone","MealTicket","Mummified Hand","Shovel","Vajra","PreservedInsect","TeardropLocket","StoneCalendar"],"acts_visited":["Exordium","TheCity","TheBeyond","TheEnding"],"potions_floor_usage":[11,24,24,28,55,55],"damage_taken":[{"damage":7,"enemies":"Small Slimes","floor":1,"turns":3},{"damage":2,"enemies":"Cultist","floor":2,"turns":4},{"damage":10,"enemies":"Jaw Worm","floor":4,"turns":3},{"damage":5,"enemies":"Exordium Wildlife","floor":5,"turns":3},{"damage":8,"enemies":"Gremlin Nob","floor":6,"turns":3},{"damage":3,"enemies":"3 Sentries","floor":8,"turns":4},{"damage":0,"enemies":"Gremlin Nob","floor":10,"turns":2},{"damage":0,"enemies":"Gremlin Gang","floor":11,"turns":2},{"damage":0,"enemies":"Lots of Slimes","floor":14,"turns":1},{"damage":0,"enemies":"Slime Boss","floor":16,"turns":2},{"damage":0,"enemies":"3 Byrds","floor":18,"turns":2},{"damage":2,"enemies":"2 Thieves","floor":19,"turns":3},{"damage":0,"enemies":"Centurion and Healer","floor":21,"turns":3},{"damage":0,"enemies":"Shelled Parasite and Fungi","floor":22,"turns":2},{"damage":3,"enemies":"Slavers","floor":24,"turns":2},{"damage":0,"enemies":"Book of Stabbing","floor":28,"turns":3},{"damage":0,"enemies":"Chosen and Byrds","floor":29,"turns":3},{"damage":8,"enemies":"Snecko","floor":30,"turns":4},{"damage":2,"enemies":"Centurion and Healer","floor":31,"turns":3},{"damage":0,"enemies":"Automaton","floor":33,"turns":4},{"damage":0,"enemies":"Orb Walker","floor":35,"turns":2},{"damage":0,"enemies":"3 Shapes","floor":36,"turns":3},{"damage":0,"enemies":"Mind Bloom Boss Battle","floor":37,"turns":4},{"damage":7,"enemies":"Transient","floor":38,"turns":5},{"damage":0,"enemies":"Nemesis","floor":41,"turns":5},{"damage":0,"enemies":"Writhing Mass","floor":42,"turns":3},{"damage":13,"enemies":"Maw","floor":45,"turns":4},{"damage":0,"enemies":"Reptomancer","floor":46,"turns":3},{"damage":10,"enemies":"Donu and Deca","floor":50,"turns":4},{"damage":0,"enemies":"Shield and Spear","floor":54,"turns":3},{"damage":9,"enemies":"The Heart","floor":55,"turns":5}],"seed_played":"-4964081130341406886","potions_obtained":[{"floor":1,"key":"Block Potion"},{"floor":2,"key":"BottledMiracle"},{"floor":11,"key":"Swift Potion"},{"floor":24,"key":"Block Potion"},{"floor":33,"key":"hexamod:EctoCoolerPotion"},{"floor":36,"key":"Regen Potion"},{"floor":44,"key":"FairyPotion"}],"is_trial":false,"path_per_floor":["M","M","?","M","M","E","R","E","T","E","M","R","?","M","R","B",null,"M","M","$","M","M","R","E","R","T","?","E","M","M","M","R","B",null,"M","M","?","M","$","?","E","M","T","?","M","E","$","?","R","B",null,"$","R","E","B",null],"character_chosen":"WATCHER","items_purchased":["Unceasing Top","BattleHymn","ThirdEye","MarkedMod:GracefulMovements","CloakClasp","MarkedMod:NorthStar","MarkedMod:PinPointDefense","DollysMirror","Singing Bowl","MarkedMod:Acupuncture","MarkedMod:NorthStar","Wireheading","PathToVictory","Oddly Smooth Stone","LiquidBronze","PreservedInsect"],"campfire_rested":2,"item_purchase_floors":[0,0,0,0,0,0,0,0,0,0,0,20,39,39,39,52],"current_hp_per_floor":[65,65,65,55,52,46,46,43,43,43,45,45,45,47,47,49,75,77,77,77,79,79,79,78,92,92,92,92,92,84,84,94,96,96,96,98,100,93,93,93,95,95,95,95,84,84,99,99,99,89,100,104,104,106,97],"gold":96,"neow_bonus":"","is_daily":false,"chose_seed":false,"campfire_upgraded":3,"win_rate":0.0,"timestamp":1608094996,"path_taken":["M","M","?","M","?","E","R","E","T","E","M","R","?","M","R","BOSS","M","M","$","M","M","R","E","R","T","?","E","?","M","?","R","BOSS","M","M","?","M","$","?","E","M","T","?","?","E","$","?","R","BOSS","$","R","E","BOSS"],"items_purchased_type":["Relic","Card","Card","Card","Relic","Card","Card","Relic","Relic","Card","Card","Card","Card","Relic","Potion","Relic"],"build_version":"2020-12-13","purchased_purges":2,"victory":true,"max_hp_per_floor":[72,74,74,74,76,78,78,78,78,78,80,80,80,82,82,84,84,86,88,88,90,90,90,92,92,92,92,92,92,92,94,94,96,96,96,98,100,100,100,100,102,102,102,102,104,104,104,104,104,104,104,104,104,106,106],"relic_stats":{"Singing Bowl":34,"Gremlin Horn":[16,16],"counters":[141,510],"StoneCalendar":[0],"PreservedInsect":694,"CloakClasp":[144],"Shovel":2,"Mummified Hand":[30],"Gambling Chip":[12],"MealTicket":19,"obtain_stats":[{"Tiny House":17,"Gremlin Horn":6,"Vajra":0,"Hammer of Thor":0,"Ginger":7,"Whetstone":19,"Boot":54,"Sling":29,"Old Coin":8,"Blood Vial":10,"Lizard Tail":8,"Centennial Puzzle":43,"Sundial":9,"DollysMirror":22,"MealTicket":41,"Fusion Hammer":17,"HandDrill":19,"Kunai":19,"Pear":6,"Happy Flower":27,"Oddly Smooth Stone":43,"Pen Nib":30,"Letter Opener":11,"War Paint":34,"Question Card":0,"Du-Vu Doll":54,"OrangePellets":19,"SlaversCollar":34,"Anvil of the Gods":0,"Shuriken":13,"MutagenicStrength":29,"Bird Faced Urn":0,"Bronze Scales":48,"Molten Egg 2":9,"Pandora\u0027s Box":34,"Nloth\u0027s Gift":30,"Black Star":34,"Unceasing Top":36,"NlothsMask":19,"Meat on the Bone":45,"Darkstone Periapt":25,"Lantern":6,"Singing Bowl":0,"Torii":25,"SacredBark":17,"StoneCalendar":0,"Yang":0,"Bag of Preparation":20,"Juzu Bracelet":23,"CloakClasp":0,"TeardropLocket":53,"Ancient Tea Set":26,"Smiling Mask":45,"Empty Cage":34,"Frozen Eye":0,"Dream Catcher":11,"Matryoshka":25,"TheAbacus":0,"Shovel":46,"Mummified Hand":0,"Gambling Chip":37,"Toolbox":52,"InkBottle":34,"Runic Pyramid":17,"Potion Belt":14,"Golden Idol":3,"Damaru":11,"Thread and Needle":4,"PreservedInsect":0,"The Courier":43,"Omamori":27,"Seething Fire":0,"Frozen Egg 2":37,"Orichalcum":45,"GoldenEye":14,"Mercury Hourglass":48,"Calling Bell":34,"CaptainsWheel":11,"Anchor":54,"Ornamental Fan":43,"Orrery":4,"Art of War":43,"Membership Card":45,"Bottled Lightning":41,"PureWater":0,"FossilizedHelix":5,"TungstenRod":34,"Toy Ornithopter":24},{"Tiny House":65,"Gremlin Horn":115,"Vajra":81,"Hammer of Thor":0,"Ginger":32,"Whetstone":36,"Boot":27,"Sling":41,"Old Coin":33,"Blood Vial":7,"Lizard Tail":6,"Centennial Puzzle":75,"Sundial":33,"DollysMirror":94,"MealTicket":49,"Fusion Hammer":120,"HandDrill":36,"Kunai":36,"Pear":4,"Happy Flower":15,"Oddly Smooth Stone":50,"Pen Nib":42,"Letter Opener":33,"War Paint":71,"Question Card":28,"Du-Vu Doll":80,"OrangePellets":36,"SlaversCollar":44,"Anvil of the Gods":0,"Shuriken":34,"MutagenicStrength":69,"Bird Faced Urn":81,"Bronze Scales":107,"Molten Egg 2":6,"Pandora\u0027s Box":18,"Nloth\u0027s Gift":69,"Black Star":100,"Unceasing Top":20,"NlothsMask":11,"Meat on the Bone":105,"Darkstone Periapt":15,"Lantern":32,"Singing Bowl":55,"Torii":69,"SacredBark":10,"StoneCalendar":28,"Yang":55,"Bag of Preparation":66,"Juzu Bracelet":68,"CloakClasp":110,"TeardropLocket":139,"Ancient Tea Set":40,"Smiling Mask":51,"Empty Cage":130,"Frozen Eye":28,"Dream Catcher":33,"Matryoshka":40,"TheAbacus":81,"Shovel":138,"Mummified Hand":28,"Gambling Chip":133,"Toolbox":53,"InkBottle":71,"Runic Pyramid":91,"Potion Belt":64,"Golden Idol":30,"Damaru":33,"Thread and Needle":3,"PreservedInsect":55,"The Courier":104,"Omamori":41,"Seething Fire":0,"Frozen Egg 2":46,"Orichalcum":105,"GoldenEye":34,"Mercury Hourglass":107,"Calling Bell":71,"CaptainsWheel":33,"Anchor":54,"Ornamental Fan":22,"Orrery":84,"Art of War":50,"Membership Card":23,"Bottled Lightning":75,"PureWater":0,"FossilizedHelix":31,"TungstenRod":71,"Toy Ornithopter":125},{"Tiny House":245,"Gremlin Horn":429,"Vajra":304,"Hammer of Thor":0,"Ginger":136,"Whetstone":146,"Boot":117,"Sling":160,"Old Coin":139,"Blood Vial":18,"Lizard Tail":15,"Centennial Puzzle":279,"Sundial":139,"DollysMirror":349,"MealTicket":188,"Fusion Hammer":440,"HandDrill":146,"Kunai":146,"Pear":9,"Happy Flower":56,"Oddly Smooth Stone":190,"Pen Nib":163,"Letter Opener":139,"War Paint":266,"Question Card":126,"Du-Vu Doll":297,"OrangePellets":146,"SlaversCollar":171,"Anvil of the Gods":0,"Shuriken":141,"MutagenicStrength":259,"Bird Faced Urn":304,"Bronze Scales":392,"Molten Egg 2":15,"Pandora\u0027s Box":72,"Nloth\u0027s Gift":259,"Black Star":370,"Unceasing Top":80,"NlothsMask":39,"Meat on the Bone":385,"Darkstone Periapt":56,"Lantern":136,"Singing Bowl":213,"Torii":259,"SacredBark":34,"StoneCalendar":126,"Yang":213,"Bag of Preparation":250,"Juzu Bracelet":256,"CloakClasp":413,"TeardropLocket":502,"Ancient Tea Set":157,"Smiling Mask":195,"Empty Cage":469,"Frozen Eye":126,"Dream Catcher":139,"Matryoshka":157,"TheAbacus":304,"Shovel":498,"Mummified Hand":126,"Gambling Chip":478,"Toolbox":205,"InkBottle":266,"Runic Pyramid":339,"Potion Belt":241,"Golden Idol":131,"Damaru":139,"Thread and Needle":6,"PreservedInsect":213,"The Courier":382,"Omamori":160,"Seething Fire":0,"Frozen Egg 2":178,"Orichalcum":385,"GoldenEye":141,"Mercury Hourglass":392,"Calling Bell":266,"CaptainsWheel":139,"Anchor":208,"Ornamental Fan":88,"Orrery":313,"Art of War":190,"Membership Card":91,"Bottled Lightning":279,"PureWater":0,"FossilizedHelix":133,"TungstenRod":266,"Toy Ornithopter":452}],"Unceasing Top":[12],"Toy Ornithopter":0},"card_choices":[{"not_picked":["CutThroughFate","SashWhip"],"picked":"MarkedMod:Acupuncture","floor":1},{"not_picked":["Nirvana","WreathOfFlame","Collect"],"picked":"Singing Bowl","floor":2},{"not_picked":["Crescendo","Nirvana"],"picked":"CutThroughFate","floor":4},{"not_picked":["WreathOfFlame","EmptyFist","Ragnarok"],"picked":"Singing Bowl","floor":5},{"not_picked":["WaveOfTheHand","DeusExMachina","SignatureMove"],"picked":"Singing Bowl","floor":6},{"not_picked":["Nirvana","EmptyFist"],"picked":"MarkedMod:ChiBlock","floor":8},{"not_picked":["ForeignInfluence","FlurryOfBlows"],"picked":"CutThroughFate","floor":10},{"not_picked":["LikeWater","CrushJoints","MarkedMod:GentlePulse"],"picked":"Singing Bowl","floor":11},{"not_picked":["ClearTheMind+1","JustLucky+1"],"picked":"ThirdEye+1","floor":13},{"not_picked":["MarkedMod:Acupuncture","EmptyBody","FollowUp"],"picked":"Singing Bowl","floor":14},{"not_picked":["LessonLearned","Ragnarok","Brilliance"],"picked":"Singing Bowl","floor":16},{"not_picked":["MarkedMod:Acupuncture","JustLucky","EmptyBody"],"picked":"Singing Bowl","floor":18},{"not_picked":["Halt","Tantrum+1","Scrawl"],"picked":"Singing Bowl","floor":19},{"not_picked":["CutThroughFate","Conclude","Tantrum"],"picked":"Singing Bowl","floor":21},{"not_picked":["EmptyMind+1","Fasting2"],"picked":"DeceiveReality","floor":22},{"not_picked":["EmptyFist","Wireheading","Collect"],"picked":"Singing Bowl","floor":24},{"not_picked":["Meditate","Wish"],"picked":"MarkedMod:SlowDance","floor":28},{"not_picked":["Pray","MarkedMod:Acupuncture"],"picked":"Evaluate+1","floor":29},{"not_picked":["CrushJoints","Study+1"],"picked":"PathToVictory+1","floor":30},{"not_picked":["EmptyBody+1","Crescendo","EmptyMind"],"picked":"Singing Bowl","floor":31},{"not_picked":["Judgement","Wish","MasterReality"],"picked":"Singing Bowl","floor":33},{"not_picked":["FlyingSleeves+1","Meditate"],"picked":"Evaluate+1","floor":35},{"not_picked":["WheelKick","FollowUp+1","Study"],"picked":"Singing Bowl","floor":36},{"not_picked":["CrushJoints+1","FlyingSleeves+1","FollowUp"],"picked":"Singing Bowl","floor":37},{"not_picked":["Conclude","EmptyFist"],"picked":"ThirdEye+1","floor":38},{"not_picked":["expansioncontent:Chronoboost","expansioncontent:Sear"],"picked":"Panacea","floor":40},{"not_picked":["Vengeance+1","PathToVictory+1","Indignation+1"],"picked":"Singing Bowl","floor":41},{"not_picked":["Evaluate","BowlingBash"],"picked":"DeceiveReality","floor":42},{"not_picked":["InnerPeace+1","FollowUp","ReachHeaven+1"],"picked":"Singing Bowl","floor":45},{"not_picked":["BattleHymn","ClearTheMind+1"],"picked":"ThirdEye+1","floor":46},{"not_picked":["WindmillStrike","MentalFortress","FollowUp+1"],"picked":"Singing Bowl","floor":54}],"player_experience":229267,"relics_obtained":[{"floor":6,"key":"Gremlin Horn"},{"floor":8,"key":"Damaru"},{"floor":9,"key":"Anchor"},{"floor":10,"key":"Omamori"},{"floor":24,"key":"Toy Ornithopter"},{"floor":28,"key":"Ancient Tea Set"},{"floor":37,"key":"Gambling Chip"},{"floor":41,"key":"MealTicket"},{"floor":43,"key":"Mummified Hand"},{"floor":46,"key":"Shovel"},{"floor":49,"key":"Vajra"},{"floor":53,"key":"TeardropLocket"},{"floor":54,"key":"StoneCalendar"}],"event_choices":[{"damage_healed":0,"gold_gain":0,"player_choice":"Cursed","damage_taken":0,"max_hp_gain":0,"max_hp_loss":0,"event_name":"Wheel of Change","floor":3,"gold_loss":0,"cards_obtained":["Decay"]},{"damage_healed":0,"gold_gain":0,"player_choice":"2","damage_taken":0,"max_hp_gain":0,"max_hp_loss":0,"event_name":"betterMatch:BetterMatch","floor":13,"gold_loss":0,"cards_obtained":["betterMatch:CommonCard"]},{"cards_removed":["Blasphemy"],"damage_healed":0,"gold_gain":0,"player_choice":"Give","damage_taken":0,"max_hp_gain":0,"max_hp_loss":0,"event_name":"betterNote:BetterNote","floor":27,"gold_loss":0,"cards_obtained":["sneckomod:MasterEye"]},{"damage_healed":0,"gold_gain":0,"player_choice":"Fight","damage_taken":0,"max_hp_gain":0,"max_hp_loss":0,"event_name":"MindBloom","floor":37,"gold_loss":0},{"damage_healed":0,"gold_gain":3,"player_choice":"1","damage_taken":0,"max_hp_gain":0,"max_hp_loss":0,"event_name":"betterStone:BetterStone","floor":40,"gold_loss":0},{"damage_healed":0,"gold_gain":0,"player_choice":"Got Potions","damage_taken":0,"max_hp_gain":0,"max_hp_loss":0,"event_name":"Lab","floor":44,"gold_loss":0},{"cards_removed":["MarkedMod:NorthStar"],"damage_healed":0,"gold_gain":0,"player_choice":"Removed Skill","damage_taken":0,"max_hp_gain":0,"max_hp_loss":0,"event_name":"Falling","floor":48,"gold_loss":0}],"is_beta":false,"boss_relics":[{"not_picked":["Runic Dome","Velvet Choker"],"picked":"Fusion Hammer"},{"not_picked":["Busted Crown","Cursed Key"],"picked":"Empty Cage"}],"items_purged_floors":[20,52],"is_endless":false,"potions_floor_spawned":[1,2,11,14,16,19,22,24,33,36,38,54],"ascension_level":5}}