{"host":"63yhhrjweyj22b0v","time":1608099667,"event":{"mods":["BaseMod","Minty Spire (QoL Compilation)","Quick Restart"],"gold_per_floor":[118,118,137,29,129,158,158,188,188,188,202,236,256,14,14,111,161,173,64,110,126,41,41,57,57,106,4,4,17,27,27,27,123,123,143,61,73,73,73],"floor_reached":38,"playtime":1524,"items_purged":["Defend_B"],"score":438,"play_id":"6e39b88c-4568-48f2-a742-bbaa5e625a79","local_time":"20201216002107","is_ascension_mode":true,"campfire_choices":[{"data":"Capacitor","floor":7,"key":"SMITH"},{"data":"Rainbow","floor":10,"key":"SMITH"},{"floor":15,"key":"REST"},{"floor":23,"key":"REST"},{"floor":25,"key":"REST"},{"floor":28,"key":"RECALL"},{"floor":32,"key":"REST"}],"circlet_count":0,"master_deck":["Strike_B","Strike_B+1","Strike_B","Strike_B","Defend_B","Defend_B","Defend_B","Zap","Dualcast","Conserve Battery","Zap","Conserve Battery","Capacitor+1","Rainbow+1","Capacitor","Redo","Amplify","Storm","Electrodynamics","Barrage","Gash+1","Defragment","Blizzard","Reinforced Body","Coolheaded","Ball Lightning","Storm","Auto Shields+1","Ball Lightning","Machine Learning","Capacitor+1","Static Discharge","Redo+1"],"relics":["Cracked Core","NeowsBlessing","Ginger","Bronze Scales","Gremlin Horn","Ancient Tea Set","Mummified Hand","Tiny House","Blood Vial","Centennial Puzzle","SacredBark"],"acts_visited":["Exordium","TheCity","TheBeyond"],"potions_floor_usage":[12,12,16,18,24,33],"damage_taken":[{"damage":0,"enemies":"Jaw Worm","floor":1,"turns":1},{"damage":0,"enemies":"Cultist","floor":3,"turns":1},{"damage":0,"enemies":"3 Sentries","floor":6,"turns":1},{"damage":23,"enemies":"Lagavulin","floor":8,"turns":6},{"damage":13,"enemies":"Small Slimes","floor":11,"turns":3},{"damage":18,"enemies":"Gremlin Nob","floor":12,"turns":4},{"damage":8,"enemies":"Exordium Wildlife","floor":13,"turns":5},{"damage":30,"enemies":"Hexaghost","floor":16,"turns":8},{"damage":8,"enemies":"3 Byrds","floor":18,"turns":3},{"damage":19,"enemies":"Spheric Guardian","floor":21,"turns":4},{"damage":47,"enemies":"Shelled Parasite and Fungi","floor":24,"turns":5},{"damage":30,"enemies":"Snake Plant","floor":29,"turns":3},{"damage":14,"enemies":"Centurion and Healer","floor":30,"turns":6},{"damage":33,"enemies":"Collector","floor":33,"turns":7},{"damage":53,"enemies":"3 Darklings","floor":35,"turns":3},{"damage":20,"enemies":"Orb Walker","floor":37,"turns":4},{"damage":16,"enemies":"Mind Bloom Boss Battle","floor":38,"turns":2}],"seed_played":"867242361346574825","potions_obtained":[{"floor":3,"key":"PowerPotion"},{"floor":11,"key":"EssenceOfDarkness"},{"floor":13,"key":"ColorlessPotion"},{"floor":16,"key":"ColorlessPotion"},{"floor":17,"key":"Weak Potion"},{"floor":29,"key":"PotionOfCapacity"}],"is_trial":false,"path_per_floor":["M","?","M","$","?","E","R","E","T","R","M","E","M","$","R","B",null,"M","$","T","M","?","R","M","R","T","$","R","M","M","?","R","B",null,"M","$","M","?"],"character_chosen":"DEFECT","items_purchased":["Capacitor","Mummified Hand","Defragment","Blizzard","Ball Lightning","Storm","Static Discharge"],"campfire_rested":4,"item_purchase_floors":[4,14,19,19,27,27,36],"current_hp_per_floor":[75,75,75,75,75,75,75,52,52,52,39,21,13,13,35,5,80,72,72,72,55,55,79,33,57,57,57,57,29,17,9,33,2,80,27,27,9,0,0],"gold":73,"neow_bonus":"THREE_ENEMY_KILL","is_daily":false,"chose_seed":false,"campfire_upgraded":2,"win_rate":0.0,"timestamp":1608099667,"path_taken":["M","?","?","?","?","E","R","E","T","R","M","E","?","$","R","BOSS","M","$","?","M","?","R","M","R","T","?","R","M","?","?","R","BOSS","M","$","M","?"],"items_purchased_type":["Card","Relic","Card","Card","Card","Card","Card"],"build_version":"2020-12-13","purchased_purges":1,"victory":false,"max_hp_per_floor":[75,75,75,75,75,75,75,75,75,75,75,75,75,75,75,75,80,80,80,80,80,80,80,80,80,80,80,80,80,80,80,80,80,80,80,80,80,80,80],"card_choices":[{"not_picked":["Steam","Coolheaded"],"picked":"Conserve Battery","floor":1},{"not_picked":["Gash","Go for the Eyes"],"picked":"Conserve Battery","floor":3},{"not_picked":["Cold Snap","Compile Driver"],"picked":"Rainbow","floor":6},{"not_picked":["Skim","Rip and Tear"],"picked":"Capacitor","floor":8},{"not_picked":["Go for the Eyes","Recycle"],"picked":"Redo","floor":11},{"not_picked":["Glacier","Rebound"],"picked":"Amplify","floor":12},{"not_picked":["Streamline","Chaos"],"picked":"Storm","floor":13},{"not_picked":["Meteor Strike","Thunder Strike"],"picked":"Electrodynamics","floor":16},{"not_picked":["Coolheaded","Undo"],"picked":"Barrage","floor":17},{"not_picked":["Go for the Eyes","Cold Snap"],"picked":"Gash+1","floor":18},{"not_picked":["Blizzard","Steam Power"],"picked":"Reinforced Body","floor":21},{"not_picked":["Stack","Ball Lightning"],"picked":"Coolheaded","floor":24},{"not_picked":["Stack","Rebound"],"picked":"Auto Shields+1","floor":29},{"not_picked":["Scrape","Leap"],"picked":"Ball Lightning","floor":30},{"not_picked":["Reboot","Biased Cognition"],"picked":"Machine Learning","floor":33},{"not_picked":["Heatsinks","Steam Power+1"],"picked":"Capacitor+1","floor":35},{"not_picked":["Conserve Battery+1","Go for the Eyes+1"],"picked":"Redo+1","floor":37}],"player_experience":604297,"relics_obtained":[{"floor":6,"key":"Ginger"},{"floor":8,"key":"Bronze Scales"},{"floor":9,"key":"Gremlin Horn"},{"floor":12,"key":"Ancient Tea Set"},{"floor":20,"key":"Blood Vial"}],"event_choices":[{"damage_healed":0,"gold_gain":0,"player_choice":"1 cards matched","damage_taken":0,"max_hp_gain":0,"max_hp_loss":0,"event_name":"Match and Keep!","floor":2,"gold_loss":0,"cards_obtained":["Zap"]},{"damage_healed":0,"gold_gain":100,"player_choice":"Gold","damage_taken":0,"max_hp_gain":0,"max_hp_loss":0,"event_name":"Wheel of Change","floor":5,"gold_loss":0},{"damage_healed":0,"gold_gain":0,"player_choice":"Obtained Relic","damage_taken":0,"relics_obtained":["Centennial Puzzle"],"max_hp_gain":0,"max_hp_loss":0,"event_name":"Addict","floor":22,"gold_loss":85},{"damage_healed":0,"gold_gain":0,"player_choice":"Damaged","damage_taken":8,"max_hp_gain":0,"max_hp_loss":0,"event_name":"Wheel of Change","floor":31,"gold_loss":0},{"damage_healed":0,"gold_gain":0,"player_choice":"Fight","damage_taken":0,"max_hp_gain":0,"max_hp_loss":0,"event_name":"MindBloom","floor":38,"gold_loss":0}],"is_beta":false,"boss_relics":[{"not_picked":["Runic Pyramid","Black Star"],"picked":"Tiny House"},{"not_picked":["Runic Dome","Sozu"],"picked":"SacredBark"}],"items_purged_floors":[4],"is_endless":false,"potions_floor_spawned":[3,11,13,16,29],"killed_by":"Mind Bloom Boss Battle","ascension_level":1}}