{"host":"a9gsz7kv8aebwp1f","time":1608106696,"event":{"mods":["AchievementEnabler","BaseMod","Minty Spire (QoL Compilation)"],"gold_per_floor":[119,119,119,194,210,210,227,227,227,227,22,36,36,71,71,71,71],"floor_reached":16,"playtime":472,"items_purged":[],"score":157,"play_id":"098b6d6d-b5cd-405d-a9e8-247fedf43150","local_time":"20201216171816","is_ascension_mode":true,"campfire_choices":[{"data":"Dualcast","floor":6,"key":"SMITH"},{"data":"Go for the Eyes","floor":8,"key":"SMITH"},{"data":"Zap","floor":10,"key":"SMITH"},{"floor":15,"key":"REST"}],"circlet_count":0,"master_deck":["AscendersBane","Strike_B","Strike_B","Strike_B","Strike_B","Defend_B","Defend_B","Defend_B","Defend_B","Zap+1","Dualcast+1","Coolheaded","Steam","Go for the Eyes+1","Coolheaded","BootSequence","Leap"],"relics":["Cracked Core","Oddly Smooth Stone","Blood Vial","ClockworkSouvenir","GremlinMask","Lantern"],"acts_visited":["Exordium"],"potions_floor_usage":[],"damage_taken":[{"damage":1,"enemies":"Jaw Worm","floor":1,"turns":3},{"damage":2,"enemies":"2 Louse","floor":5,"turns":2},{"damage":0,"enemies":"Cultist","floor":7,"turns":3},{"damage":0,"enemies":"Blue Slaver","floor":12,"turns":4},{"damage":20,"enemies":"3 Sentries","floor":14,"turns":10},{"damage":74,"enemies":"Hexaghost","floor":16,"turns":19}],"seed_played":"-5873082239442383607","potions_obtained":[{"floor":5,"key":"FairyPotion"},{"floor":7,"key":"Strength Potion"}],"is_trial":false,"path_per_floor":["M","?","?","?","M","R","M","R","T","R","$","M","?","E","R","B"],"character_chosen":"DEFECT","items_purchased":["ClockworkSouvenir","Coolheaded"],"campfire_rested":1,"item_purchase_floors":[11,11],"current_hp_per_floor":[67,67,49,38,38,38,40,40,40,40,40,42,42,24,46,0,0],"gold":71,"neow_bonus":"RANDOM_COMMON_RELIC","is_daily":false,"chose_seed":false,"campfire_upgraded":3,"win_rate":0.0,"timestamp":1608106696,"path_taken":["M","?","?","?","?","R","?","R","T","R","$","M","?","E","R","BOSS"],"items_purchased_type":["Relic","Card"],"build_version":"2020-12-13","purchased_purges":0,"victory":false,"max_hp_per_floor":[75,75,75,75,75,75,75,75,75,75,75,75,75,75,75,75,75],"card_choices":[{"not_picked":["Rebound","Streamline"],"picked":"Coolheaded","floor":1},{"not_picked":["Ball Lightning","Static Discharge"],"picked":"Steam","floor":5},{"not_picked":["Turbo","Coolheaded"],"picked":"Go for the Eyes","floor":7},{"not_picked":["Skim","Capacitor"],"picked":"BootSequence","floor":12},{"not_picked":["Coolheaded","Cold Snap"],"picked":"Leap","floor":14}],"player_experience":424325,"relics_obtained":[{"floor":14,"key":"Lantern"}],"event_choices":[{"damage_healed":0,"gold_gain":0,"player_choice":"Ignored","damage_taken":0,"max_hp_gain":0,"max_hp_loss":0,"event_name":"Liars Game","floor":2,"gold_loss":0},{"damage_healed":0,"gold_gain":0,"player_choice":"Success","damage_taken":18,"relics_obtained":["Blood Vial"],"max_hp_gain":0,"max_hp_loss":0,"event_name":"Scrap Ooze","floor":3,"gold_loss":0},{"damage_healed":0,"gold_gain":75,"player_choice":"Gather Gold","damage_taken":11,"max_hp_gain":0,"max_hp_loss":0,"event_name":"World of Goop","floor":4,"gold_loss":0},{"damage_healed":0,"gold_gain":0,"player_choice":"Trade","damage_taken":0,"relics_obtained":["GremlinMask"],"max_hp_gain":0,"max_hp_loss":0,"event_name":"FaceTrader","floor":13,"gold_loss":0}],"is_beta":false,"boss_relics":[],"items_purged_floors":[],"is_endless":false,"potions_floor_spawned":[5,7],"killed_by":"Hexaghost","ascension_level":12}}