{"host":"b94931fzay7ri6da","time":1608107618,"event":{"mods":["AchievementEnabler","BaseMod","Colored Map","Colored Powertips","Downfall","Minty Spire (QoL Compilation)","Quick Restart","StSLib","SuperFastMode"],"gold_per_floor":[115,115,65,17,17,17,50,66,137,148,148,178,178,194,194,292,292,305,318,62,72,85,111,111,137,137,137,148,148,148,174,174,275,275,286,298,308,64,64,64,75,75,129,184,184,211,211,0,0,0],"floor_reached":51,"playtime":2824,"items_purged":[],"score":856,"play_id":"ddb1b284-84d1-4f83-8423-529202575797","local_time":"20201216083338","is_ascension_mode":true,"campfire_choices":[{"data":"BattleHymn","floor":6,"key":"SMITH"},{"data":"Eruption","floor":11,"key":"SMITH"},{"data":"Worship","floor":13,"key":"SMITH"},{"data":"MentalFortress","floor":15,"key":"SMITH"},{"floor":24,"key":"REST"},{"data":"Establishment","floor":27,"key":"SMITH"},{"floor":29,"key":"REST"},{"data":"Scrawl","floor":32,"key":"SMITH"},{"floor":40,"key":"REST"},{"floor":45,"key":"REST"},{"data":"expansioncontent:Corrupt","floor":49,"key":"SMITH"}],"circlet_count":0,"master_deck":["Eruption+1","Vigilance","BattleHymn+1","Protect+1","FlurryOfBlows","Worship+1","MentalFortress+1","Wireheading","LessonLearned","EmptyBody","Establishment+1","SignatureMove+1","WindmillStrike","CrushJoints","Sanctity","Omniscience+1","Protect+1","Scrawl+1","Prostrate","Indignation+1","expansioncontent:DonusPower","Worship+1","DeceiveReality+1","FlyingSleeves+1","DeusExMachina+1","Crescendo+1","Alpha","JustLucky+1","Thinking Ahead","Sanctity+1","Protect+1","expansioncontent:Corrupt+1","Enlightenment"],"relics":["PureWater","NeowsBlessing","Unceasing Top","Singing Bowl","Smiling Mask","The Courier","Mercury Hourglass","Pandora\u0027s Box","DollysMirror","Peace Pipe","Damaru","WingedGreaves","Meat on the Bone","Sozu","Vajra","FossilizedHelix","Juzu Bracelet","CaptainsWheel","Bottled Flame","Red Mask"],"acts_visited":["Exordium","TheCity","TheBeyond"],"potions_floor_usage":[23,25,25,50,50],"damage_taken":[{"damage":0,"enemies":"Small Slimes","floor":1,"turns":1},{"damage":0,"enemies":"Gremlin Nob","floor":7,"turns":1},{"damage":0,"enemies":"2 Louse","floor":8,"turns":2},{"damage":1,"enemies":"Jaw Worm","floor":10,"turns":3},{"damage":1,"enemies":"Lagavulin","floor":12,"turns":4},{"damage":6,"enemies":"Exordium Thugs","floor":14,"turns":4},{"damage":42,"enemies":"The Guardian","floor":16,"turns":9},{"damage":3,"enemies":"Spheric Guardian","floor":18,"turns":3},{"damage":4,"enemies":"Chosen","floor":19,"turns":3},{"damage":21,"enemies":"Snake Plant","floor":21,"turns":3},{"damage":22,"enemies":"Shelled Parasite and Fungi","floor":22,"turns":4},{"damage":9,"enemies":"Gremlin Leader","floor":23,"turns":4},{"damage":7,"enemies":"Book of Stabbing","floor":25,"turns":4},{"damage":0,"enemies":"Snecko","floor":28,"turns":3},{"damage":8,"enemies":"Gremlin Leader","floor":31,"turns":4},{"damage":0,"enemies":"Automaton","floor":33,"turns":6},{"damage":0,"enemies":"Orb Walker","floor":35,"turns":3},{"damage":17,"enemies":"3 Darklings","floor":36,"turns":4},{"damage":37,"enemies":"Sphere and 2 Shapes","floor":37,"turns":4},{"damage":0,"enemies":"Maw","floor":41,"turns":5},{"damage":27,"enemies":"2 Orb Walkers","floor":44,"turns":4},{"damage":0,"enemies":"Giant Head","floor":46,"turns":7},{"damage":62,"enemies":"Donu and Deca","floor":50,"turns":7}],"seed_played":"-1277619783256031091","potions_obtained":[{"floor":1,"key":"PowerPotion"},{"floor":12,"key":"LiquidBronze"},{"floor":14,"key":"Ancient Potion"},{"floor":21,"key":"sneckomod:MuddlingPotion"},{"floor":23,"key":"Dexterity Potion"},{"floor":25,"key":"SmokeBomb"},{"floor":28,"key":"Swift Potion"},{"floor":31,"key":"Slimebound:ThreeZeroPotion"}],"is_trial":false,"path_per_floor":["M","?","?","$","T","R","E","M","T","M","R","E","R","M","R","B",null,"M","M","$","M","M","E","R","E","T","R","M","R","?","E","R","B",null,"M","M","M","$","?","R","M","?","T","?","R","E","?","?","R","B",null],"character_chosen":"WATCHER","items_purchased":["Protect","Prostrate","Indignation","expansioncontent:DonusPower","DollysMirror","Vajra","Thinking Ahead"],"campfire_rested":4,"item_purchase_floors":[4,20,20,20,20,38,38],"current_hp_per_floor":[72,72,72,72,72,72,72,72,72,71,71,70,70,66,66,24,74,71,67,67,46,24,17,39,32,32,32,32,54,54,48,48,48,78,80,63,40,40,40,64,64,64,64,49,73,75,67,67,67,17],"gold":0,"neow_bonus":"THREE_ENEMY_KILL","is_daily":false,"chose_seed":false,"campfire_upgraded":7,"win_rate":0.0,"timestamp":1608107618,"path_taken":["M","?","?","$","?","R","E","?","T","M","R","E","R","?","R","BOSS","M","M","$","M","M","E","R","E","T","R","M","R","?","E","R","BOSS","M","?","M","$","?","R","?","?","T","?","R","E","?","?","R","BOSS"],"items_purchased_type":["Card","Card","Card","Card","Relic","Relic","Card"],"build_version":"2020-12-13","purchased_purges":0,"victory":true,"max_hp_per_floor":[72,72,72,72,72,72,72,72,72,72,72,72,72,74,74,74,74,74,74,74,74,74,76,76,76,76,76,76,76,76,78,78,78,78,80,80,82,82,82,82,82,82,82,82,82,84,86,86,86,86],"card_choices":[{"not_picked":["CutThroughFate","Crescendo"],"picked":"BattleHymn","floor":1},{"not_picked":["SashWhip","Evaluate"],"picked":"FlurryOfBlows","floor":7},{"not_picked":["EmptyBody","PathToVictory"],"picked":"Worship","floor":8},{"not_picked":["Weave","CutThroughFate"],"picked":"MentalFortress","floor":10},{"not_picked":["Weave","FearNoEvil"],"picked":"Wireheading","floor":12},{"not_picked":["Evaluate","Ragnarok","Protect"],"picked":"Singing Bowl","floor":14},{"not_picked":["DeusExMachina","ConjureBlade"],"picked":"LessonLearned","floor":16},{"not_picked":["Evaluate","PathToVictory"],"picked":"Protect+1","floor":18},{"not_picked":["ThirdEye+1","Evaluate"],"picked":"Scrawl","floor":19},{"not_picked":["JustLucky","Wallop"],"picked":"DeceiveReality+1","floor":21},{"not_picked":["Sanctity","CrushJoints+1"],"picked":"FlyingSleeves","floor":22},{"not_picked":["EmptyFist","FlurryOfBlows","FlyingSleeves"],"picked":"Singing Bowl","floor":23},{"not_picked":["FlurryOfBlows","BattleHymn"],"picked":"DeusExMachina","floor":25},{"not_picked":["PathToVictory","ClearTheMind"],"picked":"Crescendo","floor":28},{"not_picked":["Indignation","Consecrate","Study"],"picked":"Singing Bowl","floor":31},{"not_picked":["SpiritShield","Brilliance"],"picked":"Alpha","floor":33},{"not_picked":["WreathOfFlame+1","FlyingSleeves","Nirvana"],"picked":"Singing Bowl","floor":35},{"not_picked":["LikeWater+1","Halt"],"picked":"JustLucky+1","floor":36},{"not_picked":["FlurryOfBlows","Consecrate","DeceiveReality"],"picked":"Singing Bowl","floor":37},{"not_picked":["ClearTheMind","FlyingSleeves"],"picked":"Sanctity+1","floor":41},{"not_picked":["ClearTheMind","FlyingSleeves+1"],"picked":"Protect+1","floor":44},{"not_picked":["Evaluate","ConjureBlade","InnerPeace"],"picked":"Singing Bowl","floor":46},{"not_picked":["Enlightenment","expansioncontent:DashGenerateEvil"],"picked":"expansioncontent:Corrupt","floor":47},{"not_picked":["PanicButton","expansioncontent:HyperBeam"],"picked":"Enlightenment","floor":47},{"not_picked":["Impatience","Secret Weapon","Transmutation"],"picked":"Singing Bowl","floor":47}],"player_experience":301927,"relics_obtained":[{"floor":5,"key":"Singing Bowl"},{"floor":7,"key":"Smiling Mask"},{"floor":9,"key":"The Courier"},{"floor":12,"key":"Mercury Hourglass"},{"floor":23,"key":"Peace Pipe"},{"floor":25,"key":"Damaru"},{"floor":26,"key":"WingedGreaves"},{"floor":31,"key":"Meat on the Bone"},{"floor":43,"key":"Juzu Bracelet"},{"floor":44,"key":"CaptainsWheel"},{"floor":46,"key":"Bottled Flame"}],"event_choices":[{"damage_healed":0,"gold_gain":0,"player_choice":"Box","damage_taken":0,"relics_obtained":["Unceasing Top"],"max_hp_gain":0,"max_hp_loss":0,"event_name":"Big Fish","floor":2,"gold_loss":0,"cards_obtained":["Regret"]},{"cards_removed":["Regret"],"damage_healed":0,"gold_gain":0,"player_choice":"Card Removal","damage_taken":0,"max_hp_gain":0,"max_hp_loss":0,"event_name":"The Cleric","floor":3,"gold_loss":50},{"damage_healed":0,"gold_gain":0,"player_choice":"Upgraded","damage_taken":0,"max_hp_gain":0,"max_hp_loss":0,"event_name":"Upgrade Shrine","floor":30,"gold_loss":0,"cards_upgraded":["DeusExMachina"]},{"damage_healed":0,"gold_gain":0,"player_choice":"Gave Potion","damage_taken":0,"relics_obtained":["FossilizedHelix"],"max_hp_gain":0,"max_hp_loss":0,"event_name":"WeMeetAgain","floor":39,"gold_loss":0},{"cards_removed":["SandsOfTime"],"damage_healed":0,"gold_gain":0,"player_choice":"Removed Attack","damage_taken":0,"max_hp_gain":0,"max_hp_loss":0,"event_name":"Falling","floor":42,"gold_loss":0},{"damage_healed":0,"gold_gain":0,"player_choice":"Fight","damage_taken":0,"max_hp_gain":0,"max_hp_loss":0,"event_name":"Mysterious Sphere","floor":44,"gold_loss":0},{"damage_healed":0,"gold_gain":0,"player_choice":"Memory 3","damage_taken":10,"max_hp_gain":0,"max_hp_loss":0,"event_name":"SensoryStone","floor":47,"gold_loss":0},{"damage_healed":0,"gold_gain":0,"player_choice":"Paid","damage_taken":0,"relics_obtained":["Red Mask"],"max_hp_gain":0,"max_hp_loss":0,"event_name":"Tomb of Lord Red Mask","floor":48,"gold_loss":211}],"is_beta":false,"boss_relics":[{"not_picked":["Fusion Hammer","Tiny House"],"picked":"Pandora\u0027s Box"},{"not_picked":["SlaversCollar","Astrolabe"],"picked":"Sozu"}],"items_purged_floors":[],"is_endless":false,"potions_floor_spawned":[1,12,14,19,21,23,25,28,31,36,41,44],"ascension_level":1}}