{"host":"0cnf9zf1gia27zti","time":1608079893,"event":{"mods":["BaseMod","BetterRewards","Card Forge","Colored Map","Colored Powertips","Conspire","Downfall","Minty Spire (QoL Compilation)","Practice Mode","Quick Restart","Replay The Spire","Robot Space Explorer","Shade Mod","Spicy Shops","StSLib"],"gold_per_floor":[114,114,114,124,141,174,174,174,174,28,28,61,77,96,96,169,169,186,196,198,198],"floor_reached":20,"playtime":1662,"items_purged":["Strike_G"],"score":370,"play_id":"badf7e68-5fb5-4bab-972f-ce39fb7076a1","local_time":"20201216005133","is_ascension_mode":true,"campfire_choices":[{"floor":7,"key":"REST"},{"data":"Neutralize","floor":11,"key":"SMITH"},{"data":"Strike_G","floor":15,"key":"PURGE"}],"circlet_count":0,"master_deck":["AscendersBane","Defend_G","Defend_G","Defend_G","Defend_G","Survivor","Neutralize+1","Infinite Blades","Dodge and Roll","Cloak And Dagger","conspire:PoisonWeapons","A Thousand Cuts","Blade Dance+1"],"relics":["Ring of the Snake","Hammer of Thor","Seething Fire","Anvil of the Gods","Ice Cream","Kunai","Mercury Hourglass","Letter Opener","Lee\u0027s Waffle","Replay:Ringing Soul","Replay:Grab Bag","conspire:SlowCooker","Philosopher\u0027s Stone","Empty Cage","SlaversCollar"],"acts_visited":["Exordium","TheCity"],"potions_floor_usage":[12,16,19],"damage_taken":[{"damage":0,"enemies":"Small Slimes","floor":1,"turns":3},{"damage":1,"enemies":"conspire:RoseBush","floor":4,"turns":6},{"damage":0,"enemies":"Cultist","floor":5,"turns":5},{"damage":0,"enemies":"Lagavulin","floor":6,"turns":10},{"damage":8,"enemies":"Gremlin Nob","floor":12,"turns":5},{"damage":1,"enemies":"Exordium Wildlife","floor":13,"turns":4},{"damage":0,"enemies":"conspire:2 RoseBushes","floor":14,"turns":5},{"damage":2,"enemies":"Hexaghost","floor":16,"turns":9},{"damage":52,"enemies":"3 Byrds","floor":18,"turns":4},{"damage":24,"enemies":"2 Thieves","floor":19,"turns":5},{"damage":0,"enemies":"conspire:MimicChest","floor":20,"turns":3}],"seed_played":"5523460013685156329","potions_obtained":[{"floor":6,"key":"Weak Potion"},{"floor":12,"key":"PowerPotion"},{"floor":18,"key":"FearPotion"}],"is_trial":false,"path_per_floor":["M","?","?","M","M","E","R","?","T","$","R","E","M","M","R_BF","B",null,"M","M","?"],"character_chosen":"THE_SILENT","items_purchased":["Infinite Blades","Ice Cream","Kunai","Lee\u0027s Waffle"],"campfire_rested":1,"item_purchase_floors":[0,0,0,10],"current_hp_per_floor":[29,29,29,28,28,28,49,42,42,77,77,72,71,71,71,72,80,28,7,7,7],"gold":198,"neow_bonus":"","is_daily":false,"chose_seed":false,"campfire_upgraded":1,"win_rate":0.0,"timestamp":1608079893,"path_taken":["M","?","?","M","?","E","R","?","T","?","R","E","M","M","R_BF","BOSS","M","M","?"],"items_purchased_type":["Card","Relic","Relic","Relic"],"build_version":"2020-12-13","purchased_purges":1,"victory":false,"max_hp_per_floor":[70,70,70,70,70,70,70,70,70,77,77,80,80,80,80,83,83,83,86,86,86],"card_choices":[{"not_picked":["Flechettes","Quick Slash","Poisoned Stab"],"picked":"SKIP","floor":1},{"not_picked":["Sucker Punch","Underhanded Strike","Dagger Spray"],"picked":"SKIP","floor":4},{"not_picked":["Backflip","Dagger Throw"],"picked":"Cloak And Dagger","floor":5},{"not_picked":["Acrobatics","Endless Agony","Catalyst"],"picked":"SKIP","floor":6},{"not_picked":["Bouncing Flask","Concentrate"],"picked":"conspire:PoisonWeapons","floor":12},{"not_picked":["Dagger Throw","Deflect","Slice"],"picked":"SKIP","floor":13},{"not_picked":["Bane","Quick Slash","Outmaneuver"],"picked":"SKIP","floor":14},{"not_picked":["Unload","Poison Darts"],"picked":"A Thousand Cuts","floor":16},{"not_picked":["ReplayTheSpireMod:Shiv Toss","Bane+1","Flying Knee"],"picked":"SKIP","floor":18},{"not_picked":["Dagger Spray","Reflex"],"picked":"Blade Dance+1","floor":19}],"player_experience":2068378,"relics_obtained":[{"floor":6,"key":"Mercury Hourglass"},{"floor":9,"key":"Letter Opener"},{"floor":12,"key":"Replay:Ringing Soul"}],"event_choices":[{"damage_healed":0,"gold_gain":0,"player_choice":"Disagree","damage_taken":0,"max_hp_gain":0,"max_hp_loss":0,"event_name":"conspire:LoneGhost","floor":2,"gold_loss":0},{"damage_healed":0,"gold_gain":0,"cards_transformed":["Strike_G"],"player_choice":"Transformed","damage_taken":0,"max_hp_gain":0,"max_hp_loss":0,"event_name":"Transmorgrifier","floor":3,"gold_loss":0,"cards_obtained":["Dodge and Roll"]},{"cards_removed":["Strike_G"],"damage_healed":0,"gold_gain":0,"player_choice":"Card Removal","damage_taken":7,"max_hp_gain":0,"max_hp_loss":0,"event_name":"Golden Wing","floor":8,"gold_loss":0}],"is_beta":false,"boss_relics":[{"not_picked":["Tiny House","SacredBark"],"picked":"Replay:Grab Bag"},{"not_picked":["Velvet Choker","conspire:SeveredTorchhead"],"picked":"conspire:SlowCooker"},{"not_picked":["Painkiller Herb","Cursed Key"],"picked":"Philosopher\u0027s Stone"},{"not_picked":["HoveringKite","Snecko Scales"],"picked":"Empty Cage"},{"not_picked":["Replay:Drink Me","Pandora\u0027s Box"],"picked":"SlaversCollar"}],"items_purged_floors":[0],"is_endless":false,"potions_floor_spawned":[6,12,18],"killed_by":"conspire:MimicChest","ascension_level":13}}