{"host":"kh6fvhxn285ncg0o","time":1608110653,"event":{"mods":["Act Like it!","BaseMod","Colored Map","Friendly Minions","Keyboard Shortcuts","Minty Spire (QoL Compilation)","Quick Restart","Relic Stats","StSLib","SuperFastMode"],"gold_per_floor":[116,41,41,41,59,59,70,105,105,115,115,145,159,173,173,246,246,264,276,276,294,294,294,294,294,294,313,238,258,258,277,277],"floor_reached":31,"playtime":562,"items_purged":["Strike_R"],"score":548,"play_id":"9fd9fc2c-0df1-4ecb-9a58-aba51d976786","local_time":"20201216182413","is_ascension_mode":true,"campfire_choices":[{"data":"Shrug It Off","floor":6,"key":"SMITH"},{"data":"Evolve","floor":11,"key":"SMITH"},{"data":"Second Wind","floor":15,"key":"SMITH"},{"floor":23,"key":"REST"},{"floor":25,"key":"REST"},{"floor":30,"key":"REST"}],"circlet_count":0,"master_deck":["AscendersBane","Strike_R+1","Strike_R+1","Strike_R+1","Defend_R","Defend_R","Defend_R","Defend_R","Bash+1","Twin Strike+1","Shrug It Off+1","Evolve+1","Second Wind+1","Offering","Decay"],"relics":["Busted Crown","Gremlin Horn","Paper Frog","Singing Bowl","Runic Pyramid","Whetstone"],"acts_visited":["Exordium","TheCity"],"potions_floor_usage":[8,16,18],"damage_taken":[{"damage":3,"enemies":"Small Slimes","floor":1,"turns":3},{"damage":0,"enemies":"2 Louse","floor":5,"turns":3},{"damage":1,"enemies":"Jaw Worm","floor":7,"turns":3},{"damage":5,"enemies":"Lagavulin","floor":8,"turns":6},{"damage":6,"enemies":"Exordium Thugs","floor":10,"turns":3},{"damage":0,"enemies":"3 Sentries","floor":12,"turns":6},{"damage":7,"enemies":"2 Fungi Beasts","floor":13,"turns":3},{"damage":5,"enemies":"Blue Slaver","floor":14,"turns":3},{"damage":15,"enemies":"Hexaghost","floor":16,"turns":7},{"damage":21,"enemies":"Shell Parasite","floor":18,"turns":4},{"damage":6,"enemies":"Chosen","floor":19,"turns":4},{"damage":25,"enemies":"Snake Plant","floor":21,"turns":4},{"damage":35,"enemies":"Sentry and Sphere","floor":27,"turns":7},{"damage":0,"enemies":"Centurion and Healer","floor":29,"turns":6},{"damage":16,"enemies":"Snake Plant","floor":31,"turns":3}],"seed_played":"605458641039037054","potions_obtained":[{"floor":5,"key":"Weak Potion"},{"floor":7,"key":"GamblersBrew"},{"floor":12,"key":"Strength Potion"},{"floor":16,"key":"Ancient Potion"},{"floor":29,"key":"Dexterity Potion"}],"is_trial":false,"path_per_floor":["M","?","?","?","M","R","M","E","T","M","R","E","M","M","R","B",null,"M","M","?","M","?","R","T","R","T","M","$","M","R","M"],"character_chosen":"IRONCLAD","items_purchased":[],"campfire_rested":3,"item_purchase_floors":[],"current_hp_per_floor":[65,65,42,42,42,42,41,36,36,30,30,32,27,24,24,9,63,44,40,40,17,17,43,43,69,69,36,36,38,65,51,51],"gold":277,"neow_bonus":"BOSS_RELIC","is_daily":false,"chose_seed":false,"campfire_upgraded":3,"win_rate":0.0,"timestamp":1608110653,"path_taken":["M","?","?","?","M","R","M","E","T","M","R","E","M","?","R","BOSS","M","M","?","M","?","R","?","R","T","M","$","M","R","M"],"items_purchased_type":[],"build_version":"2020-12-13","purchased_purges":1,"victory":false,"max_hp_per_floor":[75,75,75,75,75,75,75,75,75,75,75,77,79,81,81,81,81,83,85,85,87,87,87,87,87,87,89,89,91,91,93,93],"relic_stats":{"Busted Crown":30,"Gremlin Horn":[6,6],"Singing Bowl":18,"counters":[15,65],"Whetstone":["Strike_R","Strike_R"],"obtain_stats":[{"Busted Crown":0,"Gremlin Horn":8,"Singing Bowl":12,"Whetstone":26,"Burning Blood":0,"Paper Frog":9,"Runic Pyramid":17},{"Busted Crown":0,"Gremlin Horn":4,"Singing Bowl":6,"Whetstone":12,"Burning Blood":0,"Paper Frog":4,"Runic Pyramid":9},{"Busted Crown":0,"Gremlin Horn":15,"Singing Bowl":24,"Whetstone":49,"Burning Blood":0,"Paper Frog":15,"Runic Pyramid":37}]},"card_choices":[{"not_picked":[],"picked":"Twin Strike","floor":1},{"not_picked":[],"picked":"Shrug It Off","floor":5},{"not_picked":[],"picked":"Evolve","floor":8},{"not_picked":[],"picked":"Second Wind","floor":10},{"not_picked":["Hemokinesis"],"picked":"Singing Bowl","floor":12},{"not_picked":["Flex"],"picked":"Singing Bowl","floor":13},{"not_picked":["Cleave"],"picked":"Singing Bowl","floor":14},{"not_picked":[],"picked":"Offering","floor":16},{"not_picked":["Flex"],"picked":"Singing Bowl","floor":18},{"not_picked":["Clothesline"],"picked":"Singing Bowl","floor":19},{"not_picked":["Sword Boomerang"],"picked":"Singing Bowl","floor":21},{"not_picked":["Spot Weakness"],"picked":"Singing Bowl","floor":27},{"not_picked":["Clash+1"],"picked":"Singing Bowl","floor":29},{"not_picked":["Sever Soul"],"picked":"Singing Bowl","floor":31}],"player_experience":3195423,"relics_obtained":[{"floor":8,"key":"Gremlin Horn"},{"floor":9,"key":"Paper Frog"},{"floor":12,"key":"Singing Bowl"},{"floor":26,"key":"Whetstone"}],"event_choices":[{"cards_removed":["Strike_R"],"damage_healed":0,"gold_gain":0,"player_choice":"Card Removal","damage_taken":0,"max_hp_gain":0,"max_hp_loss":0,"event_name":"The Cleric","floor":2,"gold_loss":75},{"damage_healed":0,"gold_gain":0,"player_choice":"Entered Light","damage_taken":23,"max_hp_gain":0,"max_hp_loss":0,"event_name":"Shining Light","floor":3,"gold_loss":0,"cards_upgraded":["Twin Strike","Strike_R"]},{"damage_healed":0,"gold_gain":0,"player_choice":"Grow","damage_taken":0,"max_hp_gain":0,"max_hp_loss":0,"event_name":"Living Wall","floor":4,"gold_loss":0,"cards_upgraded":["Bash"]},{"damage_healed":0,"gold_gain":0,"player_choice":"Ignored","damage_taken":0,"max_hp_gain":0,"max_hp_loss":0,"event_name":"The Mausoleum","floor":20,"gold_loss":0},{"damage_healed":0,"gold_gain":0,"player_choice":"Smashed Altar","damage_taken":0,"max_hp_gain":0,"max_hp_loss":0,"event_name":"Forgotten Altar","floor":22,"gold_loss":0,"cards_obtained":["Decay"]}],"is_beta":false,"boss_relics":[{"not_picked":["Ectoplasm","Philosopher\u0027s Stone"],"picked":"Runic Pyramid"}],"items_purged_floors":[28],"is_endless":false,"potions_floor_spawned":[5,7,12,16,29],"killed_by":"Snake Plant","ascension_level":20}}