{"host":"ryuep8ewa00k39z9","time":1608078069,"event":{"mods":["AchievementEnabler","BaseMod","Best Route Mod","Colored Map","Colored Powertips","Displayed Cursed Tome","Highlight Path","Minty Spire (QoL Compilation)","Quick Restart","SuperFastMode"],"gold_per_floor":[112,125,125,141,156,186,186,186,186,219,294,304,322,333,333,333,333],"floor_reached":16,"playtime":637,"items_purged":[],"score":211,"play_id":"8498e27e-b51a-44f9-85a5-43e23ce27980","local_time":"20201215182109","is_ascension_mode":true,"campfire_choices":[{"floor":8.0,"key":"REST"},{"floor":15.0,"key":"REST"}],"circlet_count":0,"master_deck":["AscendersBane","Strike_R","Strike_R","Strike_R","Strike_R","Strike_R","Defend_R","Defend_R","Defend_R","Defend_R","Bash","Perfected Strike+1","Flex","Carnage","Perfected Strike","Double Tap"],"relics":["Runic Pyramid","Regal Pillow","Singing Bowl","Shuriken"],"acts_visited":["Exordium"],"potions_floor_usage":[],"damage_taken":[{"damage":8.0,"enemies":"Small Slimes","floor":1.0,"turns":6.0},{"damage":1.0,"enemies":"2 Louse","floor":2.0,"turns":3.0},{"damage":7.0,"enemies":"Jaw Worm","floor":4.0,"turns":2.0},{"damage":6.0,"enemies":"3 Louse","floor":5.0,"turns":3.0},{"damage":27.0,"enemies":"Gremlin Nob","floor":6.0,"turns":4.0},{"damage":25.0,"enemies":"Lagavulin","floor":10.0,"turns":7.0},{"damage":12.0,"enemies":"Exordium Thugs","floor":12.0,"turns":3.0},{"damage":21.0,"enemies":"Exordium Wildlife","floor":13.0,"turns":4.0},{"damage":4.0,"enemies":"Lots of Slimes","floor":14.0,"turns":4.0},{"damage":38,"enemies":"Hexaghost","floor":16,"turns":9}],"seed_played":"4866880859493602934","potions_obtained":[{"floor":2.0,"key":"SteroidPotion"},{"floor":5.0,"key":"GamblersBrew"},{"floor":6.0,"key":"Ancient Potion"},{"floor":12.0,"key":"PowerPotion"},{"floor":13.0,"key":"Energy Potion"}],"is_trial":false,"path_per_floor":["M","M","?","M","M","E","?","R","T","E","?","M","M","M","R","B"],"character_chosen":"IRONCLAD","items_purchased":[],"campfire_rested":2,"item_purchase_floors":[],"current_hp_per_floor":[60,59,59,52,46,19,44,75,75,50,39,29,10,8,47,9,9],"gold":333,"neow_bonus":"BOSS_RELIC","is_daily":false,"chose_seed":false,"campfire_upgraded":0,"win_rate":0.0,"timestamp":1608078069,"path_taken":["M","M","?","M","M","E","?","R","T","E","?","M","M","M","R","BOSS"],"items_purchased_type":[],"build_version":"2020-12-13","purchased_purges":0,"victory":false,"max_hp_per_floor":[75,75,75,75,75,75,75,75,75,75,75,77,79,81,81,81,81],"card_choices":[{"not_picked":["Anger","Flex"],"picked":"Perfected Strike","floor":1.0},{"not_picked":["Blood for Blood","Cleave","Combust"],"picked":"SKIP","floor":2.0},{"not_picked":["Heavy Blade","Sword Boomerang"],"picked":"Flex","floor":4.0},{"not_picked":["Flex","Body Slam"],"picked":"Carnage","floor":5.0},{"not_picked":["Thunderclap","Combust"],"picked":"Perfected Strike","floor":6.0},{"not_picked":["Wild Strike","Reckless Charge"],"picked":"Double Tap","floor":10.0},{"not_picked":["Sword Boomerang","Pummel","Headbutt"],"picked":"Singing Bowl","floor":12.0},{"not_picked":["Shockwave","Pommel Strike","Twin Strike"],"picked":"Singing Bowl","floor":13.0},{"not_picked":["Cleave","Heavy Blade","Havoc"],"picked":"Singing Bowl","floor":14.0}],"player_experience":3168378,"relics_obtained":[{"floor":6.0,"key":"Regal Pillow"},{"floor":9.0,"key":"Singing Bowl"},{"floor":10.0,"key":"Shuriken"}],"event_choices":[{"damage_healed":0.0,"max_hp_gain":0.0,"max_hp_loss":0.0,"gold_gain":0.0,"event_name":"Living Wall","player_choice":"Grow","floor":3.0,"gold_loss":0.0,"damage_taken":0.0,"cards_upgraded":["Perfected Strike"]},{"damage_healed":25.0,"max_hp_gain":0.0,"max_hp_loss":0.0,"gold_gain":0.0,"event_name":"Big Fish","player_choice":"Banana","floor":7.0,"gold_loss":0.0,"damage_taken":0.0},{"damage_healed":0.0,"max_hp_gain":0.0,"max_hp_loss":0.0,"gold_gain":75.0,"event_name":"World of Goop","player_choice":"Gather Gold","floor":11.0,"gold_loss":0.0,"damage_taken":11.0}],"is_beta":false,"boss_relics":[],"items_purged_floors":[],"is_endless":false,"potions_floor_spawned":[2,5,6,12,13],"killed_by":"Hexaghost","ascension_level":17}}