{"host":"q0qnzbgdx8oqogg9","time":1608113035,"event":{"mods":["BaseMod","Minty Spire (QoL Compilation)","Slay-I","StSLib"],"gold_per_floor":[118,68,83,83,95,121,132,132,132,132,154,2,36,66,66,169,169,184,184,194,60,70,101,101,132,132,132,132,148,162,162,162,262,262,276,287,300,51,0,0,35,81,81,96,131,131,145,172,172,172,172,172,27,59,59],"floor_reached":56,"playtime":2651,"items_purged":[],"score":1661,"play_id":"43f16dd0-f8b2-468a-a695-1eb66a5d3e8a","local_time":"20201216050355","is_ascension_mode":true,"campfire_choices":[{"data":"Terror","floor":8.0,"key":"SMITH"},{"data":"Predator","floor":10.0,"key":"SMITH"},{"floor":15.0,"key":"REST"},{"data":"Wraith Form v2","floor":24.0,"key":"SMITH"},{"floor":27.0,"key":"REST"},{"floor":32.0,"key":"REST"},{"data":"Phantasmal Killer","floor":40.0,"key":"SMITH"},{"floor":46.0,"key":"RECALL"},{"floor":49,"key":"REST"},{"data":"Footwork","floor":52,"key":"SMITH"}],"circlet_count":0,"master_deck":["Survivor","Neutralize","Flechettes","Predator+1","Cloak And Dagger","Escape Plan","Terror+1","Dagger Throw","PiercingWail","Well Laid Plans","Wraith Form v2+1","Adrenaline+1","Glass Knife+1","After Image+1","Unload+1","Backflip","Dodge and Roll","Noxious Fumes","Flash of Steel","Calculated Gamble","Riddle With Holes+1","Noxious Fumes+1","Bouncing Flask+1","Phantasmal Killer+1","Malaise+1","Catalyst+1","Footwork+1","Deflect+1","Catalyst+1","Leg Sweep"],"relics":["Pandora\u0027s Box","Blood Vial","Tiny Chest","Odd Mushroom","Bronze Scales","HornCleat","Astrolabe","StrikeDummy","Ornamental Fan","Dream Catcher","Shuriken","SlaversCollar","Meat on the Bone","Red Mask","Regal Pillow","War Paint","Incense Burner","Anchor","OrangePellets","Nunchaku"],"acts_visited":["Exordium","TheCity","TheBeyond","TheEnding"],"potions_floor_usage":[47,55],"damage_taken":[{"damage":0.0,"enemies":"2 Louse","floor":1.0,"turns":3.0},{"damage":12.0,"enemies":"Small Slimes","floor":3.0,"turns":3.0},{"damage":9.0,"enemies":"Jaw Worm","floor":5.0,"turns":2.0},{"damage":13.0,"enemies":"Lagavulin","floor":6.0,"turns":6.0},{"damage":7.0,"enemies":"Blue Slaver","floor":7.0,"turns":3.0},{"damage":5.0,"enemies":"The Mushroom Lair","floor":11.0,"turns":4.0},{"damage":8.0,"enemies":"Gremlin Nob","floor":13.0,"turns":3.0},{"damage":13.0,"enemies":"The Guardian","floor":16.0,"turns":8.0},{"damage":4.0,"enemies":"Shell Parasite","floor":18.0,"turns":4.0},{"damage":13.0,"enemies":"Spheric Guardian","floor":20.0,"turns":4.0},{"damage":3.0,"enemies":"3 Cultists","floor":22.0,"turns":6.0},{"damage":15.0,"enemies":"Slavers","floor":23.0,"turns":6.0},{"damage":15.0,"enemies":"Gremlin Leader","floor":25.0,"turns":6.0},{"damage":13.0,"enemies":"Cultist and Chosen","floor":29.0,"turns":5.0},{"damage":0.0,"enemies":"Chosen and Byrds","floor":30.0,"turns":4.0},{"damage":26.0,"enemies":"Champ","floor":33.0,"turns":9.0},{"damage":1.0,"enemies":"Orb Walker","floor":35.0,"turns":3.0},{"damage":3.0,"enemies":"3 Darklings","floor":36.0,"turns":6.0},{"damage":30.0,"enemies":"Writhing Mass","floor":37.0,"turns":9.0},{"damage":10.0,"enemies":"Giant Head","floor":41.0,"turns":7.0},{"damage":6.0,"enemies":"4 Shapes","floor":44.0,"turns":5.0},{"damage":13.0,"enemies":"Reptomancer","floor":45.0,"turns":5.0},{"damage":12,"enemies":"Jaw Worm Horde","floor":47,"turns":4},{"damage":0,"enemies":"Giant Head","floor":48,"turns":7},{"damage":42,"enemies":"Donu and Deca","floor":50,"turns":10},{"damage":27,"enemies":"Shield and Spear","floor":54,"turns":7},{"damage":29,"enemies":"The Heart","floor":55,"turns":10}],"seed_played":"6940609399741376069","potions_obtained":[{"floor":1.0,"key":"SkillPotion"},{"floor":6.0,"key":"Energy Potion"},{"floor":13.0,"key":"Dexterity Potion"},{"floor":22.0,"key":"SmokeBomb"},{"floor":29.0,"key":"BlessingOfTheForge"},{"floor":33.0,"key":"Fire Potion"},{"floor":35.0,"key":"SkillPotion"},{"floor":44.0,"key":"EssenceOfSteel"},{"floor":45.0,"key":"CunningPotion"},{"floor":54,"key":"Weak Potion"}],"is_trial":false,"path_per_floor":["M","?","M","?","M","E","M","R","T","R","?","$","E","?","R","B",null,"M","T","M","$","M","E","R","E","T","R","?","M","M","?","R","B",null,"M","M","M","$","?","R","E","T","T","M","E","R","M","E","R","B",null,"R","$","E","B",null],"character_chosen":"THE_SILENT","items_purchased":["Bronze Scales","Noxious Fumes","Flash of Steel","Meat on the Bone","OrangePellets"],"campfire_rested":4,"item_purchase_floors":[12,21,21,38,53],"current_hp_per_floor":[63,63,51,44,35,22,17,17,17,17,14,14,8,8,29,18,57,55,55,44,44,43,30,30,17,17,38,38,27,29,16,38,14,60,61,60,32,32,32,32,36,36,36,44,45,45,47,49,75,45,68,68,68,43,28],"gold":59,"neow_bonus":"BOSS_RELIC","is_daily":false,"chose_seed":false,"campfire_upgraded":5,"win_rate":0.0,"timestamp":1608113035,"path_taken":["M","?","M","?","M","E","M","R","T","R","?","?","E","?","R","BOSS","M","?","M","$","M","E","R","E","T","R","?","M","M","?","R","BOSS","M","M","M","$","?","R","E","?","T","M","E","R","M","E","R","BOSS","R","$","E","BOSS"],"items_purchased_type":["Relic","Card","Card","Relic","Relic"],"build_version":"2020-12-13","purchased_purges":0,"victory":true,"max_hp_per_floor":[70,70,70,70,70,70,70,70,70,70,70,70,70,70,70,70,70,70,70,70,70,70,70,70,70,70,70,70,70,70,75,75,75,75,75,75,75,75,75,75,75,75,75,75,75,75,75,75,75,75,75,75,75,75,75],"card_choices":[{"not_picked":["Outmaneuver","Flying Knee"],"picked":"Terror","floor":1.0},{"not_picked":["Dodge and Roll","Skewer"],"picked":"Dagger Throw","floor":3.0},{"not_picked":["A Thousand Cuts","Blade Dance"],"picked":"PiercingWail","floor":5.0},{"not_picked":["Outmaneuver","Blur"],"picked":"Well Laid Plans","floor":6.0},{"not_picked":["Acrobatics","Dagger Throw","Poisoned Stab"],"picked":"SKIP","floor":7.0},{"not_picked":["Deadly Poison","Deflect"],"picked":"Wraith Form v2","floor":13.0},{"not_picked":["Wraith Form v2","Die Die Die"],"picked":"Adrenaline","floor":16.0},{"not_picked":["Slice+1","Quick Slash"],"picked":"Backflip","floor":18.0},{"not_picked":["Choke","All Out Attack"],"picked":"Dodge and Roll","floor":20.0},{"not_picked":["Skewer","Prepared+1"],"picked":"Calculated Gamble","floor":22.0},{"not_picked":["Caltrops","Flying Knee+1","Well Laid Plans"],"picked":"SKIP","floor":23.0},{"not_picked":["Prepared","Bane"],"picked":"Riddle With Holes+1","floor":25.0},{"not_picked":["Infinite Blades+1","Blade Dance"],"picked":"Noxious Fumes+1","floor":27.0},{"not_picked":["Quick Slash","Sucker Punch"],"picked":"Bouncing Flask+1","floor":29.0},{"not_picked":["Dodge and Roll","Phantasmal Killer","Acrobatics+1"],"picked":"SKIP","floor":30.0},{"not_picked":["Dodge and Roll","Acrobatics+1"],"picked":"Phantasmal Killer","floor":30.0},{"not_picked":["Grand Finale","Unload"],"picked":"Malaise","floor":33.0},{"not_picked":["Blade Dance+1","Prepared+1","Deadly Poison"],"picked":"SKIP","floor":35.0},{"not_picked":["Acrobatics+1","Concentrate+1","Eviscerate"],"picked":"SKIP","floor":36.0},{"not_picked":["Reflex+1","Sucker Punch"],"picked":"Catalyst+1","floor":37.0},{"not_picked":["Choke+1","Acrobatics+1","Endless Agony+1"],"picked":"SKIP","floor":41.0},{"not_picked":["Acrobatics+1","Die Die Die"],"picked":"Footwork","floor":44.0},{"not_picked":["Well Laid Plans","Cloak And Dagger+1"],"picked":"Deflect+1","floor":45.0},{"not_picked":["Dagger Throw","Deadly Poison+1","Dash"],"picked":"SKIP","floor":47},{"not_picked":["Flechettes+1","Accuracy+1"],"picked":"Catalyst+1","floor":48},{"not_picked":["Cloak And Dagger+1","Dash+1"],"picked":"Leg Sweep","floor":54}],"player_experience":182603,"relics_obtained":[{"floor":6.0,"key":"Blood Vial"},{"floor":9.0,"key":"Tiny Chest"},{"floor":11.0,"key":"Odd Mushroom"},{"floor":13.0,"key":"HornCleat"},{"floor":19.0,"key":"StrikeDummy"},{"floor":23.0,"key":"Ornamental Fan"},{"floor":25.0,"key":"Dream Catcher"},{"floor":26.0,"key":"Shuriken"},{"floor":41.0,"key":"Regal Pillow"},{"floor":42.0,"key":"War Paint"},{"floor":45.0,"key":"Incense Burner"},{"floor":48,"key":"Anchor"},{"floor":54,"key":"Nunchaku"}],"event_choices":[{"cards_removed":["Outmaneuver"],"damage_healed":0.0,"max_hp_gain":0.0,"max_hp_loss":0.0,"gold_gain":0.0,"event_name":"The Cleric","player_choice":"Card Removal","floor":2.0,"gold_loss":50.0,"damage_taken":0.0},{"cards_removed":["Accuracy"],"damage_healed":0.0,"max_hp_gain":0.0,"max_hp_loss":0.0,"gold_gain":0.0,"event_name":"Golden Wing","player_choice":"Card Removal","floor":4.0,"gold_loss":0.0,"damage_taken":7.0},{"damage_healed":0.0,"max_hp_gain":0.0,"max_hp_loss":0.0,"gold_gain":0.0,"event_name":"Mushrooms","player_choice":"Fought Mushrooms","floor":11.0,"gold_loss":0.0,"damage_taken":0.0},{"damage_healed":0.0,"max_hp_gain":0.0,"max_hp_loss":0.0,"gold_gain":30.0,"event_name":"Dead Adventurer","player_choice":"Searched \u00271\u0027 times","floor":14.0,"gold_loss":0.0,"damage_taken":0.0},{"cards_removed":["Acrobatics"],"damage_healed":0.0,"max_hp_gain":0.0,"max_hp_loss":0.0,"gold_gain":0.0,"event_name":"Back to Basics","player_choice":"Elegance","floor":28.0,"gold_loss":0.0,"damage_taken":0.0},{"damage_healed":0.0,"max_hp_gain":5.0,"max_hp_loss":0.0,"gold_gain":0.0,"event_name":"Forgotten Altar","player_choice":"Shed Blood","floor":31.0,"gold_loss":0.0,"damage_taken":18.0},{"damage_healed":0.0,"max_hp_gain":0.0,"max_hp_loss":0.0,"gold_gain":0.0,"event_name":"Tomb of Lord Red Mask","player_choice":"Paid","floor":39.0,"gold_loss":51.0,"damage_taken":0.0,"relics_obtained":["Red Mask"]}],"is_beta":false,"boss_relics":[{"not_picked":["Runic Dome","Ectoplasm"],"picked":"Astrolabe"},{"not_picked":["Empty Cage","Philosopher\u0027s Stone"],"picked":"SlaversCollar"}],"items_purged_floors":[],"is_endless":false,"potions_floor_spawned":[1,6,13,22,29,30,33,35,44,45,54],"ascension_level":7}}