{"host":"w7o06k3e8uel8euj","time":1608121845,"event":{"mods":["AchievementEnabler","BaseMod","Colored Powertips","Custom Start","DeckTracker","Keyboard Shortcuts","Minty Spire (QoL Compilation)","Quick Restart","Relic Stats","StSLib","SuperFastMode","everything is the same but u backflip on backflip"],"gold_per_floor":[112,37,57,57,77,77,77,77,102,127,139,164,176,218,230,338,350,379,391,403,427,457,469,506,518,556,568,580,411,510,542,542,542,542],"floor_reached":33,"playtime":566,"items_purged":["Pain","Defend_P"],"score":582,"play_id":"689883ca-2400-41b8-b363-ac35f1bd5fc0","local_time":"20201216213045","is_ascension_mode":true,"campfire_choices":[{"data":"Eruption","floor":6.0,"key":"SMITH"},{"data":"WheelKick","floor":11.0,"key":"SMITH"},{"data":"EmptyFist","floor":13.0,"key":"SMITH"},{"data":"TalkToTheHand","floor":15.0,"key":"SMITH"},{"data":"Strike_P","floor":23.0,"key":"PURGE"},{"data":"Defend_P","floor":25,"key":"PURGE"},{"data":"Strike_P","floor":32,"key":"PURGE"}],"circlet_count":0,"master_deck":["AscendersBane","Strike_P","Defend_P","Eruption+1","Vigilance","WheelKick+1","CutThroughFate","EmptyFist+1","TalkToTheHand+1","Scrawl","CurseOfTheBell","Halt","Scrawl","Tantrum","LessonLearned"],"relics":["PureWater","Shuriken","Oddly Smooth Stone","MawBank","Happy Flower","Calling Bell","Potion Belt","Pantograph","Peace Pipe","Eternal Feather","The Courier"],"acts_visited":["Exordium","TheCity"],"potions_floor_usage":[24,31,33],"damage_taken":[{"damage":5.0,"enemies":"Jaw Worm","floor":1.0,"turns":2.0},{"damage":0.0,"enemies":"Cultist","floor":3.0,"turns":3.0},{"damage":0.0,"enemies":"Small Slimes","floor":5.0,"turns":2.0},{"damage":25.0,"enemies":"3 Sentries","floor":10.0,"turns":4.0},{"damage":0.0,"enemies":"2 Fungi Beasts","floor":12.0,"turns":2.0},{"damage":0.0,"enemies":"Lagavulin","floor":14.0,"turns":2.0},{"damage":0.0,"enemies":"Slime Boss","floor":16.0,"turns":5.0},{"damage":9.0,"enemies":"2 Thieves","floor":18.0,"turns":4.0},{"damage":11.0,"enemies":"Spheric Guardian","floor":21.0,"turns":3.0},{"damage":9.0,"enemies":"Centurion and Healer","floor":22.0,"turns":3.0},{"damage":4,"enemies":"Slavers","floor":24,"turns":5},{"damage":9,"enemies":"Gremlin Leader","floor":31,"turns":3},{"damage":86,"enemies":"Automaton","floor":33,"turns":6}],"seed_played":"1821874592709188720","potions_obtained":[{"floor":3.0,"key":"Explosive Potion"},{"floor":12.0,"key":"DistilledChaos"},{"floor":16.0,"key":"Regen Potion"},{"floor":21.0,"key":"LiquidMemories"},{"floor":22.0,"key":"ColorlessPotion"},{"floor":24,"key":"SpeedPotion"}],"is_trial":false,"path_per_floor":["M","$","M","?","M","R","?","?","T","E","R","M","R","E","R","B",null,"M","?","?","M","M","R","E","R","T","?","?","$","?","E","R","B"],"character_chosen":"WATCHER","items_purchased":["Tantrum"],"campfire_rested":0,"item_purchase_floors":[29],"current_hp_per_floor":[60,60,60,60,60,60,60,65,65,40,40,40,40,40,40,40,68,59,59,59,48,39,39,35,44,44,30,30,30,30,21,30,0,0],"gold":542,"neow_bonus":"TRANSFORM_TWO_CARDS","is_daily":false,"chose_seed":false,"campfire_upgraded":4,"win_rate":0.0,"timestamp":1608121845,"path_taken":["M","$","M","?","?","R","?","?","T","E","R","M","R","E","R","BOSS","M","?","?","M","M","R","E","R","T","?","?","$","?","E","R","BOSS"],"items_purchased_type":["Card"],"build_version":"2020-12-13","purchased_purges":2,"victory":false,"max_hp_per_floor":[72,72,72,72,72,72,72,77,77,77,77,77,77,77,77,77,77,77,77,77,77,77,77,77,77,77,82,82,82,82,82,82,82,82],"relic_stats":{"Peace Pipe":3,"Happy Flower":[9],"counters":[13,44],"Shuriken":[20],"Pantograph":25,"Eternal Feather":18,"MawBank":228,"obtain_stats":[{"Calling Bell":17,"Potion Belt":17,"Peace Pipe":17,"Happy Flower":14,"Shuriken":4,"Pantograph":17,"Oddly Smooth Stone":9,"Eternal Feather":24,"The Courier":31,"PureWater":0,"MawBank":10},{"Calling Bell":7,"Potion Belt":7,"Peace Pipe":7,"Happy Flower":6,"Shuriken":2,"Pantograph":7,"Oddly Smooth Stone":3,"Eternal Feather":11,"The Courier":12,"PureWater":0,"MawBank":4},{"Calling Bell":20,"Potion Belt":20,"Peace Pipe":20,"Happy Flower":15,"Shuriken":5,"Pantograph":20,"Oddly Smooth Stone":7,"Eternal Feather":35,"The Courier":38,"PureWater":0,"MawBank":11}]},"card_choices":[{"not_picked":["Meditate","EmptyBody","SashWhip"],"picked":"SKIP","floor":1.0},{"not_picked":["Prostrate","Consecrate","CrushJoints"],"picked":"SKIP","floor":3.0},{"not_picked":["CrushJoints","SashWhip","SandsOfTime"],"picked":"SKIP","floor":5.0},{"not_picked":["CrushJoints","BowlingBash","FlurryOfBlows"],"picked":"SKIP","floor":10.0},{"not_picked":["FlyingSleeves","Wireheading"],"picked":"EmptyFist","floor":12.0},{"not_picked":["Swivel","ThirdEye"],"picked":"TalkToTheHand","floor":14.0},{"not_picked":["Ragnarok","Wish"],"picked":"Scrawl","floor":16.0},{"not_picked":["EmptyBody","PathToVictory"],"picked":"Halt","floor":18.0},{"not_picked":["Halt","Conclude","Worship"],"picked":"SKIP","floor":21.0},{"not_picked":["FlurryOfBlows","FlyingSleeves","Study"],"picked":"SKIP","floor":22.0},{"not_picked":["MasterReality","CutThroughFate"],"picked":"Scrawl","floor":24},{"not_picked":["SignatureMove","Halt"],"picked":"LessonLearned","floor":31}],"player_experience":553431,"relics_obtained":[{"floor":9.0,"key":"Oddly Smooth Stone"},{"floor":10.0,"key":"MawBank"},{"floor":14.0,"key":"Happy Flower"},{"floor":17.0,"key":"Potion Belt"},{"floor":17.0,"key":"Pantograph"},{"floor":17.0,"key":"Peace Pipe"},{"floor":24,"key":"Eternal Feather"},{"floor":31,"key":"The Courier"}],"event_choices":[{"damage_healed":0.0,"max_hp_gain":0.0,"max_hp_loss":0.0,"gold_gain":0.0,"event_name":"WeMeetAgain","player_choice":"Gave Potion","floor":4.0,"gold_loss":0.0,"damage_taken":0.0,"relics_obtained":["Shuriken"]},{"damage_healed":0.0,"max_hp_gain":0.0,"max_hp_loss":0.0,"gold_gain":0.0,"event_name":"Liars Game","player_choice":"Ignored","floor":7.0,"gold_loss":0.0,"damage_taken":0.0},{"damage_healed":0.0,"max_hp_gain":5.0,"max_hp_loss":0.0,"gold_gain":0.0,"event_name":"Big Fish","player_choice":"Donut","floor":8.0,"gold_loss":0.0,"damage_taken":0.0},{"damage_healed":0.0,"max_hp_gain":0.0,"max_hp_loss":0.0,"gold_gain":0.0,"event_name":"Vampires","player_choice":"Ignored","floor":19.0,"gold_loss":0.0,"damage_taken":0.0},{"damage_healed":0.0,"max_hp_gain":0.0,"max_hp_loss":0.0,"gold_gain":0.0,"event_name":"Cursed Tome","player_choice":"Ignored","floor":20.0,"gold_loss":0.0,"damage_taken":0.0},{"damage_healed":0,"gold_gain":0,"player_choice":"Shed Blood","damage_taken":19,"max_hp_gain":5,"max_hp_loss":0,"event_name":"Forgotten Altar","floor":27,"gold_loss":0},{"damage_healed":0,"gold_gain":0,"player_choice":"Ignored","damage_taken":0,"max_hp_gain":0,"max_hp_loss":0,"event_name":"Ghosts","floor":28,"gold_loss":0},{"damage_healed":0,"gold_gain":99,"player_choice":"Stole From Cult","damage_taken":0,"max_hp_gain":0,"max_hp_loss":0,"event_name":"Nest","floor":30,"gold_loss":0}],"is_beta":false,"boss_relics":[{"not_picked":["Snecko Eye","Velvet Choker"],"picked":"Calling Bell"}],"items_purged_floors":[2,29],"is_endless":false,"potions_floor_spawned":[3,12,16,21,22,24],"killed_by":"Automaton","ascension_level":12}}