{"host":"svwqvw2il1zfkkg0","time":1608103377,"event":{"mods":["AchievementEnabler","BaseMod","BetterRewards","Colored Map","Colored Powertips","Custom Start","Downfall","GifTheSpireLib","Highlight Path","Hubris","Infinite Spire","Minty Spire (QoL Compilation)","Quick Restart","Replay The Spire","Shop Mod","StSLib","SuperFastMode"],"gold_per_floor":[363,12,12,24,34,34,52,52,52,62,62,90,90,12,12,113,113,126,142,82,82,101,14,14,41,41,52,63,63,73,73,73,175,175,189,205,205,8,22,22,50,60,136,166,181,206,206,206,206,206],"floor_reached":51,"playtime":2401,"items_purged":[],"score":817,"play_id":"b8220481-38e5-4a59-8b72-bf52d8b7f50c","local_time":"20201215232257","is_ascension_mode":false,"campfire_choices":[{"data":"Blade Dance","floor":6,"key":"SMITH"},{"data":"Neutralize","floor":8,"key":"SMITH"},{"floor":13,"key":"REST"},{"data":"ReplayTheSpireMod:Necrosis","floor":15,"key":"SMITH"},{"data":"Adrenaline","floor":24,"key":"SMITH"},{"floor":32,"key":"REST"},{"data":"Burst","floor":40,"key":"SMITH"},{"floor":49,"key":"REST"}],"circlet_count":0,"master_deck":["Strike_G","Strike_G","Strike_G","Strike_G","Strike_G","Defend_G","Defend_G","Defend_G","Defend_G","Defend_G","Survivor","Neutralize+1","champ:Defend","champ:Strike","Poisoned Stab+1","Backstab+1","Deadly Poison","Blade Dance+1","Replay:Poison Smokescreen","ReplayTheSpireMod:Necrosis+1","Adrenaline+1","Crippling Poison+1","Toxin Wave+1","Poisoned Stab","Die Die Die","Crippling Poison","All Out Attack+1","Catalyst","Dagger Spray","Masterful Stab+1","Burst+1","Deadly Poison","Toxin Wave","Poisoned Stab+1","Poisoned Stab+1","Crippling Poison+1","ReplayTheSpireMod:Splinters"],"relics":["Ring of the Snake","Membership Card","Whetstone","Ornamental Fan","Lizard Tail","hubris:Towel","Odd Mushroom","Ancient Tea Set","Honey Jar","Toy Ornithopter","hubris:Reverence","ChewingGum","Ice Cream","ReplayTheSpireMod:TigerMarble","Iron Hammer","Mango","Anchor"],"acts_visited":["Exordium","TheCity","TheBeyond"],"potions_floor_usage":[4,12,16,16,25,25,25,39,41,41,42,50],"damage_taken":[{"damage":1,"enemies":"2 Louse","floor":1,"turns":3},{"damage":0,"enemies":"Small Slimes","floor":4,"turns":1},{"damage":0,"enemies":"Jaw Worm","floor":5,"turns":3},{"damage":0,"enemies":"Blue Slaver","floor":7,"turns":2},{"damage":0,"enemies":"3 Louse","floor":10,"turns":2},{"damage":9,"enemies":"The Mushroom Lair","floor":12,"turns":3},{"damage":64,"enemies":"Slime Boss","floor":16,"turns":15},{"damage":1,"enemies":"Shell Parasite","floor":18,"turns":3},{"damage":0,"enemies":"3 Byrds","floor":19,"turns":4},{"damage":0,"enemies":"Cultist and Chosen","floor":22,"turns":4},{"damage":0,"enemies":"Gremlin Leader","floor":25,"turns":3},{"damage":22,"enemies":"Snake Plant","floor":27,"turns":3},{"damage":2,"enemies":"Chosen and Byrds","floor":28,"turns":3},{"damage":18,"enemies":"Snecko","floor":30,"turns":4},{"damage":18,"enemies":"Collector","floor":33,"turns":6},{"damage":12,"enemies":"3 Darklings","floor":35,"turns":3},{"damage":1,"enemies":"Orb Walker","floor":36,"turns":2},{"damage":11,"enemies":"Sphere and 2 Shapes","floor":39,"turns":4},{"damage":9,"enemies":"Reptomancer","floor":41,"turns":3},{"damage":6,"enemies":"Jaw Worm Horde","floor":42,"turns":2},{"damage":18,"enemies":"Spire Growth","floor":45,"turns":4},{"damage":20,"enemies":"Giant Head","floor":46,"turns":6},{"damage":18,"enemies":"hubris:GrandSnecko","floor":50,"turns":10}],"seed_played":"1411482113024255663","potions_obtained":[{"floor":1,"key":"Poison Potion"},{"floor":10,"key":"Swift Potion"},{"floor":12,"key":"Energy Potion"},{"floor":16,"key":"GhostInAJar"},{"floor":18,"key":"PowerPotion"},{"floor":19,"key":"FearPotion"},{"floor":28,"key":"SmokeBomb"},{"floor":36,"key":"ColorlessPotion"},{"floor":41,"key":"infinitespire:BlackPotion"},{"floor":46,"key":"EssenceOfSteel"}],"is_trial":false,"path_per_floor":["M","$","?","M","M","R","M","R","T","M","?","?","R","$","R","B",null,"M","M","?","?","M","$","R","E","T","M","M","?","M","?","R","B",null,"M","M","?","$","M","R","E","M","T","?","M","E","?","?","R","B",null],"character_chosen":"THE_SILENT","items_purchased":["Backstab","Membership Card","Deadly Poison","Whetstone","Explosive Potion","Ancient Tea Set","Die Die Die","Crippling Poison","Ice Cream","Adrenaline Potion","Fire Potion"],"campfire_rested":3,"item_purchase_floors":[2,2,2,2,2,14,23,23,38,38,38],"current_hp_per_floor":[69,69,57,57,57,57,57,57,57,57,57,48,69,69,69,5,70,69,69,69,69,69,69,69,69,69,47,45,45,27,27,48,30,70,58,57,57,57,51,51,52,51,51,65,47,27,27,27,52,39],"gold":206,"neow_bonus":"TWO_FIFTY_GOLD","is_daily":false,"chose_seed":false,"campfire_upgraded":5,"win_rate":0.0,"timestamp":1608103377,"path_taken":["M","$","?","M","M","R","M","R","T","M","?","?","R","$","R","BOSS","M","M","?","?","M","$","R","E","T","M","M","?","?","?","R","BOSS","M","M","?","$","M","R","E","M","T","?","M","E","?","?","R","BOSS"],"items_purchased_type":["Card","Relic","Card","Relic","Potion","Relic","Card","Card","Relic","Potion","Potion"],"build_version":"2020-12-13","purchased_purges":0,"victory":true,"max_hp_per_floor":[70,70,70,70,70,70,70,70,70,70,70,70,70,70,70,70,70,70,70,70,70,70,70,70,70,70,70,70,70,70,70,70,70,70,70,70,70,70,70,70,70,70,70,84,84,84,84,84,84,84],"card_choices":[{"not_picked":["Quick Slash","Catalyst"],"picked":"Poisoned Stab","floor":1},{"not_picked":["Underhanded Strike","Blade Dance"],"picked":"Endless Agony","floor":4},{"not_picked":["PiercingWail","ReplayTheSpireMod:The Works"],"picked":"Blade Dance","floor":5},{"not_picked":["ReplayTheSpireMod:Shiv Toss","Outmaneuver","Slice"],"picked":"SKIP","floor":7},{"not_picked":["Deadly Poison","Dagger Throw"],"picked":"Replay:Poison Smokescreen","floor":10},{"not_picked":["hubris:SlightOfHand","Sneak Up"],"picked":"ReplayTheSpireMod:Necrosis","floor":12},{"not_picked":["Unload","Wraith Form v2"],"picked":"Adrenaline","floor":16},{"not_picked":["hubris:SlightOfHand+1","Infinite Blades+1","Prepared"],"picked":"Crippling Poison+1","floor":18},{"not_picked":["Prepared+1","Cloak And Dagger","Dagger Spray"],"picked":"Toxin Wave+1","floor":19},{"not_picked":["Underhanded Strike","Acrobatics","Prepared"],"picked":"Poisoned Stab","floor":22},{"not_picked":["Reflex","Deflect+1","Underhanded Strike"],"picked":"All Out Attack+1","floor":25},{"not_picked":["Backflip","Footwork","Acrobatics+1"],"picked":"Catalyst","floor":27},{"not_picked":["Cloak And Dagger","Caltrops","Prepared"],"picked":"Dagger Spray","floor":28},{"not_picked":["Deadly Poison","Slice","Expertise"],"picked":"Masterful Stab+1","floor":30},{"not_picked":["Malaise","A Thousand Cuts","Unload"],"picked":"Burst","floor":33},{"not_picked":["Hidden Blade+1","ReplayTheSpireMod:From All Sides","PiercingWail"],"picked":"Deadly Poison","floor":35},{"not_picked":["Choke+1","Skewer","Cloak And Dagger"],"picked":"Toxin Wave","floor":36},{"not_picked":["Deflect","Distraction+1","Riddle With Holes"],"picked":"Poisoned Stab+1","floor":39},{"not_picked":["Heel Hook+1","Corpse Explosion","Noxious Fumes"],"picked":"Poisoned Stab+1","floor":41},{"not_picked":["Setup","Underhanded Strike+1","Eviscerate"],"picked":"Crippling Poison+1","floor":42},{"not_picked":["Poisoned Stab","Riddle With Holes+1","Backflip+1","ReplayTheSpireMod:Shiv Toss"],"picked":"SKIP","floor":45},{"not_picked":["Cloak And Dagger+1","Fluid Movement+1","Blade Dance","Riddle With Holes+1"],"picked":"SKIP","floor":46}],"player_experience":382812,"relics_obtained":[{"floor":9,"key":"Lizard Tail"},{"floor":12,"key":"Odd Mushroom"},{"floor":25,"key":"Toy Ornithopter"},{"floor":26,"key":"hubris:Reverence"},{"floor":41,"key":"ReplayTheSpireMod:TigerMarble"},{"floor":43,"key":"Iron Hammer"},{"floor":44,"key":"Mango"},{"floor":46,"key":"Anchor"}],"event_choices":[{"damage_healed":0,"gold_gain":0,"player_choice":"Success","damage_taken":12,"relics_obtained":["Ornamental Fan"],"max_hp_gain":0,"max_hp_loss":0,"event_name":"Scrap Ooze","floor":3,"gold_loss":0},{"damage_healed":0,"gold_gain":0,"player_choice":"Fought Mushrooms","damage_taken":0,"max_hp_gain":0,"max_hp_loss":0,"event_name":"Mushrooms","floor":12,"gold_loss":0},{"damage_healed":0,"gold_gain":0,"player_choice":"Ignored","damage_taken":0,"max_hp_gain":0,"max_hp_loss":0,"event_name":"Ghosts","floor":21,"gold_loss":0},{"damage_healed":0,"gold_gain":0,"player_choice":"Ignored","damage_taken":0,"max_hp_gain":0,"max_hp_loss":0,"event_name":"Cursed Tome","floor":29,"gold_loss":0},{"damage_healed":0,"gold_gain":0,"player_choice":"Ignored","damage_taken":0,"max_hp_gain":0,"max_hp_loss":0,"event_name":"Purifier","floor":31,"gold_loss":0},{"cards_removed":["Endless Agony"],"damage_healed":0,"gold_gain":0,"player_choice":"Removed Attack","damage_taken":0,"max_hp_gain":0,"max_hp_loss":0,"event_name":"Falling","floor":37,"gold_loss":0},{"damage_healed":0,"gold_gain":0,"player_choice":"Ignored","damage_taken":0,"max_hp_gain":0,"max_hp_loss":0,"event_name":"The Moai Head","floor":47,"gold_loss":0}],"is_beta":false,"boss_relics":[{"not_picked":["Empty Cage","Ectoplasm"],"picked":"Honey Jar"},{"not_picked":["Calling Bell","HoveringKite"],"picked":"ChewingGum"}],"items_purged_floors":[],"is_endless":false,"potions_floor_spawned":[1,10,12,16,18,19,28,36,41,46],"ascension_level":0}}