{"host":"z7h0k8blg7jrnodm","time":1608159707,"event":{"mods":["BaseMod","Challenge The Spire","Colored Map","Colored Powertips","Custom Start","Key Reminder","Minty Spire (QoL Compilation)","Quick Restart","Random Character Button","Relic Stats","StSLib","SuperFastMode","Unceasing Turn Reminder"],"gold_per_floor":[19,34,34,34,54,54,70,105,131,131,149,149,149,173,173,263,263,279,169,1,1,19,49,49,83,108,108,139,139,89,89,89,89,89],"floor_reached":33,"playtime":577,"items_purged":["Strike_R"],"score":652,"play_id":"c64d63e1-16d1-49cb-b05b-9babc7d0f15c","local_time":"20201217010147","is_ascension_mode":true,"campfire_choices":[{"data":"Feel No Pain","floor":6.0,"key":"SMITH"},{"floor":10.0,"key":"REST"},{"data":"Sword Boomerang","floor":13.0,"key":"SMITH"},{"data":"Clothesline","floor":15.0,"key":"SMITH"},{"floor":24,"key":"REST"},{"floor":27,"key":"REST"},{"data":"Feel No Pain","floor":29,"key":"SMITH"},{"floor":32,"key":"REST"}],"circlet_count":0,"master_deck":["AscendersBane","Strike_R","Strike_R+1","Strike_R+1","Defend_R","Defend_R","Defend_R","Defend_R","Bash","Feel No Pain+1","Combust+1","Shrug It Off","Twin Strike","Sword Boomerang+1","Clothesline+1","Pommel Strike","Impervious","Metallicize","Feel No Pain+1","Pummel","Havoc"],"relics":["Burning Blood","Lizard Tail","Bloody Idol","Boot","Vajra","Philosopher\u0027s Stone","Akabeko","Smiling Mask","Bag of Marbles","Lantern","Red Skull"],"acts_visited":["Exordium","TheCity"],"potions_floor_usage":[22,23,25],"damage_taken":[{"damage":14.0,"enemies":"Jaw Worm","floor":1.0,"turns":3.0},{"damage":0.0,"enemies":"Small Slimes","floor":2.0,"turns":4.0},{"damage":4.0,"enemies":"Cultist","floor":5.0,"turns":4.0},{"damage":9.0,"enemies":"2 Fungi Beasts","floor":7.0,"turns":4.0},{"damage":44.0,"enemies":"Lagavulin","floor":8.0,"turns":8.0},{"damage":6.0,"enemies":"Looter","floor":11.0,"turns":3.0},{"damage":10.0,"enemies":"Exordium Thugs","floor":14.0,"turns":4.0},{"damage":19.0,"enemies":"Hexaghost","floor":16.0,"turns":8.0},{"damage":31.0,"enemies":"Shell Parasite","floor":18.0,"turns":4.0},{"damage":19,"enemies":"Chosen","floor":22,"turns":4},{"damage":3,"enemies":"Slavers","floor":23,"turns":4},{"damage":66,"enemies":"Book of Stabbing","floor":25,"turns":7},{"damage":34,"enemies":"Gremlin Leader","floor":28,"turns":4},{"damage":58,"enemies":"Champ","floor":33,"turns":9}],"seed_played":"-5330064957586822588","potions_obtained":[{"floor":5.0,"key":"Ancient Potion"},{"floor":8.0,"key":"SneckoOil"},{"floor":16.0,"key":"AttackPotion"},{"floor":18.0,"key":"LiquidBronze"},{"floor":22,"key":"SteroidPotion"}],"is_trial":false,"path_per_floor":["M","M","?","?","M","R","M","E","T","R","M","?","R","M","R","B",null,"M","?","$","?","M","E","R","E","T","R","E","R","$","?","R","B"],"character_chosen":"IRONCLAD","items_purchased":["Akabeko"],"campfire_rested":4,"item_purchase_floors":[20],"current_hp_per_floor":[60,66,66,46,48,48,45,7,7,27,27,27,27,23,23,10,54,29,29,29,29,21,29,49,28,33,53,30,30,30,24,44,0,0],"gold":89,"neow_bonus":"ONE_RARE_RELIC","is_daily":false,"chose_seed":false,"campfire_upgraded":4,"win_rate":0.0,"timestamp":1608159707,"path_taken":["M","M","?","?","?","R","?","E","T","R","M","?","R","M","R","BOSS","M","?","$","?","M","E","R","E","T","R","E","R","$","?","R","BOSS"],"items_purchased_type":["Relic"],"build_version":"2020-12-13","purchased_purges":1,"victory":false,"max_hp_per_floor":[75,75,68,68,68,68,68,68,68,68,68,68,68,68,68,68,68,68,68,68,68,68,68,68,68,68,68,68,68,68,68,68,68,68],"relic_stats":{"Lizard Tail":34,"counters":[14,70],"Bloody Idol":25,"Boot":[60],"Smiling Mask":25,"obtain_stats":[{"Lizard Tail":0,"Lantern":26,"Golden Idol":3,"Bloody Idol":21,"Vajra":9,"Philosopher\u0027s Stone":17,"Bag of Marbles":25,"Boot":8,"Smiling Mask":23,"Burning Blood":0,"Akabeko":20,"Red Skull":28},{"Lizard Tail":0,"Lantern":12,"Golden Idol":2,"Bloody Idol":9,"Vajra":5,"Philosopher\u0027s Stone":8,"Bag of Marbles":12,"Boot":5,"Smiling Mask":11,"Burning Blood":0,"Akabeko":9,"Red Skull":13},{"Lizard Tail":0,"Lantern":57,"Golden Idol":7,"Bloody Idol":42,"Vajra":23,"Philosopher\u0027s Stone":38,"Bag of Marbles":57,"Boot":23,"Smiling Mask":50,"Burning Blood":0,"Akabeko":42,"Red Skull":61}],"Burning Blood":78},"card_choices":[{"not_picked":["Shrug It Off","Anger"],"picked":"Feel No Pain","floor":1.0},{"not_picked":["Bloodletting","Evolve"],"picked":"Combust","floor":2.0},{"not_picked":["Warcry","Metallicize"],"picked":"Shrug It Off","floor":5.0},{"not_picked":["Clash","Cleave"],"picked":"Twin Strike","floor":7.0},{"not_picked":["Evolve","Seeing Red"],"picked":"Sword Boomerang","floor":8.0},{"not_picked":["Rampage","Infernal Blade"],"picked":"Clothesline","floor":11.0},{"not_picked":["Searing Blow","Flex"],"picked":"Pommel Strike","floor":14.0},{"not_picked":["Immolate","Juggernaut"],"picked":"Impervious","floor":16.0},{"not_picked":["Shrug It Off","Perfected Strike+1"],"picked":"Metallicize","floor":18.0},{"not_picked":["Pommel Strike","Armaments","Heavy Blade"],"picked":"SKIP","floor":22},{"not_picked":["Twin Strike+1","Armaments"],"picked":"Feel No Pain","floor":23},{"not_picked":["Shrug It Off","Clothesline"],"picked":"Pummel","floor":25},{"not_picked":["Heavy Blade","Clash+1"],"picked":"Havoc","floor":28}],"player_experience":278158,"relics_obtained":[{"floor":8.0,"key":"Boot"},{"floor":9.0,"key":"Vajra"},{"floor":23,"key":"Smiling Mask"},{"floor":25,"key":"Bag of Marbles"},{"floor":26,"key":"Lantern"},{"floor":28,"key":"Red Skull"}],"event_choices":[{"damage_healed":0.0,"max_hp_gain":0.0,"max_hp_loss":7.0,"gold_gain":0.0,"event_name":"Golden Idol","player_choice":"Lose Max HP","floor":3.0,"gold_loss":0.0,"damage_taken":0.0,"relics_obtained":["Golden Idol"]},{"damage_healed":0.0,"max_hp_gain":0.0,"max_hp_loss":0.0,"gold_gain":0.0,"event_name":"Shining Light","player_choice":"Entered Light","floor":4.0,"gold_loss":0.0,"damage_taken":20.0,"cards_upgraded":["Strike_R","Strike_R"]},{"damage_healed":0.0,"max_hp_gain":0.0,"max_hp_loss":0.0,"gold_gain":0.0,"event_name":"Liars Game","player_choice":"Ignored","floor":12.0,"gold_loss":0.0,"damage_taken":0.0},{"cards_removed":["Strike_R"],"damage_healed":0.0,"max_hp_gain":0.0,"max_hp_loss":0.0,"gold_gain":0.0,"event_name":"Designer","player_choice":"Upgrade and Remove","floor":19.0,"gold_loss":110.0,"damage_taken":0.0,"cards_upgraded":["Combust"]},{"damage_healed":0.0,"max_hp_gain":0.0,"max_hp_loss":0.0,"gold_gain":0.0,"event_name":"Forgotten Altar","player_choice":"Gave Idol","floor":21.0,"relics_lost":["Golden Idol"],"gold_loss":0.0,"damage_taken":0.0,"relics_obtained":["Bloody Idol"]},{"damage_healed":0,"gold_gain":0,"player_choice":"","damage_taken":6,"max_hp_gain":0,"max_hp_loss":0,"event_name":"Knowing Skull","floor":31,"potions_obtained":[],"gold_loss":0,"cards_obtained":[]}],"is_beta":false,"boss_relics":[{"not_picked":["Pandora\u0027s Box","Black Star"],"picked":"Philosopher\u0027s Stone"}],"items_purged_floors":[30],"is_endless":false,"potions_floor_spawned":[5,8,16,18,22],"killed_by":"Champ","ascension_level":20}}