{"host":"d7qmn60fs48wu5y6","time":1608144937,"event":{"mods":["BaseMod","Downfall","Marisa????????","Minty Spire (QoL Compilation)","Shade Mod","StSLib","The Bug Knight","The Cursed","The Disciple","The Necromancer","The Servant 0.9.4"],"gold_per_floor":[113,113,133,152,152,180,180,180,180,180,194,212,212,222,222,324,324,336,346,359,459,477,508,20,34,57,57,77,77,95,106,106,201,201,213,213,232,282,292,138,138,152,152,167,167,38,51,62,62,62,62,62,39,64,64,64],"floor_reached":55,"playtime":4073,"items_purged":["Strike_MRS"],"score":672,"play_id":"47870535-438f-485c-8f9a-35b26cbaf4c5","local_time":"20201216105537","is_ascension_mode":false,"campfire_choices":[{"data":"MilkyWay","floor":7,"key":"SMITH"},{"data":"6A","floor":10,"key":"SMITH"},{"data":"LuminesStrike","floor":13,"key":"SMITH"},{"data":"PulseMagic","floor":15,"key":"SMITH"},{"floor":29,"key":"REST"},{"floor":32,"key":"REST"},{"floor":41,"key":"RECALL"},{"data":"SuperNova","floor":45,"key":"SMITH"},{"data":"Panache","floor":49,"key":"SMITH"},{"data":"GasGiant","floor":52,"key":"SMITH"}],"circlet_count":0,"master_deck":["Strike_MRS","Strike_MRS+1","Strike_MRS","Defend_MRS","Defend_MRS","Defend_MRS","Defend_MRS+1","MasterSpark","UpSweep","6A+1","NonDirectionalLaser","MilkyWay+1","Acceleration","ShootingEcho","LuminesStrike+1","PulseMagic+1","TreasureHunter","MilkyWay","GrandCross","PulseMagic","GasGiant+1","Panache+1","ShootingEcho","LuminesStrike+1","SuperNova+1","6A+1","EventHorizon","MilkyWay+1","DoubleSpark","ShootTheMoon+1","CollectingQuirk","WitchLeyline","Parasite","Parasite"],"relics":["MiniHakkero","Eternal Feather","MagicBroom","BreadOfAWashokuLover","ExperimentalFamiliar","Nunchaku","Bag of Marbles","Ornamental Fan","SlaversCollar","Ginger","Strange Spoon","MealTicket","ShroomBag"],"acts_visited":["Exordium","TheCity","TheBeyond","TheEnding"],"potions_floor_usage":[16,16,30,37,38,44,48,55],"damage_taken":[{"damage":1,"enemies":"Jaw Worm","floor":1,"turns":3},{"damage":5,"enemies":"Cultist","floor":3,"turns":4},{"damage":7,"enemies":"Small Slimes","floor":4,"turns":3},{"damage":13,"enemies":"3 Sentries","floor":6,"turns":6},{"damage":0,"enemies":"Exordium Thugs","floor":11,"turns":3},{"damage":1,"enemies":"Lots of Slimes","floor":12,"turns":3},{"damage":6,"enemies":"Red Slaver","floor":14,"turns":3},{"damage":27,"enemies":"Hexaghost","floor":16,"turns":6},{"damage":0,"enemies":"Chosen","floor":18,"turns":3},{"damage":7,"enemies":"3 Byrds","floor":19,"turns":3},{"damage":21,"enemies":"Sentry and Sphere","floor":20,"turns":4},{"damage":5,"enemies":"Shelled Parasite and Fungi","floor":22,"turns":4},{"damage":18,"enemies":"Gremlin Leader","floor":23,"turns":4},{"damage":0,"enemies":"Chosen and Byrds","floor":25,"turns":4},{"damage":11,"enemies":"Snecko","floor":28,"turns":4},{"damage":12,"enemies":"Snake Plant","floor":30,"turns":2},{"damage":0,"enemies":"Centurion and Healer","floor":31,"turns":4},{"damage":42,"enemies":"Automaton","floor":33,"turns":8},{"damage":7,"enemies":"Orb Walker","floor":35,"turns":3},{"damage":14,"enemies":"3 Darklings","floor":37,"turns":5},{"damage":6,"enemies":"Mind Bloom Boss Battle","floor":38,"turns":6},{"damage":0,"enemies":"Maw","floor":39,"turns":4},{"damage":21,"enemies":"4 Shapes","floor":42,"turns":6},{"damage":0,"enemies":"Transient","floor":44,"turns":5},{"damage":16,"enemies":"Sphere and 2 Shapes","floor":47,"turns":3},{"damage":12,"enemies":"Jaw Worm Horde","floor":48,"turns":3},{"damage":79,"enemies":"Donu and Deca","floor":50,"turns":9},{"damage":69,"enemies":"Shield and Spear","floor":54,"turns":6},{"damage":62,"enemies":"The Heart","floor":55,"turns":2}],"seed_played":"-3503770608844302703","potions_obtained":[{"floor":1,"key":"Guardian:BlockOnCardUsePotion"},{"floor":4,"key":"FearPotion"},{"floor":12,"key":"SkillPotion"},{"floor":20,"key":"Dexterity Potion"},{"floor":22,"key":"Fire Potion"},{"floor":30,"key":"LiquidMemories"},{"floor":31,"key":"Block Potion"},{"floor":38,"key":"Fire Potion"},{"floor":54,"key":"DuplicationPotion"}],"is_trial":false,"path_per_floor":["M","?","M","M","?","E","R","?","T","R","M","M","R","M","R","B",null,"M","M","M","?","M","E","$","M","T","$","M","R","M","M","R","B",null,"M","?","M","?","M","$","R","M","T","M","R","$","M","M","R","B",null,"R","$","E","B"],"character_chosen":"MARISA","items_purchased":["GasGiant","Ornamental Fan","Panache","Strange Spoon","DoubleSpark","WitchLeyline"],"campfire_rested":2,"item_purchase_floors":[24,24,24,40,46,53],"current_hp_per_floor":[81,81,76,69,53,40,46,46,46,52,52,51,60,54,63,36,82,82,75,55,55,50,33,33,36,36,36,26,62,50,52,82,40,82,75,75,61,56,56,56,71,66,66,66,81,95,79,67,85,6,95,95,95,26,0,0],"gold":64,"neow_bonus":"TEN_PERCENT_HP_BONUS","is_daily":false,"chose_seed":false,"campfire_upgraded":7,"win_rate":0.0,"timestamp":1608144937,"path_taken":["M","?","M","?","?","E","R","?","T","R","M","M","R","?","R","BOSS","M","M","M","?","M","E","$","?","T","?","M","R","?","?","R","BOSS","M","?","M","?","M","$","R","M","T","M","R","$","?","M","R","BOSS","R","$","E","BOSS"],"items_purchased_type":["Card","Relic","Card","Relic","Card","Card"],"build_version":"2020-12-13","purchased_purges":1,"victory":false,"max_hp_per_floor":[82,82,82,82,82,82,82,82,82,82,82,82,82,82,82,82,82,82,82,82,82,82,82,82,82,82,82,82,82,82,82,82,82,82,82,82,82,82,82,82,82,95,95,95,95,95,95,95,95,95,95,95,95,95,95,95],"card_choices":[{"not_picked":["MachineGunSpark","MilkyWay"],"picked":"6A","floor":1},{"not_picked":["PowerUp","WitchOfGreed"],"picked":"NonDirectionalLaser","floor":3},{"not_picked":["NonDirectionalLaser","BigCrunch"],"picked":"MilkyWay","floor":4},{"not_picked":["PowerUp","OortCloud"],"picked":"Acceleration","floor":6},{"not_picked":["MysteriousBeam","MilkyWay"],"picked":"ShootingEcho","floor":11},{"not_picked":["ChargingUp","AsteroidBelt"],"picked":"LuminesStrike","floor":12},{"not_picked":["MysteriousBeam","MagicChant"],"picked":"PulseMagic","floor":14},{"not_picked":["MillisecondPulsars","AbsoluteMagnitude"],"picked":"TreasureHunter","floor":16},{"not_picked":["NonDirectionalLaser","MysteriousBeam"],"picked":"MilkyWay","floor":18},{"not_picked":["MilkyWay","IllusionStar+1"],"picked":"GrandCross","floor":19},{"not_picked":["MysteriousBeam+1","BlazeAway","MilkyWay"],"picked":"SKIP","floor":20},{"not_picked":["UnstableBomb","BigCrunch","WitchOfGreed"],"picked":"SKIP","floor":22},{"not_picked":["GrandCross","StarlightTyphoon"],"picked":"PulseMagic","floor":23},{"not_picked":["Robbery","WitchOfGreed"],"picked":"ShootingEcho","floor":25},{"not_picked":["PropBag","UnstableBomb","Acceleration"],"picked":"SKIP","floor":28},{"not_picked":["MagicAbsorber","GravityBeat+1","GrandCross"],"picked":"SKIP","floor":30},{"not_picked":["WitchOfGreed","MilkyWay"],"picked":"LuminesStrike+1","floor":31},{"not_picked":["StarDustReverie","AbsoluteMagnitude"],"picked":"SuperNova","floor":33},{"not_picked":["MysteriousBeam","Acceleration+1"],"picked":"6A+1","floor":35},{"not_picked":["NonDirectionalLaser","ShootingEcho","GalacticHalo"],"picked":"SKIP","floor":37},{"not_picked":["IllusionStar","BlazeAway","UnstableBomb+1"],"picked":"SKIP","floor":39},{"not_picked":["UnstableBomb+1","6A+1"],"picked":"EventHorizon","floor":42},{"not_picked":["AsteroidBelt+1","StarlightTyphoon+1"],"picked":"MilkyWay+1","floor":44},{"not_picked":["6A+1","GravityBeat"],"picked":"ShootTheMoon+1","floor":47},{"not_picked":["MachineGunSpark+1","IllusionStar"],"picked":"CollectingQuirk","floor":48},{"not_picked":["6A+1","Acceleration","OpenUniverse"],"picked":"SKIP","floor":54}],"player_experience":867222,"relics_obtained":[{"floor":6,"key":"MagicBroom"},{"floor":9,"key":"BreadOfAWashokuLover"},{"floor":23,"key":"Nunchaku"},{"floor":23,"key":"Bag of Marbles"},{"floor":38,"key":"Ginger"},{"floor":43,"key":"MealTicket"},{"floor":54,"key":"ShroomBag"}],"event_choices":[{"damage_healed":0,"gold_gain":0,"player_choice":"Gave Potion","damage_taken":0,"relics_obtained":["Eternal Feather"],"max_hp_gain":0,"max_hp_loss":0,"event_name":"WeMeetAgain","floor":2,"gold_loss":0},{"damage_healed":0,"gold_gain":0,"player_choice":"Entered Light","damage_taken":16,"max_hp_gain":0,"max_hp_loss":0,"event_name":"Shining Light","floor":5,"gold_loss":0,"cards_upgraded":["Strike_MRS","Defend_MRS"]},{"damage_healed":0,"gold_gain":0,"player_choice":"Ignored","damage_taken":0,"max_hp_gain":0,"max_hp_loss":0,"event_name":"Liars Game","floor":8,"gold_loss":0},{"damage_healed":0,"gold_gain":100,"player_choice":"Pray","damage_taken":0,"max_hp_gain":0,"max_hp_loss":0,"event_name":"Golden Shrine","floor":21,"gold_loss":0},{"damage_healed":0,"gold_gain":0,"player_choice":"Ignored","damage_taken":0,"max_hp_gain":0,"max_hp_loss":0,"event_name":"Tomb of Lord Red Mask","floor":36,"gold_loss":0},{"damage_healed":0,"gold_gain":0,"player_choice":"Fight","damage_taken":0,"max_hp_gain":0,"max_hp_loss":0,"event_name":"MindBloom","floor":38,"gold_loss":0}],"is_beta":false,"boss_relics":[{"not_picked":["Velvet Choker","Coffee Dripper"],"picked":"ExperimentalFamiliar"},{"not_picked":["Runic Dome","Empty Cage"],"picked":"SlaversCollar"}],"items_purged_floors":[46],"is_endless":false,"potions_floor_spawned":[1,4,12,20,22,30,31,33,35,38,54],"killed_by":"The Heart","ascension_level":0}}