{"host":"ih7ofq2zpufcoifs","time":1608077003,"event":{"mods":["BaseMod","Colored Map","Minty Spire (QoL Compilation)"],"gold_per_floor":[113,113,113,83,100,135,145,145,145,172,198,198,211,211,211,315,315,329,429,457,457,80,80,5,45,45,79,154,154,195,242,242,341,341,364,81,117,117,153,184,184,199,226,270,270,313,344,380,380,380,380,380,30,30,30],"floor_reached":54,"playtime":6193,"items_purged":["Decay","Strike_B+1","Strike_B+1"],"score":1416,"play_id":"a0880c49-9c61-4971-b1f7-fcea4b5c8890","local_time":"20201216100323","is_ascension_mode":true,"campfire_choices":[{"floor":8.0,"key":"REST"},{"floor":15.0,"key":"REST"},{"floor":23,"key":"REST"},{"floor":29,"key":"REST"},{"floor":32,"key":"REST"},{"floor":41,"key":"RECALL"}],"circlet_count":0,"master_deck":["AscendersBane","Strike_B+1","Defend_B+1","Defend_B+1","Defend_B+1","Defend_B+1","Dualcast","Rebound+1","Genetic Algorithm","Conserve Battery","Core Surge","Compile Driver","Seek","Undo","Compile Driver+1","Hologram","Core Surge+1","Hologram","Turbo","White Noise","White Noise","Turbo+1","Turbo","Heatsinks","Hologram","Compile Driver+1","Steam+1","Scrape+1","Coolheaded"],"relics":["Cracked Core","Dead Branch","White Beast Statue","Meat on the Bone","CeramicFish","Letter Opener","Golden Idol","Fusion Hammer","Sling","Molten Egg 2","Ginger","Prayer Wheel","Eternal Feather","Coffee Dripper","Toy Ornithopter","Dream Catcher","Cables","Sundial","Medical Kit"],"acts_visited":["Exordium","TheCity","TheBeyond","TheEnding"],"potions_floor_usage":[18,22,30,31,37,40,42,44,46,48,50,54],"damage_taken":[{"damage":7.0,"enemies":"2 Louse","floor":1.0,"turns":3.0},{"damage":0.0,"enemies":"Small Slimes","floor":5.0,"turns":3.0},{"damage":20.0,"enemies":"Gremlin Nob","floor":6.0,"turns":3.0},{"damage":1.0,"enemies":"Cultist","floor":7.0,"turns":3.0},{"damage":19.0,"enemies":"3 Sentries","floor":10.0,"turns":6.0},{"damage":23.0,"enemies":"Exordium Thugs","floor":11.0,"turns":3.0},{"damage":1.0,"enemies":"Blue Slaver","floor":13.0,"turns":5.0},{"damage":30.0,"enemies":"The Guardian","floor":16.0,"turns":13.0},{"damage":19,"enemies":"3 Byrds","floor":18,"turns":4},{"damage":0,"enemies":"Shell Parasite","floor":20,"turns":4},{"damage":14,"enemies":"Slavers","floor":25,"turns":3},{"damage":46,"enemies":"Gremlin Leader","floor":27,"turns":10},{"damage":0,"enemies":"Cultist and Chosen","floor":30,"turns":6},{"damage":18,"enemies":"Book of Stabbing","floor":31,"turns":7},{"damage":38,"enemies":"Collector","floor":33,"turns":16},{"damage":0,"enemies":"3 Darklings","floor":35,"turns":9},{"damage":0,"enemies":"Orb Walker","floor":37,"turns":3},{"damage":17,"enemies":"3 Darklings","floor":39,"turns":4},{"damage":23,"enemies":"Reptomancer","floor":40,"turns":5},{"damage":0,"enemies":"Jaw Worm Horde","floor":42,"turns":5},{"damage":0,"enemies":"Nemesis","floor":44,"turns":9},{"damage":22,"enemies":"Transient","floor":46,"turns":5},{"damage":9,"enemies":"3 Darklings","floor":47,"turns":3},{"damage":0,"enemies":"Reptomancer","floor":48,"turns":6},{"damage":48,"enemies":"Donu and Deca","floor":50,"turns":14},{"damage":108,"enemies":"Shield and Spear","floor":54,"turns":8}],"seed_played":"-6237748567034845055","potions_obtained":[{"floor":4.0,"key":"BlessingOfTheForge"},{"floor":4.0,"key":"EntropicBrew"},{"floor":7.0,"key":"PowerPotion"},{"floor":10.0,"key":"PotionOfCapacity"},{"floor":11.0,"key":"FearPotion"},{"floor":13.0,"key":"Weak Potion"},{"floor":16.0,"key":"Dexterity Potion"},{"floor":18,"key":"Fruit Juice"},{"floor":20,"key":"FairyPotion"},{"floor":25,"key":"Energy Potion"},{"floor":27,"key":"LiquidMemories"},{"floor":30,"key":"Explosive Potion"},{"floor":31,"key":"Explosive Potion"},{"floor":33,"key":"Weak Potion"},{"floor":37,"key":"PotionOfCapacity"},{"floor":39,"key":"Dexterity Potion"},{"floor":40,"key":"Explosive Potion"},{"floor":42,"key":"SneckoOil"},{"floor":44,"key":"PotionOfCapacity"},{"floor":46,"key":"Swift Potion"},{"floor":48,"key":"PowerPotion"}],"is_trial":false,"path_per_floor":["M","?","?","?","M","E","M","R","T","E","M","T","M","?","R","B",null,"M","?","M","?","$","R","?","E","T","E","?","R","M","E","R","B",null,"M","$","M","?","M","E","R","M","T","E","R","M","M","E","R","B",null,"R","$","E"],"character_chosen":"DEFECT","items_purchased":["Seek","Sling","Toy Ornithopter","Turbo","Medical Kit","Coolheaded","Block Potion"],"campfire_rested":5,"item_purchase_floors":[22,22,36,36,53,53,53],"current_hp_per_floor":[57,43,43,43,43,23,22,43,43,36,25,25,36,36,55,37,59,40,40,40,40,45,66,66,52,52,18,11,32,44,38,68,42,64,64,64,69,69,52,46,58,63,63,68,71,54,45,50,65,34,62,71,71,0,0],"gold":30,"neow_bonus":"ONE_RARE_RELIC","is_daily":false,"chose_seed":false,"campfire_upgraded":0,"win_rate":0.0,"timestamp":1608077003,"path_taken":["M","?","?","?","M","E","M","R","T","E","?","?","M","?","R","BOSS","M","?","?","?","$","R","?","E","T","E","?","R","M","E","R","BOSS","M","$","M","?","M","E","R","M","T","E","R","M","M","E","R","BOSS","R","$","E"],"items_purchased_type":["Card","Relic","Relic","Card","Relic","Card","Potion"],"build_version":"2020-12-13","purchased_purges":3,"victory":false,"max_hp_per_floor":[71,71,71,71,71,71,71,71,71,71,71,71,71,66,66,66,66,66,66,66,66,71,71,71,71,71,71,71,71,71,71,71,71,71,71,71,71,71,71,71,71,71,71,71,71,71,71,71,71,71,71,71,71,71,71],"card_choices":[{"not_picked":["Gash","Redo"],"picked":"Rebound","floor":1.0},{"not_picked":["Storm","Cold Snap","Beam Cell"],"picked":"SKIP","floor":5.0},{"not_picked":["Sunder","Darkness","Undo"],"picked":"SKIP","floor":6.0},{"not_picked":["Beam Cell","Static Discharge"],"picked":"Genetic Algorithm","floor":7.0},{"not_picked":["Heatsinks","Barrage","Rip and Tear"],"picked":"SKIP","floor":10.0},{"not_picked":["Steam","Melter"],"picked":"Conserve Battery","floor":11.0},{"not_picked":["Redo","Gash","Leap"],"picked":"SKIP","floor":13.0},{"not_picked":["Biased Cognition","Machine Learning"],"picked":"Core Surge","floor":16.0},{"not_picked":["Compile Driver","Reprogram","Loop"],"picked":"SKIP","floor":18},{"not_picked":["Rip and Tear","Ball Lightning"],"picked":"Compile Driver","floor":20},{"not_picked":["Gash+1","Conserve Battery","Cold Snap+1"],"picked":"SKIP","floor":25},{"not_picked":["Rip and Tear+1","Rebound+1","Thunder Strike+1"],"picked":"SKIP","floor":27},{"not_picked":["Auto Shields","Reinforced Body"],"picked":"Undo","floor":30},{"not_picked":["Ball Lightning+1","Darkness"],"picked":"Compile Driver+1","floor":30},{"not_picked":["Stack","Hyperbeam+1"],"picked":"Hologram","floor":31},{"not_picked":["Electrodynamics","Machine Learning"],"picked":"Core Surge+1","floor":33},{"not_picked":["Rip and Tear+1","Static Discharge"],"picked":"Hologram","floor":35},{"not_picked":["Coolheaded","FTL+1","Redo"],"picked":"SKIP","floor":35},{"not_picked":["Streamline+1","Chaos"],"picked":"White Noise","floor":37},{"not_picked":["Buffer","Steam"],"picked":"White Noise","floor":37},{"not_picked":["Stack+1","FTL+1"],"picked":"Turbo+1","floor":39},{"not_picked":["Stack","Barrage+1"],"picked":"Turbo","floor":39},{"not_picked":["Turbo","Force Field","Static Discharge+1"],"picked":"SKIP","floor":40},{"not_picked":["Cold Snap+1","Self Repair","Gash+1"],"picked":"SKIP","floor":42},{"not_picked":["Conserve Battery+1","Steam","Beam Cell+1"],"picked":"SKIP","floor":42},{"not_picked":["Rebound+1","Conserve Battery+1"],"picked":"Heatsinks","floor":44},{"not_picked":["Leap","Conserve Battery"],"picked":"Hologram","floor":46},{"not_picked":["Ball Lightning+1","Amplify"],"picked":"Compile Driver+1","floor":46},{"not_picked":["Beam Cell+1","Ball Lightning+1"],"picked":"Steam+1","floor":47},{"not_picked":["Gash+1","Go for the Eyes+1"],"picked":"Scrape+1","floor":47},{"not_picked":["Redo+1","Darkness","Streamline+1"],"picked":"SKIP","floor":48}],"player_experience":362033,"relics_obtained":[{"floor":6.0,"key":"White Beast Statue"},{"floor":9.0,"key":"Meat on the Bone"},{"floor":10.0,"key":"CeramicFish"},{"floor":12.0,"key":"Letter Opener"},{"floor":25,"key":"Molten Egg 2"},{"floor":26,"key":"Ginger"},{"floor":27,"key":"Prayer Wheel"},{"floor":31,"key":"Eternal Feather"},{"floor":40,"key":"Dream Catcher"},{"floor":44,"key":"Cables"},{"floor":48,"key":"Sundial"}],"event_choices":[{"damage_healed":0.0,"max_hp_gain":0.0,"max_hp_loss":0.0,"gold_gain":0.0,"event_name":"Shining Light","player_choice":"Entered Light","floor":2.0,"gold_loss":0.0,"damage_taken":14.0,"cards_upgraded":["Rebound","Strike_B"]},{"damage_healed":0.0,"max_hp_gain":0.0,"max_hp_loss":0.0,"gold_gain":0.0,"event_name":"Liars Game","player_choice":"Ignored","floor":3.0,"gold_loss":0.0,"damage_taken":0.0},{"damage_healed":0.0,"max_hp_gain":0.0,"max_hp_loss":0.0,"gold_gain":0.0,"event_name":"The Woman in Blue","player_choice":"Bought 2 Potions","floor":4.0,"gold_loss":0.0,"damage_taken":0.0},{"damage_healed":0.0,"max_hp_gain":0.0,"max_hp_loss":5.0,"gold_gain":0.0,"event_name":"Golden Idol","player_choice":"Lose Max HP","floor":14.0,"gold_loss":0.0,"damage_taken":0.0,"relics_obtained":["Golden Idol"]},{"damage_healed":0,"gold_gain":100,"player_choice":"Pray","damage_taken":0,"max_hp_gain":0,"max_hp_loss":0,"event_name":"Golden Shrine","floor":19,"gold_loss":0},{"damage_healed":0,"gold_gain":0,"player_choice":"Simplicity","damage_taken":0,"max_hp_gain":0,"max_hp_loss":0,"event_name":"Back to Basics","floor":21,"gold_loss":0,"cards_upgraded":["Strike_B","Strike_B","Strike_B","Defend_B","Defend_B","Defend_B","Defend_B"]},{"cards_removed":["Strike_B"],"damage_healed":0,"gold_gain":0,"player_choice":"Gave Gold","damage_taken":0,"max_hp_gain":0,"max_hp_loss":0,"event_name":"Beggar","floor":24,"gold_loss":75},{"damage_healed":0,"gold_gain":75,"player_choice":"Touch","damage_taken":7,"max_hp_gain":0,"max_hp_loss":0,"event_name":"FaceTrader","floor":28,"gold_loss":0},{"cards_removed":["Zap"],"damage_healed":0,"gold_gain":0,"player_choice":"Removed Skill","damage_taken":0,"max_hp_gain":0,"max_hp_loss":0,"event_name":"Falling","floor":38,"gold_loss":0}],"is_beta":false,"boss_relics":[{"not_picked":["Sozu","Calling Bell"],"picked":"Fusion Hammer"},{"not_picked":["Astrolabe","SlaversCollar"],"picked":"Coffee Dripper"}],"items_purged_floors":[22,36,53],"is_endless":false,"potions_floor_spawned":[7,10,11,13,16,18,20,25,27,30,31,33,35,37,39,40,42,44,46,47,48],"killed_by":"Shield and Spear","ascension_level":14}}