{"host":"egyxg9lnjq7g2hmw","time":1608100365,"event":{"mods":["AchievementEnabler","BaseMod","Block Reminder","Colored Map","Colored Powertips","Highlight Path","Minty Spire (QoL Compilation)","Rare Cards Sparkle","StSLib"],"gold_per_floor":[114,114,39,58,58,58,76,120,120,132,144,174,207,235,247,358,370,402,414,461,423,435,435],"floor_reached":22,"playtime":1019,"items_purged":[],"score":365,"play_id":"3218007c-47d8-4608-a38e-c6150cbba4bb","local_time":"20201215223245","is_ascension_mode":true,"campfire_choices":[{"data":"Die Die Die","floor":6.0,"key":"SMITH"},{"data":"Skewer","floor":10.0,"key":"SMITH"},{"floor":15.0,"key":"REST"}],"circlet_count":0,"master_deck":["AscendersBane","Defend_G","Defend_G","Defend_G","Defend_G","Defend_G","Survivor","Neutralize","Doppelganger","Poisoned Stab+1","Die Die Die+1","Caltrops+1","Skewer+1","Outmaneuver","Crippling Poison","Malaise","Calculated Gamble+1","Cloak And Dagger+1","Riddle With Holes+1","Leg Sweep+1","Bite","Bite","Bite","Bite","Bite","Setup"],"relics":["Ring of the Snake","Golden Idol","Pear","MawBank","Astrolabe","Red Mask"],"acts_visited":["Exordium","TheCity"],"potions_floor_usage":[20,22],"damage_taken":[{"damage":6.0,"enemies":"Cultist","floor":1.0,"turns":6.0},{"damage":1.0,"enemies":"2 Louse","floor":4.0,"turns":2.0},{"damage":2.0,"enemies":"Small Slimes","floor":7.0,"turns":3.0},{"damage":14.0,"enemies":"3 Sentries","floor":8.0,"turns":8.0},{"damage":2.0,"enemies":"2 Fungi Beasts","floor":12.0,"turns":3.0},{"damage":5.0,"enemies":"Red Slaver","floor":13.0,"turns":5.0},{"damage":14.0,"enemies":"Lots of Slimes","floor":14.0,"turns":2.0},{"damage":22.0,"enemies":"The Guardian","floor":16.0,"turns":13.0},{"damage":20.0,"enemies":"Chosen","floor":18.0,"turns":6.0},{"damage":39,"enemies":"Masked Bandits","floor":20,"turns":5},{"damage":17,"enemies":"Spheric Guardian","floor":22,"turns":3}],"seed_played":"-3044220165542911807","potions_obtained":[{"floor":1.0,"key":"Fire Potion"},{"floor":4.0,"key":"EntropicBrew"},{"floor":7.0,"key":"Strength Potion"},{"floor":14.0,"key":"Ancient Potion"},{"floor":18.0,"key":"SteroidPotion"},{"floor":20,"key":"CunningPotion"}],"is_trial":false,"path_per_floor":["M","?","?","M","?","R","M","E","T","R","$","M","M","M","R","B",null,"M","?","?","?","M"],"character_chosen":"THE_SILENT","items_purchased":[],"campfire_rested":1,"item_purchase_floors":[],"current_hp_per_floor":[38,38,38,37,37,37,35,31,31,31,31,29,24,10,32,10,60,40,40,7,7,0,0],"gold":435,"neow_bonus":"THREE_RARE_CARDS","is_daily":false,"chose_seed":false,"campfire_upgraded":2,"win_rate":0.0,"timestamp":1608100365,"path_taken":["M","?","?","M","?","R","M","E","T","R","$","M","?","M","R","BOSS","M","?","?","?","M"],"items_purchased_type":[],"build_version":"2020-12-13","purchased_purges":0,"victory":false,"max_hp_per_floor":[66,66,66,66,66,66,66,76,76,76,76,76,76,76,76,76,76,76,53,53,53,53,53],"card_choices":[{"not_picked":["Night Terror","Venomology"],"picked":"Doppelganger","floor":0.0},{"not_picked":["Masterful Stab","Underhanded Strike"],"picked":"Poisoned Stab","floor":1.0},{"not_picked":["Flying Knee","Dagger Throw"],"picked":"Die Die Die","floor":4.0},{"not_picked":["Heel Hook","Dagger Throw","Masterful Stab"],"picked":"SKIP","floor":7.0},{"not_picked":["Acrobatics","Doppelganger"],"picked":"Skewer","floor":8.0},{"not_picked":["Infinite Blades","Flechettes","Blade Dance"],"picked":"SKIP","floor":12.0},{"not_picked":["Endless Agony","Underhanded Strike"],"picked":"Outmaneuver","floor":13.0},{"not_picked":["Poisoned Stab","Backflip"],"picked":"Crippling Poison","floor":14.0},{"not_picked":["Glass Knife","Doppelganger"],"picked":"Malaise","floor":16.0},{"not_picked":["Predator","Dodge and Roll"],"picked":"Leg Sweep+1","floor":18.0},{"not_picked":["Underhanded Strike","Well Laid Plans+1"],"picked":"Setup","floor":20}],"player_experience":479481,"relics_obtained":[{"floor":8.0,"key":"Pear"},{"floor":9.0,"key":"MawBank"},{"floor":20,"key":"Red Mask"}],"event_choices":[{"damage_healed":0.0,"max_hp_gain":0.0,"max_hp_loss":0.0,"gold_gain":0.0,"event_name":"Golden Idol","player_choice":"Take Wound","floor":2.0,"gold_loss":0.0,"damage_taken":0.0,"relics_obtained":["Golden Idol"],"cards_obtained":["Injury"]},{"cards_removed":["Injury"],"damage_healed":0.0,"max_hp_gain":0.0,"max_hp_loss":0.0,"gold_gain":0.0,"event_name":"The Cleric","player_choice":"Card Removal","floor":3.0,"gold_loss":75.0,"damage_taken":0.0},{"damage_healed":0.0,"max_hp_gain":0.0,"max_hp_loss":0.0,"gold_gain":0.0,"cards_transformed":["Strike_G"],"event_name":"Transmorgrifier","player_choice":"Transformed","floor":5.0,"gold_loss":0.0,"damage_taken":0.0,"cards_obtained":["Caltrops"]},{"damage_healed":0.0,"max_hp_gain":0.0,"max_hp_loss":23.0,"gold_gain":0.0,"event_name":"Vampires","player_choice":"Became a vampire","floor":19.0,"gold_loss":0.0,"damage_taken":0.0,"cards_obtained":["Bite","Bite","Bite","Bite","Bite"]},{"damage_healed":0,"gold_gain":0,"player_choice":"Fought Bandits","damage_taken":0,"max_hp_gain":0,"max_hp_loss":0,"event_name":"Masked Bandits","floor":20,"gold_loss":0},{"damage_healed":0,"gold_gain":0,"player_choice":"Upgraded Two","damage_taken":0,"max_hp_gain":0,"max_hp_loss":0,"event_name":"Designer","floor":21,"gold_loss":50,"cards_upgraded":["Poisoned Stab","Caltrops"]}],"is_beta":false,"boss_relics":[{"not_picked":["Snecko Eye","Black Star"],"picked":"Astrolabe"}],"items_purged_floors":[],"is_endless":false,"potions_floor_spawned":[1,4,7,14,18,20],"killed_by":"Spheric Guardian","ascension_level":17}}