{"host":"yn17ruofed46ymbq","time":1608082497,"event":{"mods":["AchievementEnabler","BaseMod","Colored Map","Colored Powertips","DeckTracker","Highlight Path","Keyboard Shortcuts","Minty Spire (QoL Compilation)","Permanent Neow","Quick Restart","Rare Cards Sparkle","Relic Stats","SuperFastMode"],"gold_per_floor":[109,109,62,62,78,78,78,78,78,78,78,97,22,55,55,160,160,172,190,95,20,20,20,20,36,113,129,129,129,129,146,146,247,247,264,19,32,32,32,52,52,52],"floor_reached":41,"playtime":923,"items_purged":["Strike_R"],"score":561,"play_id":"f9a6349e-9fdb-4d0b-8006-f959c91c94e0","local_time":"20201216103457","is_ascension_mode":true,"campfire_choices":[{"data":"Sword Boomerang","floor":6.0,"key":"SMITH"},{"data":"Flex","floor":8.0,"key":"SMITH"},{"data":"Bash","floor":10.0,"key":"SMITH"},{"data":"Anger","floor":11.0,"key":"SMITH"},{"floor":15.0,"key":"REST"},{"floor":23.0,"key":"REST"},{"floor":24.0,"key":"REST"},{"floor":28,"key":"REST"},{"floor":32,"key":"REST"}],"circlet_count":0,"master_deck":["Bash+1","Flex+1","Sword Boomerang+1","Anger+1","Spot Weakness","Dropkick","Demon Form","CurseOfTheBell","Thunderclap+1","Rage","Heavy Blade+1","Havoc","Blood for Blood+1","Ghostly","Ghostly","Ghostly","Ghostly","Ghostly","Limit Break","Offering","Rupture","Power Through","Perfected Strike+1","Carnage+1","Clash+1","Flash of Steel+1","Burning Pact+1","Pommel Strike+1"],"relics":["Burning Blood","Vajra","WingedGreaves","Letter Opener","Shovel","Calling Bell","Smiling Mask","Molten Egg 2","Bottled Flame","Nloth\u0027s Gift","Pandora\u0027s Box","Brimstone","Pantograph"],"acts_visited":["Exordium","TheCity","TheBeyond"],"potions_floor_usage":[25,33,33,37,40],"damage_taken":[{"damage":6.0,"enemies":"Cultist","floor":1.0,"turns":3.0},{"damage":0.0,"enemies":"2 Louse","floor":5.0,"turns":2.0},{"damage":7.0,"enemies":"Jaw Worm","floor":12.0,"turns":3.0},{"damage":34.0,"enemies":"Gremlin Nob","floor":14.0,"turns":4.0},{"damage":51.0,"enemies":"The Guardian","floor":16.0,"turns":9.0},{"damage":46.0,"enemies":"3 Byrds","floor":18.0,"turns":5.0},{"damage":57.0,"enemies":"Spheric Guardian","floor":19.0,"turns":6.0},{"damage":33,"enemies":"Centurion and Healer","floor":25,"turns":6},{"damage":34,"enemies":"Shelled Parasite and Fungi","floor":27,"turns":4},{"damage":14,"enemies":"Snecko","floor":31,"turns":5},{"damage":17,"enemies":"Champ","floor":33,"turns":11},{"damage":20,"enemies":"Orb Walker","floor":35,"turns":4},{"damage":12,"enemies":"3 Shapes","floor":37,"turns":3},{"damage":8,"enemies":"Sphere and 2 Shapes","floor":40,"turns":4},{"damage":24,"enemies":"Nemesis","floor":41,"turns":3}],"seed_played":"4339684792873953388","potions_obtained":[{"floor":12.0,"key":"Block Potion"},{"floor":14.0,"key":"SkillPotion"},{"floor":19.0,"key":"Dexterity Potion"},{"floor":27,"key":"AttackPotion"},{"floor":31,"key":"SkillPotion"},{"floor":33,"key":"Regen Potion"},{"floor":37,"key":"PowerPotion"}],"is_trial":false,"path_per_floor":["M","?","$","$","M","R","?","R","T","R","R","M","$","E","R","B",null,"M","M","$","?","?","R","R","M","T","M","R","?","?","M","R","B",null,"M","$","M","M","T","M","E"],"character_chosen":"IRONCLAD","items_purchased":["Sword Boomerang","Spot Weakness","Heavy Blade+1","Flash of Steel+1","Brimstone"],"campfire_rested":5,"item_purchase_floors":[3,13,20,36,36],"current_hp_per_floor":[72,72,72,72,78,78,71,71,71,71,71,70,70,42,66,21,65,25,22,22,22,22,46,70,43,43,15,39,39,39,31,40,29,37,23,23,26,26,26,24,0,0],"gold":52,"neow_bonus":"RANDOM_COMMON_RELIC","is_daily":false,"chose_seed":false,"campfire_upgraded":4,"win_rate":0.0,"timestamp":1608082497,"path_taken":["M","?","?","$","M","R","?","R","T","R","R","M","$","E","R","BOSS","M","M","$","?","?","R","R","M","T","?","R","?","?","M","R","BOSS","M","$","M","M","?","M","E"],"items_purchased_type":["Card","Card","Card","Card","Relic"],"build_version":"2020-12-13","purchased_purges":1,"victory":false,"max_hp_per_floor":[80,80,80,80,80,80,80,80,80,80,80,80,80,80,80,80,80,80,80,80,80,80,80,80,80,80,80,80,40,40,40,40,40,40,40,40,40,40,40,40,40,40],"relic_stats":{"Shovel":0,"counters":[15,72],"Pantograph":0,"Pandora\u0027s Box":["Offering","Rupture","Power Through","Perfected Strike","Carnage","Clash"],"Nloth\u0027s Gift":0,"Letter Opener":[74],"Smiling Mask":25,"obtain_stats":[{"Vajra":0,"Letter Opener":9,"Smiling Mask":17,"Burning Blood":0,"Calling Bell":17,"Lizard Tail":17,"Bottled Flame":26,"Shovel":14,"Brimstone":36,"Pantograph":39,"Molten Egg 2":17,"Pandora\u0027s Box":34,"WingedGreaves":7,"Nloth\u0027s Gift":30},{"Vajra":0,"Letter Opener":2,"Smiling Mask":5,"Burning Blood":0,"Calling Bell":5,"Lizard Tail":5,"Bottled Flame":8,"Shovel":4,"Brimstone":12,"Pantograph":13,"Molten Egg 2":5,"Pandora\u0027s Box":11,"WingedGreaves":2,"Nloth\u0027s Gift":9},{"Vajra":0,"Letter Opener":5,"Smiling Mask":21,"Burning Blood":0,"Calling Bell":21,"Lizard Tail":21,"Bottled Flame":38,"Shovel":12,"Brimstone":62,"Pantograph":65,"Molten Egg 2":21,"Pandora\u0027s Box":58,"WingedGreaves":5,"Nloth\u0027s Gift":42}],"Burning Blood":84},"card_choices":[{"not_picked":["Wild Strike","Pommel Strike"],"picked":"Flex","floor":1.0},{"not_picked":["Clothesline","Shrug It Off"],"picked":"Anger","floor":5.0},{"not_picked":["Sword Boomerang","Perfected Strike","Flex"],"picked":"SKIP","floor":12.0},{"not_picked":["Flame Barrier","Rupture"],"picked":"Dropkick","floor":14.0},{"not_picked":["Juggernaut","Berserk"],"picked":"Demon Form","floor":16.0},{"not_picked":["Hemokinesis+1","Cleave+1"],"picked":"Thunderclap+1","floor":18.0},{"not_picked":["Feel No Pain","Carnage+1"],"picked":"Rage","floor":19.0},{"not_picked":["Cleave+1","Entrench+1"],"picked":"Havoc","floor":25},{"not_picked":["Dropkick+1","Perfected Strike+1"],"picked":"Blood for Blood+1","floor":27},{"not_picked":["Dropkick+1","Flex+1","Reckless Charge+1"],"picked":"SKIP","floor":31},{"not_picked":["Barricade","Demon Form"],"picked":"Limit Break","floor":33},{"not_picked":["Armaments","Perfected Strike+1","Heavy Blade+1"],"picked":"SKIP","floor":35},{"not_picked":["Warcry","Thunderclap+1"],"picked":"Burning Pact+1","floor":37},{"not_picked":["Body Slam+1","Anger+1"],"picked":"Pommel Strike+1","floor":40}],"player_experience":419827,"relics_obtained":[{"floor":9.0,"key":"Letter Opener"},{"floor":14.0,"key":"Shovel"},{"floor":17.0,"key":"Smiling Mask"},{"floor":17.0,"key":"Molten Egg 2"},{"floor":17.0,"key":"Lizard Tail"},{"floor":26,"key":"Bottled Flame"},{"floor":39,"key":"Pantograph"}],"event_choices":[{"damage_healed":0.0,"max_hp_gain":0.0,"max_hp_loss":0.0,"gold_gain":0.0,"event_name":"The Woman in Blue","player_choice":"Bought 0 Potions","floor":2.0,"gold_loss":0.0,"damage_taken":0.0},{"damage_healed":0.0,"max_hp_gain":0.0,"max_hp_loss":0.0,"gold_gain":0.0,"event_name":"Scrap Ooze","player_choice":"Success","floor":7.0,"gold_loss":0.0,"damage_taken":7.0,"relics_obtained":["WingedGreaves"]},{"cards_removed":["Strike_R"],"damage_healed":0.0,"max_hp_gain":0.0,"max_hp_loss":0.0,"gold_gain":0.0,"event_name":"Beggar","player_choice":"Gave Gold","floor":21.0,"gold_loss":75.0,"damage_taken":0.0},{"cards_removed":["Strike_R"],"damage_healed":0.0,"max_hp_gain":0.0,"max_hp_loss":0.0,"gold_gain":0.0,"event_name":"Purifier","player_choice":"Purged","floor":22.0,"gold_loss":0.0,"damage_taken":0.0},{"damage_healed":0,"gold_gain":0,"player_choice":"Became a Ghost","damage_taken":0,"max_hp_gain":0,"max_hp_loss":40,"event_name":"Ghosts","floor":29,"gold_loss":0,"cards_obtained":["Ghostly","Ghostly","Ghostly","Ghostly","Ghostly"]},{"damage_healed":0,"gold_gain":0,"player_choice":"Traded Relic","damage_taken":0,"relics_obtained":["Nloth\u0027s Gift"],"max_hp_gain":0,"max_hp_loss":0,"event_name":"N\u0027loth","floor":30,"relics_lost":["Lizard Tail"],"gold_loss":0}],"is_beta":false,"boss_relics":[{"not_picked":["Philosopher\u0027s Stone","Velvet Choker"],"picked":"Calling Bell"},{"not_picked":["SacredBark","Busted Crown"],"picked":"Pandora\u0027s Box"}],"items_purged_floors":[20],"is_endless":false,"potions_floor_spawned":[12,14,19,27,31,33,37],"killed_by":"Nemesis","ascension_level":6}}