{"host":"z9grmtg2w0nmz8n1","time":1608140051,"event":{"mods":["Aspiration","Bard","BaseMod","Beaked The Cultist","Better Altar","Better Match","Better Third Choice","BetterRewards","CCEM","Colored Map","Conspire","GifTheSpireLib","Googly Eyes","Highlight Path","Hubris","Infinite Spire","Jedi Mod","Jorbs\u0027s Wanderer Trilogy","Minty Spire (QoL Compilation)","Permanent Neow","Replay The Spire","Spicy Shops","StSLib","Stuff the Spire","The Bug Knight"],"gold_per_floor":[119,136,61,79,94,121,136,0,0,0,33,53,53,72,72,168,168,178,194,194,210,210,238,179,210,235,263,283,298,317,343,343,442,442,453,178,178,195,195,230,230,259,286,312,326,352,362,272,272,375,375,384,399,476,490,75,95,95,124,147,147,156,177,185,187,241,330,330,333,334,384,33,42,62,69,82,106,120,124,135,154,154,154,235,235,246,246,248,260,259,273,286,1,1,15,30,75,75,96,96,168,168,193,193,193,47,47,74,74,24,50,50,69,88,121,121,121,203,203,203,203],"floor_reached":120,"playtime":6857,"items_purged":["Spreading Infection","Strike_G","Strike_G","Strike_G","Strike_G","Strike_G","Infinite Blades","Fluid Movement+1","Parasite"],"score":3524,"play_id":"c99663d7-26d2-4540-a23d-f842da57d9c3","local_time":"20201216153411","is_ascension_mode":true,"campfire_choices":[{"floor":10.0,"key":"RECALL"},{"data":"Noxious Fumes","floor":13.0,"key":"SMITH"},{"floor":15.0,"key":"REST"},{"data":"jedi:collectorvenom","floor":32.0,"key":"SMITH"},{"data":"infinitespire:SevenWalls","floor":41.0,"key":"SMITH"},{"data":"Survivor","floor":49.0,"key":"SMITH"},{"data":"Defend_G","floor":58.0,"key":"SMITH"},{"data":"Pot Of Greed","floor":61.0,"key":"SMITH"},{"data":"Pot Of Greed","floor":83.0,"key":"SMITH"},{"data":"Corpse Explosion","floor":98.0,"key":"SMITH"},{"data":"Defend_G","floor":100.0,"key":"SMITH"},{"data":"Pot Of Greed","floor":117.0,"key":"SMITH"}],"circlet_count":0,"master_deck":["Defend_G+1","Defend_G+1","Defend_G+1","Survivor+1","Neutralize+1","jedi:collectorvenom+1","Footwork+1","CurseOfTheBell","Pot Of Greed+1","Corpse Explosion+1","Pot Of Greed+1","infinitespire:SevenWalls+1"],"relics":["Ring of the Serpent","CCEMRelics:OrganicArmor","Gremlin Food","hubris:AstralHammer","Replay:Grab Bag","aspiration:FutureDiary","conspire:SeveredTorchhead","Calling Bell","HoveringKite","Frozen Egg 2","Lantern","Durian","CCEMRelics:HistoryBook","hubris:PeanutButter","ReplayFunnel","Basket Of Snakes","infinitespire:Satchel","Lizard Tail","StuffTheSpire:NeowsTribute","Snake Skull","infinitespire:Midas Blood","CCEMRelics:Barrel","StuffTheSpire:HeavyRock","infinitespire:PuzzleCube","CCEMRelics:DissonantTune","WristBlade","Matryoshka","StuffTheSpire:Mouthbags","Molten Egg 2","HollowMod:StagPassRelic","Grinning Jar","Strawberry","CCEMRelics:WarHorn","CCEMRelics:ShadowVeil","conspire:Boomerang","infinitespire:Magic Flask","hubris:TenFootPole","jedi:crownofsimplicity","infinitespire:Lychee Nut","PreservedInsect","Empty Cage","Bag of Preparation","Juzu Bracelet","hubris:TinFlute","CeramicFish","Ice Cream","CCEMRelics:SpiritsEdge","aspiration:BabyByrd","ReplayTheSpireMod:TigerMarble","hubris:Icosahedron","Byrd Skull","Replay:Baseball","Darkstone Periapt","Sozu"],"acts_visited":["Exordium","TheCity","TheBeyond","Exordium","TheCity","TheBeyond","Exordium","TheCity"],"potions_floor_usage":[],"damage_taken":[{"damage":6.0,"enemies":"Cultist","floor":1.0,"turns":6.0},{"damage":0.0,"enemies":"Jaw Worm","floor":2.0,"turns":5.0},{"damage":0.0,"enemies":"2 Louse","floor":4.0,"turns":3.0},{"damage":14.0,"enemies":"Gremlin Gang","floor":5.0,"turns":6.0},{"damage":19.0,"enemies":"3 Sentries","floor":6.0,"turns":8.0},{"damage":2.0,"enemies":"Looter","floor":7.0,"turns":4.0},{"damage":13.0,"enemies":"Lagavulin","floor":11.0,"turns":8.0},{"damage":1.0,"enemies":"Red Slaver","floor":12.0,"turns":5.0},{"damage":0.0,"enemies":"3 Louse","floor":14.0,"turns":2.0},{"damage":29.0,"enemies":"Slime Boss","floor":16.0,"turns":13.0},{"damage":0.0,"enemies":"Chosen","floor":18.0,"turns":5.0},{"damage":0.0,"enemies":"Shell Parasite","floor":19.0,"turns":6.0},{"damage":0.0,"enemies":"Cultist and Chosen","floor":21.0,"turns":6.0},{"damage":0.0,"enemies":"Gremlin Leader","floor":23.0,"turns":7.0},{"damage":0.0,"enemies":"Nightmare","floor":25.0,"turns":7.0},{"damage":0.0,"enemies":"Gremlin Leader","floor":27.0,"turns":5.0},{"damage":0.0,"enemies":"3 Cultists","floor":28.0,"turns":5.0},{"damage":0.0,"enemies":"Snake Plant","floor":29.0,"turns":3.0},{"damage":0.0,"enemies":"Centurion and Healer","floor":30.0,"turns":5.0},{"damage":0.0,"enemies":"Book of Stabbing","floor":31.0,"turns":4.0},{"damage":0.0,"enemies":"hubris:MusketHawk","floor":33.0,"turns":6.0},{"damage":0.0,"enemies":"Orb Walker","floor":35.0,"turns":3.0},{"damage":0.0,"enemies":"3 Darklings","floor":38.0,"turns":4.0},{"damage":0.0,"enemies":"Giant Head","floor":40.0,"turns":6.0},{"damage":0.0,"enemies":"Reptomancer","floor":42.0,"turns":6.0},{"damage":0.0,"enemies":"Nemesis","floor":44.0,"turns":3.0},{"damage":0.0,"enemies":"Spire Growth","floor":45.0,"turns":3.0},{"damage":0.0,"enemies":"beaked:SuperParasite","floor":46.0,"turns":4.0},{"damage":0.0,"enemies":"4 Shapes","floor":47.0,"turns":5.0},{"damage":0.0,"enemies":"Time Eater","floor":50.0,"turns":7.0},{"damage":0.0,"enemies":"Jaw Worm","floor":52.0,"turns":1.0},{"damage":0.0,"enemies":"2 Louse","floor":53.0,"turns":1.0},{"damage":0.0,"enemies":"Cultist","floor":55.0,"turns":1.0},{"damage":0.0,"enemies":"Lagavulin","floor":57.0,"turns":2.0},{"damage":0.0,"enemies":"Gremlin Nob","floor":59.0,"turns":2.0},{"damage":0.0,"enemies":"Red Slaver","floor":62.0,"turns":1.0},{"damage":0.0,"enemies":"Lagavulin","floor":63.0,"turns":2.0},{"damage":0.0,"enemies":"2 Fungi Beasts","floor":64.0,"turns":2.0},{"damage":0.0,"enemies":"Gremlin Nob","floor":66.0,"turns":2.0},{"damage":0.0,"enemies":"Slime Boss","floor":67.0,"turns":4.0},{"damage":0.0,"enemies":"2 Thieves","floor":69.0,"turns":2.0},{"damage":0.0,"enemies":"3 Byrds","floor":70.0,"turns":3.0},{"damage":0.0,"enemies":"Centurion and Healer","floor":73.0,"turns":2.0},{"damage":0.0,"enemies":"Book of Stabbing","floor":74.0,"turns":3.0},{"damage":0.0,"enemies":"Shelled Parasite and Fungi","floor":75.0,"turns":2.0},{"damage":0.0,"enemies":"Slavers","floor":76.0,"turns":4.0},{"damage":0.0,"enemies":"Book of Stabbing","floor":78.0,"turns":3.0},{"damage":0.0,"enemies":"Chosen and Byrds","floor":79.0,"turns":2.0},{"damage":0.0,"enemies":"Snake Plant","floor":80.0,"turns":1.0},{"damage":0.0,"enemies":"Gremlin Leader","floor":81.0,"turns":2.0},{"damage":0.0,"enemies":"Champ","floor":84.0,"turns":3.0},{"damage":0.0,"enemies":"Orb Walker","floor":86.0,"turns":1.0},{"damage":0.0,"enemies":"3 Shapes","floor":89.0,"turns":1.0},{"damage":0.0,"enemies":"Maw","floor":90.0,"turns":3.0},{"damage":0.0,"enemies":"R_Hoarder","floor":91.0,"turns":2.0},{"damage":0.0,"enemies":"4 Shapes","floor":92.0,"turns":1.0},{"damage":0.0,"enemies":"Transient","floor":95.0,"turns":5.0},{"damage":0.0,"enemies":"Giant Head","floor":96.0,"turns":3.0},{"damage":0.0,"enemies":"2 Orb Walkers","floor":97.0,"turns":1.0},{"damage":0.0,"enemies":"Reptomancer","floor":99.0,"turns":2.0},{"damage":0.0,"enemies":"Awakened One","floor":101.0,"turns":6.0},{"damage":0.0,"enemies":"Cultist","floor":103.0,"turns":1.0},{"damage":0.0,"enemies":"Lagavulin","floor":108.0,"turns":1.0},{"damage":0.0,"enemies":"Jaw Worm","floor":113.0,"turns":1.0},{"damage":0.0,"enemies":"Nightmare_Alpha","floor":114.0,"turns":3.0},{"damage":0.0,"enemies":"Small Slimes","floor":115.0,"turns":1.0},{"damage":0.0,"enemies":"Fading Forest","floor":118.0,"turns":4.0},{"damage":0,"enemies":"3 Byrds","floor":120,"turns":1}],"seed_played":"5984322557213455989","potions_obtained":[{"floor":4.0,"key":"FairyPotion"},{"floor":5.0,"key":"ColorlessPotion"},{"floor":6.0,"key":"Explosive Potion"},{"floor":7.0,"key":"Block Potion"},{"floor":12.0,"key":"Explosive Potion"},{"floor":18.0,"key":"FearPotion"},{"floor":21.0,"key":"ColorlessPotion"},{"floor":27.0,"key":"SpeedPotion"},{"floor":28.0,"key":"BlessingOfTheForge"},{"floor":33.0,"key":"EntropicBrew"},{"floor":44.0,"key":"CultistPotion"},{"floor":55.0,"key":"AttackPotion"},{"floor":75.0,"key":"PowerPotion"},{"floor":101.0,"key":"LiquidBronze"}],"is_trial":false,"path_per_floor":["M","M","$","M","M","E","M","$","T","R","E","M","R","M","R","B",null,"M","M","AVR","M","?","E","?","NM","T","E","M","M","M","E","R","B",null,"M","$","?","M","AVR","E","R","E","T","E","M","E","M","?","R","B",null,"M","M","?","M","$","E","R","E","T","R","M","E","M","?","R_BF","B",null,"M","M","?","$","M","E","M","E","T","E","M","M","E","$","R","B",null,"M","?","?","M","M","E","M","$","T","M","E","?","R","E","R","B",null,"M","?","?","$","?","E","?","?","T","?","M","NM","M","$","R","B",null,"M"],"character_chosen":"THE_SILENT","items_purchased":["Footwork","Matryoshka","CCEMRelics:ShadowVeil","Juzu Bracelet","ReplayTheSpireMod:TigerMarble"],"campfire_rested":1,"item_purchase_floors":[8,56,72,93,106],"current_hp_per_floor":[64,64,64,64,50,37,35,35,35,35,22,21,21,21,42,13,75,75,75,75,75,75,75,75,75,75,75,75,75,75,75,75,75,75,75,75,75,75,75,75,75,75,75,75,75,75,75,75,75,75,75,75,75,64,64,64,64,64,64,64,64,64,71,71,55,55,55,82,82,82,82,82,82,82,82,82,82,61,61,61,61,61,61,61,61,61,61,58,61,61,61,61,58,58,58,58,58,58,58,58,58,58,58,58,58,58,58,58,58,58,58,58,58,58,58,58,58,58,58,58,58],"gold":203,"neow_bonus":"ONE_RARE_RELIC","is_daily":false,"chose_seed":false,"campfire_upgraded":10,"win_rate":0.0,"timestamp":1608140051,"path_taken":["M","M","$","M","?","E","?","$","T","R","E","M","R","M","R","BOSS","M","M","AVR","M","?","E","?","NM","T","E","M","?","M","E","R","BOSS","M","$","?","?","AVR","E","R","E","T","E","M","E","?","?","R","BOSS","M","M","?","M","$","E","R","E","T","R","M","E","M","?","R_BF","BOSS","M","M","?","$","M","E","M","E","T","E","?","M","E","$","R","BOSS","M","?","?","?","M","E","M","$","T","M","E","?","R","E","R","BOSS","M","?","?","$","?","E","?","?","T","?","M","NM","M","?","R","BOSS","M"],"items_purchased_type":["Card","Relic","Relic","Relic","Relic"],"build_version":"2020-12-13","purchased_purges":9,"victory":false,"max_hp_per_floor":[70,70,70,70,70,70,70,70,70,70,70,70,70,70,70,70,75,75,75,75,75,75,75,75,75,75,75,75,75,75,75,75,75,75,75,75,75,75,75,75,75,75,75,75,75,75,75,75,75,75,75,75,75,75,75,75,75,75,75,75,75,75,82,82,82,82,82,82,82,82,82,82,82,82,82,82,82,61,61,61,61,61,61,61,61,61,61,61,61,61,61,61,58,58,58,58,58,58,58,58,58,58,58,58,58,58,58,58,58,58,58,58,58,58,58,58,58,58,58,58,58],"card_choices":[{"not_picked":["Dagger Throw","Deadly Poison"],"picked":"Noxious Fumes","floor":1.0},{"not_picked":["Dodge and Roll","Cloak And Dagger","Skewer"],"picked":"SKIP","floor":2.0},{"not_picked":["PiercingWail","StuffTheSpire:ReptileScales","StuffTheSpire:ClusterCrunch"],"picked":"SKIP","floor":4.0},{"not_picked":["jedi:poisonivy","Finisher"],"picked":"Infinite Blades","floor":5.0},{"not_picked":["Poisoned Stab","All Out Attack"],"picked":"jedi:collectorvenom","floor":6.0},{"not_picked":["jedi:pocketpoison","Flying Knee","StuffTheSpire:ClusterCrunch"],"picked":"SKIP","floor":7.0},{"not_picked":["StuffTheSpire:Incantation","Dagger Spray"],"picked":"jedi:collectorvenom","floor":11.0},{"not_picked":["Dagger Throw","Flechettes"],"picked":"jedi:collectorvenom","floor":12.0},{"not_picked":["StuffTheSpire:ClusterCrunch","ReplayTheSpireMod:Exploit Weakness","Poisoned Stab"],"picked":"SKIP","floor":14.0},{"not_picked":["Tools of the Trade","Malaise"],"picked":"jedi:collectorvenom","floor":16.0},{"not_picked":["ReplayTheSpireMod:Scrap Shanks+1","Outmaneuver+1","Dagger Spray"],"picked":"SKIP","floor":18.0},{"not_picked":["Footwork+1","Setup"],"picked":"jedi:collectorvenom","floor":19.0},{"not_picked":["Expertise","Quick Slash"],"picked":"jedi:collectorvenom","floor":21.0},{"not_picked":["jedi:unstablefumes","Reflex","Outmaneuver+1"],"picked":"SKIP","floor":23.0},{"not_picked":["infinitespire:Collect","ReplayTheSpireMod:Echoes of Time"],"picked":"infinitespire:SevenWalls","floor":25.0},{"not_picked":["jedi:collectorvenom","Deadly Poison+1","Dodge and Roll"],"picked":"SKIP","floor":25.0},{"not_picked":["Prepared","Backflip"],"picked":"jedi:collectorvenom","floor":27.0},{"not_picked":["Eviscerate","Concentrate"],"picked":"jedi:collectorvenom","floor":28.0},{"not_picked":["jedi:pocketpoison+1","conspire:DoublingDagger+1"],"picked":"jedi:collectorvenom","floor":29.0},{"not_picked":["Outmaneuver+1","Dodge and Roll"],"picked":"jedi:collectorvenom","floor":30.0},{"not_picked":["Night Terror","Bane"],"picked":"jedi:collectorvenom","floor":31.0},{"not_picked":["Doppelganger","Atom Bomb"],"picked":"jedi:collectorvenom+1","floor":33.0},{"not_picked":["Endless Agony+1","Bane"],"picked":"jedi:collectorvenom+1","floor":35.0},{"not_picked":["Flying Knee+1","Dash+1"],"picked":"jedi:collectorvenom+1","floor":38.0},{"not_picked":["Flying Knee","Distraction+1"],"picked":"jedi:collectorvenom+1","floor":40.0},{"not_picked":["Underhanded Strike","StuffTheSpire:ClusterCrunch"],"picked":"jedi:collectorvenom+1","floor":42.0},{"not_picked":["Backflip+1","hubris:SlightOfHand"],"picked":"jedi:collectorvenom+1","floor":44.0},{"not_picked":["hubris:Counter","Setup"],"picked":"jedi:collectorvenom+1","floor":45.0},{"not_picked":["Burst","Prepared"],"picked":"jedi:collectorvenom+1","floor":46.0},{"not_picked":["Distraction","Dagger Spray+1"],"picked":"jedi:collectorvenom","floor":47.0},{"not_picked":["Venomology","Night Terror"],"picked":"jedi:collectorvenom+1","floor":50.0},{"not_picked":["ReplayTheSpireMod:The Works","StuffTheSpire:Injection"],"picked":"jedi:collectorvenom+1","floor":52.0},{"not_picked":["Prepared","StuffTheSpire:ClusterCrunch"],"picked":"jedi:collectorvenom+1","floor":53.0},{"not_picked":["Die Die Die","StuffTheSpire:Injection"],"picked":"jedi:collectorvenom+1","floor":55.0},{"not_picked":["jedi:collectorvenom","Caltrops+1"],"picked":"jedi:collectorvenom+1","floor":57.0},{"not_picked":["jedi:collectorvenom+1","Bullet Time"],"picked":"Fluid Movement+1","floor":59.0},{"not_picked":["Dodge and Roll","Prepared"],"picked":"jedi:collectorvenom+1","floor":62.0},{"not_picked":["PiercingWail","StuffTheSpire:Incursion"],"picked":"jedi:collectorvenom+1","floor":63.0},{"not_picked":["Acrobatics","PiercingWail"],"picked":"jedi:collectorvenom+1","floor":64.0},{"not_picked":["StuffTheSpire:ClusterCrunch+1","Flying Knee+1"],"picked":"jedi:collectorvenom+1","floor":66.0},{"not_picked":["Phantasmal Killer","Die Die Die+1"],"picked":"jedi:collectorvenom+1","floor":67.0},{"not_picked":["hubris:SlightOfHand+1","Deflect"],"picked":"jedi:collectorvenom+1","floor":69.0},{"not_picked":["Sneak Up+1","PiercingWail+1"],"picked":"jedi:collectorvenom+1","floor":70.0},{"not_picked":["Underhanded Strike+1","Hidden Blade"],"picked":"jedi:collectorvenom+1","floor":73.0},{"not_picked":["Dash+1","StuffTheSpire:ClusterCrunch+1"],"picked":"jedi:collectorvenom+1","floor":74.0},{"not_picked":["Expertise+1","StuffTheSpire:Python+1"],"picked":"jedi:collectorvenom+1","floor":75.0},{"not_picked":["Footwork+1","Blade Dance"],"picked":"jedi:collectorvenom+1","floor":76.0},{"not_picked":["Bouncing Flask","Leg Sweep"],"picked":"jedi:collectorvenom+1","floor":78.0},{"not_picked":["jedi:poisonivy+1","jedi:pocketpoison"],"picked":"jedi:collectorvenom+1","floor":79.0},{"not_picked":["StuffTheSpire:BumpUp+1","Prepared"],"picked":"jedi:collectorvenom+1","floor":80.0},{"not_picked":["PiercingWail","Dash+1"],"picked":"jedi:collectorvenom+1","floor":81.0},{"not_picked":["jedi:brewingpoison","jedi:collectorvenom+1"],"picked":"Corpse Explosion","floor":84.0},{"not_picked":["StuffTheSpire:ClusterCrunch+1","Poisoned Stab+1"],"picked":"jedi:collectorvenom+1","floor":86.0},{"not_picked":["StuffTheSpire:BumpUp+1","StuffTheSpire:ClusterCrunch+1"],"picked":"jedi:collectorvenom+1","floor":89.0},{"not_picked":["Acrobatics+1","Deflect+1"],"picked":"jedi:collectorvenom+1","floor":90.0},{"not_picked":["jedi:collectorvenom+1","Bane+1","StuffTheSpire:Incantation+1"],"picked":"SKIP","floor":91.0},{"not_picked":["jedi:collectorvenom+1","Expertise+1","StuffTheSpire:Python+1"],"picked":"SKIP","floor":92.0},{"not_picked":["jedi:collectorvenom+1","Prepared","Deadly Poison"],"picked":"SKIP","floor":95.0},{"not_picked":["jedi:collectorvenom+1","Underhanded Strike+1","StuffTheSpire:ClusterCrunch+1"],"picked":"SKIP","floor":96.0},{"not_picked":["jedi:collectorvenom+1","StuffTheSpire:Injection+1","Unload+1"],"picked":"SKIP","floor":99.0},{"not_picked":["hubris:SlightOfHand","Acrobatics"],"picked":"jedi:collectorvenom+1","floor":103.0},{"not_picked":["Slice+1","Night Terror","jedi:collectorvenom+1"],"picked":"SKIP","floor":108.0},{"not_picked":["Blade Dance","hubris:SlightOfHand"],"picked":"jedi:collectorvenom+1","floor":113.0},{"not_picked":["Sneak Up","Acrobatics"],"picked":"jedi:collectorvenom+1","floor":114.0},{"not_picked":["Toxin Wave","hubris:Sniper"],"picked":"jedi:collectorvenom+1","floor":115.0},{"not_picked":["Envenom+1","Grand Finale+1"],"picked":"jedi:collectorvenom+1","floor":118.0}],"player_experience":563977,"relics_obtained":[{"floor":6.0,"key":"Gremlin Food"},{"floor":11.0,"key":"hubris:AstralHammer"},{"floor":17.0,"key":"Frozen Egg 2"},{"floor":17.0,"key":"Lantern"},{"floor":17.0,"key":"Durian"},{"floor":23.0,"key":"hubris:PeanutButter"},{"floor":25.0,"key":"Basket Of Snakes"},{"floor":26.0,"key":"infinitespire:Satchel"},{"floor":27.0,"key":"Lizard Tail"},{"floor":31.0,"key":"StuffTheSpire:NeowsTribute"},{"floor":40.0,"key":"infinitespire:Midas Blood"},{"floor":42.0,"key":"CCEMRelics:Barrel"},{"floor":43.0,"key":"StuffTheSpire:HeavyRock"},{"floor":44.0,"key":"infinitespire:PuzzleCube"},{"floor":46.0,"key":"CCEMRelics:DissonantTune"},{"floor":57.0,"key":"StuffTheSpire:Mouthbags"},{"floor":59.0,"key":"Molten Egg 2"},{"floor":60.0,"key":"HollowMod:StagPassRelic"},{"floor":60.0,"key":"Grinning Jar"},{"floor":63.0,"key":"Strawberry"},{"floor":66.0,"key":"CCEMRelics:WarHorn"},{"floor":74.0,"key":"conspire:Boomerang"},{"floor":76.0,"key":"infinitespire:Magic Flask"},{"floor":77.0,"key":"hubris:TenFootPole"},{"floor":77.0,"key":"jedi:crownofsimplicity"},{"floor":78.0,"key":"infinitespire:Lychee Nut"},{"floor":81.0,"key":"PreservedInsect"},{"floor":91.0,"key":"Bag of Preparation"},{"floor":94.0,"key":"hubris:TinFlute"},{"floor":96.0,"key":"CeramicFish"},{"floor":97.0,"key":"Ice Cream"},{"floor":99.0,"key":"CCEMRelics:SpiritsEdge"},{"floor":108.0,"key":"Byrd Skull"},{"floor":111.0,"key":"Replay:Baseball"},{"floor":114.0,"key":"Darkstone Periapt"}],"event_choices":[{"damage_healed":0.0,"max_hp_gain":0.0,"max_hp_loss":0.0,"gold_gain":0.0,"event_name":"WeMeetAgain","player_choice":"Paid Gold","floor":24.0,"gold_loss":59.0,"damage_taken":0.0,"relics_obtained":["ReplayFunnel"]},{"damage_healed":0.0,"max_hp_gain":0.0,"max_hp_loss":0.0,"gold_gain":0.0,"event_name":"NoteForYourself","player_choice":"Ignored","floor":37.0,"gold_loss":0.0,"damage_taken":0.0},{"cards_removed":["Defend_G"],"damage_healed":0.0,"max_hp_gain":0.0,"max_hp_loss":0.0,"gold_gain":0.0,"event_name":"Designer","player_choice":"Upgrade and Remove","floor":48.0,"gold_loss":90.0,"damage_taken":0.0,"cards_upgraded":["Neutralize"]},{"damage_healed":0.0,"max_hp_gain":0.0,"max_hp_loss":0.0,"gold_gain":75.0,"event_name":"betterThird:BetterGoop","player_choice":"Gold","floor":54.0,"gold_loss":0.0,"damage_taken":11.0},{"damage_healed":71.0,"max_hp_gain":0.0,"max_hp_loss":82.0,"gold_gain":0.0,"event_name":"betterThird:BetterShining","player_choice":"Upgrade","floor":65.0,"gold_loss":0.0,"damage_taken":16.0,"cards_upgraded":["Defend_G","Defend_G"]},{"damage_healed":0.0,"max_hp_gain":0.0,"max_hp_loss":0.0,"gold_gain":0.0,"event_name":"Dead Adventurer","player_choice":"Searched \u00271\u0027 times","floor":66.0,"gold_loss":0.0,"damage_taken":0.0},{"damage_healed":0.0,"max_hp_gain":0.0,"max_hp_loss":0.0,"gold_gain":100.0,"event_name":"The Joust","player_choice":"Bet on Murderer","floor":71.0,"gold_loss":50.0,"damage_taken":0.0},{"damage_healed":0.0,"max_hp_gain":0.0,"max_hp_loss":0.0,"gold_gain":0.0,"event_name":"Wheel of Change","player_choice":"Damaged","floor":88.0,"gold_loss":0.0,"damage_taken":6.0},{"damage_healed":0.0,"max_hp_gain":0.0,"max_hp_loss":0.0,"gold_gain":0.0,"event_name":"Mysterious Sphere","player_choice":"Fight","floor":97.0,"gold_loss":0.0,"damage_taken":0.0},{"damage_healed":0.0,"max_hp_gain":0.0,"max_hp_loss":0.0,"gold_gain":0.0,"event_name":"The Woman in Blue","player_choice":"Bought 0 Potions","floor":105.0,"gold_loss":0.0,"damage_taken":0.0},{"cards_removed":["Pot Of Greed"],"damage_healed":0.0,"max_hp_gain":0.0,"max_hp_loss":0.0,"gold_gain":0.0,"event_name":"Purifier","player_choice":"Purged","floor":109.0,"gold_loss":0.0,"damage_taken":0.0},{"cards_removed":["Defend_G"],"damage_healed":0.0,"max_hp_gain":0.0,"max_hp_loss":0.0,"gold_gain":0.0,"event_name":"The Cleric","player_choice":"Card Removal","floor":110.0,"gold_loss":50.0,"damage_taken":0.0}],"is_beta":false,"boss_relics":[{"not_picked":["beaked:MawFillet","Black Star"],"picked":"Replay:Grab Bag"},{"not_picked":["jedi:battlestandard","conspire:RoyalGoblet"],"picked":"aspiration:FutureDiary"},{"not_picked":["infinitespire:Cupcake","hubris:GrandSneckoEye"],"picked":"conspire:SeveredTorchhead"},{"not_picked":["Ring of the Serpent","Runic Pyramid"],"picked":"Calling Bell"},{"not_picked":["hubris:Backtick","hubris:HollowSoul"],"picked":"HoveringKite"},{"not_picked":["Replay:Drink Me","StuffTheSpire:ModemDavis","Painkiller Herb"]},{"not_picked":["aspiration:DefectSkillbook","Runic Dome"],"picked":"WristBlade"},{"not_picked":["aspiration:BeakedSkillbook","Ring of Chaos"],"picked":"Ring of the Serpent"},{"not_picked":["Cursed Key","Snecko Eye"],"picked":"Empty Cage"},{"not_picked":["Tiny House","Kintsugi","hubris:TerracottaHorce"]},{"not_picked":["aspiration:SecretTechniqueScroll","hubris:Stopwatch"],"picked":"Sozu"}],"items_purged_floors":[3,8,20,36,36,39,56,72,93],"is_endless":true,"potions_floor_spawned":[4,5,6,7,12,18,21,27,28,31,33,35,44,45,52,55,62,66,75,79,81,84,86,90,95,96,101,103,113,114,115],"killed_by":"3 Byrds","ascension_level":1}}