{"host":"yn17ruofed46ymbq","time":1608081499,"event":{"mods":["AchievementEnabler","BaseMod","Colored Map","Colored Powertips","DeckTracker","Highlight Path","Keyboard Shortcuts","Minty Spire (QoL Compilation)","Permanent Neow","Quick Restart","Rare Cards Sparkle","Relic Stats","SuperFastMode"],"gold_per_floor":[111,111,135,154,169,169,213,213,236,236,254,31,31,52,52,52,52],"floor_reached":16,"playtime":335,"items_purged":[],"score":133,"play_id":"7d56d2df-2733-4a01-ab89-b4b9ad666f3d","local_time":"20201216101819","is_ascension_mode":true,"campfire_choices":[{"data":"Immolate","floor":6,"key":"SMITH"},{"data":"Armaments","floor":8,"key":"SMITH"},{"data":"Rage","floor":10,"key":"SMITH"},{"floor":15,"key":"REST"}],"circlet_count":0,"master_deck":["Strike_R+1","Strike_R+1","Strike_R","Strike_R","Strike_R","Defend_R","Defend_R","Defend_R","Defend_R","Bash","Immolate+1","Shrug It Off","Rage+1","Armaments+1","Intimidate","Corruption","Feed","Hemokinesis"],"relics":["Burning Blood","Golden Idol","Smiling Mask","Happy Flower","ClockworkSouvenir"],"acts_visited":["Exordium"],"potions_floor_usage":[14],"damage_taken":[{"damage":6,"enemies":"Cultist","floor":1,"turns":3},{"damage":0,"enemies":"Small Slimes","floor":3,"turns":3},{"damage":6,"enemies":"Jaw Worm","floor":4,"turns":3},{"damage":8,"enemies":"Large Slime","floor":5,"turns":4},{"damage":23,"enemies":"Gremlin Nob","floor":7,"turns":4},{"damage":6,"enemies":"2 Fungi Beasts","floor":11,"turns":3},{"damage":3,"enemies":"Gremlin Gang","floor":14,"turns":2},{"damage":67,"enemies":"Hexaghost","floor":16,"turns":10}],"seed_played":"1115474046869753751","potions_obtained":[{"floor":3,"key":"Block Potion"},{"floor":11,"key":"GamblersBrew"},{"floor":14,"key":"SpeedPotion"}],"is_trial":false,"path_per_floor":["M","?","M","M","M","R","E","R","T","R","M","$","?","M","R","B"],"character_chosen":"IRONCLAD","items_purchased":["Feed","ClockworkSouvenir"],"campfire_rested":1,"item_purchase_floors":[12,12],"current_hp_per_floor":[72,72,74,74,72,72,55,55,55,55,55,55,40,43,65,0,0],"gold":52,"neow_bonus":"ONE_RANDOM_RARE_CARD","is_daily":false,"chose_seed":false,"campfire_upgraded":3,"win_rate":0.0,"timestamp":1608081499,"path_taken":["M","?","M","M","M","R","E","R","T","R","M","$","?","M","R","BOSS"],"items_purchased_type":["Card","Relic"],"build_version":"2020-12-13","purchased_purges":0,"victory":false,"max_hp_per_floor":[80,74,74,74,74,74,74,74,74,74,74,74,74,74,74,74,74],"relic_stats":{"Happy Flower":[5],"counters":[8,32],"Golden Idol":29,"Smiling Mask":0,"obtain_stats":[{"Happy Flower":9,"Golden Idol":2,"Smiling Mask":7,"Burning Blood":0,"ClockworkSouvenir":12},{"Happy Flower":5,"Golden Idol":1,"Smiling Mask":5,"Burning Blood":0,"ClockworkSouvenir":6},{"Happy Flower":17,"Golden Idol":3,"Smiling Mask":17,"Burning Blood":0,"ClockworkSouvenir":20}],"Burning Blood":38},"card_choices":[{"not_picked":["Clash","Metallicize"],"picked":"Shrug It Off","floor":1},{"not_picked":["Twin Strike","True Grit"],"picked":"Rage","floor":3},{"not_picked":["Twin Strike","Anger"],"picked":"Armaments","floor":4},{"not_picked":["Havoc","Headbutt"],"picked":"Intimidate","floor":5},{"not_picked":["Flex","True Grit"],"picked":"Corruption","floor":7},{"not_picked":["Shrug It Off","Armaments","Perfected Strike"],"picked":"SKIP","floor":11},{"not_picked":["Uppercut","Heavy Blade"],"picked":"Hemokinesis","floor":14}],"player_experience":419827,"relics_obtained":[{"floor":7,"key":"Smiling Mask"},{"floor":9,"key":"Happy Flower"}],"event_choices":[{"damage_healed":0,"gold_gain":0,"player_choice":"Lose Max HP","damage_taken":0,"relics_obtained":["Golden Idol"],"max_hp_gain":0,"max_hp_loss":6,"event_name":"Golden Idol","floor":2,"gold_loss":0},{"damage_healed":0,"gold_gain":0,"player_choice":"Entered Light","damage_taken":15,"max_hp_gain":0,"max_hp_loss":0,"event_name":"Shining Light","floor":13,"gold_loss":0,"cards_upgraded":["Strike_R","Strike_R"]}],"is_beta":false,"boss_relics":[],"items_purged_floors":[],"is_endless":false,"potions_floor_spawned":[3,11,14],"killed_by":"Hexaghost","ascension_level":6}}