{"host":"tfkz8stxzb1up54p","time":1608106790,"event":{"mods":["AchievementEnabler","BaseMod","Block Reminder","Colored Powertips","Disable Question Mark Monsters","Emptier Cage","Gold Saver","Gremlin Skip","Highlight Path","Minty Spire (QoL Compilation)","Permanent Neow","StSLib"],"gold_per_floor":[709,210,225,225,240,270,270,300,325,340,340,355,370,161,161,261,261,276,291,306,321,336,366,366,396,421,451,451,466,466,466,466,566,566,581,1580,1443,1443,1443,1443,1458,1488,1488,1503,1533,1353,1383,1398,1398,1398],"floor_reached":51,"playtime":5066,"items_purged":["Decay","Normality"],"score":982,"play_id":"a257ebd6-f7db-47cc-b21d-05bfe9086228","local_time":"20201216081950","daily_mods":["SealedDeck","ControlledChaos","Terminal"],"is_ascension_mode":false,"campfire_choices":[{"data":"Beam Cell","floor":7,"key":"SMITH"},{"data":"White Noise","floor":11,"key":"SMITH"},{"data":"Defragment","floor":15,"key":"SMITH"},{"data":"Seek","floor":28,"key":"SMITH"},{"data":"Seek","floor":30,"key":"SMITH"},{"data":"Beam Cell","floor":32,"key":"SMITH"},{"floor":49,"key":"REST"}],"circlet_count":0,"master_deck":["Compile Driver","Beam Cell+1","Go for the Eyes","Gash","Ball Lightning","Ball Lightning","Leap","Steam","Steam","Conserve Battery","Cold Snap","Cold Snap","Gash","Melter","Seek+1","White Noise+1","Defragment+1","Beam Cell","Beam Cell+1","Beam Cell+1","Seek+1","Ball Lightning+1","Redo+1","Flash of Steel","Panache","Madness","Madness","Turbo+1","Turbo+1","Redo+1","Deep Breath+1","White Noise+1"],"relics":["Cracked Core","Frozen Eye","Membership Card","Meat on the Bone","Bottled Flame","Symbiotic Virus","Kunai","Art of War","Ornamental Fan","SacredBark","Potion Belt","InkBottle","Omamori","Pantograph","Peace Pipe","Fusion Hammer","Toxic Egg 2","Shuriken","HornCleat","DollysMirror","StrikeDummy"],"acts_visited":["Exordium","TheCity","TheBeyond"],"potions_floor_usage":[6,6,8,16,21,21,21,22,23,23,27,27,42,45,45,45,48,50,50,50,50],"damage_taken":[{"damage":0,"enemies":"Jaw Worm","floor":1,"turns":2},{"damage":0,"enemies":"Cultist","floor":3,"turns":3},{"damage":0,"enemies":"2 Louse","floor":5,"turns":2},{"damage":1,"enemies":"Gremlin Nob","floor":6,"turns":3},{"damage":0,"enemies":"3 Sentries","floor":8,"turns":5},{"damage":1,"enemies":"Gremlin Gang","floor":10,"turns":3},{"damage":0,"enemies":"2 Fungi Beasts","floor":12,"turns":2},{"damage":0,"enemies":"3 Louse","floor":13,"turns":3},{"damage":0,"enemies":"Slime Boss","floor":16,"turns":4},{"damage":0,"enemies":"Chosen","floor":18,"turns":3},{"damage":0,"enemies":"Shell Parasite","floor":19,"turns":2},{"damage":0,"enemies":"3 Cultists","floor":20,"turns":4},{"damage":0,"enemies":"Snake Plant","floor":21,"turns":2},{"damage":0,"enemies":"Chosen and Byrds","floor":22,"turns":3},{"damage":9,"enemies":"Slavers","floor":23,"turns":4},{"damage":0,"enemies":"Book of Stabbing","floor":25,"turns":4},{"damage":3,"enemies":"Slavers","floor":27,"turns":3},{"damage":0,"enemies":"3 Cultists","floor":29,"turns":3},{"damage":6,"enemies":"Champ","floor":33,"turns":8},{"damage":1,"enemies":"Orb Walker","floor":35,"turns":3},{"damage":1,"enemies":"3 Shapes","floor":41,"turns":4},{"damage":0,"enemies":"Giant Head","floor":42,"turns":8},{"damage":0,"enemies":"Maw","floor":44,"turns":5},{"damage":0,"enemies":"Reptomancer","floor":45,"turns":4},{"damage":0,"enemies":"Nemesis","floor":47,"turns":5},{"damage":0,"enemies":"4 Shapes","floor":48,"turns":2},{"damage":5,"enemies":"Donu and Deca","floor":50,"turns":4}],"seed_played":"4580661739168851385","potions_obtained":[{"floor":8,"key":"FocusPotion"},{"floor":12,"key":"EssenceOfDarkness"},{"floor":13,"key":"FocusPotion"},{"floor":20,"key":"EntropicBrew"},{"floor":22,"key":"BlessingOfTheForge"},{"floor":23,"key":"Fire Potion"},{"floor":24,"key":"Strength Potion"},{"floor":24,"key":"EssenceOfSteel"},{"floor":24,"key":"Dexterity Potion"},{"floor":33,"key":"LiquidMemories"},{"floor":35,"key":"Block Potion"},{"floor":44,"key":"SkillPotion"},{"floor":45,"key":"EssenceOfSteel"},{"floor":47,"key":"Explosive Potion"},{"floor":48,"key":"LiquidBronze"}],"is_trial":false,"path_per_floor":["M","$","M","?","M","E","R","E","T","M","R","M","M","$","R","B",null,"M","M","M","M","M","E","?","E","T","E","R","M","R","?","R","B",null,"M","?","$","?","?","?","M","E","T","M","E","$","E","M","R","B",null],"character_chosen":"DEFECT","items_purchased":["Membership Card","Meat on the Bone","Bottled Flame","FocusPotion","Weak Potion","FearPotion","Cold Snap","Defragment","Ornamental Fan","Beam Cell","DistilledChaos","Flash of Steel","Regen Potion","Redo+1","Deep Breath+1","DollysMirror"],"campfire_rested":1,"item_purchase_floors":[2,2,2,2,2,2,2,14,14,14,37,37,46,46,46,46],"current_hp_per_floor":[73,72,71,70,69,68,67,66,65,64,63,62,61,60,59,58,57,56,55,54,53,52,43,43,43,43,40,40,40,40,40,40,36,40,39,38,37,36,35,31,30,30,30,30,29,28,27,26,25,20],"gold":1398,"neow_bonus":"","is_daily":true,"chose_seed":false,"campfire_upgraded":6,"win_rate":0.0,"timestamp":1608106790,"path_taken":["M","$","M","?","M","E","R","E","T","M","R","M","M","$","R","BOSS","M","M","M","M","?","E","?","E","T","E","R","?","R","?","R","BOSS","M","?","$","?","?","?","M","E","T","M","E","$","E","M","R","BOSS"],"items_purchased_type":["Relic","Relic","Relic","Potion","Potion","Potion","Card","Card","Relic","Card","Potion","Card","Potion","Card","Card","Relic"],"build_version":"2020-12-13","purchased_purges":2,"victory":true,"max_hp_per_floor":[73,72,71,70,69,68,67,66,65,64,63,62,61,60,59,58,57,56,55,54,53,52,51,50,49,48,47,46,45,44,43,42,41,40,39,38,37,36,35,34,33,32,31,30,29,28,27,26,25,24],"card_choices":[{"not_picked":["Hello World","Consume"],"picked":"Cold Snap","floor":1},{"not_picked":["Cold Snap","Redo"],"picked":"Gash","floor":3},{"not_picked":["Streamline","Leap"],"picked":"Melter","floor":5},{"not_picked":["Undo","Go for the Eyes"],"picked":"Seek","floor":6},{"not_picked":["Stack","FTL"],"picked":"White Noise","floor":8},{"not_picked":["Double Energy","Steam","Glacier"],"picked":"SKIP","floor":10},{"not_picked":["Aggregate","Storm","Steam"],"picked":"SKIP","floor":12},{"not_picked":["Auto Shields","Consume","Heatsinks"],"picked":"SKIP","floor":13},{"not_picked":["Hologram","Rebound"],"picked":"Beam Cell","floor":18},{"not_picked":["Steam+1","Thunder Strike","Leap"],"picked":"SKIP","floor":19},{"not_picked":["Aggregate+1","Force Field+1","Capacitor"],"picked":"SKIP","floor":20},{"not_picked":["White Noise","Double Energy"],"picked":"Beam Cell+1","floor":21},{"not_picked":["Skim","Barrage","Darkness"],"picked":"SKIP","floor":22},{"not_picked":["Sweeping Beam","Hologram"],"picked":"Seek","floor":23},{"not_picked":["Defragment+1","Steam+1"],"picked":"Ball Lightning+1","floor":25},{"not_picked":["Doom and Gloom","Cold Snap+1","Sweeping Beam"],"picked":"SKIP","floor":27},{"not_picked":["Steam","Melter","Conserve Battery+1"],"picked":"SKIP","floor":29},{"not_picked":["Sweeping Beam","Coolheaded+1"],"picked":"Redo+1","floor":35},{"not_picked":["Jack Of All Trades","Bandage Up"],"picked":"Panache","floor":39},{"not_picked":["Gash","Redo+1"],"picked":"Turbo+1","floor":41},{"not_picked":["Fission+1","Consume+1","Reprogram+1"],"picked":"SKIP","floor":42},{"not_picked":["Hologram+1","Go for the Eyes"],"picked":"Turbo+1","floor":44},{"not_picked":["Static Discharge","Hologram+1","Streamline+1"],"picked":"SKIP","floor":45},{"not_picked":["Conserve Battery+1","Beam Cell","Blizzard"],"picked":"SKIP","floor":47},{"not_picked":["Redo+1","Rip and Tear+1","Turbo+1"],"picked":"SKIP","floor":48}],"player_experience":1218316,"relics_obtained":[{"floor":6,"key":"Symbiotic Virus"},{"floor":8,"key":"Kunai"},{"floor":9,"key":"Art of War"},{"floor":23,"key":"Potion Belt"},{"floor":25,"key":"InkBottle"},{"floor":26,"key":"Omamori"},{"floor":27,"key":"Pantograph"},{"floor":42,"key":"Toxic Egg 2"},{"floor":43,"key":"Shuriken"},{"floor":45,"key":"HornCleat"},{"floor":47,"key":"StrikeDummy"}],"event_choices":[{"damage_healed":0,"gold_gain":0,"player_choice":"Cursed","damage_taken":0,"max_hp_gain":0,"max_hp_loss":0,"event_name":"Wheel of Change","floor":4,"gold_loss":0,"cards_obtained":["Decay"]},{"damage_healed":0,"gold_gain":0,"player_choice":"Got Potions","damage_taken":0,"max_hp_gain":0,"max_hp_loss":0,"event_name":"Lab","floor":24,"gold_loss":0},{"damage_healed":0,"gold_gain":0,"player_choice":"Stole Relic","damage_taken":0,"relics_obtained":["Peace Pipe"],"max_hp_gain":0,"max_hp_loss":0,"event_name":"Addict","floor":31,"gold_loss":0,"cards_obtained":["Shame"]},{"damage_healed":0,"gold_gain":999,"player_choice":"Gold","damage_taken":0,"max_hp_gain":0,"max_hp_loss":0,"event_name":"MindBloom","floor":36,"gold_loss":0,"cards_obtained":["Normality","Normality"]},{"damage_healed":0,"gold_gain":0,"player_choice":"Ignored","damage_taken":0,"max_hp_gain":0,"max_hp_loss":0,"event_name":"Tomb of Lord Red Mask","floor":38,"gold_loss":0},{"damage_healed":0,"gold_gain":0,"player_choice":"Memory 1","damage_taken":0,"max_hp_gain":0,"max_hp_loss":0,"event_name":"SensoryStone","floor":39,"gold_loss":0},{"damage_healed":0,"gold_gain":0,"player_choice":"Embrace Madness","damage_taken":4,"max_hp_gain":0,"max_hp_loss":0,"event_name":"Winding Halls","floor":40,"gold_loss":0,"cards_obtained":["Madness","Madness"]}],"is_beta":false,"boss_relics":[{"not_picked":["Philosopher\u0027s Stone","Astrolabe"],"picked":"SacredBark"},{"not_picked":["Empty Cage","FrozenCore"],"picked":"Fusion Hammer"}],"items_purged_floors":[14,37],"is_endless":false,"potions_floor_spawned":[8,12,13,20,22,23,33,35,44,45,47,48],"ascension_level":0}}