{"host":"63yhhrjweyj22b0v","time":1608079836,"event":{"mods":["BaseMod","Minty Spire (QoL Compilation)","Quick Restart"],"gold_per_floor":[109,119,119,44,64,95,95,127,127,127,139,151,163,11,11,108,108,125,150,75,35,51,51,51,51,51,51,67,85,85,115,115,220,220,235,235,235,235,260,260,280,280,330,32,32,43,88,102,102,102,102,102,2,2,2],"floor_reached":54,"playtime":2630,"items_purged":["Defend_B","Self Repair"],"score":716,"play_id":"911cd4a8-616c-4bd6-92d0-6c8f40dac091","local_time":"20201215185036","is_ascension_mode":true,"campfire_choices":[{"data":"Defragment","floor":7,"key":"SMITH"},{"data":"Redo","floor":10,"key":"SMITH"},{"floor":15,"key":"REST"},{"floor":25,"key":"REST"},{"floor":27,"key":"REST"},{"data":"Machine Learning","floor":30,"key":"SMITH"},{"data":"Zap","floor":32,"key":"SMITH"},{"data":"Creative AI","floor":40,"key":"SMITH"},{"floor":42,"key":"RECALL"},{"floor":49,"key":"REST"},{"floor":52,"key":"DIG"}],"circlet_count":0,"master_deck":["Strike_B","Strike_B","Strike_B","Strike_B","Defend_B","Defend_B","Zap+1","Dualcast","Static Discharge+1","Coolheaded","Defragment+1","Redo+1","Force Field","Redo+1","Self Repair","Machine Learning+1","Steam","Coolheaded+1","Double Energy+1","Consume+1","Chaos","Creative AI+1","Beam Cell+1","Secret Weapon","Barrage","Defragment+1","Force Field+1","Leap+1","Barrage"],"relics":["FrozenCore","NeowsBlessing","Toy Ornithopter","Kunai","Happy Flower","Runic Capacitor","Red Mask","Symbiotic Virus","Boot","Black Star","DataDisk","War Paint","DollysMirror","Shovel","Gremlin Horn"],"acts_visited":["Exordium","TheCity","TheBeyond","TheEnding"],"potions_floor_usage":[8,16,16,19,23,28,46,46,50,50,50,50,50,54],"damage_taken":[{"damage":0,"enemies":"Cultist","floor":1,"turns":1},{"damage":0,"enemies":"Small Slimes","floor":2,"turns":1},{"damage":0,"enemies":"2 Louse","floor":5,"turns":1},{"damage":19,"enemies":"Gremlin Nob","floor":6,"turns":4},{"damage":15,"enemies":"Lagavulin","floor":8,"turns":4},{"damage":10,"enemies":"Blue Slaver","floor":11,"turns":2},{"damage":8,"enemies":"Exordium Thugs","floor":12,"turns":4},{"damage":2,"enemies":"Exordium Wildlife","floor":13,"turns":2},{"damage":42,"enemies":"The Guardian","floor":16,"turns":7},{"damage":6,"enemies":"3 Byrds","floor":18,"turns":3},{"damage":58,"enemies":"Masked Bandits","floor":19,"turns":5},{"damage":4,"enemies":"Spheric Guardian","floor":22,"turns":6},{"damage":0,"enemies":"Book of Stabbing","floor":23,"turns":1},{"damage":5,"enemies":"Centurion and Healer","floor":28,"turns":11},{"damage":2,"enemies":"Snake Plant","floor":29,"turns":5},{"damage":14,"enemies":"Slavers","floor":31,"turns":13},{"damage":14,"enemies":"Champ","floor":33,"turns":19},{"damage":5,"enemies":"Orb Walker","floor":35,"turns":4},{"damage":3,"enemies":"3 Shapes","floor":41,"turns":5},{"damage":26,"enemies":"Sphere and 2 Shapes","floor":46,"turns":4},{"damage":35,"enemies":"2 Orb Walkers","floor":47,"turns":6},{"damage":0,"enemies":"Writhing Mass","floor":48,"turns":6},{"damage":27,"enemies":"Time Eater","floor":50,"turns":11},{"damage":84,"enemies":"Shield and Spear","floor":54,"turns":9}],"seed_played":"-8596330172883405483","potions_obtained":[{"floor":5,"key":"Regen Potion"},{"floor":8,"key":"FearPotion"},{"floor":11,"key":"FearPotion"},{"floor":16,"key":"FearPotion"},{"floor":21,"key":"FearPotion"},{"floor":21,"key":"SpeedPotion"},{"floor":21,"key":"SmokeBomb"},{"floor":33,"key":"PowerPotion"},{"floor":35,"key":"SkillPotion"},{"floor":46,"key":"SpeedPotion"},{"floor":47,"key":"Strength Potion"},{"floor":48,"key":"EntropicBrew"}],"is_trial":false,"path_per_floor":["M","M","?","$","M","E","R","E","T","R","M","M","M","$","R","B",null,"M","?","?","?","M","E","?","R","T","R","M","M","R","E","R","B",null,"M","?","?","?","T","R","M","R","T","$","$","M","?","M","R","B",null,"R","$","E"],"character_chosen":"DEFECT","items_purchased":["Runic Capacitor","War Paint","DollysMirror"],"campfire_rested":4,"item_purchase_floors":[14,44,44],"current_hp_per_floor":[75,75,75,75,75,56,56,58,58,58,48,40,38,38,60,35,75,69,23,23,23,33,38,24,48,48,72,80,80,80,80,80,80,80,80,80,76,76,76,76,76,76,76,76,76,55,27,34,56,68,76,76,76,0,0],"gold":2,"neow_bonus":"THREE_ENEMY_KILL","is_daily":false,"chose_seed":false,"campfire_upgraded":5,"win_rate":0.0,"timestamp":1608079836,"path_taken":["M","?","?","$","M","E","R","E","T","R","?","M","M","?","R","BOSS","M","?","?","?","?","E","?","R","T","R","M","M","R","E","R","BOSS","M","?","?","?","?","R","?","R","T","?","$","M","?","M","R","BOSS","R","$","E"],"items_purchased_type":["Relic","Relic","Relic"],"build_version":"2020-12-13","purchased_purges":2,"victory":false,"max_hp_per_floor":[75,75,75,75,75,75,75,75,75,75,75,75,75,75,75,75,75,75,75,75,75,75,75,80,80,80,80,80,80,80,80,80,80,80,80,80,76,76,76,76,76,76,76,76,76,76,76,76,76,76,76,76,76,76,76],"card_choices":[{"not_picked":["Barrage","Coolheaded"],"picked":"Static Discharge","floor":1},{"not_picked":["Beam Cell","Gash"],"picked":"Coolheaded","floor":2},{"not_picked":["Compile Driver","Go for the Eyes"],"picked":"Hello World","floor":5},{"not_picked":["Barrage","Sunder"],"picked":"Defragment","floor":6},{"not_picked":["Compile Driver","Streamline"],"picked":"Redo","floor":8},{"not_picked":["Go for the Eyes","Turbo"],"picked":"Force Field","floor":11},{"not_picked":["Go for the Eyes","Steam"],"picked":"Redo","floor":12},{"not_picked":["Ball Lightning","Chill"],"picked":"Self Repair","floor":13},{"not_picked":["Fission","Core Surge"],"picked":"Machine Learning","floor":16},{"not_picked":["Rebound+1","Stack"],"picked":"Steam","floor":18},{"not_picked":["Recycle","Turbo"],"picked":"Self Repair","floor":19},{"not_picked":["Ball Lightning+1","Stack"],"picked":"Coolheaded","floor":22},{"not_picked":["Coolheaded","Hologram"],"picked":"Double Energy+1","floor":28},{"not_picked":["Conserve Battery","Undo"],"picked":"Consume+1","floor":29},{"not_picked":["Stack","Streamline"],"picked":"Chaos","floor":31},{"not_picked":["Amplify","Seek"],"picked":"Creative AI","floor":33},{"not_picked":["Go for the Eyes","Recycle"],"picked":"Beam Cell+1","floor":35},{"not_picked":["Jack Of All Trades","PanicButton"],"picked":"Secret Weapon","floor":36},{"not_picked":["Recycle+1","Steam"],"picked":"Barrage","floor":41},{"not_picked":["Conserve Battery+1","Ball Lightning"],"picked":"Force Field+1","floor":46},{"not_picked":["Ball Lightning","Undo+1"],"picked":"Leap+1","floor":47},{"not_picked":["Genetic Algorithm+1","Gash+1"],"picked":"Barrage","floor":48}],"player_experience":592677,"relics_obtained":[{"floor":6,"key":"Toy Ornithopter"},{"floor":8,"key":"Kunai"},{"floor":9,"key":"Happy Flower"},{"floor":19,"key":"Red Mask"},{"floor":26,"key":"Symbiotic Virus"},{"floor":31,"key":"Boot"},{"floor":39,"key":"DataDisk"},{"floor":47,"key":"Shovel"},{"floor":52,"key":"Gremlin Horn"}],"event_choices":[{"damage_healed":0,"gold_gain":0,"player_choice":"Upgraded","damage_taken":0,"max_hp_gain":0,"max_hp_loss":0,"event_name":"Upgrade Shrine","floor":3,"gold_loss":0,"cards_upgraded":["Static Discharge"]},{"damage_healed":0,"gold_gain":0,"player_choice":"Fought Bandits","damage_taken":0,"max_hp_gain":0,"max_hp_loss":0,"event_name":"Masked Bandits","floor":19,"gold_loss":0},{"cards_removed":["Defend_B"],"damage_healed":0,"gold_gain":0,"player_choice":"Gave Gold","damage_taken":0,"max_hp_gain":0,"max_hp_loss":0,"event_name":"Beggar","floor":20,"gold_loss":75},{"damage_healed":0,"gold_gain":0,"player_choice":"Bought 3 Potions","damage_taken":0,"max_hp_gain":0,"max_hp_loss":0,"event_name":"The Woman in Blue","floor":21,"gold_loss":0},{"damage_healed":0,"gold_gain":0,"player_choice":"Shed Blood","damage_taken":19,"max_hp_gain":5,"max_hp_loss":0,"event_name":"Forgotten Altar","floor":24,"gold_loss":0},{"damage_healed":0,"gold_gain":0,"player_choice":"Memory 1","damage_taken":0,"max_hp_gain":0,"max_hp_loss":0,"event_name":"SensoryStone","floor":36,"gold_loss":0},{"damage_healed":0,"gold_gain":0,"player_choice":"Max HP","damage_taken":0,"max_hp_gain":0,"max_hp_loss":4,"event_name":"Winding Halls","floor":37,"gold_loss":0},{"cards_removed":["Hello World"],"damage_healed":0,"gold_gain":0,"player_choice":"Removed Power","damage_taken":0,"max_hp_gain":0,"max_hp_loss":0,"event_name":"Falling","floor":38,"gold_loss":0},{"damage_healed":0,"gold_gain":0,"player_choice":"Fight","damage_taken":0,"max_hp_gain":0,"max_hp_loss":0,"event_name":"Mysterious Sphere","floor":47,"gold_loss":0}],"is_beta":false,"boss_relics":[{"not_picked":["Pandora\u0027s Box","Nuclear Battery"],"picked":"FrozenCore"},{"not_picked":["Runic Dome","Velvet Choker"],"picked":"Black Star"}],"items_purged_floors":[4,53],"is_endless":false,"potions_floor_spawned":[5,8,11,16,22,23,33,35,46,47,48],"killed_by":"Shield and Spear","ascension_level":1}}