{"host":"ocy7z4248lncoz2b","time":1608077783,"event":{"mods":["BaseMod","Beaked The Cultist","Better Match","Better Sensory Stone","Better Third Choice","BetterRewards","Colored Powertips","Conspire","Downfall","Friendly Minions","Highlight Path","Hubris","Infinite Spire","Marisa????????","Mimic Mod","Minty Spire (QoL Compilation)","READ ME - Guardian Mod","Replay The Spire","Shop Mod","Spicy Shops","Spikes Relics","StSLib","SuperFastMode","The Blue Laboratory","The Construct","The Jungle"],"gold_per_floor":[112,122,122,136,102,102,119,119,170,170,185,204,204,242,242,342,342,355,380,380,380,392,392,422,56,56,56,68,68,79,112,124,239,251,283,295,322,104,64,64,83,94,121,121,140,151,151,173,173,180,180],"floor_reached":50,"playtime":2582,"items_purged":["Strike_G","Wraith","Strike_G"],"score":676,"play_id":"1bccca26-fd86-483c-81bb-08b35092db89","local_time":"20201216091623","is_ascension_mode":false,"campfire_choices":[{"floor":6.0,"key":"REST"},{"floor":8.0,"key":"REST"},{"floor":10.0,"key":"REST"},{"data":"After Image","floor":23.0,"key":"SMITH"},{"data":"Tools of the Trade","floor":27.0,"key":"SMITH"},{"data":"ReplayTheSpireMod:Brewmster","floor":29.0,"key":"SMITH"},{"data":"Dagger Spray","floor":32.0,"key":"SMITH"},{"data":"Adrenaline","floor":40.0,"key":"SMITH"},{"data":"ReplayTheSpireMod:Shiv Toss","floor":49,"key":"SMITH"}],"circlet_count":0,"master_deck":["Strike_G","Strike_G","Defend_G","Defend_G","Defend_G","Defend_G","Survivor","Neutralize","ReplayTheSpireMod:Brewmster+1","Noxious Fumes","ReplayTheSpireMod:Scrap Shanks","conspire:DoublingDagger+1","Backflip","ShadowRift","Panache+1","InfectiousVector+1","After Image+1","Footwork","hubris:SlightOfHand","Tools of the Trade+1","Dagger Spray+1","Dagger Throw","Finisher","Sadistic Nature+1","PiercingWail","Noxious Fumes","Choke+1","Adrenaline+1","Deflect+1","Acrobatics+1","Replay:SS_fish_3","Prepared","Hidden Blade","ReplayTheSpireMod:Shiv Toss+1","PiercingWail+1","infinitespire:SealOfDarkness+","Toxin Wave+1"],"relics":["Ring of the Snake","MerchantsRug","Pantograph","BicycleWheel","MiniBlackHole","Garlic","Empty Cage","Red Mask","Matryoshka","Guardian:PocketSentry","InkBottle","MawBank","Sandwich","SnailShell","Blue Doll","Potion Belt","Replay:Lucky Slots","HoveringKite"],"acts_visited":["Exordium","TheCity","TheBeyond"],"potions_floor_usage":[50,50,50],"damage_taken":[{"damage":11.0,"enemies":"Small Slimes","floor":1.0,"turns":5.0},{"damage":15.0,"enemies":"Cultist","floor":2.0,"turns":6.0},{"damage":8.0,"enemies":"2 Louse","floor":4.0,"turns":3.0},{"damage":23.0,"enemies":"Exordium Thugs","floor":7.0,"turns":4.0},{"damage":14.0,"enemies":"Looter","floor":11.0,"turns":3.0},{"damage":13.0,"enemies":"Lots of Slimes","floor":12.0,"turns":3.0},{"damage":0.0,"enemies":"Gremlin Gang","floor":13.0,"turns":1.0},{"damage":11.0,"enemies":"conspire:MimicChest","floor":14.0,"turns":7.0},{"damage":20.0,"enemies":"Fading Forest","floor":16.0,"turns":11.0},{"damage":4.0,"enemies":"Chosen","floor":18.0,"turns":6.0},{"damage":12.0,"enemies":"Masked Bandits","floor":19.0,"turns":3.0},{"damage":13.0,"enemies":"conspire:FuzzyDice","floor":22.0,"turns":6.0},{"damage":0.0,"enemies":"Replay:Snechameleon","floor":24.0,"turns":5.0},{"damage":7.0,"enemies":"Snecko","floor":28.0,"turns":6.0},{"damage":0.0,"enemies":"Snake Plant","floor":30.0,"turns":4.0},{"damage":11.0,"enemies":"Nightmare","floor":31.0,"turns":7.0},{"damage":3.0,"enemies":"Automaton","floor":33.0,"turns":7.0},{"damage":3.0,"enemies":"Orb Walker","floor":35.0,"turns":3.0},{"damage":1.0,"enemies":"3 Darklings","floor":37.0,"turns":5.0},{"damage":0,"enemies":"4 Shapes","floor":41,"turns":2},{"damage":0,"enemies":"Jaw Worm Horde","floor":42,"turns":4},{"damage":15,"enemies":"Writhing Mass","floor":45,"turns":4},{"damage":0,"enemies":"4 Shapes","floor":46,"turns":3},{"damage":0,"enemies":"Maw","floor":48,"turns":4},{"damage":75,"enemies":"conspire:OrnateMirror","floor":50,"turns":4}],"seed_played":"7424242990813654878","potions_obtained":[{"floor":7.0,"key":"Block Potion"},{"floor":12.0,"key":"sneckomod:MuddlingPotion"},{"floor":14.0,"key":"blueLaboratory:BottleOfVodka"},{"floor":19.0,"key":"blueLaboratory:NinjaPotion"},{"floor":24.0,"key":"Adrenaline Potion"},{"floor":30.0,"key":"Block Potion"},{"floor":41,"key":"blueLaboratory:BubblePotion"}],"is_trial":false,"path_per_floor":["M","M","?","M","$","R","M","R","T","R","M","M","M","?","R","B",null,"M","?","?","?","M","R","E","$","T","R","M","R","M","NM","R","B",null,"M","?","M","$","?","R","M","M","T","?","M","M","AVR","M","R","B"],"character_chosen":"THE_SILENT","items_purchased":["MerchantsRug","ReplayTheSpireMod:Brewmster","Noxious Fumes","Pantograph","ReplayTheSpireMod:Scrap Shanks","conspire:DoublingDagger","BicycleWheel","Sadistic Nature","PiercingWail","Replay:SS_fish_3"],"campfire_rested":3,"item_purchase_floors":[0,0,0,0,0,0,5,25,25,38],"current_hp_per_floor":[27,12,12,4,4,25,2,23,23,44,30,17,17,6,27,54,70,66,54,54,54,41,41,41,41,41,41,34,34,34,23,23,45,70,67,67,66,66,66,66,66,66,66,66,51,51,51,51,51,0,0],"gold":180,"neow_bonus":"","is_daily":false,"chose_seed":false,"campfire_upgraded":6,"win_rate":0.0,"timestamp":1608077783,"path_taken":["M","M","?","M","$","R","M","R","T","R","M","M","M","?","R","BOSS","M","?","?","?","M","R","E","$","T","R","?","R","M","NM","R","BOSS","M","?","M","$","?","R","?","?","T","?","M","M","AVR","M","R","BOSS"],"items_purchased_type":["Relic","Card","Card","Relic","Card","Card","Relic","Card","Card","Card"],"build_version":"2020-12-13","purchased_purges":3,"victory":false,"max_hp_per_floor":[70,70,70,70,70,70,70,70,70,70,70,70,70,70,70,70,70,70,70,70,70,70,70,70,70,70,70,70,70,70,70,70,70,70,70,70,70,70,70,70,70,70,70,70,70,70,70,70,70,70,70],"card_choices":[{"not_picked":["hubris:TrickCloak","Endless Agony"],"picked":"Backflip","floor":1.0},{"not_picked":["Prepared","Sucker Punch"],"picked":"ShadowRift","floor":2.0},{"not_picked":["Reforge+1","Transmutation+1"],"picked":"Panache+1","floor":3.0},{"not_picked":["ReplayTheSpireMod:Exploit Weakness+1","ReplayTheSpireMod:The Works+1"],"picked":"InfectiousVector+1","floor":3.0},{"not_picked":["Tactician","Acrobatics","Replay:Poison Smokescreen"],"picked":"SKIP","floor":4.0},{"not_picked":["Terror","Quick Slash","Outmaneuver"],"picked":"SKIP","floor":7.0},{"not_picked":["Dodge and Roll","Underhanded Strike"],"picked":"After Image","floor":11.0},{"not_picked":["Deadly Poison","Backflip"],"picked":"Footwork","floor":12.0},{"not_picked":["Quick Slash","Flying Knee"],"picked":"hubris:SlightOfHand","floor":14.0},{"not_picked":["ReplayTheSpireMod:Necrosis","ReplayTheSpireMod:From All Sides"],"picked":"Tools of the Trade","floor":16.0},{"not_picked":["Slice+1","Dagger Throw"],"picked":"Dagger Spray","floor":18.0},{"not_picked":["Bane","Dagger Spray"],"picked":"Dagger Throw","floor":19.0},{"not_picked":["Outmaneuver","Footwork+1","Flechettes"],"picked":"SKIP","floor":22.0},{"not_picked":["Dash+1","Flying Knee"],"picked":"Finisher","floor":24.0},{"not_picked":["Fluid Movement","conspire:DoublingDagger"],"picked":"Noxious Fumes","floor":28.0},{"not_picked":["Underhanded Strike+1","Bane"],"picked":"Choke","floor":30.0},{"not_picked":["Bane+1","Escape Plan","Atom Bomb"],"picked":"SKIP","floor":31.0},{"not_picked":["Bane+1","Escape Plan","Atom Bomb"],"picked":"SKIP","floor":31.0},{"not_picked":["Wraith Form v2","Corpse Explosion"],"picked":"Adrenaline","floor":33.0},{"not_picked":["ReplayTheSpireMod:The Works+1","conspire:PoisonWeapons+1"],"picked":"Deflect+1","floor":35.0},{"not_picked":["Poisoned Stab+1","Choke+1"],"picked":"Acrobatics+1","floor":37.0},{"not_picked":["Bane","Blade Dance"],"picked":"Prepared","floor":41},{"not_picked":["hubris:SlightOfHand+1","Acrobatics"],"picked":"Hidden Blade","floor":42},{"not_picked":["hubris:Sniper+1","Replay:Poison Smokescreen"],"picked":"ReplayTheSpireMod:Shiv Toss","floor":45},{"not_picked":["Dagger Spray","Poisoned Stab"],"picked":"PiercingWail+1","floor":46},{"not_picked":["Deflect","Underhanded Strike"],"picked":"Toxin Wave+1","floor":48}],"player_experience":219847,"relics_obtained":[{"floor":9.0,"key":"MiniBlackHole"},{"floor":14.0,"key":"Garlic"},{"floor":19.0,"key":"Red Mask"},{"floor":24.0,"key":"Matryoshka"},{"floor":26.0,"key":"Guardian:PocketSentry"},{"floor":26.0,"key":"InkBottle"},{"floor":31.0,"key":"MawBank"},{"floor":43,"key":"SnailShell"},{"floor":43,"key":"Blue Doll"}],"event_choices":[{"damage_healed":0.0,"max_hp_gain":0.0,"max_hp_loss":0.0,"gold_gain":0.0,"event_name":"betterMatch:BetterMatch","player_choice":"2","floor":3.0,"gold_loss":0.0,"damage_taken":0.0,"cards_obtained":["betterMatch:ColorlessRareCard","betterMatch:UncommonCard"]},{"damage_healed":0.0,"max_hp_gain":0.0,"max_hp_loss":0.0,"gold_gain":0.0,"event_name":"Masked Bandits","player_choice":"Fought Bandits","floor":19.0,"gold_loss":0.0,"damage_taken":0.0},{"damage_healed":0.0,"max_hp_gain":0.0,"max_hp_loss":0.0,"gold_gain":0.0,"event_name":"Ghosts","player_choice":"Ignored","floor":20.0,"gold_loss":0.0,"damage_taken":0.0},{"damage_healed":0.0,"max_hp_gain":0.0,"max_hp_loss":0.0,"gold_gain":0.0,"event_name":"OrinTheCat","player_choice":"Ignored","floor":36.0,"gold_loss":0.0,"damage_taken":0.0},{"damage_healed":0.0,"max_hp_gain":0.0,"max_hp_loss":0.0,"gold_gain":0.0,"event_name":"Designer","player_choice":"Upgraded Two","floor":39.0,"gold_loss":40.0,"damage_taken":0.0,"cards_upgraded":["Choke","Sadistic Nature"]},{"damage_healed":0,"gold_gain":0,"player_choice":"Gave Potion","damage_taken":0,"relics_obtained":["Potion Belt"],"max_hp_gain":0,"max_hp_loss":0,"event_name":"WeMeetAgain","floor":44,"gold_loss":0}],"is_beta":false,"boss_relics":[{"not_picked":["hubris:HollowSoul","SlaversCollar"],"picked":"Empty Cage"},{"not_picked":["conspire:RoyalGoblet","hubris:TerracottaHorce"],"picked":"Sandwich"}],"items_purged_floors":[25,38,47],"is_endless":true,"potions_floor_spawned":[2,7,12,14,16,19,24,30,35,41],"killed_by":"conspire:OrnateMirror","ascension_level":0}}