{"host":"eemx8njkng76fu5x","time":1608108224,"event":{"mods":["2.2 Compatiblity","BaseMod","Downfall","Minty Spire (QoL Compilation)","Permanent Neow","StSLib","Unceasing Turn Reminder","Unknown Chances"],"gold_per_floor":[99,99,24,24,53,53,53,53,87,12,31,31,42,60,76,173,173,173,184,184,211,222,251,251,279,279,344,394,394,48,101,161,301,301,226,295,351,411,411,510,510,576,629,629,719,386,386,104,159,199,199,265,16,16,56],"floor_reached":56,"playtime":2520,"items_purged":["champ:Strike","champ:Execute","champ:Defend"],"score":1704,"play_id":"0b713393-8196-49fb-997d-0aa24230f6cd","local_time":"20201216164344","is_ascension_mode":true,"campfire_choices":[{"floor":1,"key":"RECALL"},{"data":"champ:Taunt","floor":3,"key":"SMITH"},{"data":"champ:Shatter","floor":6,"key":"SMITH"},{"data":"champ:BringItOn","floor":8,"key":"SMITH"},{"data":"champ:Encircle","floor":10,"key":"SMITH"},{"data":"champ:BerserkerStyle","floor":18,"key":"SMITH"},{"data":"champ:DeathBlow","floor":20,"key":"SMITH"},{"data":"champ:EndlessRage","floor":35,"key":"SMITH"},{"data":"champ:AdrenalArmor","floor":39,"key":"SMITH"},{"data":"champ:Encircle","floor":44,"key":"SMITH"},{"data":"champ:AdrenalArmor","floor":54,"key":"SMITH"}],"circlet_count":0,"master_deck":["champ:Defend","champ:Defend","champ:Defend","champ:Taunt+1","champ:Shatter+1","champ:BringItOn+1","champ:Encircle+1","champ:AdrenalArmor","champ:BerserkersShout","champ:DeathBlow+1","champ:BerserkerStyle+1","champ:VampiricStrike","champ:BringItOn+1","champ:RecklessLeap+1","champ:HeartStrike+1","champ:EndlessRage+1","champ:EndlessRage","champ:MurderStrike+1","champ:Encircle+1","champ:AdrenalArmor+1","champ:CheapShot","champ:StanceDance+1","champ:FocusedBerserking","champ:AdrenalArmor+1"],"relics":["champ:ChampionCrown","downfall:HeartsMalice","downfall:ShatteredFragment","downfall:HeartBlessingRed","Shuriken","Letter Opener","FossilizedHelix","downfall:HeartBlessingGreen","Empty Cage","PreservedInsect","champ:DeflectingBracers","Pocketwatch","downfall:KnowingSkull","Anchor","TheAbacus","Whetstone","Busted Crown","downfall:HeartBlessingBlue","Question Card","Guardian:PocketSentry","Bag of Marbles","Bird Faced Urn","StoneCalendar","Bottled Flame","Blood Vial"],"acts_visited":["Exordium","TheCity","TheBeyond","TheEnding"],"potions_floor_usage":[55,55],"damage_taken":[{"damage":0,"enemies":"Jaw Worm","floor":4,"turns":1},{"damage":0,"enemies":"Lagavulin","floor":5,"turns":1},{"damage":0,"enemies":"3 Sentries","floor":9,"turns":1},{"damage":0,"enemies":"2 Louse","floor":11,"turns":2},{"damage":2,"enemies":"Small Slimes","floor":13,"turns":2},{"damage":12,"enemies":"Red Slaver","floor":14,"turns":2},{"damage":0,"enemies":"3 Louse","floor":15,"turns":2},{"damage":45,"enemies":"downfall:Watcher","floor":16,"turns":5},{"damage":44,"enemies":"Shell Parasite","floor":19,"turns":4},{"damage":73,"enemies":"Slavers","floor":21,"turns":4},{"damage":45,"enemies":"Cultist and Chosen","floor":22,"turns":4},{"damage":57,"enemies":"Book of Stabbing","floor":23,"turns":3},{"damage":45,"enemies":"Gremlin Leader","floor":25,"turns":3},{"damage":61,"enemies":"Slavers","floor":27,"turns":3},{"damage":44,"enemies":"Snecko","floor":28,"turns":3},{"damage":50,"enemies":"downfall:FleeingMerchant","floor":30,"turns":4},{"damage":49,"enemies":"Centurion and Healer","floor":31,"turns":3},{"damage":41,"enemies":"3 Cultists","floor":32,"turns":3},{"damage":71,"enemies":"downfall:Ironclad","floor":33,"turns":6},{"damage":98,"enemies":"Reptomancer","floor":36,"turns":4},{"damage":51,"enemies":"Orb Walker","floor":37,"turns":3},{"damage":40,"enemies":"3 Darklings","floor":38,"turns":3},{"damage":50,"enemies":"downfall:FleeingMerchant","floor":40,"turns":3},{"damage":56,"enemies":"Giant Head","floor":42,"turns":5},{"damage":31,"enemies":"Sphere and 2 Shapes","floor":43,"turns":3},{"damage":76,"enemies":"Mind Bloom Boss Battle","floor":45,"turns":3},{"damage":64,"enemies":"Writhing Mass","floor":49,"turns":4},{"damage":93,"enemies":"downfall:Defect","floor":50,"turns":7},{"damage":105,"enemies":"downfall:CharBossMerchant","floor":52,"turns":4},{"damage":246,"enemies":"downfall:NeowBoss","floor":55,"turns":14}],"seed_played":"7748168584493081756","potions_obtained":[{"floor":5,"key":"SmokeBomb"},{"floor":13,"key":"Regen Potion"},{"floor":14,"key":"Guardian:BlockOnCardUsePotion"},{"floor":16,"key":"Slimebound:ThreeZeroPotion"},{"floor":21,"key":"SteroidPotion"},{"floor":33,"key":"Block Potion"}],"is_trial":false,"path_per_floor":["R","?","R","M","E","R","T","R","E","R","M","?","M","M","M","B",null,"R","M","R","E","M","E","T","E","?","E","M","?","$","M","M","B",null,"R","E","M","M","R","$","T","E","M","R","?","?","?","$","M","B",null,"E","$","R","B",null],"character_chosen":"THE_CHAMP","items_purchased":["TheAbacus","Whetstone","Guardian:PocketSentry","champ:FocusedBerserking","Bottled Flame","champ:AdrenalArmor","Ancient Potion"],"campfire_rested":0,"item_purchase_floors":[30,30,40,48,48,53,53],"current_hp_per_floor":[90,63,63,63,63,63,63,63,63,63,63,68,70,71,91,79,95,95,95,95,93,94,82,82,80,71,73,85,85,95,95,95,83,95,105,105,105,105,105,105,105,105,105,105,98,118,118,118,118,123,123,123,123,123,123],"gold":56,"neow_bonus":"THREE_ENEMY_KILL","is_daily":false,"chose_seed":false,"campfire_upgraded":10,"win_rate":0.0,"timestamp":1608108224,"path_taken":["R","?","R","M","E","R","T","R","E","R","M","?","M","M","M","BOSS","R","M","R","E","M","E","T","E","?","E","?","?","$","M","M","BOSS","R","E","M","?","R","$","T","E","M","R","?","?","?","$","M","BOSS","E","$","R","BOSS"],"items_purchased_type":["Relic","Relic","Relic","Card","Relic","Card","Potion"],"build_version":"2020-12-13","purchased_purges":3,"victory":true,"max_hp_per_floor":[90,90,90,90,90,90,90,90,90,90,90,95,95,95,95,95,95,95,95,95,95,95,95,95,95,95,95,95,95,95,95,95,95,95,105,105,105,105,105,105,105,105,105,105,105,118,118,118,118,123,123,123,123,123,123],"card_choices":[{"not_picked":["champ:CalledShot","champ:GladiatorsShout"],"picked":"champ:Shatter","floor":4},{"not_picked":["champ:TornadoPunch","champ:StanceDance"],"picked":"champ:BringItOn","floor":5},{"not_picked":["champ:DeathBlow","champ:EndlessRage"],"picked":"champ:Encircle","floor":9},{"not_picked":["champ:PerfectedStrike","champ:RageSigil"],"picked":"champ:AdrenalArmor","floor":11},{"not_picked":["champ:BladeFlurry","champ:GladiatorStyle"],"picked":"champ:BerserkersShout","floor":13},{"not_picked":["champ:BladeFlurry","champ:DefensiveShout"],"picked":"champ:DeathBlow","floor":14},{"not_picked":["champ:FocusedDefense","champ:TornadoPunch"],"picked":"champ:BerserkerStyle","floor":15},{"not_picked":["champ:CheapShot","champ:ShieldThrow"],"picked":"champ:VampiricStrike","floor":16},{"not_picked":["champ:SwordSigil","champ:GladiatorStyle"],"picked":"champ:BringItOn+1","floor":19},{"not_picked":["champ:BerserkersShout","champ:ShieldSigil","champ:Control"],"picked":"SKIP","floor":21},{"not_picked":["champ:BringItOn","champ:RisingSlash"],"picked":"champ:RecklessLeap+1","floor":22},{"not_picked":["champ:CrookedStrike","champ:FalseCounter"],"picked":"champ:HeartStrike","floor":23},{"not_picked":["champ:BladeFlurry","champ:DancingMaster","champ:BringItOn"],"picked":"SKIP","floor":25},{"not_picked":["champ:BladeFlurry","champ:DancingMaster","champ:BringItOn"],"picked":"SKIP","floor":25},{"not_picked":["champ:IronFortress","champ:BladeFlurry"],"picked":"champ:EndlessRage","floor":27},{"not_picked":["champ:EnGarde","champ:GladiatorsShout+1"],"picked":"champ:EndlessRage","floor":28},{"not_picked":["champ:CrookedStrike+1","champ:DeathBlow+1"],"picked":"champ:Encircle","floor":30},{"not_picked":["champ:FanOfKnives","champ:Backstep"],"picked":"champ:AdrenalArmor","floor":31},{"not_picked":["champ:ShieldThrow","champ:ShieldWall","champ:GladiatorsShout"],"picked":"SKIP","floor":32},{"not_picked":["champ:PerfectForm","champ:Devastate"],"picked":"champ:CheapShot","floor":33},{"not_picked":["champ:CrookedStrike+1"],"picked":"SKIP","floor":36},{"not_picked":["champ:CrookedStrike+1"],"picked":"SKIP","floor":36},{"not_picked":["champ:DefensiveShout","champ:FalseCounter+1"],"picked":"SKIP","floor":37},{"not_picked":["champ:EnGarde","champ:BladeFlurry"],"picked":"SKIP","floor":38},{"not_picked":["champ:PerfectedStrike+1","champ:Haymaker+1"],"picked":"SKIP","floor":40},{"not_picked":["champ:ShieldSigil+1","champ:ViciousMockery"],"picked":"SKIP","floor":42},{"not_picked":["champ:Haymaker+1"],"picked":"champ:StanceDance+1","floor":43},{"not_picked":["champ:DefensiveShout+1"],"picked":"champ:FightOn","floor":49},{"not_picked":["champ:BladeFlurry+1","champ:HeartStrike"],"picked":"SKIP","floor":52}],"player_experience":370856,"relics_obtained":[{"floor":5,"key":"Shuriken"},{"floor":7,"key":"Letter Opener"},{"floor":9,"key":"FossilizedHelix"},{"floor":21,"key":"PreservedInsect"},{"floor":23,"key":"champ:DeflectingBracers"},{"floor":25,"key":"Pocketwatch"},{"floor":27,"key":"Anchor"},{"floor":36,"key":"Question Card"},{"floor":41,"key":"Bag of Marbles"},{"floor":42,"key":"Bird Faced Urn"},{"floor":45,"key":"StoneCalendar"},{"floor":52,"key":"Blood Vial"}],"event_choices":[{"damage_healed":0,"gold_gain":0,"player_choice":"Donut","damage_taken":0,"max_hp_gain":5,"max_hp_loss":0,"event_name":"Big Fish","floor":12,"gold_loss":0},{"damage_healed":0,"gold_gain":0,"cards_transformed":["champ:Strike"],"player_choice":"Transformed","damage_taken":0,"max_hp_gain":0,"max_hp_loss":0,"event_name":"Transmorgrifier","floor":29,"gold_loss":0,"cards_obtained":["champ:MurderStrike"]}],"is_beta":false,"boss_relics":[{"not_picked":["champ:ChampionCrownUpgraded","champ:PowerArmor"],"picked":"Empty Cage"},{"not_picked":["SacredBark","Pandora\u0027s Box"],"picked":"Busted Crown"}],"items_purged_floors":[30,40,53],"is_endless":false,"potions_floor_spawned":[5,13,14,16,21,23,25,27,33,36,38,42,49,52],"ascension_level":4}}