{"host":"ctlqibkg0sskiu65","time":1608141232,"event":{"mods":["2.2 Compatiblity","AchievementEnabler","Aspiration","BaseMod","BetterRewards","Colored Map","Colored Powertips","Conspire","Fiend Mod","Infinite Spire","Minty Spire (QoL Compilation)","Quick Restart","Replay The Spire","Shop Mod","StSLib","The Bladedancer","The Cursed","The Hierophant","The Jungle","The Kombatant","The Servant 0.9.4","TheBandit"],"gold_per_floor":[113,113,38,65,81,81,91,91,91,91,103,103,116,133,133,235,235,248,273,287,298,313,313,313],"floor_reached":23,"playtime":843,"items_purged":["Strike_G"],"score":241,"play_id":"39af8a20-9b1c-49f6-aa8a-6cca27b14d02","local_time":"20201216115352","is_ascension_mode":true,"campfire_choices":[{"data":"Neutralize","floor":6.0,"key":"SMITH"},{"data":"Survivor","floor":8.0,"key":"SMITH"},{"data":"PiercingWail","floor":12.0,"key":"SMITH"},{"data":"Neutralize","floor":15.0,"key":"SMITH"}],"circlet_count":0,"master_deck":["Strike_G","Strike_G","Strike_G","Strike_G","Defend_G","Defend_G","Defend_G","Defend_G","Defend_G","Survivor+1","Neutralize+1","Poison Darts+1","PiercingWail+1","Bane","Neutralize+1","Deflect","Prepared","Envenom","Dodge and Roll+1","PiercingWail","Replay:Poison Smokescreen"],"relics":["Ring of the Snake","Tiny Chest","Happy Flower","Black Star","Boot"],"acts_visited":["Exordium","TheCity"],"potions_floor_usage":[23,23],"damage_taken":[{"damage":0.0,"enemies":"Small Slimes","floor":1.0,"turns":2.0},{"damage":0.0,"enemies":"Cultist","floor":5.0,"turns":2.0},{"damage":1.0,"enemies":"Jaw Worm","floor":7.0,"turns":2.0},{"damage":14.0,"enemies":"Lots of Slimes","floor":11.0,"turns":3.0},{"damage":9.0,"enemies":"Exordium Thugs","floor":13.0,"turns":6.0},{"damage":0.0,"enemies":"3 Louse","floor":14.0,"turns":4.0},{"damage":40.0,"enemies":"Slime Boss","floor":16.0,"turns":10.0},{"damage":0.0,"enemies":"Shell Parasite","floor":18.0,"turns":6.0},{"damage":6.0,"enemies":"2 Thieves","floor":20.0,"turns":4.0},{"damage":17.0,"enemies":"Shelled Parasite and Fungi","floor":21.0,"turns":6.0},{"damage":9.0,"enemies":"Centurion and Healer","floor":22.0,"turns":10.0},{"damage":48,"enemies":"Gremlin Leader","floor":23,"turns":5}],"seed_played":"45533823543369000","potions_obtained":[{"floor":7.0,"key":"Dexterity Potion"},{"floor":11.0,"key":"Regen Potion"},{"floor":13.0,"key":"Swift Potion"},{"floor":18.0,"key":"SpeedPotion"},{"floor":21.0,"key":"FairyPotion"},{"floor":22.0,"key":"Weak Potion"}],"is_trial":false,"path_per_floor":["M","?","$","T","M","R","M","R","T","?","M","R","M","M","R","B",null,"M","T","M","M","M","E"],"character_chosen":"THE_SILENT","items_purchased":[],"campfire_rested":0,"item_purchase_floors":[],"current_hp_per_floor":[63,63,63,63,63,63,62,62,62,62,48,48,54,54,54,14,51,51,51,45,28,19,0,0],"gold":313,"neow_bonus":"THREE_RARE_CARDS","is_daily":false,"chose_seed":false,"campfire_upgraded":4,"win_rate":0.0,"timestamp":1608141232,"path_taken":["M","?","$","?","?","R","M","R","T","?","M","R","?","M","R","BOSS","M","?","M","?","M","E"],"items_purchased_type":[],"build_version":"2020-12-13","purchased_purges":1,"victory":false,"max_hp_per_floor":[63,63,63,63,63,63,63,63,63,63,63,63,63,63,63,63,63,63,63,63,63,63,63,63],"card_choices":[{"not_picked":["Corpse Explosion","Malaise"],"picked":"Poison Darts","floor":0.0},{"not_picked":["Sucker Punch","Prepared"],"picked":"PiercingWail","floor":1.0},{"not_picked":["Dodge and Roll","Backflip","Quick Slash"],"picked":"SKIP","floor":5.0},{"not_picked":["Hidden Blade","Sucker Punch"],"picked":"Bane","floor":7.0},{"not_picked":["Cloak And Dagger","Dodge and Roll","Malaise"],"picked":"SKIP","floor":11.0},{"not_picked":["Deadly Poison","Underhanded Strike"],"picked":"Deflect","floor":13.0},{"not_picked":["Dagger Spray","ReplayTheSpireMod:Necrosis"],"picked":"Prepared","floor":14.0},{"not_picked":["Bullet Time","Burst"],"picked":"Envenom","floor":16.0},{"not_picked":["Dagger Throw","Backflip+1"],"picked":"Dodge and Roll+1","floor":18.0},{"not_picked":["Backstab+1","Setup","Heel Hook+1"],"picked":"SKIP","floor":20.0},{"not_picked":["Deflect","PiercingWail","Hidden Blade"],"picked":"SKIP","floor":21.0},{"not_picked":["Deflect","Hidden Blade"],"picked":"PiercingWail","floor":21.0},{"not_picked":["Underhanded Strike","Terror"],"picked":"Replay:Poison Smokescreen","floor":22.0}],"player_experience":148248,"relics_obtained":[{"floor":4.0,"key":"Tiny Chest"},{"floor":9.0,"key":"Happy Flower"},{"floor":19.0,"key":"Boot"}],"event_choices":[{"damage_healed":0.0,"max_hp_gain":0.0,"max_hp_loss":0.0,"gold_gain":0.0,"event_name":"Accursed Blacksmith","player_choice":"Forge","floor":2.0,"gold_loss":0.0,"damage_taken":0.0,"cards_upgraded":["Poison Darts"]},{"damage_healed":0.0,"max_hp_gain":0.0,"max_hp_loss":0.0,"gold_gain":0.0,"event_name":"Match and Keep!","player_choice":"1 cards matched","floor":10.0,"gold_loss":0.0,"damage_taken":0.0,"cards_obtained":["Neutralize"]}],"is_beta":false,"boss_relics":[{"not_picked":["Snecko Eye","Calling Bell"],"picked":"Black Star"}],"items_purged_floors":[3],"is_endless":false,"potions_floor_spawned":[7,11,13,18,21,22],"killed_by":"Gremlin Leader","ascension_level":6}}