{"host":"56r0xio184xezcbq","time":1608153516,"event":{"mods":["2.2 Compatiblity","BaseMod","Bestiary","Colored Powertips","GifTheSpireLib","Minty Spire (QoL Compilation)","Relic Stats","StSLib","thorton"],"gold_per_floor":[118,145,163,113,288,288,122,167,167,192,224,249,286,286,286,286,306,306,306],"floor_reached":17,"playtime":550,"items_purged":["Normality"],"score":115,"play_id":"edb59c0a-be13-4a94-a53d-2ee20c523ea1","local_time":"20201216151836","is_ascension_mode":false,"campfire_choices":[{"data":"thethorton:CreditCard","floor":6,"key":"SMITH"},{"floor":15,"key":"REST"},{"data":"thethorton:BusinessBurst","floor":16,"key":"SMITH"}],"circlet_count":0,"master_deck":["thethorton:Strike","thethorton:Strike","thethorton:Strike","thethorton:Defend","thethorton:Defend","thethorton:Defend","thethorton:Defend","thethorton:Heckle","thethorton:CreditCard+1","thethorton:ShoutAndRun+1","thethorton:SicklyRun","Doubt","thethorton:OddChange","thethorton:GoldBuffer","thethorton:ShoutAndRun+1","thethorton:BusinessCard","thethorton:FearfulRun","thethorton:DoubleRun","thethorton:BusinessBurst+1"],"relics":["Black Star","Strawberry","Omamori","Toy Ornithopter","War Paint","Meat on the Bone","Boot"],"acts_visited":["Exordium"],"potions_floor_usage":[13,13,17],"damage_taken":[{"damage":6,"enemies":"Cultist","floor":1,"turns":5},{"damage":4,"enemies":"Jaw Worm","floor":3,"turns":6},{"damage":41,"enemies":"3 Sentries","floor":8,"turns":8},{"damage":2,"enemies":"2 Louse","floor":10,"turns":8},{"damage":10,"enemies":"2 Fungi Beasts","floor":11,"turns":4},{"damage":3,"enemies":"Blue Slaver","floor":12,"turns":4},{"damage":12,"enemies":"Gremlin Nob","floor":13,"turns":4},{"damage":59,"enemies":"Hexaghost","floor":17,"turns":16}],"seed_played":"-2398472615575818420","potions_obtained":[{"floor":1,"key":"Strength Potion"},{"floor":11,"key":"EssenceOfSteel"},{"floor":13,"key":"Block Potion"}],"is_trial":false,"path_per_floor":["M","T","M","?","?","R","$","E","T","M","M","M","E","?","R","R","B"],"character_chosen":"THE_THORT","items_purchased":["thethorton:OddChange","thethorton:GoldBuffer"],"campfire_rested":1,"item_purchase_floors":[7,7],"current_hp_per_floor":[62,69,65,65,65,65,65,24,24,22,12,9,7,32,54,54,0,0,0],"gold":306,"neow_bonus":"BOSS_RELIC","is_daily":false,"chose_seed":false,"campfire_upgraded":2,"win_rate":0.0,"timestamp":1608153516,"path_taken":["M","?","M","?","?","R","$","E","T","M","M","M","E","?","R","R","BOSS"],"items_purchased_type":["Card","Card"],"build_version":"2020-12-13","purchased_purges":1,"victory":false,"max_hp_per_floor":[68,75,75,75,75,75,75,75,75,75,75,75,75,75,75,75,75,75,75],"relic_stats":{"counters":[8,55],"Black Star":2,"War Paint":["thethorton:ShoutAndRun","thethorton:ShoutAndRun"],"Boot":[8],"obtain_stats":[{"Strawberry":2,"thethorton:CouragePotion":0,"Black Star":0,"Omamori":8,"War Paint":9,"Boot":13,"Toy Ornithopter":8,"Meat on the Bone":13},{"Strawberry":1,"thethorton:CouragePotion":0,"Black Star":0,"Omamori":3,"War Paint":3,"Boot":7,"Toy Ornithopter":3,"Meat on the Bone":7},{"Strawberry":5,"thethorton:CouragePotion":0,"Black Star":0,"Omamori":19,"War Paint":19,"Boot":39,"Toy Ornithopter":19,"Meat on the Bone":39}],"Toy Ornithopter":15,"Meat on the Bone":0},"card_choices":[{"not_picked":["thethorton:CoffeeBlast","thethorton:BusinessBoom"],"picked":"thethorton:ShoutAndRun","floor":1},{"not_picked":["thethorton:LongTermPayoff","thethorton:FearfulRun"],"picked":"thethorton:SicklyRun","floor":3},{"not_picked":["thethorton:Distance","thethorton:LastDitchEffort"],"picked":"thethorton:ShoutAndRun","floor":8},{"not_picked":["thethorton:DownPayment","thethorton:WhirlingBriefcase"],"picked":"thethorton:BusinessCard","floor":10},{"not_picked":["thethorton:WhirlingBriefcase","thethorton:CashBash"],"picked":"thethorton:FearfulRun","floor":11},{"not_picked":["thethorton:DockPay","thethorton:FeelNoBrain"],"picked":"thethorton:DoubleRun","floor":12},{"not_picked":["thethorton:WhirlingBriefcase","thethorton:AngerMoment"],"picked":"thethorton:BusinessBurst","floor":13}],"player_experience":10181,"relics_obtained":[{"floor":2,"key":"Strawberry"},{"floor":8,"key":"Omamori"},{"floor":8,"key":"Toy Ornithopter"},{"floor":9,"key":"War Paint"},{"floor":13,"key":"Meat on the Bone"},{"floor":13,"key":"Boot"}],"event_choices":[{"cards_removed":["thethorton:Strike"],"damage_healed":0,"gold_gain":0,"player_choice":"Card Removal","damage_taken":0,"max_hp_gain":0,"max_hp_loss":0,"event_name":"The Cleric","floor":4,"gold_loss":50},{"damage_healed":0,"gold_gain":175,"player_choice":"AGREE","damage_taken":0,"max_hp_gain":0,"max_hp_loss":0,"event_name":"Liars Game","floor":5,"gold_loss":0,"cards_obtained":["Doubt"]},{"damage_healed":25,"gold_gain":0,"player_choice":"Banana","damage_taken":0,"max_hp_gain":0,"max_hp_loss":0,"event_name":"Big Fish","floor":14,"gold_loss":0}],"is_beta":false,"boss_relics":[],"items_purged_floors":[7],"is_endless":false,"potions_floor_spawned":[1,11,13],"killed_by":"Hexaghost","ascension_level":0}}