{"host":"a2lstcqnqliiu9ja","time":1608161394,"event":{"mods":["Aspiration","BaseMod","Conspire","Downfall","Energized Spire","Hubris","Infinite Spire","Marisa????????","Minty Spire (QoL Compilation)","Quick Restart","Replay The Spire","SOS???????","StSLib","The Animator","The Disciple","The Factory","The Jungle","The Runesmith","The Servant 0.9.4"],"gold_per_floor":[99,99,99,274,274,274,274,274,308,308,328,344,64,64,79,174,174,174,185,185,221,221,221,221],"floor_reached":23,"playtime":1465,"items_purged":["Shame","Slimebound:Strike_Slimebound"],"score":192,"play_id":"042ab640-f304-47a5-aec5-d12be5c2d4f2","local_time":"20201216232954","is_ascension_mode":true,"campfire_choices":[{"data":"Slimebound:Split","floor":1,"key":"SMITH"},{"data":"Slimebound:Tackle","floor":5,"key":"SMITH"},{"data":"Slimebound:Strike_Slimebound","floor":8,"key":"SMITH"},{"floor":10,"key":"REST"},{"data":"Slimebound:Overexert","floor":20,"key":"SMITH"}],"circlet_count":0,"master_deck":["Slimebound:Strike_Slimebound+1","Slimebound:Tackle+1","Slimebound:Defend_Slimebound","Slimebound:Defend_Slimebound","Slimebound:Defend_Slimebound","Slimebound:Defend_Slimebound","Slimebound:Split+1","Slimebound:CorrosiveSpit+1","Doubt","Slimebound:OneTwoCombo","Slimebound:FirmFortitude","Slimebound:LeechEnergy","Slimebound:SplitMire","Slimebound:MinionMaster","Slimebound:SplitMire","hubris:Envy","Slimebound:Gluttony","Slimebound:Overexert+1","Slimebound:FirmFortitude","Slimebound:Schlurp","Slimebound:Replication","infinitespire:Collect","infinitespire:FutureSight"],"relics":["Slimebound:AbsorbEndCombat","hubris:Zylophone","Gambling Chip","Runesmith:Nanobots","Replay:Baseball","Ring of Fangs","Ring of Panic","ChewingGum","Peace Pipe","Sling"],"acts_visited":["Exordium","TheCity"],"potions_floor_usage":[15,16,23],"damage_taken":[{"damage":50,"enemies":"3 Sentries","floor":9,"turns":9},{"damage":12,"enemies":"Jaw Worm","floor":11,"turns":2},{"damage":8,"enemies":"2 Louse","floor":12,"turns":2},{"damage":14,"enemies":"downfall:FleeingMerchant","floor":13,"turns":4},{"damage":16,"enemies":"Small Slimes","floor":15,"turns":3},{"damage":61,"enemies":"downfall:Watcher","floor":16,"turns":9},{"damage":11,"enemies":"Spheric Guardian","floor":19,"turns":3},{"damage":63,"enemies":"Gremlin Leader","floor":23,"turns":4}],"seed_played":"9056686909237101496","potions_obtained":[{"floor":12,"key":"Weak Potion"},{"floor":15,"key":"Block Potion"},{"floor":16,"key":"Venom Potion"}],"is_trial":false,"path_per_floor":["R","?","?","?","R","?","T","R","E","R","M","M","$","?","M","B",null,"R","M","R","?","AVR","E"],"character_chosen":"SLIMEBOUND","items_purchased":["Slimebound:MinionMaster","Slimebound:SplitMire"],"campfire_rested":1,"item_purchase_floors":[13,13],"current_hp_per_floor":[60,60,48,48,48,48,48,48,22,40,36,40,42,42,46,43,60,60,57,57,42,42,0,0],"gold":221,"neow_bonus":"ONE_RARE_RELIC","is_daily":false,"chose_seed":false,"campfire_upgraded":4,"win_rate":0.0,"timestamp":1608161394,"path_taken":["R","?","?","?","R","?","T","R","E","R","?","M","$","?","M","BOSS","R","M","R","?","AVR","E"],"items_purchased_type":["Card","Card"],"build_version":"2020-12-13","purchased_purges":2,"victory":false,"max_hp_per_floor":[60,60,60,60,60,60,60,60,60,60,60,60,60,60,60,60,60,60,60,60,60,60,60,60],"card_choices":[{"not_picked":["Slimebound:ComboTackle","Slimebound:BestDefense"],"picked":"Slimebound:OneTwoCombo","floor":9},{"not_picked":["Slimebound:GoopSpray","Slimebound:DivideAndConquer"],"picked":"Slimebound:FirmFortitude","floor":11},{"not_picked":["Slimebound:LeechingTouch","Slimebound:Recollect"],"picked":"Slimebound:LeechEnergy","floor":12},{"not_picked":["Slimebound:PrepareCrush","Slimebound:SplitLeeching"],"picked":"Slimebound:SplitMire","floor":13},{"not_picked":["Slimebound:GrowthPunch","Slimebound:FinishingTackle"],"picked":"Slimebound:Gluttony","floor":15},{"not_picked":["Slimebound:MassFeed","Slimebound:DouseInSlime"],"picked":"Slimebound:Overexert","floor":16},{"not_picked":["Slimebound:LeechEnergy","Slimebound:FormOfPuddle"],"picked":"Slimebound:Schlurp","floor":19},{"not_picked":["Slimebound:Recollect","Slimebound:SplitBruiser"],"picked":"Slimebound:Replication","floor":21}],"player_experience":614722,"relics_obtained":[{"floor":7,"key":"Runesmith:Nanobots"},{"floor":9,"key":"Replay:Baseball"},{"floor":14,"key":"Ring of Fangs"},{"floor":14,"key":"Ring of Panic"},{"floor":21,"key":"Peace Pipe"}],"event_choices":[{"damage_healed":0,"gold_gain":0,"player_choice":"Leave","damage_taken":0,"max_hp_gain":0,"max_hp_loss":0,"event_name":"conspire:Investor","floor":2,"gold_loss":0},{"damage_healed":0,"gold_gain":0,"player_choice":"Success","damage_taken":12,"relics_obtained":["Gambling Chip"],"max_hp_gain":0,"max_hp_loss":0,"event_name":"Scrap Ooze","floor":3,"gold_loss":0},{"damage_healed":0,"gold_gain":0,"player_choice":"Upgraded","damage_taken":0,"max_hp_gain":0,"max_hp_loss":0,"event_name":"Upgrade Shrine","floor":6,"gold_loss":0,"cards_upgraded":["Slimebound:CorrosiveSpit"]}],"is_beta":false,"boss_relics":[{"not_picked":["Coffee Dripper","ReplayTheSpireMod:DimensionalGlitch"],"picked":"ChewingGum"}],"items_purged_floors":[13,22],"is_endless":false,"potions_floor_spawned":[12,15,16],"killed_by":"Gremlin Leader","ascension_level":1}}