{"host":"ko0mgl3op33mqgxv","time":1608082879,"event":{"mods":["BaseMod","Filter the Spire","Minty Spire (QoL Compilation)"],"gold_per_floor":[110,124,124,87,87,122,122,141,141,141,174,189,219,250,250,376,376,394,418,418,394,409,448,448,78,78,78,93,128,141,141,141],"floor_reached":31,"playtime":2188,"items_purged":["Defend_B"],"score":366,"play_id":"0b47d4e7-e350-430f-bc7a-ca8af592d80a","local_time":"20201215174119","is_ascension_mode":true,"campfire_choices":[{"floor":7.0,"key":"REST"},{"data":"Zap","floor":10.0,"key":"SMITH"},{"floor":15.0,"key":"REST"},{"data":"Echo Form","floor":24,"key":"SMITH"},{"floor":27,"key":"REST"}],"circlet_count":0,"master_deck":["Strike_B+1","Strike_B","Strike_B+1","Strike_B","Defend_B","Defend_B","Defend_B","Zap+1","Dualcast","Coolheaded","Cold Snap","Loop","Ball Lightning","Chaos","Glacier","Echo Form+1","Hologram","Electrodynamics","Lockon+1","Self Repair+1","Sweeping Beam","Blizzard","Coolheaded+1","Cold Snap+1","Conserve Battery","Chill+1"],"relics":["Inserter","Golden Idol","Sundial","Shuriken","Boot","Matryoshka","Philosopher\u0027s Stone","Symbiotic Virus","Bag of Preparation","Omamori","Smiling Mask","Potion Belt"],"acts_visited":["Exordium","TheCity"],"potions_floor_usage":[23,23,25,28,29],"damage_taken":[{"damage":4.0,"enemies":"Jaw Worm","floor":1.0,"turns":5.0},{"damage":2.0,"enemies":"2 Louse","floor":2.0,"turns":6.0},{"damage":27.0,"enemies":"3 Sentries","floor":6.0,"turns":10.0},{"damage":9.0,"enemies":"Small Slimes","floor":8.0,"turns":4.0},{"damage":10.0,"enemies":"Lagavulin","floor":11.0,"turns":6.0},{"damage":1.0,"enemies":"Blue Slaver","floor":12.0,"turns":5.0},{"damage":6.0,"enemies":"3 Sentries","floor":14.0,"turns":7.0},{"damage":11.0,"enemies":"The Guardian","floor":16.0,"turns":10.0},{"damage":16.0,"enemies":"Shell Parasite","floor":18.0,"turns":7.0},{"damage":31.0,"enemies":"2 Thieves","floor":19.0,"turns":3.0},{"damage":0.0,"enemies":"3 Cultists","floor":22.0,"turns":3.0},{"damage":4,"enemies":"Gremlin Leader","floor":23,"turns":6},{"damage":42,"enemies":"Shelled Parasite and Fungi","floor":28,"turns":5},{"damage":12,"enemies":"Book of Stabbing","floor":29,"turns":5},{"damage":10,"enemies":"Sentry and Sphere","floor":30,"turns":5},{"damage":25,"enemies":"Slavers","floor":31,"turns":2}],"seed_played":"7335037856407763393","potions_obtained":[{"floor":6.0,"key":"Strength Potion"},{"floor":11.0,"key":"Explosive Potion"},{"floor":12.0,"key":"FocusPotion"},{"floor":14.0,"key":"Weak Potion"},{"floor":22.0,"key":"Block Potion"},{"floor":23,"key":"SkillPotion"},{"floor":30,"key":"FearPotion"}],"is_trial":false,"path_per_floor":["M","M","?","$","?","E","R","M","T","R","E","M","?","E","R","B",null,"M","M","?","$","M","E","R","$","T","R","M","E","M","E"],"character_chosen":"DEFECT","items_purchased":["Loop","Sweeping Beam","Fruit Juice","FocusPotion","Bag of Preparation"],"campfire_rested":3,"item_purchase_floors":[4,21,25,25,25],"current_hp_per_floor":[71,69,54,54,54,27,47,38,38,38,28,27,27,21,41,30,59,43,12,3,3,13,19,19,24,24,46,24,22,22,0,0],"gold":141,"neow_bonus":"BOSS_RELIC","is_daily":false,"chose_seed":false,"campfire_upgraded":2,"win_rate":0.0,"timestamp":1608082879,"path_taken":["M","M","?","$","?","E","R","M","T","R","E","M","?","E","R","BOSS","M","M","?","$","M","E","R","$","T","R","M","E","M","E"],"items_purchased_type":["Card","Card","Potion","Potion","Relic"],"build_version":"2020-12-13","purchased_purges":1,"victory":false,"max_hp_per_floor":[75,75,75,75,69,69,69,69,69,69,69,69,69,69,69,69,69,69,69,69,69,69,69,69,74,74,74,74,74,74,74,74],"card_choices":[{"not_picked":["Go for the Eyes","Beam Cell"],"picked":"Coolheaded","floor":1.0},{"not_picked":["Compile Driver","Thunder Strike"],"picked":"Cold Snap","floor":2.0},{"not_picked":["Static Discharge","Rebound"],"picked":"Ball Lightning","floor":6.0},{"not_picked":["Beam Cell","Turbo"],"picked":"Chaos","floor":8.0},{"not_picked":["Reprogram","Genetic Algorithm"],"picked":"Glacier","floor":11.0},{"not_picked":["Sweeping Beam","Doom and Gloom"],"picked":"Echo Form","floor":12.0},{"not_picked":["Tempest","Machine Learning"],"picked":"Hologram","floor":14.0},{"not_picked":["Hyperbeam","Echo Form"],"picked":"Electrodynamics","floor":16.0},{"not_picked":["Gash","Hologram"],"picked":"Lockon+1","floor":18.0},{"not_picked":["Static Discharge+1","Coolheaded"],"picked":"Self Repair+1","floor":19.0},{"not_picked":["Fusion","Barrage"],"picked":"Blizzard","floor":22.0},{"not_picked":["Multi-Cast","Reboot"],"picked":"Coolheaded+1","floor":23},{"not_picked":["Conserve Battery","Storm"],"picked":"Cold Snap+1","floor":28},{"not_picked":["FTL","Rebound"],"picked":"Conserve Battery","floor":29},{"not_picked":["Sweeping Beam+1","Ball Lightning"],"picked":"Chill+1","floor":30}],"player_experience":559367,"relics_obtained":[{"floor":6.0,"key":"Sundial"},{"floor":9.0,"key":"Shuriken"},{"floor":11.0,"key":"Boot"},{"floor":14.0,"key":"Matryoshka"},{"floor":23,"key":"Symbiotic Virus"},{"floor":26,"key":"Omamori"},{"floor":26,"key":"Smiling Mask"},{"floor":29,"key":"Potion Belt"}],"event_choices":[{"damage_healed":0.0,"max_hp_gain":0.0,"max_hp_loss":0.0,"gold_gain":0.0,"event_name":"Shining Light","player_choice":"Entered Light","floor":3.0,"gold_loss":0.0,"damage_taken":15.0,"cards_upgraded":["Strike_B","Strike_B"]},{"damage_healed":0.0,"max_hp_gain":0.0,"max_hp_loss":6.0,"gold_gain":0.0,"event_name":"Golden Idol","player_choice":"Lose Max HP","floor":5.0,"gold_loss":0.0,"damage_taken":0.0,"relics_obtained":["Golden Idol"]},{"damage_healed":0.0,"max_hp_gain":0.0,"max_hp_loss":0.0,"gold_gain":30.0,"event_name":"Dead Adventurer","player_choice":"Searched \u00272\u0027 times","floor":13.0,"gold_loss":0.0,"damage_taken":0.0},{"damage_healed":0.0,"max_hp_gain":0.0,"max_hp_loss":0.0,"gold_gain":0.0,"event_name":"Cursed Tome","player_choice":"Stopped","floor":20.0,"gold_loss":0.0,"damage_taken":9.0}],"is_beta":false,"boss_relics":[{"not_picked":["Fusion Hammer","Ectoplasm"],"picked":"Philosopher\u0027s Stone"}],"items_purged_floors":[25],"is_endless":false,"potions_floor_spawned":[6,11,12,14,22,23,30],"killed_by":"Slavers","ascension_level":5}}