{"host":"xu4bnwtq7hv5gr1m","time":1608126904,"event":{"mods":["Act Like it!","Aspiration","BaseMod","Conspire","Hallownest","Hermit","Hubris","Marisa（F雨　魔理沙）","Marked Mod","Minty Spire (QoL Compilation)","Pale of the Ancients","Replay The Spire","StSLib","The Bug Knight","The Cursed","WarShipGirlsR/战舰少女R mod","vexMod"],"gold_per_floor":[113,38,38,57,57,57,75,75,101,130,130,141,41,57,57,160,160,172,190,190,207,207,207,281,281,281,300,300,320,115,129,129,230,230,245,257,257,269,284,284,315,315,362,373,373,373,385,395,395,395,410,429,429,132,132,142,142,12,12,12,12],"floor_reached":60,"playtime":2663,"items_purged":["Defend_P","Strike_P","Strike_P"],"score":852,"play_id":"0c878021-a5b6-4b1c-adc5-c6bd5b2a1a32","local_time":"20201216215504","is_ascension_mode":false,"campfire_choices":[{"data":"Eruption","floor":6.0,"key":"SMITH"},{"data":"TalkToTheHand","floor":8.0,"key":"SMITH"},{"data":"CutThroughFate","floor":11.0,"key":"SMITH"},{"data":"Adaptation","floor":15.0,"key":"SMITH"},{"data":"TalkToTheHand","floor":23.0,"key":"SMITH"},{"data":"Tantrum","floor":23.0,"key":"SMITH"},{"data":"FlurryOfBlows","floor":25.0,"key":"SMITH"},{"data":"BowlingBash","floor":25.0,"key":"SMITH"},{"data":"FearNoEvil","floor":28.0,"key":"SMITH"},{"data":"WheelKick","floor":28.0,"key":"SMITH"},{"data":"Adaptation","floor":32.0,"key":"SMITH"},{"data":"TalkToTheHand","floor":32.0,"key":"SMITH"},{"data":"MentalFortress","floor":40.0,"key":"SMITH"},{"data":"Vault","floor":40.0,"key":"SMITH"},{"data":"Replay:Hum","floor":42.0,"key":"SMITH"},{"data":"InnerPeace","floor":42.0,"key":"SMITH"},{"data":"Defend_P","floor":46.0,"key":"SMITH"},{"data":"Defend_P","floor":46.0,"key":"SMITH"},{"floor":49.0,"key":"REST"},{"floor":55,"key":"REST"},{"floor":57,"key":"REST"}],"circlet_count":0,"master_deck":["Defend_P+1","Defend_P+1","Eruption+1","Vigilance+1","TalkToTheHand+1","CutThroughFate+1","BowlingBash+1","hubris:NaturalOne","Tantrum+1","FearNoEvil+1","Adaptation+1","CurseOfTheBell","TalkToTheHand+1","Wallop+1","WheelKick+1","CrushJoints+1","FlurryOfBlows+1","InnerPeace+1","Replay:Hum+1","TalkToTheHand+1","Adaptation+1","Vault+1","ThirdEye+1","MentalFortress+1","ThirdEye+1","Collect+1","DevaForm"],"relics":["PureWater","hubris:Icosahedron","Prayer Wheel","PreservedInsect","Garlic","Calling Bell","Oddly Smooth Stone","conspire:Flyswatter","Replay:Arrowhead","MutagenicStrength","vexMod:ScavengeHelm","Gremlin Horn","Philosopher\u0027s Stone","HollowMod:StagPassRelic","hubris:TenFootPole","paleoftheancients:Timepiece","Bronze Scales","CultistMask","paleoftheancients:SoulOfTheShapes","Ginger"],"acts_visited":["Exordium","TheCity","TheBeyond","paleoftheancients:PaleOfTheAncients"],"potions_floor_usage":[56,60],"damage_taken":[{"damage":3.0,"enemies":"Jaw Worm","floor":1.0,"turns":4.0},{"damage":0.0,"enemies":"Small Slimes","floor":4.0,"turns":2.0},{"damage":0.0,"enemies":"Cultist","floor":7.0,"turns":1.0},{"damage":7.0,"enemies":"Lagavulin","floor":10.0,"turns":3.0},{"damage":1.0,"enemies":"Lots of Slimes","floor":12.0,"turns":3.0},{"damage":10.0,"enemies":"conspire:2 RoseBushes","floor":14.0,"turns":2.0},{"damage":17.0,"enemies":"Hexaghost","floor":16.0,"turns":5.0},{"damage":0.0,"enemies":"conspire:FuzzyDice","floor":18.0,"turns":4.0},{"damage":0.0,"enemies":"conspire:HollyBat","floor":19.0,"turns":6.0},{"damage":3.0,"enemies":"Centurion and Healer","floor":21.0,"turns":6.0},{"damage":0.0,"enemies":"Snake Plant","floor":27.0,"turns":2.0},{"damage":0.0,"enemies":"Shelled Parasite and Fungi","floor":29.0,"turns":2.0},{"damage":1.0,"enemies":"Chosen and Byrds","floor":31.0,"turns":3.0},{"damage":62.0,"enemies":"hubris:MusketHawk","floor":33.0,"turns":8.0},{"damage":0.0,"enemies":"Orb Walker","floor":35.0,"turns":2.0},{"damage":0.0,"enemies":"3 Shapes","floor":36.0,"turns":2.0},{"damage":4.0,"enemies":"Spire Growth","floor":38.0,"turns":3.0},{"damage":0.0,"enemies":"4 Shapes","floor":39.0,"turns":2.0},{"damage":0.0,"enemies":"R_Hoarder","floor":41.0,"turns":3.0},{"damage":0.0,"enemies":"3 Darklings","floor":44.0,"turns":4.0},{"damage":4.0,"enemies":"Writhing Mass","floor":47.0,"turns":4.0},{"damage":9.0,"enemies":"Maw","floor":48.0,"turns":7.0},{"damage":35.0,"enemies":"Awakened One","floor":50.0,"turns":10.0},{"damage":12.0,"enemies":"Awakened One","floor":51.0,"turns":7.0},{"damage":62,"enemies":"Awakened One","floor":52,"turns":8},{"damage":0,"enemies":"Awakened One","floor":56,"turns":4},{"damage":163,"enemies":"paleoftheancients:N","floor":60,"turns":5}],"seed_played":"-3234662971224313126","potions_obtained":[{"floor":1.0,"key":"Reflective Coating"},{"floor":7.0,"key":"EssenceOfSteel"},{"floor":14.0,"key":"EssenceOfSteel"},{"floor":27.0,"key":"Adrenaline Potion"},{"floor":29.0,"key":"Adrenaline Potion"},{"floor":33.0,"key":"AttackPotion"},{"floor":35.0,"key":"LifebloodPotion"},{"floor":38.0,"key":"PowerPotion"},{"floor":39.0,"key":"Strength Potion"},{"floor":52,"key":"BlessingOfTheForge"}],"is_trial":false,"path_per_floor":["M","$","?","M","?","R","M","R","T","E","R","M","$","M","R","B",null,"M","M","?","M","?","R","T","R","T","M","R","M","$","M","R","B",null,"M","M","?","M","M","R","E","R","T","M","?","R","M","M","R","B","M","M","?","$","R","M","R","$","?","B"],"character_chosen":"WATCHER","items_purchased":["TalkToTheHand","Ginger","Regen Potion","Dexterity Potion"],"campfire_rested":3,"item_purchase_floors":[30,54,58,58],"current_hp_per_floor":[69,69,69,69,69,69,69,69,69,62,62,61,61,51,51,34,72,72,72,72,69,69,69,69,69,69,69,69,69,69,68,68,6,72,72,72,72,68,68,68,68,68,68,68,68,68,64,55,72,72,66,4,4,4,25,25,46,46,46,0,0],"gold":12,"neow_bonus":"REMOVE_CARD","is_daily":false,"chose_seed":false,"campfire_upgraded":18,"win_rate":0.0,"timestamp":1608126904,"path_taken":["M","$","?","M","?","R","M","R","T","E","R","?","?","M","R","BOSS","M","M","?","M","?","R","?","R","T","M","R","M","$","M","R","BOSS","M","M","?","?","M","R","E","R","T","M","?","R","M","?","R","BOSS","M","M","?","$","R","M","R","$","?","BOSS"],"items_purchased_type":["Card","Relic","Potion","Potion"],"build_version":"2020-12-13","purchased_purges":3,"victory":false,"max_hp_per_floor":[72,72,72,72,72,72,72,72,72,72,72,72,72,72,72,72,72,72,72,72,72,72,72,72,72,72,72,72,72,72,72,72,72,72,72,72,72,72,72,72,72,72,72,72,72,72,72,72,72,72,72,72,72,72,72,72,72,72,72,72,72],"card_choices":[{"not_picked":["Replay:Cycle","Wallop"],"picked":"TalkToTheHand","floor":1.0},{"not_picked":["FlyingSleeves","EmptyBody"],"picked":"CutThroughFate","floor":4.0},{"not_picked":["Replay:Vibes","MarkedMod:Acupuncture"],"picked":"BowlingBash","floor":7.0},{"not_picked":["EmptyBody","CarveReality","MarkedMod:GentlePulse"],"picked":"SKIP","floor":7.0},{"not_picked":["Protect","Replay:Vibes"],"picked":"Tantrum","floor":10.0},{"not_picked":["CutThroughFate","Consecrate"],"picked":"FearNoEvil","floor":12.0},{"not_picked":["Halt","ForeignInfluence","FlyingSleeves"],"picked":"SKIP","floor":12.0},{"not_picked":["MarkedMod:FirstStrike","Scrawl"],"picked":"Adaptation","floor":14.0},{"not_picked":["BowlingBash","Replay:Battleflow","Consecrate"],"picked":"SKIP","floor":14.0},{"not_picked":["BowlingBash","Replay:Battleflow","Consecrate"],"picked":"SKIP","floor":14.0},{"not_picked":["Fasting2","ThirdEye"],"picked":"TalkToTheHand","floor":18.0},{"not_picked":["SashWhip","Replay:BluntJabs+1","MarkedMod:GracefulMovements+1"],"picked":"SKIP","floor":18.0},{"not_picked":["Evaluate","EmptyFist+1"],"picked":"Wallop+1","floor":19.0},{"not_picked":["Collect","FlyingSleeves"],"picked":"WheelKick","floor":19.0},{"not_picked":["MarkedMod:PinPointDefense","FlurryOfBlows"],"picked":"CrushJoints+1","floor":21.0},{"not_picked":["MarkedMod:GracefulMovements","BowlingBash"],"picked":"FlurryOfBlows","floor":21.0},{"not_picked":["Replay:Battleflow+1","Replay:AllIn","Weave"],"picked":"SKIP","floor":27.0},{"not_picked":["Replay:Anticipation","Halt","SashWhip"],"picked":"SKIP","floor":27.0},{"not_picked":["MarkedMod:FirstStrike","CutThroughFate"],"picked":"InnerPeace","floor":29.0},{"not_picked":["CutThroughFate","WindmillStrike","Replay:Hum"],"picked":"SKIP","floor":29.0},{"not_picked":["CutThroughFate","WindmillStrike"],"picked":"Replay:Hum","floor":29.0},{"not_picked":["Replay:Cycle","Protect+1"],"picked":"Adaptation","floor":31.0},{"not_picked":["LikeWater","MarkedMod:GentlePulse","MarkedMod:FirstStrike"],"picked":"SKIP","floor":31.0},{"not_picked":["Omniscience","Blasphemy"],"picked":"Vault","floor":33.0},{"not_picked":["Prostrate+1","MarkedMod:Acupuncture"],"picked":"ThirdEye+1","floor":35.0},{"not_picked":["Crescendo","Consecrate+1","FlurryOfBlows+1"],"picked":"SKIP","floor":35.0},{"not_picked":["Replay:ManipulateFuture+1","ClearTheMind"],"picked":"MentalFortress","floor":36.0},{"not_picked":["CarveReality+1","FlyingSleeves+1","Replay:Anticipation+1"],"picked":"SKIP","floor":36.0},{"not_picked":["ClearTheMind+1","WheelKick","Fasting2"],"picked":"SKIP","floor":38.0},{"not_picked":["Establishment","ReachHeaven+1","MarkedMod:FirstStrike"],"picked":"SKIP","floor":38.0},{"not_picked":["Replay:Vibes","Swivel","Replay:AtTheReady+1"],"picked":"SKIP","floor":39.0},{"not_picked":["PathToVictory+1","Study+1","Fasting2"],"picked":"SKIP","floor":39.0},{"not_picked":["MarkedMod:Acupuncture","Pray+1"],"picked":"ThirdEye+1","floor":41.0},{"not_picked":["Consecrate+1","Adaptation","MarkedMod:Acupuncture+1"],"picked":"SKIP","floor":44.0},{"not_picked":["SignatureMove+1","CrushJoints","PathToVictory+1"],"picked":"SKIP","floor":44.0},{"not_picked":["MarkedMod:Acupuncture","TalkToTheHand+1"],"picked":"Collect+1","floor":47.0},{"not_picked":["EmptyFist+1","Crescendo","CutThroughFate+1"],"picked":"SKIP","floor":47.0},{"not_picked":["ThirdEye+1","MarkedMod:SlowDance","Replay:ManipulateFuture+1"],"picked":"SKIP","floor":48.0},{"not_picked":["MarkedMod:FirstStrike+1","Replay:Hum","Consecrate+1"],"picked":"SKIP","floor":48.0},{"not_picked":["JustLucky","Vengeance+1","Prostrate+1"],"picked":"SKIP","floor":51.0},{"not_picked":["EmptyBody","FollowUp+1","Replay:AtTheReady"],"picked":"SKIP","floor":51.0},{"not_picked":["EmptyFist+1","Worship+1","SashWhip"],"picked":"SKIP","floor":52},{"not_picked":["MarkedMod:FirstStrike+1","Wallop+1","Sanctity"],"picked":"SKIP","floor":52},{"not_picked":["MarkedMod:GracefulMovements+1","BowlingBash+1"],"picked":"DevaForm","floor":56},{"not_picked":["DeceiveReality","JustLucky","ReachHeaven+1"],"picked":"SKIP","floor":56}],"player_experience":805662,"relics_obtained":[{"floor":9.0,"key":"PreservedInsect"},{"floor":10.0,"key":"Garlic"},{"floor":17.0,"key":"Oddly Smooth Stone"},{"floor":17.0,"key":"conspire:Flyswatter"},{"floor":17.0,"key":"Replay:Arrowhead"},{"floor":24.0,"key":"vexMod:ScavengeHelm"},{"floor":26.0,"key":"Gremlin Horn"},{"floor":41.0,"key":"HollowMod:StagPassRelic"},{"floor":43.0,"key":"hubris:TenFootPole"},{"floor":51.0,"key":"paleoftheancients:SoulOfTheShapes"}],"event_choices":[{"damage_healed":0.0,"max_hp_gain":0.0,"max_hp_loss":0.0,"gold_gain":0.0,"event_name":"WeMeetAgain","player_choice":"Gave Potion","floor":5.0,"gold_loss":0.0,"damage_taken":0.0,"relics_obtained":["Prayer Wheel"]},{"damage_healed":0.0,"max_hp_gain":0.0,"max_hp_loss":0.0,"gold_gain":0.0,"event_name":"Drug Dealer","player_choice":"Inject Mutagens","floor":20.0,"gold_loss":0.0,"damage_taken":0.0,"relics_obtained":["MutagenicStrength"]},{"damage_healed":0.0,"max_hp_gain":0.0,"max_hp_loss":0.0,"gold_gain":0.0,"event_name":"Vampires","player_choice":"Ignored","floor":22.0,"gold_loss":0.0,"damage_taken":0.0},{"cards_removed":["Strike_P"],"damage_healed":0.0,"max_hp_gain":0.0,"max_hp_loss":0.0,"gold_gain":0.0,"event_name":"Bonfire Elementals","player_choice":"Offered Basic","floor":37.0,"gold_loss":0.0,"damage_taken":0.0},{"damage_healed":0.0,"max_hp_gain":0.0,"max_hp_loss":0.0,"gold_gain":0.0,"event_name":"Accursed Blacksmith","player_choice":"Forge","floor":45.0,"gold_loss":0.0,"damage_taken":0.0,"cards_upgraded":["Vigilance"]},{"cards_removed":["Strike_P"],"damage_healed":0,"gold_gain":0,"player_choice":"Purged","damage_taken":0,"max_hp_gain":0,"max_hp_loss":0,"event_name":"Purifier","floor":53,"gold_loss":0}],"is_beta":false,"boss_relics":[{"not_picked":["aspiration:RunicSpoon","Abe\u0027s Treasure"],"picked":"Calling Bell"},{"not_picked":["aspiration:IroncladSkillbook","aspiration:RitualDagger"],"picked":"Philosopher\u0027s Stone"}],"items_purged_floors":[2,13,30],"is_endless":false,"potions_floor_spawned":[1,7,14,18,27,29,33,35,38,39,44,47,52],"killed_by":"paleoftheancients:N","ascension_level":0}}