{"host":"suz71vtxgenuxsxs","time":1608123317,"event":{"mods":["2.2 Compatiblity","AchievementEnabler","BaseMod","Colored Map","Downfall","Minty Spire (QoL Compilation)","Rare Cards Sparkle","StSLib","SuperFastMode","everything is the same but u backflip on backflip"],"gold_per_floor":[99,99,99,24,58,74,99,128,128,128,144,163,176,86,106,211,211,211,196,196,196],"floor_reached":20,"playtime":1674,"items_purged":["Slimebound:Strike_Slimebound"],"score":205,"play_id":"4167275d-7d6a-484e-8a4c-6ef6fe8bedcd","local_time":"20201216215517","is_ascension_mode":false,"campfire_choices":[{"data":"Slimebound:CorrosiveSpit","floor":1.0,"key":"SMITH"},{"data":"Slimebound:LeechEnergy","floor":10.0,"key":"SMITH"},{"data":"Slimebound:MinionMaster","floor":18,"key":"SMITH"}],"circlet_count":0,"master_deck":["Slimebound:Strike_Slimebound","Slimebound:Strike_Slimebound","Slimebound:Tackle","Slimebound:Defend_Slimebound","Slimebound:Defend_Slimebound","Slimebound:Defend_Slimebound","Slimebound:Defend_Slimebound","Slimebound:Split","Slimebound:CorrosiveSpit+1","Slimebound:Prepare","Slimebound:GoopSpray","Slimebound:SplitLeeching","Slimebound:ProtectTheBoss","Slimebound:LeechEnergy+1","Slimebound:SplitMire","Slimebound:LivingWall","Slimebound:Dissolve","Slimebound:FirmFortitude","Slimebound:LeadByExample","Slimebound:ComboTackle","Slimebound:MinionMaster+1"],"relics":["Slimebound:AbsorbEndCombat","downfall:HeartsMalice","Mango","Vajra","Centennial Puzzle"],"acts_visited":["Exordium","TheCity"],"potions_floor_usage":[20,20,20,20],"damage_taken":[{"damage":0.0,"enemies":"2 Louse","floor":3.0,"turns":1.0},{"damage":0.0,"enemies":"downfall:FleeingMerchant","floor":4.0,"turns":1.0},{"damage":0.0,"enemies":"Gremlin Nob","floor":5.0,"turns":1.0},{"damage":8.0,"enemies":"Cultist","floor":6.0,"turns":3.0},{"damage":31.0,"enemies":"3 Sentries","floor":8.0,"turns":9.0},{"damage":14.0,"enemies":"Jaw Worm","floor":11.0,"turns":2.0},{"damage":23.0,"enemies":"Lots of Slimes","floor":12.0,"turns":3.0},{"damage":19.0,"enemies":"Blue Slaver","floor":13.0,"turns":2.0},{"damage":21.0,"enemies":"downfall:FleeingMerchant","floor":14.0,"turns":4.0},{"damage":4.0,"enemies":"Large Slime","floor":15.0,"turns":3.0},{"damage":42.0,"enemies":"downfall:Silent","floor":16.0,"turns":7.0},{"damage":4,"enemies":"downfall:FleeingMerchant","floor":19,"turns":4},{"damage":89,"enemies":"Slavers","floor":20,"turns":6}],"seed_played":"-2329908009226881390","potions_obtained":[{"floor":2.0,"key":"Dexterity Potion"},{"floor":2.0,"key":"PowerPotion"},{"floor":2.0,"key":"SkillPotion"},{"floor":8.0,"key":"sneckomod:MuddlingPotion"},{"floor":11.0,"key":"LiquidMemories"},{"floor":12.0,"key":"Slimebound:SlimyTonguePotion"},{"floor":16.0,"key":"EntropicBrew"}],"is_trial":false,"path_per_floor":["R","?","M","$","E","M","T","E","?","R","M","M","M","$","M","B",null,"R","$","E"],"character_chosen":"SLIMEBOUND","items_purchased":["Slimebound:LeadByExample"],"campfire_rested":0,"item_purchase_floors":[14],"current_hp_per_floor":[60,60,60,60,74,74,74,60,60,60,58,55,42,37,47,25,74,74,74,0,0],"gold":196,"neow_bonus":"THREE_ENEMY_KILL","is_daily":false,"chose_seed":false,"campfire_upgraded":3,"win_rate":0.0,"timestamp":1608123317,"path_taken":["R","?","?","$","E","M","T","E","?","R","M","?","M","$","M","BOSS","R","$","E"],"items_purchased_type":["Card"],"build_version":"2020-12-13","purchased_purges":1,"victory":false,"max_hp_per_floor":[60,60,60,60,74,74,74,74,74,74,74,74,74,74,74,74,74,74,74,74,74],"card_choices":[{"not_picked":["Slimebound:FirmFortitude","Slimebound:SpikyOuterGoop"],"picked":"Slimebound:Prepare","floor":3.0},{"not_picked":["Slimebound:OneTwoCombo","Slimebound:SplitBruiser"],"picked":"Slimebound:GoopSpray","floor":4.0},{"not_picked":["Slimebound:ForwardTackle","Slimebound:SamplingLick"],"picked":"Slimebound:SplitLeeching","floor":5.0},{"not_picked":["Slimebound:DisruptingSlam","Slimebound:PressTheAttack"],"picked":"Slimebound:ProtectTheBoss","floor":6.0},{"not_picked":["Slimebound:FinishingTackle","Slimebound:Gluttony"],"picked":"Slimebound:LeechEnergy","floor":8.0},{"not_picked":["Slimebound:LeechEnergy","Slimebound:ComboTackle"],"picked":"Slimebound:SplitMire","floor":11.0},{"not_picked":["Slimebound:Schlurp","Slimebound:BestDefense"],"picked":"Slimebound:LivingWall","floor":12.0},{"not_picked":["Slimebound:SplitAcid","Slimebound:SplitLeeching"],"picked":"Slimebound:Dissolve","floor":13.0},{"not_picked":["Slimebound:RejuvenatingLick","Slimebound:ItLooksTasty"],"picked":"Slimebound:FirmFortitude","floor":14.0},{"not_picked":["Slimebound:ProtectTheBoss","Slimebound:Schlurp"],"picked":"Slimebound:ComboTackle","floor":15.0},{"not_picked":["Slimebound:Teamwork","Slimebound:OozeBath"],"picked":"Slimebound:MinionMaster","floor":16.0},{"not_picked":["Slimebound:LeadByExample","Slimebound:PressTheAttack+1","Slimebound:Grow"],"picked":"SKIP","floor":19}],"player_experience":340186,"relics_obtained":[{"floor":5.0,"key":"Mango"},{"floor":7.0,"key":"Vajra"},{"floor":8.0,"key":"Centennial Puzzle"}],"event_choices":[{"damage_healed":0.0,"max_hp_gain":0.0,"max_hp_loss":0.0,"gold_gain":0.0,"event_name":"Lab","player_choice":"Got Potions","floor":2.0,"gold_loss":0.0,"damage_taken":0.0},{"damage_healed":0.0,"max_hp_gain":0.0,"max_hp_loss":0.0,"gold_gain":0.0,"event_name":"NoteForYourself","player_choice":"Ignored","floor":9.0,"gold_loss":0.0,"damage_taken":0.0}],"is_beta":false,"boss_relics":[{"not_picked":["Snecko Eye","Busted Crown","Velvet Choker"]}],"items_purged_floors":[4],"is_endless":false,"potions_floor_spawned":[8,11,12,15,16],"killed_by":"Slavers","ascension_level":0}}