{"host":"e8qlq9m73szgw1mp","time":1608095026,"event":{"mods":["2.2 Compatiblity","AchievementEnabler","BaseMod","Colored Powertips","Downfall","Highlight Path","Minty Spire (QoL Compilation)","Quick Restart","StSLib"],"gold_per_floor":[99,99,99,124,124,124,124,156,81,109,125,136,146,246,256,355,355,280,115,115,129,143,143,143,176,61,114,124,224,243,343,362,464,464,464,464,366,400,415,444,470,177,177,208,226,226,226,245,258,258],"floor_reached":51,"playtime":4450,"items_purged":["champ:Defend","champ:FanOfKnives","champ:BladeFlurry","Pride"],"score":896,"play_id":"b8f7e9d7-e126-46db-a726-deab0cfaa5d4","local_time":"20201215210346","is_ascension_mode":false,"campfire_choices":[{"floor":1.0,"key":"RECALL"},{"data":"champ:RapidStrikes","floor":6.0,"key":"SMITH"},{"data":"champ:Execute","floor":9.0,"key":"SMITH"},{"data":"champ:VampiricStrike","floor":18.0,"key":"SMITH"},{"data":"champ:ArenaPreparation","floor":23.0,"key":"SMITH"},{"data":"champ:PerfectForm","floor":35.0,"key":"SMITH"},{"data":"champ:StanceDance","floor":43,"key":"SMITH"}],"circlet_count":0,"master_deck":["champ:Defend","champ:Defend","champ:Defend+1","champ:Execute+1","champ:Taunt+1","champ:RapidStrikes+1","champ:CalledShot","champ:Circumvent","champ:EnragedBash","champ:BringItOn","champ:Shatter","champ:SwordThrow","champ:GladiatorsShout","champ:RecklessLeap","champ:StanceDance+1","champ:BerserkerStyle","champ:VampiricStrike+1","champ:GutPunch+1","champ:CrookedStrike+1","champ:BladeFlurry+1","champ:FlashCut+1","champ:ArenaPreparation+1","champ:DefensiveShout","champ:StanceDance","champ:PerfectForm+1"],"relics":["champ:ChampionCrown","downfall:HeartsMalice","Art of War","Tiny Chest","Prayer Wheel","downfall:HeartBlessingRed","hexamod:BolsterEngine","Astrolabe","downfall:HeartBlessingGreen","Blood Vial","Matryoshka","Eternal Feather","Vajra","Nunchaku","champ:BlackKnightHelmet","Mummified Hand","Sozu","Happy Flower","Bag of Marbles","Meat on the Bone","Darkstone Periapt","Frozen Egg 2","Orichalcum","Bag of Preparation","Lantern","downfall:HeartBlessingBlue"],"acts_visited":["Exordium","TheCity","TheBeyond"],"potions_floor_usage":[],"damage_taken":[{"damage":0.0,"enemies":"Lagavulin","floor":4.0,"turns":1.0},{"damage":0.0,"enemies":"2 Louse","floor":5.0,"turns":1.0},{"damage":0.0,"enemies":"3 Sentries","floor":8.0,"turns":1.0},{"damage":59.0,"enemies":"Lagavulin","floor":10.0,"turns":8.0},{"damage":7.0,"enemies":"Small Slimes","floor":11.0,"turns":3.0},{"damage":10.0,"enemies":"Cultist","floor":12.0,"turns":4.0},{"damage":2.0,"enemies":"3 Louse","floor":13.0,"turns":3.0},{"damage":0.0,"enemies":"Blue Slaver","floor":15.0,"turns":2.0},{"damage":61.0,"enemies":"downfall:Watcher","floor":16.0,"turns":7.0},{"damage":6.0,"enemies":"downfall:FleeingMerchant","floor":19.0,"turns":4.0},{"damage":22.0,"enemies":"Spheric Guardian","floor":21.0,"turns":3.0},{"damage":31.0,"enemies":"Shell Parasite","floor":22.0,"turns":2.0},{"damage":85.0,"enemies":"Book of Stabbing","floor":25.0,"turns":4.0},{"damage":18.0,"enemies":"downfall:FleeingMerchant","floor":26.0,"turns":4.0},{"damage":15.0,"enemies":"Shelled Parasite and Fungi","floor":28.0,"turns":3.0},{"damage":61.0,"enemies":"Cultist and Chosen","floor":30.0,"turns":4.0},{"damage":98.0,"enemies":"Cultist and Chosen","floor":31.0,"turns":5.0},{"damage":13.0,"enemies":"Centurion and Healer","floor":32.0,"turns":4.0},{"damage":98.0,"enemies":"downfall:Ironclad","floor":33.0,"turns":7.0},{"damage":3.0,"enemies":"downfall:FleeingMerchant","floor":37.0,"turns":1.0},{"damage":107.0,"enemies":"Reptomancer","floor":38.0,"turns":5.0},{"damage":56,"enemies":"3 Darklings","floor":39,"turns":5},{"damage":70,"enemies":"Giant Head","floor":40,"turns":5},{"damage":66,"enemies":"Reptomancer","floor":44,"turns":3},{"damage":5,"enemies":"Orb Walker","floor":45,"turns":1},{"damage":52,"enemies":"4 Shapes","floor":48,"turns":2},{"damage":58,"enemies":"Maw","floor":49,"turns":4},{"damage":70,"enemies":"downfall:Silent","floor":50,"turns":3}],"seed_played":"-6229698365998288366","potions_obtained":[{"floor":10.0,"key":"Explosive Potion"},{"floor":11.0,"key":"champ:CounterPotion"},{"floor":12.0,"key":"LiquidBronze"},{"floor":16.0,"key":"DuplicationPotion"},{"floor":30.0,"key":"Dexterity Potion"},{"floor":31.0,"key":"Energy Potion"},{"floor":32.0,"key":"SteroidPotion"}],"is_trial":false,"path_per_floor":["R","?","?","E","M","R","T","E","R","E","M","M","M","?","M","B",null,"R","$","?","M","M","R","T","E","$","T","M","?","M","?","M","B",null,"R","?","$","E","M","E","T","$","R","E","M","T","?","M","M","B",null],"character_chosen":"THE_CHAMP","items_purchased":["champ:ArenaPreparation","Happy Flower","Bag of Marbles","Bag of Preparation"],"campfire_rested":0,"item_purchase_floors":[19,37,37,42],"current_hp_per_floor":[90,83,83,83,83,83,83,83,83,55,55,55,55,55,55,38,90,90,90,90,90,90,90,90,45,57,57,71,71,90,75,90,38,90,90,90,90,60,90,90,90,90,90,82,90,90,100,100,94,100],"gold":258,"neow_bonus":"THREE_ENEMY_KILL","is_daily":false,"chose_seed":false,"campfire_upgraded":6,"win_rate":0.0,"timestamp":1608095026,"path_taken":["R","?","?","E","M","R","T","E","R","E","M","M","?","?","M","BOSS","R","$","?","M","M","R","T","E","$","?","M","?","M","?","M","BOSS","R","?","$","E","M","E","T","$","R","E","M","?","?","?","M","BOSS"],"items_purchased_type":["Card","Relic","Relic","Relic"],"build_version":"2020-12-13","purchased_purges":4,"victory":true,"max_hp_per_floor":[90,90,90,90,90,90,90,90,90,90,90,90,90,90,90,90,90,90,90,90,90,90,90,90,90,90,90,90,90,90,90,90,90,90,90,90,90,90,90,90,90,90,90,90,90,90,100,100,100,100],"card_choices":[{"not_picked":["champ:FlashCut","champ:AdrenalArmor"],"picked":"champ:CalledShot","floor":4.0},{"not_picked":["champ:FightOn","champ:Haymaker"],"picked":"champ:Circumvent","floor":5.0},{"not_picked":["champ:TornadoPunch","champ:LastStand"],"picked":"champ:EnragedBash","floor":8.0},{"not_picked":["champ:Riposte","champ:GladiatorStyle"],"picked":"champ:BringItOn","floor":10.0},{"not_picked":["champ:GladiatorsShout","champ:FightOn"],"picked":"champ:Shatter","floor":11.0},{"not_picked":["champ:StanceDance","champ:GladiatorsShout"],"picked":"champ:BladeFlurry","floor":11.0},{"not_picked":["champ:PerfectedStrike","champ:Lariat"],"picked":"champ:FanOfKnives","floor":12.0},{"not_picked":["champ:StanceDance","champ:Encircle"],"picked":"champ:SwordThrow","floor":12.0},{"not_picked":["champ:ViciousMockery","champ:Lariat"],"picked":"champ:GladiatorsShout","floor":13.0},{"not_picked":["champ:Duel","champ:Backstep"],"picked":"champ:RecklessLeap","floor":13.0},{"not_picked":["champ:FlashCut","champ:GutPunch"],"picked":"champ:StanceDance","floor":15.0},{"not_picked":["champ:AdrenalArmor","champ:StanceDance"],"picked":"champ:BerserkerStyle","floor":15.0},{"not_picked":["champ:HoldFirm","champ:LastStand"],"picked":"champ:VampiricStrike","floor":16.0},{"not_picked":["champ:RapidStrikes","champ:BerserkerStyle"],"picked":"champ:FlashCut+1","floor":19.0},{"not_picked":["champ:PreciseThrust","champ:FightOn","champ:BringItOn"],"picked":"SKIP","floor":21.0},{"not_picked":["champ:Duel","champ:PerfectedStrike","champ:GutPunch"],"picked":"SKIP","floor":21.0},{"not_picked":["champ:ShieldThrow","champ:BerserkersShout"],"picked":"champ:DefensiveShout","floor":22.0},{"not_picked":["champ:BladeFlurry","champ:Circumvent","champ:FlashCut"],"picked":"SKIP","floor":22.0},{"not_picked":["champ:HoldFirm","champ:PerfectedStrike","champ:IgnorePain"],"picked":"SKIP","floor":25.0},{"not_picked":["champ:Haymaker","champ:BladeFlurry","champ:Duel"],"picked":"SKIP","floor":26.0},{"not_picked":["champ:Lariat+1","champ:FocusedDefense","champ:Circumvent"],"picked":"SKIP","floor":28.0},{"not_picked":["champ:ViciousMockery","champ:EnragedBash","champ:StanceDance"],"picked":"SKIP","floor":28.0},{"not_picked":["champ:ViciousMockery","champ:EnragedBash"],"picked":"champ:StanceDance","floor":28.0},{"not_picked":["champ:Lariat+1","champ:FocusedDefense","champ:Circumvent"],"picked":"SKIP","floor":28.0},{"not_picked":["champ:AdrenalArmor","champ:BringItOn+1","champ:TornadoPunch"],"picked":"SKIP","floor":30.0},{"not_picked":["champ:PreciseThrust","champ:Circumvent","champ:Backstep"],"picked":"SKIP","floor":30.0},{"not_picked":["champ:FaceSlap","champ:RisingSlash","champ:BerserkerStyle"],"picked":"SKIP","floor":32.0},{"not_picked":["champ:DefensiveStyle","champ:ShieldThrow","champ:Lariat"],"picked":"SKIP","floor":32.0},{"not_picked":["champ:VampiricStrike","champ:SwordThrow"],"picked":"champ:PerfectForm","floor":33.0},{"not_picked":["champ:BladeFlurry","champ:EndlessRage+1","champ:FanOfKnives+1"],"picked":"SKIP","floor":37.0},{"not_picked":["champ:Haymaker+1","champ:PerfectedStrike+1","champ:Lariat+1"],"picked":"SKIP","floor":38},{"not_picked":["champ:AdrenalArmor+1","champ:FanOfKnives","champ:ShieldWall"],"picked":"SKIP","floor":39},{"not_picked":["champ:Backstep+1","champ:BerserkersShout","champ:BerserkerStyle+1"],"picked":"SKIP","floor":39},{"not_picked":["champ:EndlessRage","champ:Encircle+1","champ:Circumvent+1"],"picked":"SKIP","floor":40},{"not_picked":["champ:RecklessLeap+1","champ:EnGarde+1","champ:Lariat"],"picked":"SKIP","floor":44},{"not_picked":["champ:FanOfKnives+1","champ:ShieldWall+1","champ:EnGarde+1"],"picked":"SKIP","floor":45},{"not_picked":["champ:FanOfKnives","champ:GutPunch+1","champ:GladiatorStyle+1"],"picked":"SKIP","floor":45},{"not_picked":["champ:CrookedStrike+1","champ:FanOfKnives+1","champ:DefensiveShout+1"],"picked":"SKIP","floor":48},{"not_picked":["champ:FaceSlap","champ:VampiricStrike","champ:Shatter+1"],"picked":"SKIP","floor":48},{"not_picked":["champ:Encircle","champ:Circumvent","champ:StanceDance"],"picked":"SKIP","floor":49},{"not_picked":["champ:Encircle","champ:PerfectedStrike","champ:GutPunch"],"picked":"SKIP","floor":49}],"player_experience":1295734,"relics_obtained":[{"floor":4.0,"key":"Tiny Chest"},{"floor":7.0,"key":"Prayer Wheel"},{"floor":8.0,"key":"War Paint"},{"floor":10.0,"key":"hexamod:BolsterEngine"},{"floor":24.0,"key":"Matryoshka"},{"floor":25.0,"key":"Eternal Feather"},{"floor":27.0,"key":"Vajra"},{"floor":27.0,"key":"Nunchaku"},{"floor":31.0,"key":"champ:BlackKnightHelmet"},{"floor":31.0,"key":"Mummified Hand"},{"floor":38,"key":"Meat on the Bone"},{"floor":40,"key":"Darkstone Periapt"},{"floor":41,"key":"Frozen Egg 2"},{"floor":41,"key":"Orichalcum"},{"floor":44,"key":"Lantern"}],"event_choices":[{"damage_healed":0.0,"max_hp_gain":0.0,"max_hp_loss":0.0,"gold_gain":0.0,"event_name":"Scrap Ooze","player_choice":"Success","floor":2.0,"gold_loss":0.0,"damage_taken":7.0,"relics_obtained":["Art of War"]},{"damage_healed":0.0,"max_hp_gain":0.0,"max_hp_loss":0.0,"gold_gain":0.0,"cards_transformed":["champ:Strike"],"event_name":"Transmorgrifier","player_choice":"Transformed","floor":3.0,"gold_loss":0.0,"damage_taken":0.0,"cards_obtained":["champ:RapidStrikes"]}],"is_beta":false,"boss_relics":[{"not_picked":["Fusion Hammer","Tiny House"],"picked":"Astrolabe"},{"not_picked":["Philosopher\u0027s Stone","Runic Pyramid"],"picked":"Sozu"}],"items_purged_floors":[19,26,37,42],"is_endless":false,"potions_floor_spawned":[10,11,12,16,22,30,31,32,33,39,44,45,49],"ascension_level":0}}