{"host":"nwjx7hbomubpmo86","time":1608114264,"event":{"mods":["AchievementEnabler","BaseMod","Better Note","Better Third Choice","Downfall","Hubris","Minty Spire (QoL Compilation)","Replay The Spire","Shade Mod","StSLib","The Necromancer","slay the spire mod where everything is the same but ironclad has a cowboy hat"],"gold_per_floor":[109,53,53,53,53,88,88,58,81,81,115,115,135,160,160,236,236,207,217,10,10,23,23,38,38,61,61,73,73,73,73,73],"floor_reached":31,"playtime":870,"items_purged":[],"score":599,"play_id":"b384c313-2aa9-4553-9e69-82e99f9cfb28","local_time":"20201216112424","is_ascension_mode":true,"campfire_choices":[{"data":"ReplayTheSpireMod:Limb From Limb","floor":7.0,"key":"SMITH"},{"data":"Bash","floor":10.0,"key":"SMITH"},{"data":"Wild Strike","floor":12.0,"key":"SMITH"},{"data":"True Grit","floor":15.0,"key":"SMITH"},{"data":"Limit Break","floor":23.0,"key":"SMITH"},{"data":"True Grit","floor":29,"key":"SMITH"}],"circlet_count":0,"master_deck":["AscendersBane","Strike_R","Strike_R","Strike_R","Strike_R","Strike_R","Defend_R+1","Defend_R","Defend_R+1","Defend_R","Bash+1","ReplayTheSpireMod:Limb From Limb+1","Evolve+1","Hemogenesis","Wild Strike+1","Run Through","True Grit+1","Limit Break+1","Iron Wave","Sentinel","Rupture","Heavy Blade+1","Pain","True Grit+1","Replay:Undeath\u0027s Touch","Flame Barrier"],"relics":["Black Blood","NeowsBlessing","Onion Ring","Ring of Searing","Matryoshka","hubris:TenFootPole","Bottled Tornado","Orichalcum","Letter Opener","WarpedTongs","Juzu Bracelet","Simple Rune","Mummified Hand"],"acts_visited":["Exordium","TheCity"],"potions_floor_usage":[24,31],"damage_taken":[{"damage":0.0,"enemies":"Cultist","floor":1.0,"turns":1.0},{"damage":0.0,"enemies":"3 Sentries","floor":6.0,"turns":1.0},{"damage":0.0,"enemies":"Gremlin Nob","floor":11.0,"turns":1.0},{"damage":10.0,"enemies":"Small Slimes","floor":13.0,"turns":3.0},{"damage":27.0,"enemies":"3 Sentries","floor":14.0,"turns":5.0},{"damage":42.0,"enemies":"Fading Forest","floor":16.0,"turns":11.0},{"damage":21.0,"enemies":"2 Thieves","floor":18.0,"turns":4.0},{"damage":5.0,"enemies":"Chosen","floor":19.0,"turns":2.0},{"damage":37.0,"enemies":"Snake Plant","floor":22.0,"turns":3.0},{"damage":45,"enemies":"Sentry and Sphere","floor":24,"turns":6},{"damage":15,"enemies":"Centurion and Healer","floor":28,"turns":6},{"damage":24,"enemies":"Shelled Parasite and Fungi","floor":31,"turns":2}],"seed_played":"-418123514482154014","potions_obtained":[{"floor":8.0,"key":"DuplicationPotion"},{"floor":8.0,"key":"BlessingOfTheForge"},{"floor":13.0,"key":"Fire Potion"},{"floor":18.0,"key":"FearPotion"},{"floor":19.0,"key":"PowerPotion"},{"floor":28,"key":"SneckoOil"}],"is_trial":false,"path_per_floor":["M","$","T","?","?","E","R","?","T","R","E","R","M","E","R","B",null,"M","M","$","?","M","R","M","$","T","$","M","R","T","M"],"character_chosen":"IRONCLAD","items_purchased":["Evolve+1","Sentinel","Rupture","Heavy Blade+1"],"campfire_rested":0,"item_purchase_floors":[2,20,20,20],"current_hp_per_floor":[74,74,74,74,74,75,75,75,75,75,75,75,75,59,59,28,63,59,66,66,66,48,48,22,22,22,22,24,24,24,0,0],"gold":73,"neow_bonus":"THREE_ENEMY_KILL","is_daily":false,"chose_seed":false,"campfire_upgraded":6,"win_rate":0.0,"timestamp":1608114264,"path_taken":["M","$","?","?","?","E","R","?","T","R","E","R","M","E","R","BOSS","M","M","$","?","?","R","?","?","T","$","M","R","?","M"],"items_purchased_type":["Card","Card","Card","Card"],"build_version":"2020-12-13","purchased_purges":0,"victory":false,"max_hp_per_floor":[75,75,75,75,75,75,75,75,75,75,75,75,75,75,75,75,75,75,75,75,75,75,75,75,75,75,75,75,75,75,75,75],"card_choices":[{"not_picked":["Cleave","hubris:ReadiedAction"],"picked":"ReplayTheSpireMod:Limb From Limb","floor":1.0},{"not_picked":["Brutality","ReplayTheSpireMod:Strike From Hell"],"picked":"Hemogenesis","floor":6.0},{"not_picked":["Armaments","Clash"],"picked":"Wild Strike","floor":11.0},{"not_picked":["ReplayTheSpireMod:Corrosion Curse","Heavy Blade"],"picked":"Run Through","floor":13.0},{"not_picked":["ReplayTheSpireMod:Strike From Hell","Clothesline"],"picked":"True Grit","floor":14.0},{"not_picked":["Double Tap","Fiend Fire"],"picked":"Limit Break","floor":16.0},{"not_picked":["Intimidate","hubris:CleavingFinish","Rampage"],"picked":"SKIP","floor":18.0},{"not_picked":["hubris:CleavingFinish","Clash"],"picked":"Iron Wave","floor":19.0},{"not_picked":["Uppercut+1","Battle Trance"],"picked":"True Grit","floor":22.0},{"not_picked":["Entrench","Battle Trance"],"picked":"Replay:Undeath\u0027s Touch","floor":24},{"not_picked":["Pommel Strike+1","Replay:Undeath\u0027s Touch"],"picked":"Flame Barrier","floor":28}],"player_experience":582732,"relics_obtained":[{"floor":3.0,"key":"Onion Ring"},{"floor":4.0,"key":"Ring of Searing"},{"floor":6.0,"key":"Matryoshka"},{"floor":9.0,"key":"hubris:TenFootPole"},{"floor":9.0,"key":"Bottled Tornado"},{"floor":11.0,"key":"Orichalcum"},{"floor":14.0,"key":"Letter Opener"},{"floor":26,"key":"Juzu Bracelet"},{"floor":26,"key":"Simple Rune"},{"floor":30,"key":"Mummified Hand"}],"event_choices":[{"cards_removed":["Sickly"],"damage_healed":0.0,"max_hp_gain":0.0,"max_hp_loss":0.0,"gold_gain":0.0,"event_name":"Living Wall","player_choice":"Forget","floor":5.0,"gold_loss":0.0,"damage_taken":0.0},{"damage_healed":0.0,"max_hp_gain":0.0,"max_hp_loss":0.0,"gold_gain":0.0,"event_name":"The Woman in Blue","player_choice":"Bought 2 Potions","floor":8.0,"gold_loss":0.0,"damage_taken":0.0},{"damage_healed":0.0,"max_hp_gain":0.0,"max_hp_loss":0.0,"gold_gain":0.0,"event_name":"Accursed Blacksmith","player_choice":"Rummage","floor":21.0,"gold_loss":0.0,"damage_taken":0.0,"relics_obtained":["WarpedTongs"],"cards_obtained":["Pain"]}],"is_beta":false,"boss_relics":[{"not_picked":["Snecko Eye","hubris:Stopwatch"],"picked":"Black Blood"}],"items_purged_floors":[],"is_endless":false,"potions_floor_spawned":[13,18,19,28],"killed_by":"Shelled Parasite and Fungi","ascension_level":17}}