{"host":"5u4m3sklrpw6xc20","time":1608081480,"event":{"mods":["2.2 Compatiblity","BaseMod","Better Third Choice","CapriCore","Colored Map","Duelist Mod","Hubris","Infinite Spire","Minty Spire (QoL Compilation)","Permanent Neow","Replay The Spire","Robot Space Explorer","Spicy Shops","StSLib","SuperFastMode","The Cursed","The Dragon Tamer","The Gatherer","The Runesmith"],"gold_per_floor":[10000098,10000098,10000098,9998932,9998917,9998917,9998887,9998887,9998887,9998887,9998887,9998887,9998887,9998887,9998887,9998887,9998887,9998887,9998887,9998887,9998887,9998887,9998887,9998887,9998887,9998887,9998887,9998887,9998887,9998887,9998887,9998887,9998887,9998887,9998887,9998887,9998887,9998887],"floor_reached":37,"playtime":2393,"items_purged":["Runesmith:Strike_RS+1"],"score":741,"play_id":"078a29b7-9759-4fd2-9da7-5329c260b84f","local_time":"20201215191800","is_ascension_mode":false,"campfire_choices":[{"floor":6,"key":"RECALL"},{"floor":10,"key":"REST"},{"floor":15,"key":"REST"},{"floor":23,"key":"REST"},{"floor":28,"key":"REST"},{"floor":30,"key":"REST"},{"floor":32,"key":"REST"}],"circlet_count":0,"master_deck":["Runesmith:Strike_RS+1","Runesmith:Strike_RS+1","Runesmith:Defend_RS+1","Runesmith:Defend_RS+1","Runesmith:Defend_RS+1","Runesmith:Defend_RS+1","Runesmith:CraftFirestone+1","Runesmith:Fortify+1","Runesmith:CraftProtectio+1","Runesmith:LithiumIon+1","Runesmith:CraftIncendium+1","Runesmith:ChaoticBlast+1","Runesmith:ArcReactor+1","Runesmith:PoweredAnvil+1","Runesmith:LithiumIon+1","Runesmith:LithiumIon+1","infinitespire:Fortify+1"],"relics":["Runesmith:BrokenRuby","Toxic Egg 2","Molten Egg 2","Frozen Egg 2","Quantum Egg","Ectoplasm","Sozu","Replay:Baseball","hubris:ToyBattleship","Sling","Runesmith:Nanobots","Meat on the Bone","Orrery","Replay:Ringing Soul","Odd Mushroom","Ring of Panic","Ring of Fangs","Calling Bell","Dream Catcher","Ice Cream","Unceasing Top","WarpedTongs","hubris:Teleporter","hubris:BottledRain","Bottled Lightning","hubris:ScarierMask","FossilizedHelix"],"acts_visited":["Exordium","TheCity","TheBeyond"],"potions_floor_usage":[],"damage_taken":[{"damage":0,"enemies":"Cultist","floor":1,"turns":2},{"damage":0,"enemies":"Small Slimes","floor":2,"turns":2},{"damage":0,"enemies":"2 Louse","floor":3,"turns":2},{"damage":0,"enemies":"Looter","floor":5,"turns":2},{"damage":0,"enemies":"Exordium Thugs","floor":7,"turns":3},{"damage":0,"enemies":"3 Louse","floor":11,"turns":3},{"damage":10,"enemies":"3 Sentries","floor":12,"turns":6},{"damage":0,"enemies":"The Mushroom Lair","floor":13,"turns":1},{"damage":13,"enemies":"The Guardian","floor":16,"turns":6},{"damage":0,"enemies":"Spheric Guardian","floor":18,"turns":3},{"damage":12,"enemies":"Chosen","floor":19,"turns":5},{"damage":10,"enemies":"Snake Plant","floor":22,"turns":4},{"damage":0,"enemies":"Centurion and Healer","floor":24,"turns":3},{"damage":0,"enemies":"Shelled Parasite and Fungi","floor":25,"turns":4},{"damage":0,"enemies":"Snecko","floor":27,"turns":3},{"damage":11,"enemies":"Replay:Snechameleon","floor":31,"turns":5},{"damage":0,"enemies":"Automaton","floor":33,"turns":6},{"damage":5,"enemies":"3 Shapes","floor":35,"turns":4},{"damage":9,"enemies":"infinitespire:Three Voidlings","floor":37,"turns":3},{"damage":56,"enemies":"Nightmare_Alpha","floor":37,"turns":10}],"seed_played":"4779536584490275429","potions_obtained":[],"is_trial":false,"path_per_floor":["M","M","M","$","M","R","M","?","T","R","M","E","?","?","R","B",null,"M","M","?","?","M","R","M","M","T","M","R","?","R","E","R","B",null,"M","?","?"],"character_chosen":"RUNESMITH_CLASS","items_purchased":["Replay:Baseball","hubris:ToyBattleship","Sling","Runesmith:Nanobots","Meat on the Bone","Orrery"],"campfire_rested":6,"item_purchase_floors":[4,4,4,4,4,4],"current_hp_per_floor":[70,70,70,70,70,70,70,70,70,70,70,63,63,63,73,63,79,79,67,67,70,60,82,85,85,85,85,85,67,91,80,91,91,91,86,86,43,43],"gold":9998887,"neow_bonus":"","is_daily":false,"chose_seed":false,"campfire_upgraded":0,"win_rate":0.0,"timestamp":1608081480,"path_taken":["M","M","M","$","M","R","M","?","T","R","M","E","?","?","R","BOSS","M","M","?","?","M","R","M","M","T","?","R","?","R","E","R","BOSS","M","?","?"],"items_purchased_type":["Relic","Relic","Relic","Relic","Relic","Relic"],"build_version":"2020-12-13","purchased_purges":1,"victory":false,"max_hp_per_floor":[70,70,70,70,70,70,70,70,70,70,70,73,73,73,73,76,79,79,79,79,82,82,82,85,85,85,85,85,88,91,91,91,91,91,91,86,89,89],"card_choices":[{"not_picked":["Runesmith:NanitesCloud+1","Runesmith:CraftSpiculum+1","Runesmith:StaticCage+1"],"picked":"SKIP","floor":1},{"not_picked":["Runesmith:ShiftingStrike+1","Runesmith:HeatedChisel+1","Runesmith:StaticCage+1"],"picked":"SKIP","floor":2},{"not_picked":["Runesmith:RuneHurl+1","Runesmith:StaticCage+1"],"picked":"Runesmith:CraftProtectio+1","floor":3},{"not_picked":["Runesmith:EarthShield+1","Runesmith:BackupBattery+1"],"picked":"Runesmith:LithiumIon+1","floor":5},{"not_picked":["Runesmith:HeatExchange+1","Runesmith:Electrocute+1","Runesmith:Prism+1"],"picked":"SKIP","floor":7},{"not_picked":["Runesmith:HammerThrow+1","Runesmith:UnstableHammer+1"],"picked":"Runesmith:CraftIncendium+1","floor":11},{"not_picked":["Runesmith:CraftObretio+1","Runesmith:Prism+1"],"picked":"Runesmith:ChaoticBlast+1","floor":12},{"not_picked":["Runesmith:GenerateForcefield+1","Runesmith:Supernova+1"],"picked":"Runesmith:ArcReactor+1","floor":16},{"not_picked":["Runesmith:MakeshiftArmor+1","Runesmith:CraftIncendium+1","Runesmith:GoWithTheFlow+1"],"picked":"SKIP","floor":18},{"not_picked":["Runesmith:ChiselStab+1","Runesmith:Repurpose+1","Runesmith:CraftProtectio+1"],"picked":"SKIP","floor":19},{"not_picked":["Runesmith:RuneHurl+1","Runesmith:Discharge+1","Runesmith:HeatExchange+1"],"picked":"SKIP","floor":22},{"not_picked":["Runesmith:CraftMagma+1","Runesmith:StaticCage+1"],"picked":"Runesmith:PoweredAnvil+1","floor":24},{"not_picked":["Runesmith:CraftIncendium+1","Runesmith:ElementalConversion+1","Runesmith:StaticCage+1"],"picked":"SKIP","floor":25},{"not_picked":["Runesmith:NanitesCloud+1","Runesmith:NegativeSpace+1","Runesmith:UnstableHammer+1"],"picked":"SKIP","floor":27},{"not_picked":["Runesmith:BackupBattery+1","Runesmith:Repurpose+1"],"picked":"Runesmith:LithiumIon+1","floor":29},{"not_picked":["Runesmith:FieryHammer+1","Runesmith:PoweredAnvil+1"],"picked":"Runesmith:LithiumIon+1","floor":30},{"not_picked":["Runesmith:FrozenChisel+1","Runesmith:Repurpose+1","Runesmith:OneForEveryone+1"],"picked":"SKIP","floor":31},{"not_picked":["Runesmith:HeatedChisel+1","Runesmith:HammerThrow+1","Runesmith:ChiselStab+1"],"picked":"SKIP","floor":35},{"not_picked":["infinitespire:Oblivion","Replay:Fractal Strike"],"picked":"infinitespire:Fortify","floor":37}],"player_experience":237120,"relics_obtained":[{"floor":12,"key":"Replay:Ringing Soul"},{"floor":13,"key":"Odd Mushroom"},{"floor":14,"key":"Ring of Panic"},{"floor":14,"key":"Ring of Fangs"},{"floor":17,"key":"Dream Catcher"},{"floor":17,"key":"Ice Cream"},{"floor":26,"key":"hubris:Teleporter"},{"floor":29,"key":"hubris:BottledRain"},{"floor":31,"key":"Bottled Lightning"},{"floor":37,"key":"FossilizedHelix"}],"event_choices":[{"damage_healed":0,"gold_gain":0,"player_choice":"Upgrade","damage_taken":0,"relics_obtained":["Mark of the Bloom"],"max_hp_gain":0,"max_hp_loss":0,"event_name":"MindBloom","floor":0,"gold_loss":0,"cards_upgraded":["Runesmith:Strike_RS","Runesmith:Strike_RS","Runesmith:Strike_RS","Runesmith:Strike_RS","Runesmith:Defend_RS","Runesmith:Defend_RS","Runesmith:Defend_RS","Runesmith:Defend_RS","Runesmith:CraftFirestone","Runesmith:Fortify"]},{"cards_removed":["Runesmith:Strike_RS"],"damage_healed":0,"gold_gain":0,"player_choice":"Forget","damage_taken":0,"max_hp_gain":0,"max_hp_loss":0,"event_name":"Living Wall","floor":8,"gold_loss":0},{"damage_healed":0,"gold_gain":0,"player_choice":"Fought Mushrooms","damage_taken":0,"max_hp_gain":0,"max_hp_loss":0,"event_name":"Mushrooms","floor":13,"gold_loss":0},{"damage_healed":0,"gold_gain":0,"player_choice":"Rummage","damage_taken":0,"relics_obtained":["WarpedTongs"],"max_hp_gain":0,"max_hp_loss":0,"event_name":"Accursed Blacksmith","floor":21,"gold_loss":0,"cards_obtained":["Pain"]},{"damage_healed":0,"gold_gain":0,"player_choice":"Max HP","damage_taken":0,"max_hp_gain":0,"max_hp_loss":5,"event_name":"Winding Halls","floor":36,"gold_loss":0}],"is_beta":false,"boss_relics":[{"not_picked":["hubris:BlackHole","Replay:Ancient Bell"],"picked":"Calling Bell"},{"not_picked":["Tiny House","ReplayTheSpireMod:DimensionalGlitch"],"picked":"hubris:ScarierMask"}],"items_purged_floors":[4],"is_endless":true,"potions_floor_spawned":[1,7,16,22,24,25,33],"killed_by":"Nightmare_Alpha","ascension_level":0}}