{"host":"21h5e52imz35vo8g","time":1608138381,"event":{"mods":["AchievementEnabler","BaseMod","Colored Map","Colored Powertips","Googly Eyes","Infinite Spire","Minty Spire (QoL Compilation)","Quick Restart","Rare Cards Sparkle","Replay The Spire","StSLib"],"gold_per_floor":[114,126,76,76,76,101,101,101,146,158,174,48,64,74,74,176,176,196,111,111,127,87,122,136,162,162,162,164,189,189,229,229,338,338,361,361,461,461,481,525,525,575,622,622,651,651,711,52,52,54],"floor_reached":51,"playtime":2469,"items_purged":["Strike_G","Choke","ReplayTheSpireMod:The Works"],"score":946,"play_id":"e2565757-a6d8-4353-a565-225e62415c22","local_time":"20201217010621","is_ascension_mode":true,"campfire_choices":[{"data":"Neutralize","floor":8.0,"key":"SMITH"},{"data":"ReplayTheSpireMod:Shiv Toss","floor":15.0,"key":"SMITH"},{"floor":27,"key":"REST"},{"floor":30,"key":"REST"},{"floor":32,"key":"REST"},{"data":"Adrenaline","floor":41,"key":"SMITH"},{"data":"Hidden Blade","floor":44,"key":"SMITH"},{"data":"Accuracy","floor":46,"key":"SMITH"},{"floor":49,"key":"REST"}],"circlet_count":0,"master_deck":["Strike_G","Defend_G","Defend_G+1","Defend_G+1","Survivor","Neutralize+1","Escape Plan","Burst+1","Blade Dance","Accuracy","Accuracy+1","ReplayTheSpireMod:Shiv Toss+1","Cloak And Dagger+1","Hidden Blade+1","Cloak And Dagger","Adrenaline+1","Violence"],"relics":["Ring of the Snake","NeowsBlessing","War Paint","Oddly Smooth Stone","Nunchaku","WristBlade","Mercury Hourglass","Empty Cage","Blue Candle","Blue Doll","Garlic","infinitespire:Midas Blood","CeramicFish","Replay:Mystery Machine","Runic Pyramid","Potion Belt","Anchor","The Specimen","Ancient Tea Set","Calipers","ReplayTheSpireMod:Ninjato","ReplayTheSpireMod:ShopPack","infinitespire:ShieldingShard"],"acts_visited":["Exordium","TheCity","TheBeyond"],"potions_floor_usage":[31,31,39,50,50,50,50,50],"damage_taken":[{"damage":0.0,"enemies":"2 Louse","floor":1.0,"turns":1.0},{"damage":0.0,"enemies":"Jaw Worm","floor":2.0,"turns":1.0},{"damage":0.0,"enemies":"3 Sentries","floor":6.0,"turns":1.0},{"damage":0.0,"enemies":"Small Slimes","floor":10.0,"turns":5.0},{"damage":1.0,"enemies":"2 Fungi Beasts","floor":11.0,"turns":4.0},{"damage":0.0,"enemies":"Gremlin Gang","floor":13.0,"turns":3.0},{"damage":4.0,"enemies":"Exordium Wildlife","floor":14.0,"turns":4.0},{"damage":33.0,"enemies":"The Guardian","floor":16.0,"turns":8.0},{"damage":9.0,"enemies":"Chosen","floor":18.0,"turns":6.0},{"damage":0.0,"enemies":"2 Thieves","floor":21.0,"turns":1.0},{"damage":13.0,"enemies":"Slavers","floor":23.0,"turns":5.0},{"damage":11.0,"enemies":"Snake Plant","floor":24.0,"turns":4.0},{"damage":19,"enemies":"Gremlin Leader","floor":25,"turns":4},{"damage":16,"enemies":"Slavers","floor":31,"turns":3},{"damage":4,"enemies":"Collector","floor":33,"turns":8},{"damage":4,"enemies":"Orb Walker","floor":35,"turns":3},{"damage":8,"enemies":"3 Shapes","floor":39,"turns":3},{"damage":1,"enemies":"Giant Head","floor":40,"turns":3},{"damage":0,"enemies":"2 Orb Walkers","floor":42,"turns":4},{"damage":12,"enemies":"Reptomancer","floor":45,"turns":4},{"damage":12,"enemies":"infinitespire:MassOfShapes","floor":50,"turns":5}],"seed_played":"7599616662601367919","potions_obtained":[{"floor":1.0,"key":"Energy Potion"},{"floor":2.0,"key":"Adrenaline Potion"},{"floor":11.0,"key":"Venom Potion"},{"floor":14.0,"key":"Ancient Potion"},{"floor":18.0,"key":"Adrenaline Potion"},{"floor":25,"key":"ColorlessPotion"},{"floor":33,"key":"Explosive Potion"},{"floor":40,"key":"Fire Potion"},{"floor":42,"key":"Doom Potion"},{"floor":47,"key":"Dexterity Potion"}],"is_trial":false,"path_per_floor":["M","M","?","?","?","E","?","R","T","M","M","$","M","M","R","B",null,"M","?","AVR","M","?","E","M","E","T","R","?","T","R","E","R","B",null,"M","?","?","AVR","M","E","R","?","T","R","E","R","?","$","R","B",null],"character_chosen":"THE_SILENT","items_purchased":["Accuracy","ReplayTheSpireMod:Shiv Toss","Dexterity Potion","Reflective Coating","Doom Potion","ReplayTheSpireMod:ShopPack","infinitespire:ShieldingShard"],"campfire_rested":4,"item_purchase_floors":[12,12,48,48,48,48,48],"current_hp_per_floor":[70,70,70,70,52,52,52,52,52,52,51,51,51,47,47,14,70,61,61,61,61,61,48,37,18,18,39,26,26,48,32,54,50,75,71,71,71,71,63,62,62,62,62,62,50,50,20,20,42,30],"gold":54,"neow_bonus":"THREE_ENEMY_KILL","is_daily":false,"chose_seed":false,"campfire_upgraded":5,"win_rate":0.0,"timestamp":1608138381,"path_taken":["M","M","?","?","?","E","?","R","T","?","M","$","?","M","R","BOSS","M","?","AVR","M","?","E","?","E","T","R","?","?","R","E","R","BOSS","M","?","?","AVR","?","E","R","?","T","R","E","R","?","$","R","BOSS"],"items_purchased_type":["Card","Card","Potion","Potion","Potion","Relic","Relic"],"build_version":"2020-12-13","purchased_purges":3,"victory":true,"max_hp_per_floor":[70,70,70,70,70,70,70,70,70,70,70,70,70,70,70,70,70,70,70,70,70,70,70,70,70,70,70,75,75,75,75,75,75,75,75,75,75,75,75,75,75,75,75,75,75,75,75,75,75,75],"card_choices":[{"not_picked":["Poisoned Stab","Underhanded Strike"],"picked":"Escape Plan","floor":1.0},{"not_picked":["PiercingWail","Flying Knee","Deflect"],"picked":"SKIP","floor":2.0},{"not_picked":["Replay:Bag of Tricks","Slice"],"picked":"Burst","floor":6.0},{"not_picked":["Outmaneuver","Flying Knee"],"picked":"Choke","floor":10.0},{"not_picked":["Hidden Blade","Endless Agony"],"picked":"Blade Dance","floor":11.0},{"not_picked":["Prepared","Flying Knee"],"picked":"Cloak And Dagger","floor":13.0},{"not_picked":["Deflect","ReplayTheSpireMod:Speed Training","Dagger Spray"],"picked":"SKIP","floor":14.0},{"not_picked":["Cloak And Dagger","ReplayTheSpireMod:Tripwire","Dagger Throw+1"],"picked":"SKIP","floor":18.0},{"not_picked":["Noxious Fumes","Endless Agony","Acrobatics"],"picked":"SKIP","floor":21.0},{"not_picked":["Flying Knee","Deflect"],"picked":"Hidden Blade","floor":23.0},{"not_picked":["Deadly Poison","PiercingWail","Toxin Wave+1"],"picked":"SKIP","floor":24.0},{"not_picked":["Dodge and Roll","Sucker Punch"],"picked":"Cloak And Dagger","floor":25},{"not_picked":["Hidden Blade+1","Deflect","Well Laid Plans"],"picked":"SKIP","floor":31},{"not_picked":["After Image","Grand Finale"],"picked":"Adrenaline","floor":33},{"not_picked":["Expertise+1","Quick Slash","Underhanded Strike+1"],"picked":"SKIP","floor":35},{"not_picked":["Dagger Throw","Tactician+1","Replay:Poison Smokescreen+1"],"picked":"SKIP","floor":39},{"not_picked":["Acrobatics+1","Dagger Spray+1"],"picked":"ReplayTheSpireMod:The Works","floor":40},{"not_picked":["Cloak And Dagger","Slice","Replay:Poison Smokescreen"],"picked":"SKIP","floor":45},{"not_picked":["Secret Technique","ReplayTheSpireMod:Brewmster"],"picked":"Violence","floor":48}],"player_experience":268500,"relics_obtained":[{"floor":6.0,"key":"Oddly Smooth Stone"},{"floor":9.0,"key":"Nunchaku"},{"floor":23.0,"key":"Blue Doll"},{"floor":25,"key":"Garlic"},{"floor":26,"key":"infinitespire:Midas Blood"},{"floor":29,"key":"CeramicFish"},{"floor":31,"key":"Replay:Mystery Machine"},{"floor":40,"key":"Anchor"},{"floor":42,"key":"The Specimen"},{"floor":43,"key":"Ancient Tea Set"},{"floor":45,"key":"Calipers"},{"floor":47,"key":"ReplayTheSpireMod:Ninjato"}],"event_choices":[{"cards_removed":["Defend_G"],"damage_healed":0.0,"max_hp_gain":0.0,"max_hp_loss":0.0,"gold_gain":0.0,"event_name":"The Cleric","player_choice":"Card Removal","floor":3.0,"gold_loss":50.0,"damage_taken":0.0},{"damage_healed":0.0,"max_hp_gain":0.0,"max_hp_loss":0.0,"gold_gain":0.0,"event_name":"Scrap Ooze","player_choice":"Success","floor":5.0,"gold_loss":0.0,"damage_taken":18.0,"relics_obtained":["War Paint"]},{"damage_healed":0.0,"max_hp_gain":0.0,"max_hp_loss":0.0,"gold_gain":0.0,"event_name":"Accursed Blacksmith","player_choice":"Forge","floor":7.0,"gold_loss":0.0,"damage_taken":0.0,"cards_upgraded":["Burst"]},{"damage_healed":0.0,"max_hp_gain":0.0,"max_hp_loss":0.0,"gold_gain":0.0,"event_name":"Addict","player_choice":"Obtained Relic","floor":19.0,"gold_loss":85.0,"damage_taken":0.0,"relics_obtained":["Mercury Hourglass"]},{"damage_healed":0.0,"max_hp_gain":0.0,"max_hp_loss":0.0,"gold_gain":0.0,"event_name":"Designer","player_choice":"Upgrade","floor":22.0,"gold_loss":40.0,"damage_taken":0.0,"cards_upgraded":["Cloak And Dagger"]},{"damage_healed":0,"gold_gain":0,"player_choice":"Shed Blood","damage_taken":18,"max_hp_gain":5,"max_hp_loss":0,"event_name":"Forgotten Altar","floor":28,"gold_loss":0},{"cards_removed":["Strike_G"],"damage_healed":0,"gold_gain":0,"player_choice":"Removed Attack","damage_taken":0,"max_hp_gain":0,"max_hp_loss":0,"event_name":"Falling","floor":36,"gold_loss":0},{"damage_healed":0,"gold_gain":100,"player_choice":"Pray","damage_taken":0,"max_hp_gain":0,"max_hp_loss":0,"event_name":"Golden Shrine","floor":37,"gold_loss":0},{"damage_healed":0,"gold_gain":0,"player_choice":"Fight","damage_taken":0,"max_hp_gain":0,"max_hp_loss":0,"event_name":"Mysterious Sphere","floor":42,"gold_loss":0}],"is_beta":false,"boss_relics":[{"not_picked":["Cursed Key","Coffee Dripper"],"picked":"WristBlade"},{"not_picked":["Kintsugi","infinitespire:Cupcake"],"picked":"Runic Pyramid"}],"items_purged_floors":[20,38,48],"is_endless":false,"potions_floor_spawned":[1,2,11,14,18,25,33,40,42],"ascension_level":3}}