{"host":"rbccvrvdyhsypb23","time":1608151326,"event":{"mods":["AchievementEnabler","Act Like it!","Aspiration","BaseMod","Better Third Choice","BetterRewards","Downfall","Friendly Minions","Infinite Spire","Ironclad Rager","KomeijiMod","Minty Spire (QoL Compilation)","Replay The Spire","Shade Mod","StSLib","The Blackbeard","The Mystic","The Runesmith","TheBandit","Wandering Minibosses","vexMod"],"gold_per_floor":[114,127,127,140,140,172,172,199,199,240,274,274,274,120,120,233,233,264,264,296,95,123,169,194,228,308,308,354,354,400,400,400,539,539,608,608,608,680,758,758,841,942,942,1033,1144,1144,1259,1371,1371,1623,1623,1766,1766,1902,2055,2215,2389,2580,2779,2779,2779,3038,3266,3505,3555,3555,3891,3891,4171,4469,4519,4569,4877,4877,5213,1006,1006,1106,1199,1291,1341,1477,1477,1684,1684,1818,1962,2012,2165,2215,2386,2386,2571,2571,2571,2721,2918,2252,2422,2422,2686,2698,2698,2698],"floor_reached":102,"playtime":2956,"items_purged":["blackbeard:RemoveScurvy"],"score":3231,"play_id":"07375ba4-e5a8-4a99-a053-0d8fe58bfe71","local_time":"20201216234206","is_ascension_mode":true,"campfire_choices":[{"floor":7.0,"key":"DIG"},{"data":"blackbeard:BlackbeardStrike","floor":13.0,"key":"PURGE"},{"data":"blackbeard:WeaponMastery","floor":15.0,"key":"SMITH"},{"data":"blackbeard:PiratesWill","floor":27.0,"key":"SMITH"},{"data":"blackbeard:Fencing","floor":29.0,"key":"SMITH"},{"floor":32.0,"key":"DIG"},{"floor":40.0,"key":"DIG"},{"floor":49.0,"key":"DIG"},{"data":"blackbeard:PowerHungry","floor":66.0,"key":"SMITH"},{"data":"infinitespire:Fortify","floor":74.0,"key":"SMITH"},{"data":"infinitespire:NeuralNetwork","floor":74.0,"key":"SMITH"},{"floor":83.0,"key":"DIG"},{"data":"blackbeard:GoldenRain","floor":92.0,"key":"SMITH"},{"data":"blackbeard:BoostMorale","floor":92.0,"key":"SMITH"},{"floor":95.0,"key":"RECALL"},{"floor":100.0,"key":"DIG"}],"circlet_count":0,"master_deck":["blackbeard:BlackbeardStrike+1","blackbeard:BlackbeardStrike+1","blackbeard:BlackbeardStrike+1","blackbeard:IntimidatingStrike","blackbeard:BlackbeardDefend+1","blackbeard:BlackbeardDefend+1","blackbeard:BlackbeardDefend+1","blackbeard:Cutlass+1","blackbeard:BlindAttacks","blackbeard:Spear","blackbeard:RearmingStrike","blackbeard:ReapersScythe+1","blackbeard:WeaponMastery+1","blackbeard:Anchor+1","blackbeard:Fencing+1","blackbeard:BlindAttacks+1","blackbeard:PiratesWill+1","blackbeard:BlindAttacks","blackbeard:PowerHungry+1","blackbeard:Salvager","infinitespire:Fortify+1","infinitespire:NeuralNetwork+1","blackbeard:GoldenRain+1","blackbeard:GoldenCannonball","blackbeard:BoostMorale+1"],"relics":["blackbeard:LoadTheCannons","Ginger","blackbeard:WhitePearl","aspiration:AnachronicSnailShell","blackbeard:BloodOrange","vexMod:PlasmaPancake","Divine Protection","Prayer Wheel","Replay:Rubber Ducky","Shovel","CaptainsWheel","Replay:Multitool","Strange Spoon","Guardian:PocketSentry","KyoryuNoHagoromo","Gremlin Food","vexMod:MemoryStick","blackbeard:TreasureChest","Letter Opener","Black Star","GremlinMask","vexMod:GhostlyGear","aspiration:FetidBarrel","Replay:PocketPolymizer","aspiration:SeaSaltIceCream","WingedGreaves","Replay:Mystery Machine","StoneCalendar","ReplayTheSpireMod:TigerMarble","Tiny Chest","infinitespire:EmpoweringShard","infinitespire:EvilPickle","Coffee Dripper","infinitespire:Eraser","wanderingMiniBosses:CarrionFlame","Peace Pipe","infinitespire:ShieldingShard","Turnip","vexMod:ConsolationPrize","Regal Pillow","Calipers","blackbeard:PoorMathSkills","Replay:Baseball","vexMod:RetaliationKit","SlaversCollar","Mummified Hand","ReplayTheSpireMod:Shallot","Kunai","blackbeard:PowderCan","Lizard Tail","Sundial","SsserpentHead","Whetstone","infinitespire:CheckeredPen","The Courier","White Beast Statue","vexMod:TanglingVine","Replay:Arrowhead","Du-Vu Doll","aspiration:ChemicalBlood","blackbeard:CrossedSwords","ReplayFunnel","aspiration:FrozenJewel","aspiration:DSix","Replay:Bottled Eggs","aspiration:HummingbirdHeart","Ancient Tea Set","Akabeko","Quantum Egg","Blood Vial","Gambling Chip","Omamori","infinitespire:Bottled Soul","Toy Ornithopter","InkBottle","Dream Catcher","Potion Belt","FossilizedHelix","MealTicket","CeramicFish","infinitespire:PuzzleCube","Replay:Kaleidoscope","Incense Burner","Bronze Scales","Singing Bowl","Mercury Hourglass","Juzu Bracelet","Anchor","vexMod:CardConverter","infinitespire:WardingShard","Oddly Smooth Stone","Empty Cage","vexMod:BerryBomb","vexMod:ScavengeHelm","Lantern","Blue Doll","aspiration:Lifesprig","Pantograph","Membership Card","Boot","Simple Rune","PreservedInsect","aspiration:Nostalgia","PureWater","Question Card","Toxic Egg 2","Durian","MawBank","Sozu"],"acts_visited":["Exordium","TheCity","TheBeyond","Exordium","TheCity","TheBeyond"],"potions_floor_usage":[],"damage_taken":[{"damage":0.0,"enemies":"Jaw Worm","floor":1.0,"turns":1.0},{"damage":0.0,"enemies":"Cultist","floor":2.0,"turns":2.0},{"damage":0.0,"enemies":"2 Louse","floor":4.0,"turns":1.0},{"damage":0.0,"enemies":"Gremlin Nob","floor":6.0,"turns":3.0},{"damage":1.0,"enemies":"Lagavulin","floor":8.0,"turns":6.0},{"damage":1.0,"enemies":"Gremlin Nob","floor":10.0,"turns":3.0},{"damage":0.0,"enemies":"Blue Slaver","floor":11.0,"turns":1.0},{"damage":0.0,"enemies":"Slime Boss","floor":16.0,"turns":4.0},{"damage":1.0,"enemies":"2 Thieves","floor":18.0,"turns":2.0},{"damage":0.0,"enemies":"Spheric Guardian","floor":20.0,"turns":2.0},{"damage":0.0,"enemies":"3 Cultists","floor":22.0,"turns":4.0},{"damage":0.0,"enemies":"Gremlin Leader","floor":23.0,"turns":3.0},{"damage":2.0,"enemies":"Snake Plant","floor":24.0,"turns":3.0},{"damage":2.0,"enemies":"Shelled Parasite and Fungi","floor":25.0,"turns":3.0},{"damage":8.0,"enemies":"Book of Stabbing","floor":28.0,"turns":5.0},{"damage":36.0,"enemies":"Nightmare","floor":30.0,"turns":7.0},{"damage":0.0,"enemies":"Pondfish","floor":33.0,"turns":6.0},{"damage":0.0,"enemies":"3 Darklings","floor":35.0,"turns":2.0},{"damage":0.0,"enemies":"3 Shapes","floor":38.0,"turns":1.0},{"damage":0.0,"enemies":"3 Darklings","floor":39.0,"turns":2.0},{"damage":1.0,"enemies":"Sphere and 2 Shapes","floor":41.0,"turns":3.0},{"damage":0.0,"enemies":"R_Hoarder","floor":42.0,"turns":2.0},{"damage":0.0,"enemies":"Jaw Worm Horde","floor":44.0,"turns":1.0},{"damage":0.0,"enemies":"Giant Head","floor":45.0,"turns":2.0},{"damage":0.0,"enemies":"Reptomancer","floor":47.0,"turns":4.0},{"damage":0.0,"enemies":"3 Darklings","floor":48.0,"turns":1.0},{"damage":45.0,"enemies":"infinitespire:MassOfShapes","floor":50.0,"turns":5.0},{"damage":0.0,"enemies":"Jaw Worm","floor":52.0,"turns":2.0},{"damage":0.0,"enemies":"Cultist","floor":54.0,"turns":1.0},{"damage":0.0,"enemies":"2 Louse","floor":55.0,"turns":1.0},{"damage":0.0,"enemies":"Blue Slaver","floor":56.0,"turns":1.0},{"damage":0.0,"enemies":"Lagavulin","floor":57.0,"turns":2.0},{"damage":0.0,"enemies":"Gremlin Nob","floor":58.0,"turns":1.0},{"damage":0.0,"enemies":"3 Louse","floor":59.0,"turns":1.0},{"damage":0.0,"enemies":"Looter","floor":62.0,"turns":1.0},{"damage":0.0,"enemies":"3 Sentries","floor":63.0,"turns":1.0},{"damage":0.0,"enemies":"Replay:BlueRogue","floor":64.0,"turns":2.0},{"damage":0.0,"enemies":"Slime Boss","floor":67.0,"turns":2.0},{"damage":0.0,"enemies":"Spheric Guardian","floor":69.0,"turns":1.0},{"damage":0.0,"enemies":"3 Byrds","floor":70.0,"turns":1.0},{"damage":0.0,"enemies":"Cultist and Chosen","floor":73.0,"turns":1.0},{"damage":0.0,"enemies":"Book of Stabbing","floor":75.0,"turns":3.0},{"damage":0.0,"enemies":"Gremlin Leader","floor":78.0,"turns":1.0},{"damage":0.0,"enemies":"Snake Plant","floor":79.0,"turns":1.0},{"damage":0.0,"enemies":"3 Cultists","floor":80.0,"turns":1.0},{"damage":0.0,"enemies":"Slavers","floor":82.0,"turns":1.0},{"damage":0.0,"enemies":"Automaton","floor":84.0,"turns":2.0},{"damage":0.0,"enemies":"Orb Walker","floor":86.0,"turns":1.0},{"damage":0.0,"enemies":"3 Shapes","floor":87.0,"turns":1.0},{"damage":0.0,"enemies":"Sphere and 2 Shapes","floor":89.0,"turns":1.0},{"damage":0.0,"enemies":"R_Hoarder","floor":91.0,"turns":2.0},{"damage":0.0,"enemies":"Reptomancer","floor":93.0,"turns":1.0},{"damage":0.0,"enemies":"3 Darklings","floor":97.0,"turns":1.0},{"damage":0.0,"enemies":"4 Shapes","floor":99.0,"turns":1.0},{"damage":0.0,"enemies":"Replay:Hell Engine","floor":101.0,"turns":1.0}],"seed_played":"4967827080817438435","potions_obtained":[{"floor":1.0,"key":"Adrenaline Potion"},{"floor":10.0,"key":"Block Potion"},{"floor":11.0,"key":"Swift Potion"},{"floor":25.0,"key":"GamblersBrew"},{"floor":39.0,"key":"Regen Potion"},{"floor":44.0,"key":"blackbeard:OrangeJuicePotion"},{"floor":45.0,"key":"BlessingOfTheForge"},{"floor":84.0,"key":"Adrenaline Potion"},{"floor":97.0,"key":"AttackPotion"},{"floor":99.0,"key":"Swift Potion"}],"is_trial":false,"path_per_floor":["M","M","?","M","?","E","R","E","T","E","M","?","R","$","R","B",null,"M","?","M","$","M","E","M","M","T","R","E","R","NM","?","R","B",null,"M","?","?","M","M","R","M","E","T","M","E","T","E","M","R","B",null,"M","AVR","M","M","M","E","E","M","T","?","M","E","E","?","R","B",null,"M","M","T","?","M","R","E","$","T","E","M","M","?","E","R","B",null,"M","M","?","M","T","E","R","E","T","R","?","M","$","M","R","B",null],"character_chosen":"BLACKBEARD_CLASS","items_purchased":["blackbeard:BlindAttacks","blackbeard:WhitePearl","blackbeard:BloodOrange","Divine Protection","Replay:Rubber Ducky","CaptainsWheel","Strange Spoon","Guardian:PocketSentry","blackbeard:PirateEarring","blackbeard:WeaponMastery","vexMod:GhostlyGear","blackbeard:Fencing","blackbeard:CrossedSwords","ReplayFunnel","aspiration:FrozenJewel","aspiration:DSix","Replay:Bottled Eggs","aspiration:HummingbirdHeart","Ancient Tea Set","Akabeko","Quantum Egg","Blood Vial","Gambling Chip","Omamori","infinitespire:Bottled Soul","Toy Ornithopter","InkBottle","Dream Catcher","Potion Belt","FossilizedHelix","MealTicket","CeramicFish","infinitespire:PuzzleCube","Replay:Kaleidoscope","Incense Burner","Bronze Scales","Singing Bowl","Membership Card","Boot","Simple Rune","PreservedInsect","aspiration:Nostalgia","Question Card","Toxic Egg 2","Durian"],"campfire_rested":0,"item_purchase_floors":[0,0,0,0,0,0,0,0,0,14,21,21,76,76,76,76,76,76,76,76,76,76,76,76,76,76,76,76,76,76,76,76,76,76,76,76,76,98,98,98,98,98,98,98,98],"current_hp_per_floor":[81,81,81,81,81,81,81,80,80,79,79,72,72,72,72,72,81,80,80,80,80,80,80,78,76,76,76,73,73,42,42,42,42,81,81,81,81,81,81,81,80,80,80,80,80,80,81,81,81,41,81,81,81,81,81,81,81,81,81,81,81,81,81,81,61,61,66,81,81,81,81,81,81,81,81,81,81,83,87,91,91,93,93,95,95,99,103,103,107,113,115,115,117,117,117,117,121,126,130,130,132,132,132,132],"gold":2698,"neow_bonus":"","is_daily":false,"chose_seed":false,"campfire_upgraded":8,"win_rate":0.0,"timestamp":1608151326,"path_taken":["M","M","?","?","?","E","R","E","T","E","?","?","R","$","R","BOSS","M","?","M","$","M","E","M","?","T","R","E","R","NM","?","R","BOSS","M","?","?","M","M","R","M","E","T","M","E","?","E","M","R","BOSS","M","AVR","M","M","M","E","E","M","T","?","?","E","E","?","R","BOSS","M","M","?","?","M","R","E","$","T","E","M","M","?","E","R","BOSS","M","M","?","M","?","E","R","E","T","R","?","M","?","M","R","BOSS"],"items_purchased_type":["Card","Relic","Relic","Relic","Relic","Relic","Relic","Relic","Card","Card","Relic","Card","Relic","Relic","Relic","Relic","Relic","Relic","Relic","Relic","Relic","Relic","Relic","Relic","Relic","Relic","Relic","Relic","Relic","Relic","Relic","Relic","Relic","Relic","Relic","Relic","Relic","Relic","Relic","Relic","Relic","Relic","Relic","Relic","Relic"],"build_version":"2020-12-13","purchased_purges":1,"victory":false,"max_hp_per_floor":[81,81,81,81,81,81,81,81,81,81,81,81,81,81,81,81,81,81,81,81,81,81,81,81,81,81,81,81,81,81,81,81,81,81,81,81,81,81,81,81,81,81,81,81,81,81,81,81,81,81,81,81,81,81,81,81,81,81,81,81,81,81,81,81,81,81,81,81,81,81,81,81,81,81,81,81,81,83,87,91,91,93,93,95,95,99,103,103,107,113,115,115,117,117,117,117,121,126,130,130,132,132,132,132],"card_choices":[{"not_picked":["blackbeard:InfiniteBarrage","blackbeard:CloakAndCannonball","blackbeard:BlindAttacks"],"picked":"SKIP","floor":1.0},{"not_picked":["blackbeard:WiseDefense","blackbeard:Shrapnel","blackbeard:Recklessness"],"picked":"SKIP","floor":1.0},{"not_picked":["blackbeard:Sharpening","blackbeard:SwordDance","blackbeard:Sword"],"picked":"SKIP","floor":2.0},{"not_picked":["blackbeard:WiseDefense","blackbeard:Shrapnel","blackbeard:FishingNets"],"picked":"SKIP","floor":2.0},{"not_picked":["blackbeard:CannonballSupply","blackbeard:GoldenStrike","blackbeard:Toast"],"picked":"SKIP","floor":4.0},{"not_picked":["blackbeard:FieryDefense","blackbeard:Dagger","blackbeard:Fencing"],"picked":"SKIP","floor":4.0},{"not_picked":["blackbeard:Intoxication","blackbeard:WiseDefense"],"picked":"blackbeard:Spear","floor":6.0},{"not_picked":["blackbeard:BuriedTreasure","blackbeard:CatONineTails"],"picked":"blackbeard:RearmingStrike","floor":8.0},{"not_picked":["blackbeard:JollyRoger","blackbeard:Provisioning"],"picked":"blackbeard:ReapersScythe","floor":10.0},{"not_picked":["blackbeard:RearmingStrike","blackbeard:WeaponProficiency","blackbeard:CatONineTails"],"picked":"SKIP","floor":11.0},{"not_picked":["blackbeard:Sharpening","blackbeard:GoldenDefense","blackbeard:SwordDance"],"picked":"SKIP","floor":11.0},{"not_picked":["blackbeard:AgileStrike","blackbeard:GoldenDefense"],"picked":"blackbeard:Anchor+1","floor":18.0},{"not_picked":["blackbeard:SwordDance","blackbeard:WiseDefense","blackbeard:GoldenCannonball"],"picked":"SKIP","floor":18.0},{"not_picked":["blackbeard:GoldenDefense+1","blackbeard:BuriedTreasure","blackbeard:PirateEarring+1"],"picked":"SKIP","floor":20.0},{"not_picked":["blackbeard:DeadlyArsenal","blackbeard:Boarding","blackbeard:Toast"],"picked":"SKIP","floor":20.0},{"not_picked":["blackbeard:Provisioning","blackbeard:Bandana"],"picked":"blackbeard:BlindAttacks+1","floor":22.0},{"not_picked":["blackbeard:JollyRoger","blackbeard:Fencing","blackbeard:TacticalRetreat"],"picked":"SKIP","floor":22.0},{"not_picked":["blackbeard:GoldenStrike","blackbeard:CloakAndCannonball"],"picked":"blackbeard:RemoveScurvy","floor":23.0},{"not_picked":["blackbeard:CannonballSupply+1","blackbeard:CatONineTails"],"picked":"blackbeard:PiratesWill","floor":24.0},{"not_picked":["blackbeard:Anchor","blackbeard:WiseDefense","blackbeard:SmithingHammer"],"picked":"SKIP","floor":24.0},{"not_picked":["blackbeard:MegaUpgrade","blackbeard:CloakAndCannonball","blackbeard:BeatUp"],"picked":"SKIP","floor":25.0},{"not_picked":["blackbeard:BrownPants","blackbeard:DeadlyArsenal+1","blackbeard:CloakAndCannonball"],"picked":"SKIP","floor":25.0},{"not_picked":["blackbeard:Dagger","blackbeard:UndeadForm"],"picked":"blackbeard:BlindAttacks","floor":28.0},{"not_picked":["blackbeard:CannonballSupply+1","blackbeard:GoldenStrike","blackbeard:FishingNets"],"picked":"SKIP","floor":30.0},{"not_picked":["blackbeard:Parrot","blackbeard:Intoxication"],"picked":"blackbeard:PowerHungry","floor":33.0},{"not_picked":["blackbeard:SwordDance+1","blackbeard:TacticalRetreat+1","blackbeard:Sharpening+1"],"picked":"SKIP","floor":35.0},{"not_picked":["blackbeard:CannonballSupply+1","blackbeard:FieryDefense","blackbeard:BeatUp"],"picked":"SKIP","floor":35.0},{"not_picked":["blackbeard:VengefulSpirit","blackbeard:RearmingStrike","blackbeard:JollyRoger"],"picked":"SKIP","floor":38.0},{"not_picked":["blackbeard:Dagger+1","blackbeard:FinalBarrage","blackbeard:GoldenStrike+1"],"picked":"SKIP","floor":38.0},{"not_picked":["blackbeard:AgileStrike","blackbeard:Dagger","blackbeard:DangerousBlow+1"],"picked":"SKIP","floor":39.0},{"not_picked":["blackbeard:DeadlyArsenal+1","blackbeard:CloakAndCannonball","blackbeard:Sword"],"picked":"SKIP","floor":39.0},{"not_picked":["blackbeard:Fencing+1","blackbeard:CloakAndCannonball","blackbeard:GoldenDefense"],"picked":"SKIP","floor":41.0},{"not_picked":["blackbeard:Revenge","blackbeard:AgileStrike+1","blackbeard:Rum"],"picked":"SKIP","floor":41.0},{"not_picked":["blackbeard:Sword","blackbeard:GhostInTheRum","blackbeard:Fencing"],"picked":"SKIP","floor":42.0},{"not_picked":["blackbeard:Dagger+1","blackbeard:Shrapnel+1","blackbeard:Boarding+1"],"picked":"SKIP","floor":44.0},{"not_picked":["blackbeard:GoldenStrike","blackbeard:WoodenLeg","blackbeard:BeatUp"],"picked":"SKIP","floor":44.0},{"not_picked":["blackbeard:SmithingHammer","blackbeard:GoldenStrike","blackbeard:Halberd"],"picked":"SKIP","floor":45.0},{"not_picked":["blackbeard:Spear","blackbeard:CloakAndCannonball+1"],"picked":"blackbeard:Scrap+1","floor":47.0},{"not_picked":["blackbeard:AgileStrike+1","blackbeard:DoubleBottom+1","blackbeard:GoldenStrike+1"],"picked":"SKIP","floor":48.0},{"not_picked":["blackbeard:DangerousBlow+1","blackbeard:GoldenStrike","blackbeard:Scrap+1"],"picked":"SKIP","floor":48.0},{"not_picked":["blackbeard:Intoxication","blackbeard:FinalBarrage"],"picked":"blackbeard:Salvager","floor":50.0},{"not_picked":["blackbeard:Shrapnel","blackbeard:FieryDefense","blackbeard:Scrap"],"picked":"SKIP","floor":52.0},{"not_picked":["blackbeard:Dagger","blackbeard:PowderKeg","blackbeard:Fencing"],"picked":"SKIP","floor":52.0},{"not_picked":["blackbeard:DelayedPain","blackbeard:ArmorUp","blackbeard:SwordDance"],"picked":"SKIP","floor":54.0},{"not_picked":["blackbeard:SwordDance","blackbeard:Eyepatch","blackbeard:Salvager"],"picked":"SKIP","floor":54.0},{"not_picked":["blackbeard:WiseDefense","blackbeard:FishingNets","blackbeard:InfiniteBarrage"],"picked":"SKIP","floor":55.0},{"not_picked":["blackbeard:BlindAttacks","blackbeard:WiseDefense","blackbeard:RearmingStrike"],"picked":"SKIP","floor":55.0},{"not_picked":["blackbeard:PirateEarring","blackbeard:PirateHook","blackbeard:FieryDefense"],"picked":"SKIP","floor":56.0},{"not_picked":["blackbeard:RearmingStrike","blackbeard:BuriedTreasure","blackbeard:Sword"],"picked":"SKIP","floor":56.0},{"not_picked":["blackbeard:TheDrunkenSailor","blackbeard:SwordDance","blackbeard:FieryDefense"],"picked":"SKIP","floor":57.0},{"not_picked":["blackbeard:Provisioning","blackbeard:TacticalRetreat","blackbeard:InfiniteBarrage"],"picked":"SKIP","floor":58.0},{"not_picked":["blackbeard:Intoxication","blackbeard:SwordDance","blackbeard:Sharpening"],"picked":"SKIP","floor":59.0},{"not_picked":["blackbeard:Boarding","blackbeard:FieryDefense","blackbeard:Anchor"],"picked":"SKIP","floor":59.0},{"not_picked":["blackbeard:BrownPants","blackbeard:CloakAndCannonball","blackbeard:SwordDance"],"picked":"SKIP","floor":62.0},{"not_picked":["blackbeard:TheDrunkenSailor","blackbeard:Spear","blackbeard:Toast"],"picked":"SKIP","floor":62.0},{"not_picked":["blackbeard:FieryDefense","blackbeard:Upgrade","blackbeard:Scrap"],"picked":"SKIP","floor":63.0},{"not_picked":["blackbeard:PiratesWill","blackbeard:Eyepatch","blackbeard:InfiniteBarrage"],"picked":"SKIP","floor":64.0},{"not_picked":["infinitespire:NeuralNetwork","infinitespire:FutureSight"],"picked":"infinitespire:Fortify","floor":65.0},{"not_picked":["infinitespire:Starlight","infinitespire:Execution"],"picked":"infinitespire:NeuralNetwork","floor":67.0},{"not_picked":["blackbeard:PowerHungry","blackbeard:Lifeboat"],"picked":"blackbeard:GoldenRain","floor":67.0},{"not_picked":["blackbeard:JollyRoger","blackbeard:PirateEarring","blackbeard:Fencing"],"picked":"SKIP","floor":69.0},{"not_picked":["blackbeard:BlindAttacks","blackbeard:Sword+1","blackbeard:CatONineTails+1"],"picked":"SKIP","floor":69.0},{"not_picked":["blackbeard:PiratesWill","blackbeard:GoldenDefense","blackbeard:RearmingStrike+1"],"picked":"SKIP","floor":70.0},{"not_picked":["blackbeard:Fencing","blackbeard:Sword","blackbeard:Toast"],"picked":"SKIP","floor":70.0},{"not_picked":["blackbeard:GoldenDefense","blackbeard:RearmingStrike+1"],"picked":"blackbeard:GoldenCannonball","floor":73.0},{"not_picked":["blackbeard:TacticalRetreat+1","blackbeard:Anchor","blackbeard:Dagger"],"picked":"SKIP","floor":73.0},{"not_picked":["blackbeard:CloakAndCannonball","blackbeard:DeadlyArsenal","blackbeard:CaptainsCabin"],"picked":"SKIP","floor":75.0},{"not_picked":["blackbeard:Boarding","blackbeard:Rum+1","blackbeard:SwordDance"],"picked":"Singing Bowl","floor":78.0},{"not_picked":["blackbeard:BlindAttacks","blackbeard:Rum","blackbeard:BeatUp+1"],"picked":"Singing Bowl","floor":79.0},{"not_picked":["blackbeard:Sword","blackbeard:FieryDefense+1","blackbeard:GoldenStrike"],"picked":"Singing Bowl","floor":79.0},{"not_picked":["blackbeard:GoldenCannonball","blackbeard:RemoveScurvy","blackbeard:TheDrunkenSailor"],"picked":"Singing Bowl","floor":80.0},{"not_picked":["blackbeard:GoldenStrike","blackbeard:SwordDance","blackbeard:GhostInTheRum+1"],"picked":"Singing Bowl","floor":80.0},{"not_picked":["blackbeard:WiseDefense","blackbeard:BeatUp+1","blackbeard:BrownPants"],"picked":"Singing Bowl","floor":82.0},{"not_picked":["blackbeard:Halberd","blackbeard:GoldenGuillotine"],"picked":"blackbeard:BoostMorale","floor":84.0},{"not_picked":["blackbeard:GoldenStrike+1","blackbeard:Bandana+1","blackbeard:Toast+1"],"picked":"Singing Bowl","floor":86.0},{"not_picked":["blackbeard:ArmorUp","blackbeard:CannonBarrage+1","blackbeard:CloakAndCannonball"],"picked":"Singing Bowl","floor":86.0},{"not_picked":["blackbeard:GoldenDefense","blackbeard:SwordDance+1","blackbeard:InfiniteBarrage+1"],"picked":"Singing Bowl","floor":87.0},{"not_picked":["blackbeard:Dagger+1","blackbeard:SwordDance","blackbeard:PiratesWill"],"picked":"Singing Bowl","floor":87.0},{"not_picked":["blackbeard:Sword","blackbeard:Spear","blackbeard:BeatUp"],"picked":"Singing Bowl","floor":89.0},{"not_picked":["blackbeard:Rum","blackbeard:PiratesWill","blackbeard:BeatUp"],"picked":"Singing Bowl","floor":89.0},{"not_picked":["blackbeard:BeatUp","blackbeard:SwordDance+1","blackbeard:Spear"],"picked":"Singing Bowl","floor":91.0},{"not_picked":["blackbeard:DoubleBottom","blackbeard:Dagger","blackbeard:FieryDefense"],"picked":"Singing Bowl","floor":93.0},{"not_picked":["blackbeard:DeadlyArsenal+1","blackbeard:Spear","blackbeard:GhostInTheRum"],"picked":"Singing Bowl","floor":97.0},{"not_picked":["blackbeard:WiseDefense+1","blackbeard:Rum","blackbeard:TacticalRetreat"],"picked":"Singing Bowl","floor":97.0},{"not_picked":["blackbeard:Dagger+1","blackbeard:BlindAttacks","blackbeard:FieryDefense+1","blackbeard:VengefulSpirit+1"],"picked":"Singing Bowl","floor":99.0},{"not_picked":["blackbeard:Upgrade+1","blackbeard:PiratesWill+1","blackbeard:BlindAttacks","blackbeard:CatONineTails+1"],"picked":"Singing Bowl","floor":99.0},{"not_picked":["blackbeard:UndeadForm","blackbeard:PowerHungry+1","blackbeard:PirateStrength","blackbeard:FinalBarrage"],"picked":"Singing Bowl","floor":101.0}],"player_experience":942418,"relics_obtained":[{"floor":6.0,"key":"Gremlin Food"},{"floor":7.0,"key":"vexMod:MemoryStick"},{"floor":8.0,"key":"blackbeard:TreasureChest"},{"floor":10.0,"key":"Letter Opener"},{"floor":23.0,"key":"aspiration:FetidBarrel"},{"floor":23.0,"key":"Replay:PocketPolymizer"},{"floor":26.0,"key":"aspiration:SeaSaltIceCream"},{"floor":28.0,"key":"Replay:Mystery Machine"},{"floor":28.0,"key":"StoneCalendar"},{"floor":30.0,"key":"ReplayTheSpireMod:TigerMarble"},{"floor":30.0,"key":"Tiny Chest"},{"floor":32.0,"key":"infinitespire:EmpoweringShard"},{"floor":40.0,"key":"infinitespire:Eraser"},{"floor":41.0,"key":"wanderingMiniBosses:CarrionFlame"},{"floor":42.0,"key":"Peace Pipe"},{"floor":42.0,"key":"infinitespire:ShieldingShard"},{"floor":43.0,"key":"Turnip"},{"floor":45.0,"key":"vexMod:ConsolationPrize"},{"floor":45.0,"key":"Regal Pillow"},{"floor":46.0,"key":"Calipers"},{"floor":47.0,"key":"blackbeard:PoorMathSkills"},{"floor":47.0,"key":"Replay:Baseball"},{"floor":49.0,"key":"vexMod:RetaliationKit"},{"floor":57.0,"key":"ReplayTheSpireMod:Shallot"},{"floor":57.0,"key":"Kunai"},{"floor":58.0,"key":"blackbeard:PowderCan"},{"floor":58.0,"key":"Lizard Tail"},{"floor":60.0,"key":"Sundial"},{"floor":63.0,"key":"Whetstone"},{"floor":63.0,"key":"infinitespire:CheckeredPen"},{"floor":64.0,"key":"The Courier"},{"floor":64.0,"key":"White Beast Statue"},{"floor":71.0,"key":"Replay:Arrowhead"},{"floor":75.0,"key":"Du-Vu Doll"},{"floor":75.0,"key":"aspiration:ChemicalBlood"},{"floor":77.0,"key":"Mercury Hourglass"},{"floor":78.0,"key":"Juzu Bracelet"},{"floor":82.0,"key":"vexMod:CardConverter"},{"floor":82.0,"key":"infinitespire:WardingShard"},{"floor":83.0,"key":"Oddly Smooth Stone"},{"floor":90.0,"key":"vexMod:BerryBomb"},{"floor":91.0,"key":"vexMod:ScavengeHelm"},{"floor":91.0,"key":"Lantern"},{"floor":93.0,"key":"Blue Doll"},{"floor":93.0,"key":"aspiration:Lifesprig"},{"floor":94.0,"key":"Pantograph"},{"floor":100.0,"key":"MawBank"}],"event_choices":[{"damage_healed":0.0,"max_hp_gain":0.0,"max_hp_loss":0.0,"gold_gain":0.0,"event_name":"Wheel of Change","player_choice":"Full Heal","floor":3.0,"gold_loss":0.0,"damage_taken":0.0},{"damage_healed":0.0,"max_hp_gain":0.0,"max_hp_loss":0.0,"gold_gain":0.0,"event_name":"Accursed Blacksmith","player_choice":"Forge","floor":5.0,"gold_loss":0.0,"damage_taken":0.0,"cards_upgraded":["blackbeard:Cutlass"]},{"cards_removed":["blackbeard:BlackbeardDefend"],"damage_healed":0.0,"max_hp_gain":0.0,"max_hp_loss":0.0,"gold_gain":0.0,"event_name":"Golden Wing","player_choice":"Card Removal","floor":12.0,"gold_loss":0.0,"damage_taken":7.0},{"damage_healed":0.0,"max_hp_gain":0.0,"max_hp_loss":0.0,"gold_gain":0.0,"event_name":"FaceTrader","player_choice":"Trade","floor":19.0,"gold_loss":0.0,"damage_taken":0.0,"relics_obtained":["GremlinMask"]},{"damage_healed":0.0,"max_hp_gain":0.0,"max_hp_loss":0.0,"gold_gain":0.0,"event_name":"Ghosts","player_choice":"Ignored","floor":31.0,"gold_loss":0.0,"damage_taken":0.0},{"damage_healed":0.0,"max_hp_gain":0.0,"max_hp_loss":0.0,"gold_gain":0.0,"event_name":"Tomb of Lord Red Mask","player_choice":"Ignored","floor":36.0,"gold_loss":0.0,"damage_taken":0.0},{"damage_healed":0.0,"max_hp_gain":0.0,"max_hp_loss":0.0,"gold_gain":0.0,"event_name":"Match and Keep!","player_choice":"0 cards matched","floor":37.0,"gold_loss":0.0,"damage_taken":0.0,"cards_obtained":[]},{"damage_healed":0.0,"max_hp_gain":0.0,"max_hp_loss":0.0,"gold_gain":0.0,"event_name":"FaceTrader","player_choice":"Trade","floor":61.0,"gold_loss":0.0,"damage_taken":0.0,"relics_obtained":["SsserpentHead"]},{"damage_healed":0.0,"max_hp_gain":0.0,"max_hp_loss":4.0,"gold_gain":0.0,"event_name":"betterThird:BetterWriting","player_choice":"Simplicity","floor":72.0,"gold_loss":0.0,"damage_taken":0.0},{"damage_healed":0.0,"max_hp_gain":0.0,"max_hp_loss":0.0,"gold_gain":0.0,"event_name":"The Mausoleum","player_choice":"Opened","floor":81.0,"gold_loss":0.0,"damage_taken":0.0,"relics_obtained":["Anchor"]},{"damage_healed":0.0,"max_hp_gain":0.0,"max_hp_loss":0.0,"gold_gain":100.0,"event_name":"Golden Shrine","player_choice":"Pray","floor":96.0,"gold_loss":0.0,"damage_taken":0.0}],"is_beta":false,"boss_relics":[{"not_picked":["Painkiller Herb","vexMod:NewClearReactor"],"picked":"Black Star"},{"not_picked":["Busted Crown","aspiration:DefectSkillbook"],"picked":"Coffee Dripper"},{"not_picked":["aspiration:FutureDiary","Snecko Eye","blackbeard:Karategi"]},{"not_picked":["aspiration:WatcherSkillbook","infinitespire:Cupcake"],"picked":"vexMod:TanglingVine"},{"not_picked":["Tiny House","SacredBark"],"picked":"Empty Cage"},{"not_picked":["Replay:Ancient Bell","Replay:Drink Me"],"picked":"Sozu"}],"items_purged_floors":[76],"is_endless":true,"potions_floor_spawned":[1,10,11,18,23,25,39,44,45,47,48,50,56,57,58,64,67,69,70,73,75,78,79,80,82,84,86,87,89,91,93,97,99,101],"ascension_level":1}}