{"host":"o5or1zybx7au40zl","time":1608153732,"event":{"mods":["2.2 Compatiblity","Act Like it!","BaseMod","Better Third Choice","Conspire","Dota2Spire","GifTheSpireLib","Hubris","Infinite Spire","Minty Spire (QoL Compilation)","Replay The Spire","StSLib","The Bug Knight"],"gold_per_floor":[109,121,131,146,162,193,242,284,284,341,351,391,391,454,454,584,584,604,604,652,244,288,346,346,360,360,360,406,465,506,506,506],"floor_reached":31,"playtime":839,"items_purged":["ReplayTheSpireMod:Splinters"],"score":303,"play_id":"57dbbc82-1381-4bb2-a5fb-5f759e6c0d82","local_time":"20201216222212","is_ascension_mode":false,"campfire_choices":[{"floor":13,"key":"REST"},{"floor":15,"key":"REST"},{"floor":24,"key":"REST"}],"circlet_count":0,"master_deck":["Strike_R","Strike_R","Strike_R","Strike_R","Strike_R","Defend_R","Defend_R","Defend_R","Defend_R","Bash+1","Whirlwind","Bloodletting","Berserk","Whirlwind","Twin Strike","Reaper","Flex","Perfected Strike","Twin Strike","ReplayTheSpireMod:Limb From Limb","Demonic Infusion","Fiend Fire","AbeCurse","Perfected Strike","Life Link","Wild Strike","Metallicize","Perfected Strike","Pain","Inflame","Twin Strike","Metallicize+1"],"relics":["Burning Blood","Pear","Dota2Spire:HandOfMidas","conspire:Dentures","Pen Nib","Abe\u0027s Treasure","Nloth\u0027s Gift","Dota2Spire:AghanimScepter","Turnip","WarpedTongs","Happy Flower"],"acts_visited":["Exordium","TheCity"],"potions_floor_usage":[16,16,22,25,29,29],"damage_taken":[{"damage":8,"enemies":"2 Louse","floor":1,"turns":2},{"damage":0,"enemies":"Small Slimes","floor":2,"turns":2},{"damage":1,"enemies":"Cultist","floor":3,"turns":3},{"damage":0,"enemies":"Lots of Slimes","floor":4,"turns":1},{"damage":7,"enemies":"Gremlin Gang","floor":5,"turns":2},{"damage":34,"enemies":"Lagavulin","floor":6,"turns":7},{"damage":17,"enemies":"Looter","floor":8,"turns":4},{"damage":32,"enemies":"HollowMod:MossKnight","floor":10,"turns":9},{"damage":13,"enemies":"Red Slaver","floor":11,"turns":2},{"damage":9,"enemies":"Blue Slaver","floor":12,"turns":3},{"damage":28,"enemies":"Lagavulin","floor":14,"turns":6},{"damage":38,"enemies":"The Guardian","floor":16,"turns":8},{"damage":4,"enemies":"3 Byrds","floor":18,"turns":3},{"damage":10,"enemies":"Spheric Guardian","floor":20,"turns":3},{"damage":26,"enemies":"Cultist and Chosen","floor":22,"turns":6},{"damage":55,"enemies":"conspire:SneckoGhost","floor":23,"turns":5},{"damage":21,"enemies":"Snake Plant","floor":25,"turns":2},{"damage":12,"enemies":"Chosen and Byrds","floor":28,"turns":6},{"damage":16,"enemies":"conspire:Head Lice","floor":29,"turns":4},{"damage":16,"enemies":"Centurion and Healer","floor":30,"turns":5},{"damage":17,"enemies":"Snake Plant","floor":31,"turns":1}],"seed_played":"-881459799926597810","potions_obtained":[{"floor":3,"key":"SpeedPotion"},{"floor":5,"key":"Venom Potion"},{"floor":6,"key":"LifebloodPotion"},{"floor":12,"key":"Fire Potion"},{"floor":16,"key":"Block Potion"},{"floor":22,"key":"Elixir"},{"floor":23,"key":"LiquidMemories"},{"floor":29,"key":"Dexterity Potion"}],"is_trial":false,"path_per_floor":["M","M","M","M","M","E","?","M","T","E","M","M","R","E","R","B",null,"M","?","M","$","M","E","R","M","T","?","M","E","M","M"],"character_chosen":"IRONCLAD","items_purchased":["Dota2Spire:AghanimScepter","Life Link"],"campfire_rested":3,"item_purchase_floors":[21,21],"current_hp_per_floor":[78,80,80,80,79,61,61,54,54,28,21,18,45,27,54,22,90,90,90,86,86,69,20,47,33,33,33,27,17,12,0,0],"gold":506,"neow_bonus":"UPGRADE_CARD","is_daily":false,"chose_seed":false,"campfire_upgraded":0,"win_rate":0.0,"timestamp":1608153732,"path_taken":["M","M","M","M","M","E","?","M","T","E","M","M","R","E","R","BOSS","M","?","M","?","?","E","R","M","T","?","?","E","M","M"],"items_purchased_type":["Relic","Card"],"build_version":"2020-12-13","purchased_purges":1,"victory":false,"max_hp_per_floor":[80,80,80,80,80,90,90,90,90,90,90,90,90,90,90,90,90,90,90,90,90,90,90,90,90,90,90,90,90,90,90,90],"card_choices":[{"not_picked":["Clash","Defy Death"],"picked":"Whirlwind","floor":1},{"not_picked":["Shrug It Off","Iron Wave","Second Wind"],"picked":"SKIP","floor":2},{"not_picked":["hubris:ReadiedAction","Warcry","Dual Wield"],"picked":"SKIP","floor":3},{"not_picked":["Run Through","conspire:ExplosiveBarrier"],"picked":"Bloodletting","floor":4},{"not_picked":["Armaments","Twin Strike"],"picked":"Berserk","floor":5},{"not_picked":["Clash","Wild Strike"],"picked":"Whirlwind","floor":6},{"not_picked":["Warcry","Sword Boomerang"],"picked":"Twin Strike","floor":7},{"not_picked":["hubris:CleavingFinish","ReplayReversal"],"picked":"Reaper","floor":7},{"not_picked":["Run Through","Headbutt"],"picked":"Flex","floor":8},{"not_picked":["Sever Soul","Iron Wave"],"picked":"Perfected Strike","floor":10},{"not_picked":["Massacre","infinitespire:OneForAll"],"picked":"Twin Strike","floor":11},{"not_picked":["Seeing Red","Anger"],"picked":"ReplayTheSpireMod:Limb From Limb","floor":12},{"not_picked":["Pommel Strike","Wild Strike"],"picked":"Demonic Infusion","floor":14},{"not_picked":["Barricade","conspire:Purge"],"picked":"Fiend Fire","floor":16},{"not_picked":["Iron Wave","Rage"],"picked":"Perfected Strike","floor":18},{"not_picked":["Battle Trance","hubris:ReadiedAction","ReplayReversal"],"picked":"SKIP","floor":20},{"not_picked":["Cleave","Iron Wave+1"],"picked":"Wild Strike","floor":22},{"not_picked":["ReplayTheSpireMod:Strike From Hell","hubris:StunningStrike"],"picked":"Metallicize","floor":23},{"not_picked":["Headbutt","Thunderclap+1"],"picked":"Perfected Strike","floor":25},{"not_picked":["True Grit","conspire:HitWhereItHurts"],"picked":"Inflame","floor":28},{"not_picked":["Rage","Juggernaut"],"picked":"Twin Strike","floor":29},{"not_picked":["Flex","Blood for Blood"],"picked":"Metallicize+1","floor":30}],"player_experience":966745,"relics_obtained":[{"floor":6,"key":"Pear"},{"floor":7,"key":"Dota2Spire:HandOfMidas"},{"floor":9,"key":"conspire:Dentures"},{"floor":10,"key":"Pen Nib"},{"floor":14,"key":"Dota2Spire:MantaStyle"},{"floor":23,"key":"Turnip"},{"floor":29,"key":"Happy Flower"}],"event_choices":[{"damage_healed":0,"gold_gain":0,"player_choice":"Traded Relic","damage_taken":0,"relics_obtained":["Nloth\u0027s Gift"],"max_hp_gain":0,"max_hp_loss":0,"event_name":"N\u0027loth","floor":19,"relics_lost":["Dota2Spire:MantaStyle"],"gold_loss":0},{"damage_healed":0,"gold_gain":0,"player_choice":"Rummage","damage_taken":0,"relics_obtained":["WarpedTongs"],"max_hp_gain":0,"max_hp_loss":0,"event_name":"Accursed Blacksmith","floor":27,"gold_loss":0,"cards_obtained":["Pain"]}],"is_beta":false,"boss_relics":[{"not_picked":["ReplayTheSpireMod:SealedPack","ChewingGum"],"picked":"Abe\u0027s Treasure"}],"items_purged_floors":[21],"is_endless":false,"potions_floor_spawned":[3,5,6,10,12,16,22,23,29],"killed_by":"Snake Plant","ascension_level":0}}