{"host":"naykp6d9ulahlwib","time":1608102084,"event":{"mods":["BaseMod","Highlight Path","Minty Spire (QoL Compilation)","StSLib"],"gold_per_floor":[15,33,50,50,69,69,126,126,126,156,173,173,138,150,150,251,251,266,266,286,301,400,426,122,122,175,175,185,195,195,207,207,310,310,328,328,346,358,108,108,143,143,222,241,241,241,266,12,12,12],"floor_reached":51,"playtime":6292,"items_purged":["Strike_P","Strike_P"],"score":1118,"play_id":"d3552cd8-82c2-483a-93b6-1dd7ff01a59c","local_time":"20201216010124","is_ascension_mode":true,"campfire_choices":[{"floor":6.0,"key":"REST"},{"floor":8.0,"key":"REST"},{"data":"Eruption","floor":15.0,"key":"PURGE"},{"data":"Defend_P","floor":25.0,"key":"PURGE"},{"data":"Defend_P","floor":30.0,"key":"PURGE"},{"floor":32.0,"key":"REST"},{"floor":40.0,"key":"REST"},{"floor":42.0,"key":"REST"},{"data":"Defend_P","floor":45.0,"key":"PURGE"},{"floor":49,"key":"RECALL"}],"circlet_count":0,"master_deck":["Vigilance","JustLucky","Tantrum","Wallop","Pray+1","Alpha+1","DeusExMachina+1","SpiritShield+1","Protect+1","Meditate+1","Sanctity+1","SashWhip+1","Vault+1","Prostrate+1","WaveOfTheHand+1","Establishment"],"relics":["PureWater","Toxic Egg 2","Ornamental Fan","HornCleat","Peace Pipe","Fusion Hammer","Blood Vial","ClockworkSouvenir","Damaru","WingedGreaves","VioletLotus","Pen Nib","Bottled Flame","Pantograph","GoldenEye","Kunai"],"acts_visited":["Exordium","TheCity","TheBeyond"],"potions_floor_usage":[50,50],"damage_taken":[{"damage":0.0,"enemies":"Cultist","floor":1.0,"turns":3.0},{"damage":0.0,"enemies":"2 Louse","floor":2.0,"turns":1.0},{"damage":2.0,"enemies":"Jaw Worm","floor":3.0,"turns":3.0},{"damage":0.0,"enemies":"2 Fungi Beasts","floor":5.0,"turns":2.0},{"damage":12.0,"enemies":"Gremlin Nob","floor":7.0,"turns":3.0},{"damage":3.0,"enemies":"Lagavulin","floor":10.0,"turns":5.0},{"damage":9.0,"enemies":"3 Louse","floor":11.0,"turns":2.0},{"damage":0.0,"enemies":"Blue Slaver","floor":14.0,"turns":3.0},{"damage":10.0,"enemies":"Hexaghost","floor":16.0,"turns":6.0},{"damage":0.0,"enemies":"Chosen","floor":18.0,"turns":3.0},{"damage":0.0,"enemies":"Spheric Guardian","floor":20.0,"turns":3.0},{"damage":1.0,"enemies":"Snecko","floor":21.0,"turns":4.0},{"damage":1.0,"enemies":"Book of Stabbing","floor":23.0,"turns":5.0},{"damage":0.0,"enemies":"Snake Plant","floor":28.0,"turns":4.0},{"damage":0.0,"enemies":"3 Cultists","floor":29.0,"turns":4.0},{"damage":23.0,"enemies":"Centurion and Healer","floor":31.0,"turns":4.0},{"damage":4.0,"enemies":"Champ","floor":33.0,"turns":8.0},{"damage":0.0,"enemies":"Orb Walker","floor":35.0,"turns":4.0},{"damage":13.0,"enemies":"3 Darklings","floor":37.0,"turns":5.0},{"damage":21.0,"enemies":"Jaw Worm Horde","floor":38.0,"turns":2.0},{"damage":22.0,"enemies":"Nemesis","floor":41.0,"turns":8.0},{"damage":0.0,"enemies":"4 Shapes","floor":44.0,"turns":4.0},{"damage":0,"enemies":"Giant Head","floor":47,"turns":7},{"damage":11,"enemies":"Awakened One","floor":50,"turns":11}],"seed_played":"212299948476895220","potions_obtained":[{"floor":2.0,"key":"Explosive Potion"},{"floor":7.0,"key":"Block Potion"},{"floor":16.0,"key":"Ambrosia"},{"floor":18.0,"key":"SkillPotion"},{"floor":19.0,"key":"PowerPotion"},{"floor":21.0,"key":"FairyPotion"},{"floor":31.0,"key":"Dexterity Potion"}],"is_trial":false,"path_per_floor":["M","M","M","?","M","R","?","R","T","E","M","?","?","M","R","B",null,"M","?","M","M","?","E","$","R","T","T","M","M","R","M","R","B",null,"M","T","M","M","$","R","E","R","T","M","R","?","E","$","R","B",null],"character_chosen":"WATCHER","items_purchased":["ClockworkSouvenir","Meditate+1","Establishment","Kunai"],"campfire_rested":5,"item_purchase_floors":[24,24,39,48],"current_hp_per_floor":[65,65,63,38,38,59,47,68,68,65,56,49,67,67,67,57,68,68,68,68,67,67,66,66,66,66,66,68,70,70,49,70,68,71,72,72,59,40,40,61,41,62,62,64,64,64,66,66,66,61],"gold":12,"neow_bonus":"REMOVE_TWO","is_daily":false,"chose_seed":false,"campfire_upgraded":0,"win_rate":0.0,"timestamp":1608102084,"path_taken":["M","M","?","?","M","R","?","R","T","E","M","?","?","M","R","BOSS","M","?","M","?","?","E","$","R","T","?","M","M","R","M","R","BOSS","M","?","M","M","$","R","E","R","T","?","R","?","E","$","R","BOSS"],"items_purchased_type":["Relic","Card","Card","Relic"],"build_version":"2020-12-13","purchased_purges":2,"victory":true,"max_hp_per_floor":[72,72,72,72,72,72,72,72,72,72,72,72,72,72,72,72,72,72,72,72,72,72,72,72,72,72,72,72,72,72,72,72,72,72,72,72,72,72,72,72,72,72,72,72,72,72,72,72,72,72],"card_choices":[{"not_picked":["CrushJoints","BattleHymn"],"picked":"JustLucky","floor":1.0},{"not_picked":["Evaluate","SashWhip"],"picked":"Tantrum","floor":2.0},{"not_picked":["CrushJoints","PathToVictory"],"picked":"Wallop","floor":3.0},{"not_picked":["CutThroughFate","FlyingSleeves"],"picked":"Pray+1","floor":5.0},{"not_picked":["EmptyBody+1","PathToVictory+1"],"picked":"Alpha+1","floor":7.0},{"not_picked":["FollowUp","Evaluate+1","FlurryOfBlows"],"picked":"SKIP","floor":10.0},{"not_picked":["CrushJoints","TalkToTheHand","FlurryOfBlows"],"picked":"SKIP","floor":11.0},{"not_picked":["Consecrate","Weave"],"picked":"DeusExMachina+1","floor":14.0},{"not_picked":["ConjureBlade+1","Vault+1"],"picked":"SpiritShield+1","floor":16.0},{"not_picked":["JustLucky","EmptyBody+1"],"picked":"Protect+1","floor":18.0},{"not_picked":["Nirvana","ThirdEye+1","BattleHymn"],"picked":"SKIP","floor":20.0},{"not_picked":["JustLucky+1","PathToVictory+1","SandsOfTime"],"picked":"SKIP","floor":21.0},{"not_picked":["EmptyBody+1","Halt+1","DeusExMachina+1"],"picked":"SKIP","floor":23.0},{"not_picked":["Halt+1","JustLucky","Indignation+1"],"picked":"SKIP","floor":28.0},{"not_picked":["PathToVictory+1","Protect+1"],"picked":"Sanctity+1","floor":29.0},{"not_picked":["Nirvana","Fasting2"],"picked":"SashWhip+1","floor":31.0},{"not_picked":["DeusExMachina+1","Alpha+1"],"picked":"Vault+1","floor":33.0},{"not_picked":["CutThroughFate","Protect+1"],"picked":"Prostrate+1","floor":35.0},{"not_picked":["Pray+1","CarveReality+1","EmptyMind+1"],"picked":"SKIP","floor":37.0},{"not_picked":["Halt+1","Pray+1"],"picked":"WaveOfTheHand+1","floor":38.0},{"not_picked":["Adaptation","Weave+1"],"picked":"MentalFortress+1","floor":41.0},{"not_picked":["MentalFortress","CarveReality+1","Tantrum"],"picked":"SKIP","floor":44.0},{"not_picked":["Halt+1","FlyingSleeves+1","ReachHeaven+1"],"picked":"SKIP","floor":47}],"player_experience":766922,"relics_obtained":[{"floor":7.0,"key":"Ornamental Fan"},{"floor":9.0,"key":"HornCleat"},{"floor":10.0,"key":"Peace Pipe"},{"floor":23.0,"key":"Blood Vial"},{"floor":26.0,"key":"Damaru"},{"floor":27.0,"key":"WingedGreaves"},{"floor":36.0,"key":"Pen Nib"},{"floor":41.0,"key":"Bottled Flame"},{"floor":43.0,"key":"Pantograph"},{"floor":47,"key":"GoldenEye"}],"event_choices":[{"damage_healed":0.0,"max_hp_gain":0.0,"max_hp_loss":0.0,"gold_gain":0.0,"event_name":"Scrap Ooze","player_choice":"Success","floor":4.0,"gold_loss":0.0,"damage_taken":25.0,"relics_obtained":["Toxic Egg 2"]},{"damage_healed":0.0,"max_hp_gain":0.0,"max_hp_loss":0.0,"gold_gain":0.0,"event_name":"Dead Adventurer","player_choice":"Searched \u00272\u0027 times","floor":7.0,"gold_loss":0.0,"damage_taken":0.0},{"cards_removed":["Strike_P"],"damage_healed":0.0,"max_hp_gain":0.0,"max_hp_loss":0.0,"gold_gain":0.0,"event_name":"Golden Wing","player_choice":"Card Removal","floor":12.0,"gold_loss":0.0,"damage_taken":7.0},{"damage_healed":18.0,"max_hp_gain":0.0,"max_hp_loss":0.0,"gold_gain":0.0,"event_name":"The Cleric","player_choice":"Healed","floor":13.0,"gold_loss":35.0,"damage_taken":0.0},{"damage_healed":0.0,"max_hp_gain":0.0,"max_hp_loss":0.0,"gold_gain":0.0,"event_name":"Lab","player_choice":"Got Potions","floor":19.0,"gold_loss":0.0,"damage_taken":0.0},{"damage_healed":0.0,"max_hp_gain":0.0,"max_hp_loss":0.0,"gold_gain":99.0,"event_name":"Nest","player_choice":"Stole From Cult","floor":22.0,"gold_loss":0.0,"damage_taken":0.0},{"cards_removed":["MentalFortress"],"damage_healed":0,"gold_gain":0,"player_choice":"Removed Power","damage_taken":0,"max_hp_gain":0,"max_hp_loss":0,"event_name":"Falling","floor":46,"gold_loss":0}],"is_beta":false,"boss_relics":[{"not_picked":["Runic Pyramid","Velvet Choker"],"picked":"Fusion Hammer"},{"not_picked":["Runic Dome","Coffee Dripper"],"picked":"VioletLotus"}],"items_purged_floors":[24,39],"is_endless":false,"potions_floor_spawned":[2,7,16,18,21,31,37,41,44,47],"ascension_level":9}}