{"host":"c9m2z2wmcavfgdp8","time":1608152542,"event":{"mods":["2.2 Compatiblity","Act Like it!","Aspiration","BaseMod","Better Third Choice","Conspire","Downfall","Ekko","Elementarium","Energized Spire","Friendly Minions","GifTheSpireLib","Hallownest","Hermit","Hubris","Infinite Spire","Jorbs\u0027s Wanderer Trilogy","Koishi","Luminous","Marisa????????","Menagerie","Minty Spire (QoL Compilation)","Pale of the Ancients","Permanent Neow","Potionbrewer","Prisma Mod","READ ME - Guardian Mod","Remilia??????","Replay The Spire","SCP261 Mod","Shop Mod","StSLib","The Animator","The Blackbeard","The Bug Knight","The Cursed","The Death Knight","The Disciple","The Exalted","The Hierophant","The Necromancer","The Servant 0.9.4","TheBandit","TheFirefly"],"gold_per_floor":[99,128,128,128,32,32,81,107,126,126,9,22,7,7,18,121,121,121,121,148,148,167,190,214,214,269,269,281,294,294,325,337,434,434,434,419,438,438,452,495,495,495,514,540,113,131,149,149,171,171],"floor_reached":51,"playtime":6311,"items_purged":["stsjorbsmod:Strike_Wanderer","ReplayTheSpireMod:Splinters"],"score":1087,"play_id":"d4ab65ef-c71d-4e45-a19a-99138fa01156","local_time":"20201216220222","is_ascension_mode":false,"campfire_choices":[{"data":"ReplayTheSpireMod:Brewmster","floor":1,"key":"SMITH"},{"floor":10,"key":"REST"},{"data":"stsjorbsmod:Determination","floor":18,"key":"SMITH"},{"floor":21,"key":"RECALL"},{"floor":27,"key":"REST"},{"data":"Replay:Fractal Strike","floor":35,"key":"SMITH"},{"data":"Pot Of Greed","floor":42,"key":"SMITH"}],"circlet_count":0,"master_deck":["stsjorbsmod:ForbiddenGrimoire+1","stsjorbsmod:Strike_Wanderer+1","stsjorbsmod:Strike_Wanderer+1","stsjorbsmod:Defend_Wanderer+1","stsjorbsmod:Defend_Wanderer+1","stsjorbsmod:FreshAdventure+1","stsjorbsmod:EyeOfTheStorm+1","ReplayTheSpireMod:Brewmster+1","stsjorbsmod:SchoolsOfMagic","stsjorbsmod:ColorSpray+1","stsjorbsmod:SmithingStrike+1","stsjorbsmod:TinyHut+1","stsjorbsmod:GatherPower+1","stsjorbsmod:ArcaneWeapon","stsjorbsmod:ScorchingRay","stsjorbsmod:ArcaneWeapon+1","stsjorbsmod:FindFamiliar+1","stsjorbsmod:TollTheDead","stsjorbsmod:Determination+1","ReplayTheSpireMod:Brewmster+1","stsjorbsmod:MagicMissiles+1","stsjorbsmod:Channel+1","stsjorbsmod:SiphonEnergy+1","Replay:Fractal Strike+1","stsjorbsmod:FranticSearch","stsjorbsmod:ArcaneWeapon+1","stsjorbsmod:Feast+1","stsjorbsmod:FranticSearch+1","Pot Of Greed+1","Pot Of Greed+1","Pot Of Greed","expansioncontent:Corrupt","stsjorbsmod:ArcaneWeapon+1","hubris:NaturalOne"],"relics":["stsjorbsmod:GrimoireRelic","Anchor","Ancient Tea Set","Pantograph","infinitespire:Cupcake","Meat on the Bone","Akabeko","potionbrewer:BhaskarasWheel","ChewingGum","hubris:GlazedTorus","Replay:Mystery Machine","Grinning Jar","hubris:TenFootPole","ReplayTheSpireMod:TigerMarble","hubris:Icosahedron"],"acts_visited":["Exordium","TheCity","TheBeyond"],"potions_floor_usage":[2,2,5,5,5,8,8,8,8,8,8,9,11,13,13,16,16,16,16,16,20,20,20,20,22,23,23,23,23,23,23,23,23,23,25,25,26,28,28,29,31,31,31,31,32,32,33,33,33,33,33,33,33,33,33,33,36,36,36,37,37,37,39,40,40,44,44,44,44,44,44,46,46,46,47,47,50,50,50,50,50],"damage_taken":[{"damage":22,"enemies":"3 Sentries","floor":2,"turns":6},{"damage":0,"enemies":"downfall:FleeingMerchant","floor":5,"turns":5},{"damage":27,"enemies":"Gremlin Nob","floor":8,"turns":4},{"damage":5,"enemies":"Jaw Worm","floor":9,"turns":4},{"damage":0,"enemies":"downfall:FleeingMerchant","floor":11,"turns":4},{"damage":0,"enemies":"2 Louse","floor":12,"turns":1},{"damage":3,"enemies":"downfall:FleeingMerchant","floor":13,"turns":4},{"damage":0,"enemies":"Small Slimes","floor":15,"turns":2},{"damage":4,"enemies":"downfall:Watcher","floor":16,"turns":5},{"damage":3,"enemies":"Chosen","floor":20,"turns":4},{"damage":23,"enemies":"Spheric Guardian","floor":22,"turns":4},{"damage":44,"enemies":"Centurion and Healer","floor":23,"turns":7},{"damage":12,"enemies":"Book of Stabbing","floor":25,"turns":3},{"damage":6,"enemies":"Snecko","floor":28,"turns":4},{"damage":24,"enemies":"Cultist and Chosen","floor":29,"turns":5},{"damage":12,"enemies":"Chosen and Byrds","floor":31,"turns":5},{"damage":0,"enemies":"Centurion and Healer","floor":32,"turns":3},{"damage":9,"enemies":"downfall:Silent","floor":33,"turns":6},{"damage":0,"enemies":"downfall:FleeingMerchant","floor":36,"turns":2},{"damage":23,"enemies":"3 Darklings","floor":37,"turns":4},{"damage":5,"enemies":"Orb Walker","floor":39,"turns":3},{"damage":0,"enemies":"Nemesis","floor":40,"turns":4},{"damage":0,"enemies":"Sphere and 2 Shapes","floor":43,"turns":2},{"damage":2,"enemies":"Giant Head","floor":44,"turns":5},{"damage":0,"enemies":"Transient","floor":46,"turns":5},{"damage":0,"enemies":"Maw","floor":47,"turns":3},{"damage":0,"enemies":"3 Darklings","floor":49,"turns":3},{"damage":0,"enemies":"downfall:Ironclad","floor":50,"turns":4}],"seed_played":"-1111628596560444519","potions_obtained":[{"floor":8,"key":"SpeedPotion"},{"floor":12,"key":"PowerPotion"},{"floor":16,"key":"Regen Potion"},{"floor":22,"key":"Reflective Coating"},{"floor":29,"key":"sneckomod:MuddlingPotion"},{"floor":32,"key":"SCP261:SweetSwarmPotion"},{"floor":33,"key":"Energy Potion"},{"floor":37,"key":"EntropicBrew"},{"floor":44,"key":"ColorlessPotion"},{"floor":46,"key":"SCP261:BarrettColaPotion"},{"floor":47,"key":"potionbrewer:HastePotion"}],"is_trial":false,"path_per_floor":["R","E","?","?","$","?","T","E","M","R","$","M","$","?","M","B",null,"R","?","M","R","M","M","T","E","?","R","M","M","AVR","M","M","B",null,"R","$","M","?","M","E","T","R","M","E","$","M","M","?","M","B",null],"character_chosen":"WANDERER","items_purchased":["stsjorbsmod:SmithingStrike","stsjorbsmod:ArcaneWeapon","hubris:GlazedTorus","Adrenaline Potion","ReplayTheSpireMod:TigerMarble","expansioncontent:Corrupt"],"campfire_rested":2,"item_purchase_floors":[5,11,36,36,45,45],"current_hp_per_floor":[62,42,42,42,44,44,44,19,15,33,36,36,35,35,36,61,62,62,62,62,62,42,16,16,6,6,24,33,27,27,31,49,60,62,62,62,64,64,66,68,68,68,68,70,70,70,72,72,74,78],"gold":171,"neow_bonus":"RANDOM_COLORLESS_2","is_daily":false,"chose_seed":false,"campfire_upgraded":4,"win_rate":0.0,"timestamp":1608152542,"path_taken":["R","E","?","?","$","?","T","E","M","R","?","M","$","?","M","BOSS","R","?","?","R","?","M","T","E","?","R","M","M","AVR","M","M","BOSS","R","$","M","?","M","E","T","R","M","E","$","M","M","?","M","BOSS"],"items_purchased_type":["Card","Card","Relic","Potion","Relic","Card"],"build_version":"2020-12-13","purchased_purges":2,"victory":true,"max_hp_per_floor":[62,62,62,62,62,62,62,62,62,62,62,62,62,62,62,62,62,62,62,62,62,62,62,62,62,62,62,62,62,62,62,62,62,62,62,62,64,64,66,68,68,68,68,70,70,70,72,72,74,78],"card_choices":[{"not_picked":["Transmutation","Panache"],"picked":"ReplayTheSpireMod:Brewmster","floor":0},{"not_picked":["stsjorbsmod:UnseenServant","stsjorbsmod:DoubleCheck"],"picked":"stsjorbsmod:SchoolsOfMagic","floor":2},{"not_picked":["stsjorbsmod:TrueStrike","stsjorbsmod:PurgeMind"],"picked":"stsjorbsmod:ColorSpray","floor":5},{"not_picked":["stsjorbsmod:DisguiseSelf","stsjorbsmod:RayOfFrost","stsjorbsmod:Will"],"picked":"SKIP","floor":8},{"not_picked":["stsjorbsmod:Counterspell","stsjorbsmod:Hurt"],"picked":"stsjorbsmod:TinyHut","floor":9},{"not_picked":["stsjorbsmod:Rest","stsjorbsmod:ParryingBlow"],"picked":"stsjorbsmod:GatherPower","floor":11},{"not_picked":["stsjorbsmod:Prestidigitation","stsjorbsmod:ChainLightning"],"picked":"stsjorbsmod:ScorchingRay","floor":12},{"not_picked":["stsjorbsmod:Materialize","stsjorbsmod:Patron"],"picked":"stsjorbsmod:ArcaneWeapon","floor":13},{"not_picked":["stsjorbsmod:WeightOfMemory","stsjorbsmod:Prestidigitation"],"picked":"stsjorbsmod:TollTheDead","floor":15},{"not_picked":["stsjorbsmod:IvoryTower","stsjorbsmod:Withdraw"],"picked":"stsjorbsmod:Determination","floor":16},{"not_picked":["stsjorbsmod:TrueStrike","stsjorbsmod:Will","stsjorbsmod:Message"],"picked":"SKIP","floor":20},{"not_picked":["stsjorbsmod:DisguiseSelf+1","stsjorbsmod:WanderingMind","stsjorbsmod:RefuseToForget+1"],"picked":"SKIP","floor":22},{"not_picked":["stsjorbsmod:FaerieFire+1","stsjorbsmod:Message"],"picked":"stsjorbsmod:MagicMissiles+1","floor":23},{"not_picked":["stsjorbsmod:Materialize+1","stsjorbsmod:Prepare"],"picked":"stsjorbsmod:Channel+1","floor":26},{"not_picked":["stsjorbsmod:UnseenServant","stsjorbsmod:TinyHut+1","stsjorbsmod:TrueStrike+1"],"picked":"SKIP","floor":28},{"not_picked":["stsjorbsmod:ChainLightning","stsjorbsmod:Mindworm"],"picked":"stsjorbsmod:SiphonEnergy","floor":29},{"not_picked":["stsjorbsmod:BurningFlask+1","stsjorbsmod:Channel+1"],"picked":"stsjorbsmod:FranticSearch","floor":31},{"not_picked":["stsjorbsmod:ScorchingRay","stsjorbsmod:Index"],"picked":"stsjorbsmod:ArcaneWeapon","floor":32},{"not_picked":["stsjorbsmod:ArcaneForm","stsjorbsmod:DeathThroes"],"picked":"stsjorbsmod:Feast","floor":33},{"not_picked":["stsjorbsmod:DoubleCheck+1","stsjorbsmod:Prestidigitation","stsjorbsmod:Index+1"],"picked":"SKIP","floor":36},{"not_picked":["stsjorbsmod:FaerieFire+1","stsjorbsmod:WeightOfMemory+1"],"picked":"stsjorbsmod:FranticSearch+1","floor":37},{"not_picked":["stsjorbsmod:Prepare","stsjorbsmod:Hurt","stsjorbsmod:FlameWard+1"],"picked":"SKIP","floor":39},{"not_picked":["stsjorbsmod:UnseenServant+1","stsjorbsmod:TinyHut+1","stsjorbsmod:ParryingBlow"],"picked":"SKIP","floor":40},{"not_picked":["stsjorbsmod:SmithingStrike","stsjorbsmod:Rest+1","stsjorbsmod:FindFamiliar+1"],"picked":"SKIP","floor":43},{"not_picked":["stsjorbsmod:Prestidigitation+1","stsjorbsmod:WanderingMind","stsjorbsmod:FaerieFire"],"picked":"SKIP","floor":44},{"not_picked":["stsjorbsmod:FracturedMind+1","stsjorbsmod:ThirstingSword"],"picked":"stsjorbsmod:ArcaneWeapon+1","floor":46},{"not_picked":["stsjorbsmod:RayOfFrost","stsjorbsmod:Will","stsjorbsmod:Firebolt"],"picked":"SKIP","floor":47},{"not_picked":["stsjorbsmod:AnimateObjects+1","stsjorbsmod:TrueStrike","stsjorbsmod:Mania+1"],"picked":"SKIP","floor":49}],"player_experience":1640036,"relics_obtained":[{"floor":2,"key":"Anchor"},{"floor":7,"key":"Ancient Tea Set"},{"floor":8,"key":"Pantograph"},{"floor":26,"key":"Meat on the Bone"},{"floor":40,"key":"Replay:Mystery Machine"},{"floor":41,"key":"Grinning Jar"},{"floor":44,"key":"hubris:TenFootPole"}],"event_choices":[{"damage_healed":0,"gold_gain":0,"player_choice":"Leave","damage_taken":0,"max_hp_gain":0,"max_hp_loss":0,"event_name":"conspire:Investor","floor":4,"gold_loss":0},{"damage_healed":0,"gold_gain":0,"cards_transformed":["stsjorbsmod:Defend_Wanderer"],"player_choice":"Transformed","damage_taken":0,"max_hp_gain":0,"max_hp_loss":0,"event_name":"Transmorgrifier","floor":14,"gold_loss":0,"cards_obtained":["stsjorbsmod:FindFamiliar"]},{"damage_healed":0,"gold_gain":0,"player_choice":"Copied","damage_taken":0,"max_hp_gain":0,"max_hp_loss":0,"event_name":"Duplicator","floor":19,"gold_loss":0,"cards_obtained":["ReplayTheSpireMod:Brewmster"]}],"is_beta":false,"boss_relics":[{"not_picked":["hubris:Backtick","aspiration:PoetsPen_weak"],"picked":"infinitespire:Cupcake"},{"not_picked":["aspiration:RitualDagger","energizedSpire:RedRose"],"picked":"ChewingGum"}],"items_purged_floors":[11,45],"is_endless":false,"potions_floor_spawned":[8,12,15,16,22,25,29,32,33,37,40,44,46,47],"ascension_level":0}}