{"host":"oiai0qxasotny765","time":1608150021,"event":{"mods":["2.2 Compatiblity","AchievementEnabler","BaseMod","Colored Map","Minty Spire (QoL Compilation)","Permanent Neow","Relic Stats","StSLib","SuperFastMode","everything is the same but u backflip on backflip"],"gold_per_floor":[16,26,39,39,39,66,83,83,83,8,8,8],"floor_reached":11,"playtime":322,"items_purged":["Strike_G"],"score":128,"play_id":"085e471b-16b3-441e-92d8-9bf4f10f0144","local_time":"20201217052021","is_ascension_mode":true,"campfire_choices":[{"floor":8.0,"key":"REST"}],"circlet_count":0,"master_deck":["AscendersBane","Strike_G","Strike_G","Defend_G","Defend_G","Defend_G","Survivor","Neutralize","Caltrops","Setup","Dagger Spray","Calculated Gamble","Malaise","Footwork"],"relics":["Ring of the Snake","Bronze Scales","Juzu Bracelet"],"acts_visited":["Exordium"],"potions_floor_usage":[11],"damage_taken":[{"damage":2.0,"enemies":"Small Slimes","floor":1.0,"turns":3.0},{"damage":1.0,"enemies":"Cultist","floor":2.0,"turns":5.0},{"damage":0.0,"enemies":"Jaw Worm","floor":3.0,"turns":5.0},{"damage":24.0,"enemies":"3 Sentries","floor":6.0,"turns":6.0},{"damage":6.0,"enemies":"Exordium Thugs","floor":7.0,"turns":4.0},{"damage":86,"enemies":"Gremlin Nob","floor":11,"turns":6}],"seed_played":"3273758751949419434","potions_obtained":[{"floor":2.0,"key":"SneckoOil"},{"floor":3.0,"key":"PowerPotion"}],"is_trial":false,"path_per_floor":["M","M","M","?","?","E","M","R","T","$","E"],"character_chosen":"THE_SILENT","items_purchased":[],"campfire_rested":1,"item_purchase_floors":[],"current_hp_per_floor":[57,56,56,49,49,25,19,38,38,38,0,0],"gold":8,"neow_bonus":"TRANSFORM_TWO_CARDS","is_daily":false,"chose_seed":false,"campfire_upgraded":0,"win_rate":0.0,"timestamp":1608150021,"path_taken":["M","M","M","?","?","E","M","R","T","$","E"],"items_purchased_type":[],"build_version":"2020-12-13","purchased_purges":1,"victory":false,"max_hp_per_floor":[66,66,66,66,66,66,66,66,66,66,66,66],"relic_stats":{"counters":[6,29],"Bronze Scales":[21],"Juzu Bracelet":0,"obtain_stats":[{"Bronze Scales":6,"Juzu Bracelet":9,"Ring of the Snake":0},{"Bronze Scales":4,"Juzu Bracelet":5,"Ring of the Snake":0},{"Bronze Scales":19,"Juzu Bracelet":23,"Ring of the Snake":0}],"Ring of the Snake":[12]},"card_choices":[{"not_picked":["Quick Slash","PiercingWail","Bane"],"picked":"SKIP","floor":1.0},{"not_picked":["Deflect","Dagger Throw"],"picked":"Dagger Spray","floor":2.0},{"not_picked":["Outmaneuver","Bane"],"picked":"Calculated Gamble","floor":3.0},{"not_picked":["Flying Knee","Underhanded Strike"],"picked":"Footwork","floor":6.0},{"not_picked":["Outmaneuver","Dagger Spray","Catalyst"],"picked":"SKIP","floor":7.0}],"player_experience":262385,"relics_obtained":[{"floor":6.0,"key":"Bronze Scales"},{"floor":9.0,"key":"Juzu Bracelet"}],"event_choices":[{"cards_removed":["Strike_G"],"damage_healed":0.0,"max_hp_gain":0.0,"max_hp_loss":0.0,"gold_gain":0.0,"event_name":"Golden Wing","player_choice":"Card Removal","floor":4.0,"gold_loss":0.0,"damage_taken":7.0},{"damage_healed":0.0,"max_hp_gain":0.0,"max_hp_loss":0.0,"gold_gain":0.0,"cards_transformed":["Defend_G"],"event_name":"Transmorgrifier","player_choice":"Transformed","floor":5.0,"gold_loss":0.0,"damage_taken":0.0,"cards_obtained":["Malaise"]}],"is_beta":false,"boss_relics":[],"items_purged_floors":[10],"is_endless":false,"potions_floor_spawned":[2,3],"killed_by":"Gremlin Nob","ascension_level":15}}