{"host":"3c27c697js19kaoo","time":1608113293,"event":{"mods":["Bard","BaseMod","Dota2Spire","Hermit","Minty Spire (QoL Compilation)","Quick Restart","Remilia£®¿Ÿ√◊¿Ú—«£©","Replay The Spire","Robot Space Explorer","Spicy Shops","StSLib","The Alterego","The Cursed","The Hierophant","The Servant 0.9.4","vexMod","°æ“≈ŒÔø®≈∆°øREMEMod"],"gold_per_floor":[119,169,169,21,32,64,6,6,31,31,48,67,67,84,84,183,183],"floor_reached":16,"playtime":1698,"items_purged":[],"score":225,"play_id":"3db3de94-a6a3-43bd-8e0b-92070a0a3933","local_time":"20201216180813","is_ascension_mode":false,"campfire_choices":[{"data":"SoulSculpture","floor":8,"key":"SMITH"},{"data":"bard:Flourish","floor":15,"key":"SMITH"}],"circlet_count":0,"master_deck":["bard:Strike","bard:Strike","bard:Strike","bard:Strike","bard:Defend","bard:Defend","bard:Defend","bard:Defend","bard:Inspire","SoulSculpture+1","bard:SixFourTime","Neutralize","bard:EchoEcho","bard:GlyphOfWarding","bard:DiscordantVoice+1","bard:Flourish+1","ReplayTheSpireMod:Doomed","bard:FaerieFire","bard:MnemonicVestments+1"],"relics":["bard:BagPipes","REME_ComplimentaryCards","NeowsBlessing","ReplayTheSpireMod:Ring of Challenge","Ring of Greed","Golden Egg","Replay:Wax Seal","m_ChordRing","vexMod:Spyglass","bard:OilPainting","Regal Pillow","Toy Ornithopter"],"acts_visited":["Exordium"],"potions_floor_usage":[],"damage_taken":[{"damage":0,"enemies":"Small Slimes","floor":1,"turns":1},{"damage":0,"enemies":"Jaw Worm","floor":5,"turns":1},{"damage":0,"enemies":"Replay:BlueRogue","floor":6,"turns":1},{"damage":0,"enemies":"Cultist","floor":11,"turns":3},{"damage":10,"enemies":"2 Fungi Beasts","floor":12,"turns":3},{"damage":0,"enemies":"Looter","floor":14,"turns":1},{"damage":0,"enemies":"Slime Boss","floor":16,"turns":5}],"seed_played":"3434124558039368712","potions_obtained":[{"floor":6,"key":"SmokeBomb"},{"floor":14,"key":"Dota2Spire:Clarity"},{"floor":16,"key":"Fire Potion"}],"is_trial":false,"path_per_floor":["M","?","?","$","M","E","$","R","T","$","M","M","T","M","R","B"],"character_chosen":"BARD","items_purchased":["vexMod:Spyglass","bard:DiscordantVoice+1"],"campfire_rested":0,"item_purchase_floors":[4,7],"current_hp_per_floor":[70,70,70,70,70,70,70,70,70,70,70,60,60,60,60,60,60],"gold":183,"neow_bonus":"THREE_ENEMY_KILL","is_daily":false,"chose_seed":false,"campfire_upgraded":2,"win_rate":0.0,"timestamp":1608113293,"path_taken":["M","?","?","?","M","E","$","R","T","$","M","M","?","M","R","BOSS"],"items_purchased_type":["Relic","Card"],"build_version":"2020-12-13","purchased_purges":0,"victory":false,"max_hp_per_floor":[70,70,70,70,70,70,70,70,70,70,70,70,70,70,70,70,70],"card_choices":[{"not_picked":["bard:HideousLaughter","bard:BucklerBash"],"picked":"bard:SixFourTime","floor":1},{"not_picked":["bard:Heroism","bard:Gamble"],"picked":"bard:EchoEcho","floor":5},{"not_picked":["bard:Solo","bard:FirstStrike"],"picked":"bard:GlyphOfWarding","floor":6},{"not_picked":["bard:Parry","bard:Demoralize"],"picked":"bard:Flourish","floor":11},{"not_picked":["bard:LingeringPerformance","bard:Focused"],"picked":"bard:FaerieFire","floor":12},{"not_picked":["bard:Rest","bard:InspiringSong","bard:Demoralize"],"picked":"SKIP","floor":14},{"not_picked":["Grand Finale","bard:MagnumOpus"],"picked":"bard:MnemonicVestments","floor":16}],"player_experience":124403,"relics_obtained":[{"floor":2,"key":"ReplayTheSpireMod:Ring of Challenge"},{"floor":2,"key":"Ring of Greed"},{"floor":2,"key":"Golden Egg"},{"floor":2,"key":"Replay:Wax Seal"},{"floor":6,"key":"bard:OilPainting"},{"floor":9,"key":"Regal Pillow"},{"floor":13,"key":"Toy Ornithopter"}],"event_choices":[],"is_beta":false,"boss_relics":[],"items_purged_floors":[],"is_endless":false,"potions_floor_spawned":[6,14,16],"killed_by":"Slime Boss","ascension_level":0}}