{"host":"p7j7o00jacnw7qzt","time":1608095807,"event":{"mods":["BaseMod","Colored Map","Colored Powertips","DeckTracker","Highlight Path","Minty Spire (QoL Compilation)","Relic Stats"],"gold_per_floor":[117,117,129,129,54,85,85,99,126,139,139,154,154,154,154],"floor_reached":14,"playtime":345,"items_purged":["Strike_G"],"score":230,"play_id":"c3d1535c-4dc7-457c-8b8f-04b339f6fd52","local_time":"20201216001647","is_ascension_mode":true,"campfire_choices":[{"data":"Dash","floor":7,"key":"SMITH"},{"data":"Expertise","floor":11,"key":"SMITH"},{"data":"Calculated Gamble","floor":13,"key":"SMITH"}],"circlet_count":0,"master_deck":["AscendersBane","Strike_G","Strike_G","Strike_G","Strike_G","Defend_G","Defend_G","Defend_G","Defend_G","Defend_G","Survivor","Neutralize","Expertise+1","Dash+1","Calculated Gamble+1"],"relics":["Ring of the Snake","NeowsBlessing","Omamori","Pen Nib"],"acts_visited":["Exordium"],"potions_floor_usage":[],"damage_taken":[{"damage":0,"enemies":"Jaw Worm","floor":1,"turns":1},{"damage":0,"enemies":"Cultist","floor":3,"turns":1},{"damage":0,"enemies":"Gremlin Nob","floor":6,"turns":1},{"damage":1,"enemies":"Small Slimes","floor":8,"turns":4},{"damage":3,"enemies":"3 Louse","floor":10,"turns":4},{"damage":1,"enemies":"Red Slaver","floor":12,"turns":5},{"damage":12,"enemies":"3 Sentries","floor":14,"turns":4}],"seed_played":"-1800113908027238419","potions_obtained":[{"floor":1,"key":"Explosive Potion"},{"floor":12,"key":"FairyPotion"}],"is_trial":false,"path_per_floor":["M","?","M","?","$","E","R","M","T","M","R","M","R","E"],"character_chosen":"THE_SILENT","items_purchased":[],"campfire_rested":0,"item_purchase_floors":[],"current_hp_per_floor":[59,64,64,59,59,59,59,58,58,55,55,54,54,42,42],"gold":154,"neow_bonus":"THREE_ENEMY_KILL","is_daily":false,"chose_seed":false,"campfire_upgraded":3,"win_rate":0.0,"timestamp":1608095807,"path_taken":["M","?","M","?","?","E","R","M","T","M","R","M","R","E"],"items_purchased_type":[],"build_version":"2020-12-13","purchased_purges":1,"victory":false,"max_hp_per_floor":[66,71,71,71,71,71,71,71,71,71,71,71,71,71,71],"relic_stats":{"counters":[7,20],"Pen Nib":[2],"obtain_stats":[{"NeowsBlessing":0,"Pen Nib":6,"Omamori":4,"Ring of the Snake":0},{"NeowsBlessing":0,"Pen Nib":3,"Omamori":2,"Ring of the Snake":0},{"NeowsBlessing":0,"Pen Nib":3,"Omamori":2,"Ring of the Snake":0}],"Ring of the Snake":[14]},"card_choices":[{"not_picked":["Bouncing Flask","Underhanded Strike"],"picked":"Expertise","floor":1},{"not_picked":["Dagger Throw","Bane","Outmaneuver"],"picked":"SKIP","floor":3},{"not_picked":["Unload","Finisher"],"picked":"Dash","floor":6},{"not_picked":["Dash","Outmaneuver","Dodge and Roll"],"picked":"SKIP","floor":8},{"not_picked":["Underhanded Strike","Skewer","Flying Knee"],"picked":"SKIP","floor":10},{"not_picked":["Catalyst","Sucker Punch"],"picked":"Calculated Gamble","floor":12}],"player_experience":878220,"relics_obtained":[{"floor":6,"key":"Pen Nib"}],"event_choices":[{"damage_healed":0,"gold_gain":0,"player_choice":"Donut","damage_taken":0,"max_hp_gain":5,"max_hp_loss":0,"event_name":"Big Fish","floor":2,"gold_loss":0},{"damage_healed":0,"gold_gain":0,"player_choice":"Success","damage_taken":5,"relics_obtained":["Omamori"],"max_hp_gain":0,"max_hp_loss":0,"event_name":"Scrap Ooze","floor":4,"gold_loss":0}],"is_beta":false,"boss_relics":[],"items_purged_floors":[5],"is_endless":false,"potions_floor_spawned":[1,12],"killed_by":"3 Sentries","ascension_level":20}}