{"host":"9anmc1688xy4jiyg","time":1608134856,"event":{"mods":["AchievementEnabler","BaseMod","Highlight Path","Minty Spire (QoL Compilation)","Relic Stats","StSLib","ojb\u0027s Info Mod"],"gold_per_floor":[119,133,58,76,76,76,90,90,90,90,115,115,133,165,165,165,165],"floor_reached":16,"playtime":451,"items_purged":[],"score":200,"play_id":"3dca2ac6-4f1d-4c11-b88e-6c458de1316a","local_time":"20201216170736","is_ascension_mode":true,"campfire_choices":[{"data":"Searing Blow","floor":6,"key":"SMITH"},{"data":"Armaments","floor":8,"key":"SMITH"},{"data":"Searing Blow+1","floor":10,"key":"SMITH"},{"data":"Searing Blow+2","floor":12,"key":"SMITH"},{"data":"Searing Blow+3","floor":15,"key":"SMITH"}],"circlet_count":0,"master_deck":["AscendersBane","Strike_R","Strike_R","Strike_R","Strike_R","Defend_R","Defend_R","Defend_R","Defend_R","Bash","Searing Blow+4","Inflame","Pummel","Armaments+1","Shockwave"],"relics":["Burning Blood","NeowsBlessing","Gambling Chip","The Courier","Vajra","Art of War"],"acts_visited":["Exordium"],"potions_floor_usage":[16],"damage_taken":[{"damage":0,"enemies":"Small Slimes","floor":1,"turns":1},{"damage":0,"enemies":"Jaw Worm","floor":2,"turns":1},{"damage":0,"enemies":"Cultist","floor":4,"turns":1},{"damage":9,"enemies":"Exordium Wildlife","floor":7,"turns":5},{"damage":1,"enemies":"3 Louse","floor":13,"turns":4},{"damage":17,"enemies":"Lagavulin","floor":14,"turns":4},{"damage":63,"enemies":"Slime Boss","floor":16,"turns":6}],"seed_played":"-7192536731088522316","potions_obtained":[{"floor":1,"key":"SpeedPotion"},{"floor":4,"key":"Strength Potion"},{"floor":7,"key":"SteroidPotion"}],"is_trial":false,"path_per_floor":["M","M","?","M","?","R","M","R","T","R","T","R","M","E","R","B"],"character_chosen":"IRONCLAD","items_purchased":[],"campfire_rested":0,"item_purchase_floors":[],"current_hp_per_floor":[74,75,75,75,70,70,67,67,67,67,67,67,72,61,61,0,0],"gold":165,"neow_bonus":"THREE_ENEMY_KILL","is_daily":false,"chose_seed":false,"campfire_upgraded":5,"win_rate":0.0,"timestamp":1608134856,"path_taken":["M","M","?","M","?","R","M","R","T","R","?","R","M","E","R","BOSS"],"items_purchased_type":[],"build_version":"2020-12-13","purchased_purges":0,"victory":false,"max_hp_per_floor":[75,75,75,75,75,75,75,75,75,75,75,75,75,75,75,75,75],"relic_stats":{"counters":[7,22],"Gambling Chip":[10],"Art of War":[1],"obtain_stats":[{"NeowsBlessing":0,"Gambling Chip":5,"Vajra":11,"The Courier":9,"Art of War":14,"Burning Blood":0},{"NeowsBlessing":0,"Gambling Chip":3,"Vajra":4,"The Courier":4,"Art of War":6,"Burning Blood":0},{"NeowsBlessing":0,"Gambling Chip":3,"Vajra":8,"The Courier":8,"Art of War":16,"Burning Blood":0}],"Burning Blood":25},"card_choices":[{"not_picked":["Sever Soul","Combust"],"picked":"Searing Blow","floor":1},{"not_picked":["Warcry","Seeing Red"],"picked":"Inflame","floor":2},{"not_picked":["Twin Strike","Shrug It Off"],"picked":"Pummel","floor":4},{"not_picked":["Seeing Red","Blood for Blood"],"picked":"Armaments","floor":7},{"not_picked":["Hemokinesis","Sentinel"],"picked":"Shockwave","floor":13},{"not_picked":["Clothesline","Sentinel","Rampage"],"picked":"SKIP","floor":14}],"player_experience":447194,"relics_obtained":[{"floor":9,"key":"The Courier"},{"floor":11,"key":"Vajra"},{"floor":14,"key":"Art of War"}],"event_choices":[{"cards_removed":["Strike_R"],"damage_healed":0,"gold_gain":0,"player_choice":"Card Removal","damage_taken":0,"max_hp_gain":0,"max_hp_loss":0,"event_name":"The Cleric","floor":3,"gold_loss":75},{"damage_healed":0,"gold_gain":0,"player_choice":"Success","damage_taken":5,"relics_obtained":["Gambling Chip"],"max_hp_gain":0,"max_hp_loss":0,"event_name":"Scrap Ooze","floor":5,"gold_loss":0}],"is_beta":false,"boss_relics":[],"items_purged_floors":[],"is_endless":false,"potions_floor_spawned":[1,4,7],"killed_by":"Slime Boss","ascension_level":20}}