{"host":"kw4o7b3ro2ktmmbe","time":1608121631,"event":{"mods":["BaseMod","Lobotomy","Minty Spire (QoL Compilation)","StSLib","Treasure Hunter"],"gold_per_floor":[111,61,61,76,76,76,76,76],"floor_reached":7,"playtime":636,"items_purged":[],"score":39,"play_id":"309667b6-9c99-48c5-9943-01f18da3500e","local_time":"20201217012711","is_ascension_mode":false,"campfire_choices":[{"data":"Bash","floor":6,"key":"SMITH"}],"circlet_count":0,"master_deck":["Strike_R","Strike_R+1","Strike_R","Strike_R","Strike_R","Defend_R","Defend_R+1","Bash+1","OSAHOGD","Iron Wave","LongBird"],"relics":["Burning Blood","CogitoBucket"],"acts_visited":["Exordium"],"potions_floor_usage":[7],"damage_taken":[{"damage":5,"enemies":"2 Louse","floor":1,"turns":4},{"damage":11,"enemies":"Jaw Worm","floor":4,"turns":5},{"damage":54,"enemies":"3 Sentries","floor":7,"turns":8}],"seed_played":"-683969445357612304","potions_obtained":[{"floor":1,"key":"Dexterity Potion"}],"is_trial":false,"path_per_floor":["M","?","?","M","?","R","E"],"character_chosen":"IRONCLAD","items_purchased":[],"campfire_rested":0,"item_purchase_floors":[],"current_hp_per_floor":[80,80,64,59,52,52,0,0],"gold":76,"neow_bonus":"","is_daily":false,"chose_seed":false,"campfire_upgraded":1,"win_rate":0.0,"timestamp":1608121631,"path_taken":["M","?","?","M","?","R","E"],"items_purchased_type":[],"build_version":"2020-12-13","purchased_purges":0,"victory":false,"max_hp_per_floor":[80,80,80,80,80,80,80,80],"card_choices":[{"not_picked":["ShyLook","SpiderBud"],"picked":"OSAHOGD","floor":1},{"not_picked":["Warcry","Perfected Strike","Shrug It Off"],"picked":"SKIP","floor":1},{"not_picked":["Dropkick","Pommel Strike"],"picked":"Iron Wave","floor":4},{"not_picked":["Scarecrow","Alriune"],"picked":"LongBird","floor":4}],"player_experience":1723902,"relics_obtained":[],"event_choices":[{"cards_removed":["Defend_R"],"damage_healed":0,"gold_gain":0,"player_choice":"Card Removal","damage_taken":0,"max_hp_gain":0,"max_hp_loss":0,"event_name":"The Cleric","floor":2,"gold_loss":50},{"damage_healed":0,"gold_gain":0,"player_choice":"Entered Light","damage_taken":16,"max_hp_gain":0,"max_hp_loss":0,"event_name":"Shining Light","floor":3,"gold_loss":0,"cards_upgraded":["Strike_R","Defend_R"]},{"cards_removed":["Defend_R"],"damage_healed":0,"gold_gain":0,"player_choice":"Card Removal","damage_taken":7,"max_hp_gain":0,"max_hp_loss":0,"event_name":"Golden Wing","floor":5,"gold_loss":0}],"is_beta":false,"boss_relics":[],"items_purged_floors":[],"is_endless":false,"potions_floor_spawned":[1],"killed_by":"3 Sentries","ascension_level":0}}