{"host":"qw1m3zcvi888b4j7","time":1608162492,"event":{"mods":["BaseMod","Block Reminder","Colored Map","Colored Powertips","DeckTracker","Highlight Path","Hubris","Minty Spire (QoL Compilation)","Quick Restart","Rare Cards Sparkle","Relic Sorter","Relic Stats","Replay The Spire","StSLib","The Blue Laboratory","The Cursed"],"gold_per_floor":[118,32,107,125,125,125,125],"floor_reached":6,"playtime":245,"items_purged":[],"score":36,"play_id":"246e38b8-4258-4305-8a5b-d634e95c1023","local_time":"20201217004812","is_ascension_mode":true,"campfire_choices":[],"circlet_count":0,"master_deck":["Strike_R","Strike_R","Strike_R","Strike_R+1","Strike_R","Defend_R","Defend_R","Defend_R","Defend_R","Bash","Massacre","hubris:ReadiedAction","Combust","Pommel Strike+1"],"relics":["Burning Blood"],"acts_visited":["Exordium"],"potions_floor_usage":[],"damage_taken":[{"damage":14,"enemies":"Jaw Worm","floor":1,"turns":4},{"damage":0,"enemies":"Small Slimes","floor":4,"turns":5},{"damage":29,"enemies":"3 Sentries","floor":6,"turns":4}],"seed_played":"2407041537053805843","potions_obtained":[],"is_trial":false,"path_per_floor":["M","$","?","M","?","E"],"character_chosen":"IRONCLAD","items_purchased":["hubris:ReadiedAction","Combust"],"campfire_rested":0,"item_purchase_floors":[2,2],"current_hp_per_floor":[48,48,37,43,27,0,0],"gold":125,"neow_bonus":"THREE_RARE_CARDS","is_daily":false,"chose_seed":false,"campfire_upgraded":0,"win_rate":0.0,"timestamp":1608162492,"path_taken":["M","$","?","M","?","E"],"items_purchased_type":["Card","Card"],"build_version":"2020-12-13","purchased_purges":0,"victory":false,"max_hp_per_floor":[80,80,80,80,80,80,80],"relic_stats":{"counters":[3,13],"obtain_stats":[{"Burning Blood":0},{"Burning Blood":0},{"Burning Blood":0}],"Burning Blood":12},"card_choices":[{"not_picked":["Havoc","Wild Strike"],"picked":"Massacre","floor":1},{"not_picked":["Headbutt","Iron Wave"],"picked":"Pommel Strike","floor":4}],"player_experience":105887,"relics_obtained":[],"event_choices":[{"damage_healed":0,"gold_gain":75,"player_choice":"Gather Gold","damage_taken":11,"max_hp_gain":0,"max_hp_loss":0,"event_name":"World of Goop","floor":3,"gold_loss":0},{"damage_healed":0,"gold_gain":0,"player_choice":"Entered Light","damage_taken":16,"max_hp_gain":0,"max_hp_loss":0,"event_name":"Shining Light","floor":5,"gold_loss":0,"cards_upgraded":["Strike_R","Pommel Strike"]}],"is_beta":false,"boss_relics":[],"items_purged_floors":[],"is_endless":false,"potions_floor_spawned":[],"killed_by":"3 Sentries","ascension_level":1}}