{"host":"3srbdas3e7jgqz5l","time":1608149625,"event":{"mods":["BaseMod","Downfall","Minty Spire (QoL Compilation)","StSLib","The Cursed"],"gold_per_floor":[99,119,153,78,93,93,116,129,145,145,164,183,16,16,36,134,134,134,144,144,162,180,180,180,180,194,194,9,21,34,19,37,136,136,136,148,163,163,163,183,183,195,210,237,247,266,283,295,305,305],"floor_reached":51,"playtime":5531,"items_purged":["Guardian:Strike_Guardian","Guardian:Strike_Guardian"],"score":668,"play_id":"dd95066f-9934-4fbf-a5fc-95797b1e31a7","local_time":"20201216201345","is_ascension_mode":false,"campfire_choices":[{"floor":1,"key":"RECALL"},{"data":"Guardian:DecasProtection","floor":4,"key":"SMITH"},{"floor":6,"key":"REST"},{"data":"Guardian:PiercingHide","floor":10,"key":"SMITH"},{"data":"Guardian:EvasiveProtocol","floor":18,"key":"SMITH"},{"data":"Guardian:DecasProtection","floor":23,"key":"SMITH"},{"data":"Guardian:BaubleBeam","floor":25,"key":"SMITH"},{"data":"Guardian:Harden","floor":27,"key":"SMITH"},{"data":"Guardian:DonusPower","floor":35,"key":"SMITH"},{"data":"expansioncontent:DonusPower","floor":39,"key":"SMITH"}],"circlet_count":0,"master_deck":["Guardian:Strike_Guardian+1","Guardian:Strike_Guardian","Guardian:Defend_Guardian","Guardian:Defend_Guardian","Guardian:Defend_Guardian","Guardian:Defend_Guardian","Guardian:CurlUp","Guardian:TwinSlam","Guardian:Incinerate+1","Guardian:DecasProtection+1","Guardian:SentryBeam","Guardian:PiercingHide+1","Guardian:BronzeOrb","Guardian:EvasiveProtocol+1","Guardian:PolyBeam","Guardian:ArmoredProtocol","Guardian:ShieldCharger","Guardian:BaubleBeam+1","Guardian:ShieldSpikes","Guardian:DecasProtection+1","Guardian:Harden+1","Guardian:DecasProtection+1","Guardian:SpikerProtocol","Guardian:DonusPower+1","Guardian:PiercingHide+1","Guardian:FierceBash","Guardian:FloatingOrbs+1","Guardian:PrismaticBeam","expansioncontent:DonusPower+1","Guardian:Recover","Guardian:Gem_Green","Guardian:BronzeArmor","Guardian:Gem_Purple","Guardian:BronzeArmor+1","Guardian:Gem_Green","Guardian:Gem_Green"],"relics":["Guardian:ModeShifter","Turnip","Blue Candle","downfall:HeartBlessingRed","Whetstone","SacredBark","Matryoshka","Guardian:StasisSlotReductionRelic","Juzu Bracelet","Meat on the Bone"],"acts_visited":["Exordium","TheCity","TheBeyond"],"potions_floor_usage":[13,16,28,31,33,42,43,43,43,46,50,50,50],"damage_taken":[{"damage":0,"enemies":"Cultist","floor":2,"turns":4},{"damage":35,"enemies":"Gremlin Nob","floor":3,"turns":5},{"damage":0,"enemies":"Small Slimes","floor":5,"turns":4},{"damage":0,"enemies":"2 Louse","floor":8,"turns":2},{"damage":2,"enemies":"Red Slaver","floor":9,"turns":3},{"damage":0,"enemies":"Exordium Wildlife","floor":11,"turns":3},{"damage":0,"enemies":"Red Slaver","floor":12,"turns":3},{"damage":0,"enemies":"downfall:FleeingMerchant","floor":13,"turns":4},{"damage":2,"enemies":"Blue Slaver","floor":15,"turns":3},{"damage":15,"enemies":"downfall:Defect","floor":16,"turns":6},{"damage":0,"enemies":"Chosen","floor":19,"turns":5},{"damage":3,"enemies":"3 Byrds","floor":21,"turns":3},{"damage":7,"enemies":"Centurion and Healer","floor":22,"turns":8},{"damage":5,"enemies":"Cultist and Chosen","floor":26,"turns":7},{"damage":0,"enemies":"downfall:FleeingMerchant","floor":28,"turns":4},{"damage":12,"enemies":"3 Cultists","floor":29,"turns":5},{"damage":0,"enemies":"Snake Plant","floor":30,"turns":4},{"damage":0,"enemies":"downfall:FleeingMerchant","floor":31,"turns":4},{"damage":0,"enemies":"Snecko","floor":32,"turns":5},{"damage":14,"enemies":"downfall:Ironclad","floor":33,"turns":7},{"damage":2,"enemies":"3 Darklings","floor":36,"turns":5},{"damage":1,"enemies":"3 Shapes","floor":37,"turns":7},{"damage":0,"enemies":"Maw","floor":40,"turns":8},{"damage":12,"enemies":"Sphere and 2 Shapes","floor":42,"turns":9},{"damage":4,"enemies":"Writhing Mass","floor":43,"turns":7},{"damage":3,"enemies":"Nemesis","floor":44,"turns":11},{"damage":0,"enemies":"Maw","floor":45,"turns":7},{"damage":27,"enemies":"Transient","floor":46,"turns":5},{"damage":10,"enemies":"4 Shapes","floor":47,"turns":8},{"damage":0,"enemies":"Spire Growth","floor":48,"turns":5},{"damage":18,"enemies":"Jaw Worm Horde","floor":49,"turns":7},{"damage":15,"enemies":"downfall:Silent","floor":50,"turns":5}],"seed_played":"3945382085896727809","potions_obtained":[{"floor":3,"key":"AttackPotion"},{"floor":5,"key":"EssenceOfSteel"},{"floor":9,"key":"CultistPotion"},{"floor":15,"key":"Explosive Potion"},{"floor":16,"key":"DuplicationPotion"},{"floor":19,"key":"PowerPotion"},{"floor":29,"key":"SpeedPotion"},{"floor":32,"key":"Guardian:StasisDiscoveryPotion"},{"floor":33,"key":"EntropicBrew"},{"floor":43,"key":"Strength Potion"},{"floor":49,"key":"Weak Potion"}],"is_trial":false,"path_per_floor":["R","M","E","R","M","R","T","M","M","R","M","M","$","?","M","B",null,"R","M","?","M","M","R","T","R","M","R","$","M","M","$","M","B",null,"R","M","M","?","R","M","T","M","M","E","M","M","M","M","M","B",null],"character_chosen":"GUARDIAN","items_purchased":["Guardian:ArmoredProtocol","Guardian:SpikerProtocol"],"campfire_rested":1,"item_purchase_floors":[13,28],"current_hp_per_floor":[56,56,21,21,21,45,45,45,43,43,43,43,43,43,41,26,80,80,80,80,77,70,70,70,70,65,65,65,53,53,53,53,39,80,80,78,77,77,77,77,77,65,61,58,58,43,45,45,39,36],"gold":305,"neow_bonus":"ONE_RARE_RELIC","is_daily":false,"chose_seed":false,"campfire_upgraded":8,"win_rate":0.0,"timestamp":1608149625,"path_taken":["R","M","E","R","M","R","T","?","M","R","M","M","$","?","M","BOSS","R","M","?","M","M","R","T","R","?","R","$","M","M","$","M","BOSS","R","M","M","?","R","M","T","M","M","E","M","M","M","M","M","BOSS"],"items_purchased_type":["Card","Card"],"build_version":"2020-12-13","purchased_purges":2,"victory":true,"max_hp_per_floor":[80,80,80,80,80,80,80,80,80,80,80,80,80,80,80,80,80,80,80,80,80,80,80,80,80,80,80,80,80,80,80,80,80,80,80,80,80,80,80,80,80,80,80,80,80,80,80,80,80,80],"card_choices":[{"not_picked":["Guardian:Planning","Guardian:Emergency"],"picked":"Guardian:Incinerate","floor":2},{"not_picked":["Guardian:Gem_Synthetic","Guardian:Gem_Cyan"],"picked":"Guardian:DecasProtection","floor":3},{"not_picked":["Guardian:Reroute","Guardian:CrystalBeam"],"picked":"Guardian:SentryBeam","floor":5},{"not_picked":["Guardian:Reroute","Guardian:Gem_Cyan","Guardian:BronzeArmor"],"picked":"SKIP","floor":8},{"not_picked":["Guardian:DecasProtection","Guardian:Suspension"],"picked":"Guardian:PiercingHide","floor":9},{"not_picked":["Guardian:PiercingHide","Guardian:CrystalBeam"],"picked":"Guardian:BronzeOrb","floor":11},{"not_picked":["Guardian:CrystalBeam","Guardian:MultiBeam"],"picked":"Guardian:EvasiveProtocol","floor":12},{"not_picked":["Guardian:PrismaticBeam","Guardian:Gem_Green"],"picked":"Guardian:PolyBeam","floor":13},{"not_picked":["Guardian:VentSteam","Guardian:Preprogram"],"picked":"Guardian:ShieldCharger","floor":15},{"not_picked":["Guardian:ExploitGems","Guardian:HyperBeam_Guardian"],"picked":"Guardian:BaubleBeam","floor":16},{"not_picked":["Guardian:TemporalStrike","Guardian:TimeCapacitor"],"picked":"Guardian:ShieldSpikes","floor":19},{"not_picked":["Guardian:Incinerate","Guardian:GuardianWhirl"],"picked":"Guardian:DecasProtection","floor":21},{"not_picked":["Guardian:Incinerate","Guardian:WalkerClaw","Guardian:Planning"],"picked":"SKIP","floor":22},{"not_picked":["Guardian:Gem_Crimson","Guardian:GuardianWhirl"],"picked":"Guardian:Harden","floor":26},{"not_picked":["Guardian:HyperBeam_Guardian","Guardian:RevengeProtocol"],"picked":"Guardian:DecasProtection+1","floor":28},{"not_picked":["Guardian:PrimingBeam","Guardian:BronzeOrb"],"picked":"Guardian:DonusPower","floor":29},{"not_picked":["Guardian:Gem_Red","Guardian:TemporalStrike"],"picked":"Guardian:PiercingHide+1","floor":30},{"not_picked":["Guardian:TimeCapacitor","Guardian:CrystalBeam","Guardian:ArmoredProtocol"],"picked":"SKIP","floor":31},{"not_picked":["Guardian:Gem_Fragmented","Guardian:ChargeCore"],"picked":"Guardian:Gem_Green","floor":32},{"not_picked":["Guardian:RevengeProtocol","Guardian:HyperBeam_Guardian"],"picked":"Guardian:FierceBash","floor":33},{"not_picked":["Guardian:Gem_Fragmented","Guardian:PrismaticBeam+1"],"picked":"Guardian:FloatingOrbs+1","floor":36},{"not_picked":["Guardian:VentSteam","Guardian:Planning","Guardian:Gem_Lightblue"],"picked":"SKIP","floor":37},{"not_picked":["Guardian:Gem_Blue","Guardian:PrimingBeam"],"picked":"Guardian:Recover","floor":40},{"not_picked":["Guardian:RollAttack","Guardian:TemporalStrike+1","Guardian:Incinerate"],"picked":"SKIP","floor":42},{"not_picked":["Guardian:Gem_Blue","Guardian:RollAttack"],"picked":"Guardian:Gem_Green","floor":43},{"not_picked":["Guardian:FloatingOrbs","Guardian:TemporalShield"],"picked":"Guardian:BronzeArmor","floor":44},{"not_picked":["Guardian:FierceBash","Guardian:Reroute","Guardian:TimeBomb"],"picked":"SKIP","floor":45},{"not_picked":["Guardian:TemporalStrike","Guardian:Gem_Cyan"],"picked":"Guardian:Gem_Purple","floor":46},{"not_picked":["Guardian:Recover+1","Guardian:Incinerate+1"],"picked":"Guardian:BronzeArmor+1","floor":47},{"not_picked":["Guardian:CrystalBeam","Guardian:FloatingOrbs"],"picked":"Guardian:Gem_Green","floor":48},{"not_picked":["Guardian:ChargeCore","Guardian:TemporalStrike+1"],"picked":"Guardian:Gem_Green","floor":49}],"player_experience":405426,"relics_obtained":[{"floor":3,"key":"Blue Candle"},{"floor":7,"key":"Whetstone"},{"floor":24,"key":"Matryoshka"},{"floor":41,"key":"Juzu Bracelet"},{"floor":44,"key":"Meat on the Bone"}],"event_choices":[],"is_beta":false,"boss_relics":[{"not_picked":["Runic Dome","Ectoplasm"],"picked":"SacredBark"},{"not_picked":["Busted Crown","SlaversCollar"],"picked":"Guardian:StasisSlotReductionRelic"}],"items_purged_floors":[13,28],"is_endless":false,"potions_floor_spawned":[3,5,9,15,16,19,22,29,32,33,43,44,45,49],"ascension_level":0}}