{"host":"xkcp1i6l4yppoyj3","time":1608111674,"event":{"mods":["2.2 Compatiblity","AchievementEnabler","BaseMod","Colored Map","Colored Powertips","DeckTracker","Highlight Path","KOR Keyword Fix","Keyboard Shortcuts","Minty Spire (QoL Compilation)","Quick Restart","Relic Stats","StSLib","SuperFastMode","The Hierophant"],"gold_per_floor":[116,41,61,71,71,71,107,107,107,107,107,132,168,172,172,172,172],"floor_reached":16,"playtime":425,"items_purged":["hierophant:Strike_Hierophant"],"score":151,"play_id":"85a54fc9-4a8b-4d0e-9a99-9812f2a0f686","local_time":"20201216184114","is_ascension_mode":true,"campfire_choices":[{"data":"hierophant:DisplayOfPower","floor":6,"key":"SMITH"},{"data":"hierophant:Glossolalia","floor":8,"key":"SMITH"},{"floor":11,"key":"REST"},{"data":"hierophant:ChurchCoffers","floor":15,"key":"SMITH"}],"circlet_count":0,"master_deck":["hierophant:Strike_Hierophant","hierophant:Strike_Hierophant","hierophant:Strike_Hierophant","hierophant:Punish","hierophant:Defend_Hierophant","hierophant:Defend_Hierophant","hierophant:Defend_Hierophant","hierophant:Defend_Hierophant","hierophant:ChurchCoffers+1","hierophant:Glossolalia+1","hierophant:DisplayOfPower+1","hierophant:Glossolalia"],"relics":["hierophant:PropheticMaskRelic","NeowsBlessing","Golden Idol","Bird Faced Urn","HornCleat","Tiny Chest"],"acts_visited":["Exordium"],"potions_floor_usage":[7,13,13,16],"damage_taken":[{"damage":0.0,"enemies":"Cultist","floor":1.0,"turns":1.0},{"damage":0.0,"enemies":"Small Slimes","floor":3.0,"turns":1.0},{"damage":0.0,"enemies":"Jaw Worm","floor":4.0,"turns":1.0},{"damage":34,"enemies":"3 Sentries","floor":7,"turns":7},{"damage":11,"enemies":"Looter","floor":10,"turns":3},{"damage":4,"enemies":"2 Fungi Beasts","floor":12,"turns":4},{"damage":0,"enemies":"Gremlin Nob","floor":13,"turns":3},{"damage":21,"enemies":"Exordium Wildlife","floor":14,"turns":4},{"damage":0,"enemies":"Slime Boss","floor":16,"turns":3}],"seed_played":"-8624350510533532843","potions_obtained":[{"floor":1.0,"key":"LiquidBronze"},{"floor":10,"key":"PowerPotion"},{"floor":12,"key":"DistilledChaos"},{"floor":14,"key":"Fire Potion"}],"is_trial":false,"path_per_floor":["M","$","M","M","?","R","E","R","T","M","R","M","E","M","R","B"],"character_chosen":"HIEROPHANT","items_purchased":[],"campfire_rested":1,"item_purchase_floors":[],"current_hp_per_floor":[75,75,75,75,57,57,23,23,23,16,38,38,44,25,25,29,29],"gold":172,"neow_bonus":"THREE_ENEMY_KILL","is_daily":false,"chose_seed":false,"campfire_upgraded":3,"win_rate":0.0,"timestamp":1608111674,"path_taken":["M","$","?","M","?","R","E","R","T","M","R","M","E","M","R","BOSS"],"items_purchased_type":[],"build_version":"2020-12-13","purchased_purges":1,"victory":false,"max_hp_per_floor":[75,75,75,75,75,75,75,75,75,75,75,75,75,75,75,75,75],"relic_stats":{"counters":[9,27],"Golden Idol":28,"Bird Faced Urn":[20],"Tiny Chest":0,"obtain_stats":[{"HornCleat":9,"NeowsBlessing":0,"Golden Idol":5,"hierophant:PropheticMaskRelic":0,"Bird Faced Urn":7,"Tiny Chest":13},{"HornCleat":4,"NeowsBlessing":0,"Golden Idol":3,"hierophant:PropheticMaskRelic":0,"Bird Faced Urn":4,"Tiny Chest":7},{"HornCleat":10,"NeowsBlessing":0,"Golden Idol":3,"hierophant:PropheticMaskRelic":0,"Bird Faced Urn":10,"Tiny Chest":20}]},"card_choices":[{"not_picked":["hierophant:Dazzle","hierophant:FlamingChariot","hierophant:FieryStrike"],"picked":"SKIP","floor":1.0},{"not_picked":["hierophant:Alms","hierophant:CursedGold"],"picked":"hierophant:Glossolalia","floor":3.0},{"not_picked":["hierophant:HammerAndAnvil","hierophant:Shelter"],"picked":"hierophant:DisplayOfPower","floor":4.0},{"not_picked":["hierophant:Doubloon","hierophant:AuricShield"],"picked":"hierophant:Glossolalia","floor":7},{"not_picked":["hierophant:OrnateBuckler","hierophant:AuricBeam","hierophant:PassingBell"],"picked":"SKIP","floor":10},{"not_picked":["hierophant:FlamingChariot","hierophant:RepressedViolence","hierophant:OrnateBuckler"],"picked":"SKIP","floor":12},{"not_picked":["hierophant:MintersHammer","hierophant:RustyCrate","hierophant:DisplayOfPower"],"picked":"SKIP","floor":13},{"not_picked":["hierophant:RustyCrate","hierophant:CursedGold","hierophant:Racketeering"],"picked":"SKIP","floor":14}],"player_experience":484471,"relics_obtained":[{"floor":7,"key":"Bird Faced Urn"},{"floor":9,"key":"HornCleat"},{"floor":13,"key":"Tiny Chest"}],"event_choices":[{"damage_healed":0.0,"max_hp_gain":0.0,"max_hp_loss":0.0,"gold_gain":0.0,"event_name":"Golden Idol","player_choice":"Take Damage","floor":5.0,"gold_loss":0.0,"damage_taken":18.0,"relics_obtained":["Golden Idol"]}],"is_beta":false,"boss_relics":[],"items_purged_floors":[2],"is_endless":false,"potions_floor_spawned":[1,10,12,14],"killed_by":"Slime Boss","ascension_level":2}}