{"host":"8qb550oiisecbnz6","time":1608156782,"event":{"mods":["AchievementEnabler","BaseMod","Colored Map","Colored Powertips","Minty Spire (QoL Compilation)","Quick Restart","Slay-I","StSLib"],"gold_per_floor":[113,113,38,38,38,38,70,86,133,143,153,153,3,28,28,123,123,140,240,259,15,30,30,55,55,80,8,36,36,52,151,151,251,251,269,285,160,180,180,180,208,208,208,225,244,9,22,22,22],"floor_reached":48,"playtime":2642,"items_purged":["Strike_B","Regret","Loop","Strike_B"],"score":693,"play_id":"39232f6e-f4a6-42da-9c2c-5d108f05e033","local_time":"20201216231302","is_ascension_mode":true,"campfire_choices":[{"data":"Zap","floor":6,"key":"SMITH"},{"data":"Leap","floor":12,"key":"SMITH"},{"floor":15,"key":"REST"},{"data":"Seek","floor":23,"key":"SMITH"},{"data":"Self Repair","floor":25,"key":"SMITH"},{"floor":32,"key":"DIG"},{"data":"Reinforced Body","floor":40,"key":"SMITH"},{"floor":42,"key":"DIG"}],"circlet_count":0,"master_deck":["Strike_B","Strike_B","Defend_B+1","Defend_B","Defend_B","Defend_B+1","Zap+1","Static Discharge+1","Self Repair+1","Ball Lightning+1","Cold Snap+1","Leap+1","Cold Snap+1","Seek+1","Reinforced Body+1","Sweeping Beam+1","Ball Lightning+1","Sweeping Beam+1","Go for the Eyes+1","Barrage+1","Buffer","Hologram+1","Capacitor","Leap+1","Doom and Gloom+1","Chill+1"],"relics":["Cracked Core","NeowsBlessing","Prayer Wheel","Molten Egg 2","Vajra","Medical Kit","Happy Flower","Sozu","Sling","Omamori","Shovel","Gremlin Horn","Coffee Dripper","Bottled Tornado","Mercury Hourglass","The Courier","War Paint"],"acts_visited":["Exordium","TheCity","TheBeyond"],"potions_floor_usage":[16,18,33,48],"damage_taken":[{"damage":0,"enemies":"2 Louse","floor":1,"turns":1},{"damage":0,"enemies":"3 Sentries","floor":7,"turns":1},{"damage":0,"enemies":"Small Slimes","floor":8,"turns":1},{"damage":2,"enemies":"Cultist","floor":10,"turns":3},{"damage":8,"enemies":"2 Fungi Beasts","floor":11,"turns":3},{"damage":34,"enemies":"Gremlin Nob","floor":14,"turns":4},{"damage":13,"enemies":"Hexaghost","floor":16,"turns":8},{"damage":16,"enemies":"2 Thieves","floor":18,"turns":4},{"damage":7,"enemies":"3 Byrds","floor":20,"turns":4},{"damage":4,"enemies":"Cultist and Chosen","floor":22,"turns":4},{"damage":1,"enemies":"Gremlin Leader","floor":24,"turns":6},{"damage":17,"enemies":"Book of Stabbing","floor":28,"turns":5},{"damage":0,"enemies":"Centurion and Healer","floor":30,"turns":4},{"damage":47,"enemies":"Collector","floor":33,"turns":10},{"damage":7,"enemies":"3 Shapes","floor":35,"turns":4},{"damage":0,"enemies":"Orb Walker","floor":36,"turns":3},{"damage":23,"enemies":"Sphere and 2 Shapes","floor":38,"turns":7},{"damage":20,"enemies":"Reptomancer","floor":41,"turns":4},{"damage":10,"enemies":"4 Shapes","floor":44,"turns":4},{"damage":12,"enemies":"Maw","floor":45,"turns":7},{"damage":22,"enemies":"Writhing Mass","floor":47,"turns":5},{"damage":39,"enemies":"Nemesis","floor":48,"turns":6}],"seed_played":"-2408342243016023459","potions_obtained":[{"floor":1,"key":"SneckoOil"},{"floor":8,"key":"PowerPotion"},{"floor":11,"key":"Ancient Potion"},{"floor":16,"key":"DistilledChaos"}],"is_trial":false,"path_per_floor":["M","?","$","?","?","R","E","M","T","M","M","R","$","E","R","B",null,"M","?","M","$","M","R","E","R","T","$","E","$","M","?","R","B",null,"M","M","$","M","?","R","E","R","T","M","M","$","M","E"],"character_chosen":"DEFECT","items_purchased":["Medical Kit","Sling","Loop","War Paint"],"campfire_rested":1,"item_purchase_floors":[13,21,27,46],"current_hp_per_floor":[68,61,61,61,61,61,61,61,61,66,65,65,65,38,60,54,70,61,61,61,61,64,64,70,70,70,70,63,63,73,73,73,36,65,68,75,75,62,62,62,52,52,52,52,50,50,38,0,0],"gold":22,"neow_bonus":"THREE_ENEMY_KILL","is_daily":false,"chose_seed":false,"campfire_upgraded":5,"win_rate":0.0,"timestamp":1608156782,"path_taken":["M","?","$","?","?","R","E","?","T","M","M","R","$","E","R","BOSS","M","?","M","$","M","R","E","R","T","$","E","?","?","?","R","BOSS","M","M","$","M","?","R","E","R","T","?","M","$","M","E"],"items_purchased_type":["Relic","Relic","Card","Relic"],"build_version":"2020-12-13","purchased_purges":4,"victory":false,"max_hp_per_floor":[75,75,75,75,75,75,75,75,75,75,75,75,75,75,75,75,75,75,75,75,75,75,75,75,75,75,75,75,75,75,75,75,75,75,75,75,75,75,75,75,75,75,75,75,75,75,75,75,75],"card_choices":[{"not_picked":["Compile Driver","Recycle"],"picked":"Static Discharge","floor":1},{"not_picked":["Consume","Go for the Eyes+1"],"picked":"Self Repair","floor":7},{"not_picked":["Blizzard+1","Conserve Battery"],"picked":"Ball Lightning+1","floor":8},{"not_picked":["Streamline+1","Compile Driver+1","Creative AI"],"picked":"SKIP","floor":8},{"not_picked":["Genetic Algorithm","Rebound+1"],"picked":"Cold Snap+1","floor":10},{"not_picked":["Hologram","Redo","Undo"],"picked":"SKIP","floor":10},{"not_picked":["Redo","Recycle"],"picked":"Leap","floor":11},{"not_picked":["Ball Lightning+1","Auto Shields","Blizzard+1"],"picked":"SKIP","floor":11},{"not_picked":["Biased Cognition","Compile Driver+1"],"picked":"Cold Snap+1","floor":14},{"not_picked":["Core Surge+1","Biased Cognition"],"picked":"Seek","floor":16},{"not_picked":["Turbo","Stack"],"picked":"Reinforced Body","floor":18},{"not_picked":["Defragment","Streamline+1"],"picked":"Sweeping Beam+1","floor":18},{"not_picked":["Coolheaded","Rebound+1"],"picked":"Ball Lightning+1","floor":20},{"not_picked":["Streamline+1","Barrage+1"],"picked":"Sweeping Beam+1","floor":20},{"not_picked":["Rebound+1","Gash+1"],"picked":"Go for the Eyes+1","floor":22},{"not_picked":["Streamline+1","Gash+1","Darkness"],"picked":"SKIP","floor":22},{"not_picked":["Rebound+1","Static Discharge","Hello World"],"picked":"SKIP","floor":24},{"not_picked":["Recycle","Steam"],"picked":"Barrage+1","floor":28},{"not_picked":["Genetic Algorithm","Sweeping Beam+1"],"picked":"Buffer","floor":30},{"not_picked":["Sunder+1","Gash+1","Leap"],"picked":"SKIP","floor":30},{"not_picked":["Lockon+1","Steam"],"picked":"Hologram+1","floor":35},{"not_picked":["Steam","Beam Cell+1","Compile Driver+1"],"picked":"SKIP","floor":35},{"not_picked":["Cold Snap+1","Steam Power"],"picked":"Capacitor","floor":36},{"not_picked":["Fusion","Conserve Battery+1"],"picked":"Leap+1","floor":36},{"not_picked":["Hologram+1","Ball Lightning+1"],"picked":"Doom and Gloom+1","floor":38},{"not_picked":["Sweeping Beam+1","Genetic Algorithm","Ball Lightning+1"],"picked":"SKIP","floor":38},{"not_picked":["Auto Shields+1","Static Discharge+1","Turbo+1"],"picked":"SKIP","floor":41},{"not_picked":["Auto Shields+1","Static Discharge+1","Turbo+1"],"picked":"SKIP","floor":41},{"not_picked":["Hologram+1","Sunder+1","Stack"],"picked":"SKIP","floor":44},{"not_picked":["Buffer","Conserve Battery+1","Aggregate"],"picked":"SKIP","floor":44},{"not_picked":["Hologram+1","Sunder+1","Stack"],"picked":"SKIP","floor":44},{"not_picked":["Buffer","Conserve Battery+1","Aggregate"],"picked":"SKIP","floor":44},{"not_picked":["Heatsinks","Leap+1","BootSequence+1"],"picked":"SKIP","floor":45},{"not_picked":["Compile Driver+1","Turbo","Rebound+1"],"picked":"SKIP","floor":45},{"not_picked":["Hologram+1","Auto Shields"],"picked":"Chill+1","floor":47},{"not_picked":["White Noise+1","Barrage+1","Go for the Eyes+1"],"picked":"SKIP","floor":47}],"player_experience":378923,"relics_obtained":[{"floor":7,"key":"Molten Egg 2"},{"floor":9,"key":"Vajra"},{"floor":14,"key":"Happy Flower"},{"floor":24,"key":"Omamori"},{"floor":28,"key":"Shovel"},{"floor":32,"key":"Gremlin Horn"},{"floor":41,"key":"Bottled Tornado"},{"floor":42,"key":"Mercury Hourglass"},{"floor":43,"key":"The Courier"}],"event_choices":[{"cards_removed":["Dualcast"],"damage_healed":0,"gold_gain":0,"player_choice":"Card Removal","damage_taken":7,"max_hp_gain":0,"max_hp_loss":0,"event_name":"Golden Wing","floor":2,"gold_loss":0},{"damage_healed":0,"gold_gain":0,"player_choice":"Box","damage_taken":0,"relics_obtained":["Prayer Wheel"],"max_hp_gain":0,"max_hp_loss":0,"event_name":"Big Fish","floor":4,"gold_loss":0,"cards_obtained":["Regret"]},{"damage_healed":0,"gold_gain":0,"player_choice":"Upgraded","damage_taken":0,"max_hp_gain":0,"max_hp_loss":0,"event_name":"Upgrade Shrine","floor":5,"gold_loss":0,"cards_upgraded":["Static Discharge"]},{"damage_healed":0,"gold_gain":100,"player_choice":"Pray","damage_taken":0,"max_hp_gain":0,"max_hp_loss":0,"event_name":"Golden Shrine","floor":19,"gold_loss":0},{"damage_healed":0,"gold_gain":99,"player_choice":"Stole From Cult","damage_taken":0,"max_hp_gain":0,"max_hp_loss":0,"event_name":"Nest","floor":31,"gold_loss":0},{"damage_healed":0,"gold_gain":0,"player_choice":"Got Potions","damage_taken":0,"max_hp_gain":0,"max_hp_loss":0,"event_name":"Lab","floor":39,"gold_loss":0}],"is_beta":false,"boss_relics":[{"not_picked":["Empty Cage","Astrolabe"],"picked":"Sozu"},{"not_picked":["SacredBark","Fusion Hammer"],"picked":"Coffee Dripper"}],"items_purged_floors":[3,21,37,46],"is_endless":false,"potions_floor_spawned":[1,8,11,16,18,28,33,36,38,45],"killed_by":"Nemesis","ascension_level":6}}