{"host":"jak4ncvfzor9mys0","time":1608092479,"event":{"mods":["2.2 Compatiblity","AchievementEnabler","BaseMod","Better Altar","Better Match","Better Note","Better Sensory Stone","Better Skull","Better Third Choice","BetterRewards","Block Reminder","Colored Map","Colored Powertips","Energized Spire","Gold Saver","Hubris","Infinite Spire","Key Reminder","Minty Spire (QoL Compilation)","Rare Cards Sparkle","Red Circlet Mod","Relic Sorter","Relic Stats","Replay The Spire","Retaliation","StSLib","SuperFastMode","The Blue Laboratory"],"gold_per_floor":[741,741,741,741,758,758,785,801,801,676,676,690,546,562,562,663,713,731,748,340,340,126,126,126,160,211,211,237,237,250,250,250],"floor_reached":31,"playtime":1239,"items_purged":["Barricade+1","Strike_R","Strike_R","Strike_R","Defend_R"],"score":396,"play_id":"a1105c38-462b-46ec-b04b-4003e03992ee","local_time":"20201215202119","is_ascension_mode":false,"campfire_choices":[{"data":"Body Slam","floor":6,"key":"SMITH"},{"data":"Rage","floor":11,"key":"SMITH"},{"data":"Body Slam","floor":15,"key":"SMITH"},{"data":"Berserk","floor":23,"key":"SMITH"}],"circlet_count":0,"master_deck":["Barricade+1","Strike_R","Strike_R","Defend_R","Defend_R+1","Defend_R","Body Slam+1","Rage+1","Survivor","Neutralize+1","Iron Wave+1","Body Slam+1","Berserk+1","DDmod:SpikeMailSkill","Iron Wave","Shrug It Off","Twin Strike+1","Pommel Strike"],"relics":["Burning Blood","Blue Doll","StrikeDummy","Sling","Tiny House","Replay:Bottled Steam","MealTicket","Juzu Bracelet","infinitespire:PuzzleCube"],"acts_visited":["Exordium","TheCity"],"potions_floor_usage":[18,23,25],"damage_taken":[{"damage":21,"enemies":"Small Slimes","floor":1,"turns":6},{"damage":1,"enemies":"2 Louse","floor":5,"turns":5},{"damage":0,"enemies":"Lagavulin","floor":7,"turns":10},{"damage":5,"enemies":"Jaw Worm","floor":8,"turns":4},{"damage":6,"enemies":"Blue Slaver","floor":12,"turns":4},{"damage":9,"enemies":"Exordium Thugs","floor":14,"turns":6},{"damage":19,"enemies":"The Guardian","floor":16,"turns":10},{"damage":13,"enemies":"3 Byrds","floor":18,"turns":6},{"damage":9,"enemies":"Chosen","floor":19,"turns":6},{"damage":17,"enemies":"Book of Stabbing","floor":25,"turns":6},{"damage":42,"enemies":"Nightmare","floor":28,"turns":11},{"damage":25,"enemies":"Colosseum Slavers","floor":29,"turns":4},{"damage":13,"enemies":"Snake Plant","floor":30,"turns":4},{"damage":13,"enemies":"Centurion and Healer","floor":31,"turns":1}],"seed_played":"-5624746900335368768","potions_obtained":[{"floor":1,"key":"blueLaboratory:ExaltedPotion"},{"floor":8,"key":"SpeedPotion"},{"floor":16,"key":"blueLaboratory:FruitPunch"},{"floor":17,"key":"blueLaboratory:EmptyBottle"},{"floor":18,"key":"Fruit Juice"}],"is_trial":false,"path_per_floor":["M","?","?","?","M","R","E","M","T","$","R","M","$","M","R","B",null,"M","M","$","?","$","R","$","E","T","?","NM","?","M","M"],"character_chosen":"IRONCLAD","items_purchased":["Body Slam","Sling","Replay:Bottled Steam","Shrug It Off","Twin Strike+1"],"campfire_rested":0,"item_purchase_floors":[0,13,20,22,22],"current_hp_per_floor":[65,65,65,65,70,70,76,77,77,77,77,77,77,74,74,61,85,78,75,75,75,75,80,80,71,71,71,35,16,9,0,0],"gold":250,"neow_bonus":"","is_daily":false,"chose_seed":false,"campfire_upgraded":4,"win_rate":0.0,"timestamp":1608092479,"path_taken":["M","?","?","?","M","R","E","M","T","$","R","M","$","M","R","BOSS","M","M","$","?","?","R","$","E","T","?","NM","?","M","M"],"items_purchased_type":["Card","Relic","Relic","Card","Card"],"build_version":"2020-12-13","purchased_purges":5,"victory":false,"max_hp_per_floor":[80,80,80,80,80,80,80,80,80,80,80,80,80,80,80,80,85,85,85,85,85,85,90,90,92,92,92,92,92,92,92,92],"relic_stats":{"counters":[169,859],"MealTicket":0,"Juzu Bracelet":0,"obtain_stats":[{"Bottled Tornado":28,"hubris:MysteriousPyramids":37,"Sling":13,"Ring of Searing":7,"Old Coin":89,"energizedSpire:TabascoSauce":17,"MealTicket":31,"Replay:Wax Seal":53,"hubris:TinFlute":3,"Replay:Bottled Steam":20,"Pear":43,"Akabeko":5,"infinitespire:EvilPickle":33,"DDmod:StuhbiRelic":10,"infinitespire:Broken Mirror":23,"hubris:TenFootPole":0,"StrikeDummy":9,"Unceasing Top":0,"infinitespire:PuzzleCube":28,"hubris:Metronome":9,"Lantern":6,"Torii":31,"Blue Doll":5,"Cursed Key":17,"Smiling Mask":42,"Burning Blood":0,"Shovel":13,"infinitespire:Bottled Soul":63,"hubris:ScarierMask":17,"Replay:Lucky Slots":36,"Replay:Bottled Eggs":26,"infinitespire:Eraser":94,"hubris:ChampionShield":105,"energizedSpire:DecayingSkull":17,"Potion Belt":9,"NeowsBlessing":0,"Golden Idol":5,"hubris:64BitClover":30,"PreservedInsect":9,"infinitespire:Lucky Rock":7,"Replay:Arrowhead":85,"hubris:Spice":26,"betterThird:SlimedRelic":2,"Bloody Idol":31,"Orrery":13,"Garlic":26,"Champion Belt":6,"ReplayTheSpireMod:Lightbulb":8,"infinitespire:Midas Blood":4,"Ice Cream":79,"hubris:CrystalStatue":19,"Tiny House":17,"Vajra":43,"Iron Hammer":99,"Ring of Hypnosis":7,"Happy Flower":9,"Ring of Chaos":25,"infinitespire:Beetle Shell":40,"Letter Opener":27,"Question Card":28,"ReplayTheSpireMod:Spearhead":0,"Bottled Flame":26,"Shuriken":0,"Molten Egg 2":77,"hubris:ToyBattleship":24,"Mirror":103,"Pocketwatch":2,"ReplayFunnel":22,"Mango":97,"hubris:SlimyHat":0,"Juzu Bracelet":22,"Empty Cage":34,"ClockworkSouvenir":3,"Chameleon Ring":85,"hubris:Stopwatch":17,"Pantograph":74,"Gambling Chip":6,"Tiny Chest":9,"hubris:IronBody":13,"Red Skull":3,"Gremlin Food":23,"energizedSpire:RedRose":17,"hubris:DisguiseKit":11,"infinitespire:CursedDice":7,"Quantum Egg":36,"Replay:WaspNest":0,"hubris:MedicalManual":0,"Mercury Hourglass":13,"Calling Bell":85,"Cauldron":25,"Strange Spoon":4,"ChewingGum":34,"Bag of Marbles":46,"infinitespire:Burning Sword":17,"Membership Card":0,"DDmod:BarbedSlagRelic":11,"TungstenRod":53},{"Bottled Tornado":12,"hubris:MysteriousPyramids":74,"Sling":160,"Ring of Searing":60,"Old Coin":104,"energizedSpire:TabascoSauce":54,"MealTicket":147,"Replay:Wax Seal":84,"hubris:TinFlute":134,"Replay:Bottled Steam":164,"Pear":78,"Akabeko":2,"infinitespire:EvilPickle":72,"DDmod:StuhbiRelic":29,"infinitespire:Broken Mirror":122,"hubris:TenFootPole":132,"StrikeDummy":159,"Unceasing Top":110,"infinitespire:PuzzleCube":166,"hubris:Metronome":3,"Lantern":51,"Torii":71,"Blue Doll":16,"Cursed Key":64,"Smiling Mask":151,"Burning Blood":0,"Shovel":30,"infinitespire:Bottled Soul":89,"hubris:ScarierMask":32,"Replay:Lucky Slots":149,"Replay:Bottled Eggs":11,"infinitespire:Eraser":106,"hubris:ChampionShield":109,"energizedSpire:DecayingSkull":20,"Potion Belt":60,"NeowsBlessing":0,"Golden Idol":26,"hubris:64BitClover":147,"PreservedInsect":29,"infinitespire:Lucky Rock":3,"Replay:Arrowhead":101,"hubris:Spice":123,"betterThird:SlimedRelic":1,"Bloody Idol":125,"Orrery":116,"Garlic":144,"Champion Belt":27,"ReplayTheSpireMod:Lightbulb":41,"infinitespire:Midas Blood":39,"Ice Cream":99,"hubris:CrystalStatue":8,"Tiny House":162,"Vajra":151,"Iron Hammer":107,"Ring of Hypnosis":60,"Happy Flower":135,"Ring of Chaos":11,"infinitespire:Beetle Shell":76,"Letter Opener":124,"Question Card":68,"ReplayTheSpireMod:Spearhead":37,"Bottled Flame":68,"Shuriken":47,"Molten Egg 2":97,"hubris:ToyBattleship":11,"Mirror":108,"Pocketwatch":38,"ReplayFunnel":142,"Mango":107,"hubris:SlimyHat":57,"Juzu Bracelet":66,"Empty Cage":72,"ClockworkSouvenir":15,"Chameleon Ring":101,"hubris:Stopwatch":7,"Pantograph":96,"Gambling Chip":114,"Tiny Chest":17,"hubris:IronBody":62,"Red Skull":25,"Gremlin Food":67,"energizedSpire:RedRose":140,"hubris:DisguiseKit":4,"infinitespire:CursedDice":17,"Quantum Egg":127,"Replay:WaspNest":24,"hubris:MedicalManual":110,"Mercury Hourglass":116,"Calling Bell":101,"Cauldron":11,"Strange Spoon":134,"ChewingGum":126,"Bag of Marbles":80,"infinitespire:Burning Sword":118,"Membership Card":14,"DDmod:BarbedSlagRelic":29,"TungstenRod":84},{"Bottled Tornado":59,"hubris:MysteriousPyramids":361,"Sling":805,"Ring of Searing":315,"Old Coin":444,"energizedSpire:TabascoSauce":283,"MealTicket":718,"Replay:Wax Seal":407,"hubris:TinFlute":626,"Replay:Bottled Steam":833,"Pear":380,"Akabeko":2,"infinitespire:EvilPickle":356,"DDmod:StuhbiRelic":152,"infinitespire:Broken Mirror":545,"hubris:TenFootPole":617,"StrikeDummy":801,"Unceasing Top":468,"infinitespire:PuzzleCube":850,"hubris:Metronome":3,"Lantern":269,"Torii":349,"Blue Doll":82,"Cursed Key":330,"Smiling Mask":747,"Burning Blood":0,"Shovel":159,"infinitespire:Bottled Soul":414,"hubris:ScarierMask":174,"Replay:Lucky Slots":735,"Replay:Bottled Eggs":55,"infinitespire:Eraser":452,"hubris:ChampionShield":463,"energizedSpire:DecayingSkull":106,"Potion Belt":315,"NeowsBlessing":0,"Golden Idol":137,"hubris:64BitClover":718,"PreservedInsect":152,"infinitespire:Lucky Rock":3,"Replay:Arrowhead":434,"hubris:Spice":550,"betterThird:SlimedRelic":1,"Bloody Idol":569,"Orrery":496,"Garlic":698,"Champion Belt":144,"ReplayTheSpireMod:Lightbulb":215,"infinitespire:Midas Blood":209,"Ice Cream":427,"hubris:CrystalStatue":35,"Tiny House":821,"Vajra":747,"Iron Hammer":454,"Ring of Hypnosis":315,"Happy Flower":629,"Ring of Chaos":55,"infinitespire:Beetle Shell":372,"Letter Opener":564,"Question Card":342,"ReplayTheSpireMod:Spearhead":202,"Bottled Flame":342,"Shuriken":256,"Molten Egg 2":424,"hubris:ToyBattleship":55,"Mirror":460,"Pocketwatch":205,"ReplayFunnel":677,"Mango":454,"hubris:SlimyHat":305,"Juzu Bracelet":336,"Empty Cage":356,"ClockworkSouvenir":78,"Chameleon Ring":434,"hubris:Stopwatch":26,"Pantograph":423,"Gambling Chip":486,"Tiny Chest":89,"hubris:IronBody":320,"Red Skull":134,"Gremlin Food":340,"energizedSpire:RedRose":660,"hubris:DisguiseKit":5,"infinitespire:CursedDice":89,"Quantum Egg":585,"Replay:WaspNest":132,"hubris:MedicalManual":468,"Mercury Hourglass":496,"Calling Bell":434,"Cauldron":55,"Strange Spoon":626,"ChewingGum":583,"Bag of Marbles":388,"infinitespire:Burning Sword":520,"Membership Card":75,"DDmod:BarbedSlagRelic":152,"TungstenRod":407}],"Burning Blood":773},"card_choices":[{"not_picked":["True Grit","Dark Embrace"],"picked":"Rage","floor":1},{"not_picked":["Sword Boomerang","Run Through","Wild Strike"],"picked":"SKIP","floor":5},{"not_picked":["Armaments","DDmod:AllInSkill"],"picked":"Iron Wave","floor":7},{"not_picked":["Thunderclap","Replay:Undeath\u0027s Touch","Evolve"],"picked":"SKIP","floor":8},{"not_picked":["Flex","Armaments","Sentinel"],"picked":"SKIP","floor":12},{"not_picked":["Seeing Red","Life Link"],"picked":"Body Slam","floor":14},{"not_picked":["Replay:Many Hands","Double Tap"],"picked":"Berserk","floor":16},{"not_picked":["Life Link","Inflame"],"picked":"DDmod:SpikeMailSkill","floor":17},{"not_picked":["hubris:SharpeningStone+1","Anger"],"picked":"Iron Wave","floor":18},{"not_picked":["Anger","Run Through","Headbutt"],"picked":"SKIP","floor":19},{"not_picked":["Wild Strike+1","Pummel"],"picked":"Pommel Strike","floor":25},{"not_picked":["Intimidate","Flex+1","Heavy Blade"],"picked":"SKIP","floor":28},{"not_picked":["Intimidate","Flex+1","Heavy Blade"],"picked":"SKIP","floor":28},{"not_picked":["Infernal Blade","Pommel Strike","DDmod:UnstoppableAttack"],"picked":"SKIP","floor":30}],"player_experience":2621078,"relics_obtained":[{"floor":7,"key":"Blue Doll"},{"floor":9,"key":"StrikeDummy"},{"floor":25,"key":"MealTicket"},{"floor":26,"key":"Juzu Bracelet"},{"floor":28,"key":"infinitespire:PuzzleCube"}],"event_choices":[{"damage_healed":0,"gold_gain":0,"player_choice":"Forge","damage_taken":0,"max_hp_gain":0,"max_hp_loss":0,"event_name":"Accursed Blacksmith","floor":21,"gold_loss":0,"cards_upgraded":["Iron Wave"]},{"cards_removed":["Strike_R"],"damage_healed":0,"gold_gain":0,"player_choice":"Give","damage_taken":0,"max_hp_gain":0,"max_hp_loss":0,"event_name":"betterNote:BetterNote","floor":27,"gold_loss":0,"cards_obtained":["Defend_R"]},{"damage_healed":0,"gold_gain":0,"player_choice":"Fight","damage_taken":0,"max_hp_gain":0,"max_hp_loss":0,"event_name":"Colosseum","floor":29,"gold_loss":0},{"damage_healed":0,"gold_gain":0,"player_choice":"Fled From Nobs","damage_taken":0,"max_hp_gain":0,"max_hp_loss":0,"event_name":"Colosseum","floor":29,"gold_loss":0}],"is_beta":false,"boss_relics":[{"not_picked":["ReplayTheSpireMod:SealedPack","hubris:TerracottaHorce"],"picked":"Tiny House"}],"items_purged_floors":[0,0,10,20,22],"is_endless":true,"potions_floor_spawned":[1,8,14,16,18,19],"killed_by":"Centurion and Healer","ascension_level":0}}