{"host":"9pqy5lt7vda52ebm","time":1608162543,"event":{"mods":["BaseMod","Minty Spire (QoL Compilation)","Optimize The Spire","Quick Restart","StSLib","The Evolution"],"gold_per_floor":[117,129,129,141,66,66,94,94,94,104,104,137,137,87,87,183,183,183,209,222,245,245,275,275,307,383,395,422,422,422,422,422,518,518,528,577,577,577],"floor_reached":37,"playtime":8412,"items_purged":["evolutionmod:StrikeEvo"],"score":759,"play_id":"2058fc30-4591-4e82-a1e2-fbace0fe8816","local_time":"20201216184903","is_ascension_mode":true,"campfire_choices":[{"data":"evolutionmod:DefendEvo","floor":6.0,"key":"SMITH"},{"data":"evolutionmod:TheNight","floor":8.0,"key":"SMITH"},{"data":"evolutionmod:CalmTheWaters","floor":11.0,"key":"SMITH"},{"data":"evolutionmod:Dive","floor":13.0,"key":"SMITH"},{"data":"evolutionmod:Pheromones","floor":15.0,"key":"SMITH"},{"data":"evolutionmod:ChimeraDefense","floor":24.0,"key":"SMITH"},{"data":"evolutionmod:CrystalDust","floor":30,"key":"SMITH"},{"data":"evolutionmod:LoyalWarrior","floor":32,"key":"SMITH"}],"circlet_count":0,"master_deck":["AscendersBane","evolutionmod:LoyalWarrior+1","evolutionmod:StrikeEvo","evolutionmod:StrikeEvo","evolutionmod:LoyalCompanion","evolutionmod:DefendEvo","evolutionmod:DefendEvo","evolutionmod:DefendEvo","evolutionmod:DefendEvo+1","evolutionmod:Pheromones+1","evolutionmod:Shrink","evolutionmod:TheNight+1","evolutionmod:CrystalDust+1","evolutionmod:CalmTheWaters+1","evolutionmod:Dive+1","evolutionmod:GodForm","evolutionmod:ChimeraDefense+1","evolutionmod:DepthsLurker+1","evolutionmod:Pheromones","evolutionmod:Photosynthesis","evolutionmod:CrystalStone+1"],"relics":["evolutionmod:TorisGift","NeowsBlessing","White Beast Statue","Toy Ornithopter","Happy Flower","SlaversCollar","Red Mask","Nunchaku","Bird Faced Urn","PreservedInsect","Mercury Hourglass","FossilizedHelix","Potion Belt","Snecko Eye","Lizard Tail"],"acts_visited":["Exordium","TheCity","TheBeyond"],"potions_floor_usage":[28,36,36],"damage_taken":[{"damage":0.0,"enemies":"Cultist","floor":1.0,"turns":1.0},{"damage":0.0,"enemies":"Small Slimes","floor":2.0,"turns":2.0},{"damage":0.0,"enemies":"2 Louse","floor":4.0,"turns":1.0},{"damage":22.0,"enemies":"3 Sentries","floor":7.0,"turns":8.0},{"damage":14.0,"enemies":"Exordium Thugs","floor":10.0,"turns":7.0},{"damage":13.0,"enemies":"Lagavulin","floor":12.0,"turns":6.0},{"damage":0.0,"enemies":"Hexaghost","floor":16.0,"turns":7.0},{"damage":0.0,"enemies":"2 Thieves","floor":18.0,"turns":1.0},{"damage":78.0,"enemies":"Masked Bandits","floor":19.0,"turns":9.0},{"damage":1.0,"enemies":"3 Byrds","floor":20.0,"turns":9.0},{"damage":4.0,"enemies":"Gremlin Leader","floor":23.0,"turns":6.0},{"damage":0.0,"enemies":"Book of Stabbing","floor":25.0,"turns":6.0},{"damage":1.0,"enemies":"Snake Plant","floor":27.0,"turns":5.0},{"damage":11,"enemies":"Slavers","floor":28,"turns":6},{"damage":22,"enemies":"Automaton","floor":33,"turns":10},{"damage":7,"enemies":"Orb Walker","floor":35,"turns":4},{"damage":43,"enemies":"2 Orb Walkers","floor":36,"turns":6}],"seed_played":"-8429730747891608339","potions_obtained":[{"floor":1.0,"key":"SteroidPotion"},{"floor":10.0,"key":"SmokeBomb"},{"floor":12.0,"key":"FairyPotion"},{"floor":16.0,"key":"SteroidPotion"},{"floor":19.0,"key":"DistilledChaos"},{"floor":20.0,"key":"Block Potion"},{"floor":23.0,"key":"Swift Potion"},{"floor":25.0,"key":"LiquidMemories"},{"floor":28,"key":"Swift Potion"},{"floor":33,"key":"Dexterity Potion"},{"floor":35,"key":"ColorlessPotion"},{"floor":36,"key":"Block Potion"}],"is_trial":false,"path_per_floor":["M","M","$","M","$","R","E","R","T","M","R","E","R","?","R","B",null,"M","?","M","T","?","E","R","E","T","M","E","?","R","?","R","B",null,"M","?","$"],"character_chosen":"EVOLUTION_CLASS","items_purchased":[],"campfire_rested":0,"item_purchase_floors":[],"current_hp_per_floor":[69,69,69,69,69,69,47,47,47,33,33,20,20,20,20,20,63,68,27,26,26,51,47,47,51,51,54,52,52,52,52,52,36,67,66,37,37,37],"gold":577,"neow_bonus":"THREE_ENEMY_KILL","is_daily":false,"chose_seed":false,"campfire_upgraded":8,"win_rate":0.0,"timestamp":1608162543,"path_taken":["M","?","$","?","$","R","E","R","T","M","R","E","R","?","R","BOSS","M","?","M","?","?","E","R","E","T","M","E","?","R","?","R","BOSS","M","?","$"],"items_purchased_type":[],"build_version":"2020-12-13","purchased_purges":1,"victory":false,"max_hp_per_floor":[77,77,77,77,77,77,77,77,77,77,77,77,77,77,77,77,77,77,77,77,77,77,77,77,77,77,77,77,77,77,77,77,77,77,77,77,77,77],"card_choices":[{"not_picked":["evolutionmod:DrainMana","evolutionmod:Charm"],"picked":"evolutionmod:Pheromones","floor":1.0},{"not_picked":["evolutionmod:Hatch","evolutionmod:PoisonFangs"],"picked":"evolutionmod:Shrink","floor":2.0},{"not_picked":["evolutionmod:CrystalStone","evolutionmod:Dive"],"picked":"evolutionmod:TheNight","floor":4.0},{"not_picked":["evolutionmod:ShiftingPower","evolutionmod:SpiderBite"],"picked":"evolutionmod:CrystalDust","floor":7.0},{"not_picked":["evolutionmod:CrystalStone","evolutionmod:Salamander"],"picked":"evolutionmod:CalmTheWaters","floor":10.0},{"not_picked":["evolutionmod:DrainMana","evolutionmod:SeaSerpent"],"picked":"evolutionmod:Dive","floor":12.0},{"not_picked":["evolutionmod:Aegis2","evolutionmod:TheNight"],"picked":"evolutionmod:GodForm","floor":16.0},{"not_picked":["evolutionmod:Firebloom+1","evolutionmod:Symbiotes"],"picked":"evolutionmod:ChimeraDefense","floor":19.0},{"not_picked":["evolutionmod:ShiftingStrike+1","evolutionmod:Charm","evolutionmod:ShiftingGuard"],"picked":"SKIP","floor":20.0},{"not_picked":["evolutionmod:Antidote","evolutionmod:TalonStrike+1"],"picked":"evolutionmod:DepthsLurker+1","floor":23.0},{"not_picked":["evolutionmod:ClawSlash","evolutionmod:FireAnts","evolutionmod:DarkDesires"],"picked":"SKIP","floor":25.0},{"not_picked":["evolutionmod:PoisonFangs+1","evolutionmod:Treasure","evolutionmod:StripArmor"],"picked":"SKIP","floor":27},{"not_picked":["evolutionmod:ChimeraStrike","evolutionmod:Phoenix"],"picked":"evolutionmod:Pheromones","floor":28},{"not_picked":["evolutionmod:GodForm","evolutionmod:Broodmother"],"picked":"evolutionmod:Photosynthesis","floor":33},{"not_picked":["evolutionmod:Hatch+1","evolutionmod:DrainMana"],"picked":"evolutionmod:CrystalStone+1","floor":35}],"player_experience":756805,"relics_obtained":[{"floor":7.0,"key":"White Beast Statue"},{"floor":9.0,"key":"Toy Ornithopter"},{"floor":12.0,"key":"Happy Flower"},{"floor":19.0,"key":"Red Mask"},{"floor":21.0,"key":"Nunchaku"},{"floor":23.0,"key":"Bird Faced Urn"},{"floor":25.0,"key":"PreservedInsect"},{"floor":26.0,"key":"Mercury Hourglass"},{"floor":28,"key":"FossilizedHelix"},{"floor":36,"key":"Lizard Tail"}],"event_choices":[{"cards_removed":["evolutionmod:StrikeEvo"],"damage_healed":0.0,"max_hp_gain":0.0,"max_hp_loss":0.0,"gold_gain":0.0,"event_name":"The Cleric","player_choice":"Card Removal","floor":14.0,"gold_loss":50.0,"damage_taken":0.0},{"damage_healed":0.0,"max_hp_gain":0.0,"max_hp_loss":0.0,"gold_gain":0.0,"event_name":"Masked Bandits","player_choice":"Fought Bandits","floor":19.0,"gold_loss":0.0,"damage_taken":0.0},{"damage_healed":25.0,"max_hp_gain":0.0,"max_hp_loss":0.0,"gold_gain":0.0,"event_name":"The Library","player_choice":"Heal","floor":22.0,"gold_loss":0.0,"damage_taken":0.0},{"damage_healed":0,"gold_gain":0,"player_choice":"Opened","damage_taken":0,"relics_obtained":["Potion Belt"],"max_hp_gain":0,"max_hp_loss":0,"event_name":"The Mausoleum","floor":29,"gold_loss":0},{"damage_healed":0,"gold_gain":0,"player_choice":"Ignored","damage_taken":0,"max_hp_gain":0,"max_hp_loss":0,"event_name":"Vampires","floor":31,"gold_loss":0},{"damage_healed":0,"gold_gain":0,"player_choice":"Fight","damage_taken":0,"max_hp_gain":0,"max_hp_loss":0,"event_name":"Mysterious Sphere","floor":36,"gold_loss":0}],"is_beta":false,"boss_relics":[{"not_picked":["SacredBark","Runic Dome"],"picked":"SlaversCollar"},{"not_picked":["Calling Bell","Black Star"],"picked":"Snecko Eye"}],"items_purged_floors":[5],"is_endless":false,"potions_floor_spawned":[1,10,12,16,18,19,20,23,25,27,28,33,35,36],"ascension_level":10}}