{"host":"90jl2h70xtuoeg0i","time":1608162829,"event":{"mods":["AchievementEnabler","BaseMod","Colored Map","Colored Powertips","Minty Spire (QoL Compilation)","Relic Stats","ojb\u0027s Better Paths Mod","ojb\u0027s Info Mod"],"gold_per_floor":[99,99,99,7,7,7,7,7,7,7,7,7,0,0,0,0,0,0,0,0,0,0],"floor_reached":21,"playtime":1953,"items_purged":[],"score":386,"play_id":"bd2a256d-45cd-4d5d-ba1d-081382626a60","local_time":"20201216185349","is_ascension_mode":true,"campfire_choices":[{"data":"Masterful Stab","floor":6.0,"key":"SMITH"},{"data":"Terror","floor":8.0,"key":"SMITH"},{"floor":15,"key":"REST"}],"circlet_count":0,"master_deck":["AscendersBane","Strike_G","Strike_G","Strike_G","Defend_G","Defend_G","Defend_G","Defend_G","Defend_G","Survivor","Neutralize","Masterful Stab+1","Dagger Spray","Terror+1","PiercingWail","Skewer","Outmaneuver","Finisher","Accuracy","Choke","Phantasmal Killer","PiercingWail","Cloak And Dagger+1","Leg Sweep+1"],"relics":["Ectoplasm","Centennial Puzzle","Nunchaku","InkBottle","Empty Cage"],"acts_visited":["Exordium","TheCity"],"potions_floor_usage":[10,12,16,20,20],"damage_taken":[{"damage":2.0,"enemies":"Small Slimes","floor":1.0,"turns":4.0},{"damage":1.0,"enemies":"2 Louse","floor":2.0,"turns":3.0},{"damage":0.0,"enemies":"Cultist","floor":5.0,"turns":4.0},{"damage":17,"enemies":"Lagavulin","floor":10,"turns":6},{"damage":3,"enemies":"Large Slime","floor":11,"turns":3},{"damage":17,"enemies":"3 Sentries","floor":12,"turns":7},{"damage":0,"enemies":"Looter","floor":13,"turns":2},{"damage":4,"enemies":"Red Slaver","floor":14,"turns":2},{"damage":15,"enemies":"The Guardian","floor":16,"turns":10},{"damage":14,"enemies":"3 Byrds","floor":18,"turns":4},{"damage":4,"enemies":"Chosen","floor":19,"turns":3},{"damage":13,"enemies":"Centurion and Healer","floor":20,"turns":5},{"damage":43,"enemies":"Cultist and Chosen","floor":21,"turns":5}],"seed_played":"3331267327362421020","potions_obtained":[{"floor":2.0,"key":"CultistPotion"},{"floor":7.0,"key":"CultistPotion"},{"floor":7.0,"key":"Fire Potion"},{"floor":11,"key":"BlessingOfTheForge"},{"floor":14,"key":"PowerPotion"},{"floor":16,"key":"Poison Potion"},{"floor":18,"key":"Poison Potion"}],"is_trial":false,"path_per_floor":["M","M","?","$","M","R","?","R","T","E","M","E","M","M","R","B",null,"M","M","M","M"],"character_chosen":"THE_SILENT","items_purchased":["Terror","PiercingWail"],"campfire_rested":1,"item_purchase_floors":[4,4],"current_hp_per_floor":[57,56,56,56,56,56,56,56,56,39,36,19,19,15,34,19,54,40,36,23,0,0],"gold":0,"neow_bonus":"BOSS_RELIC","is_daily":false,"chose_seed":false,"campfire_upgraded":2,"win_rate":0.0,"timestamp":1608162829,"path_taken":["M","M","?","$","M","R","?","R","T","E","M","E","?","M","R","BOSS","M","M","M","M"],"items_purchased_type":["Card","Card"],"build_version":"2020-12-13","purchased_purges":0,"victory":false,"max_hp_per_floor":[66,66,66,66,66,66,66,66,66,66,66,66,66,66,66,66,66,66,66,66,66,66],"relic_stats":{"Centennial Puzzle":[27],"Nunchaku":[7],"counters":[13,58],"Ectoplasm":306,"obtain_stats":[{"Centennial Puzzle":9,"Nunchaku":10,"Ectoplasm":0,"Empty Cage":17,"InkBottle":12,"Ring of the Snake":0},{"Centennial Puzzle":3,"Nunchaku":4,"Ectoplasm":0,"Empty Cage":9,"InkBottle":6,"Ring of the Snake":0},{"Centennial Puzzle":11,"Nunchaku":17,"Ectoplasm":0,"Empty Cage":41,"InkBottle":27,"Ring of the Snake":0}],"InkBottle":[10]},"card_choices":[{"not_picked":["Poisoned Stab","PiercingWail"],"picked":"Masterful Stab","floor":1.0},{"not_picked":["Tactician","Riddle With Holes"],"picked":"Dagger Spray","floor":2.0},{"not_picked":["Outmaneuver","Expertise","Flying Knee"],"picked":"SKIP","floor":5.0},{"not_picked":["Outmaneuver","Expertise","Flying Knee"],"picked":"SKIP","floor":5.0},{"not_picked":["Poisoned Stab","Masterful Stab"],"picked":"Skewer","floor":10},{"not_picked":["Underhanded Strike","Dagger Throw"],"picked":"Outmaneuver","floor":11},{"not_picked":["Catalyst","Riddle With Holes"],"picked":"Finisher","floor":12},{"not_picked":["Terror","Flying Knee"],"picked":"Accuracy","floor":13},{"not_picked":["Prepared","Masterful Stab"],"picked":"Choke","floor":14},{"not_picked":["A Thousand Cuts","Envenom"],"picked":"Phantasmal Killer","floor":16},{"not_picked":["Caltrops","Well Laid Plans"],"picked":"PiercingWail","floor":18},{"not_picked":["Calculated Gamble","All Out Attack"],"picked":"Cloak And Dagger+1","floor":19},{"not_picked":["Flechettes","Prepared"],"picked":"Leg Sweep+1","floor":20}],"player_experience":1322349,"relics_obtained":[{"floor":9.0,"key":"Centennial Puzzle"},{"floor":10,"key":"Nunchaku"},{"floor":12,"key":"InkBottle"}],"event_choices":[{"damage_healed":0.0,"max_hp_gain":0.0,"max_hp_loss":0.0,"gold_gain":0.0,"event_name":"Golden Idol","player_choice":"Ignored","floor":3.0,"gold_loss":0.0,"damage_taken":0.0},{"damage_healed":0.0,"max_hp_gain":0.0,"max_hp_loss":0.0,"gold_gain":0.0,"event_name":"Lab","player_choice":"Got Potions","floor":7.0,"gold_loss":0.0,"damage_taken":0.0}],"is_beta":false,"boss_relics":[{"not_picked":["Astrolabe","SacredBark"],"picked":"Empty Cage"}],"items_purged_floors":[],"is_endless":false,"potions_floor_spawned":[2,11,14,16,18],"killed_by":"Cultist and Chosen","ascension_level":20}}