{"host":"yhemb00fn7g5zwp1","time":1608129343,"event":{"mods":["AchievementEnabler","Act Like it!","BaseMod","CapriCore","Gensokyo","Hallownest","Highlight Path","KinomotoSakuraMod(Ä¾Ö®±¾Ó£)","Koishi","KomeijiMod","Marisa£¨ìFÓê¡¡Ä§ÀíÉ³£©","Minty Spire (QoL Compilation)","MostiFishMod","Pale of the Ancients","Prisma Mod","Reimu£¨²©ÀöÁéÃÎ£©","Remilia£¨ÀÙÃ×ÀòÑÇ£©","StSLib","Td1madao Mod","The Factory","The Hayseed","The Servant 0.9.4","Youmu£¨»êÆÇÑýÃÎ£©","Yuyuko","¡¾¶«·½¶þ´Î´´×÷¡¿°ËÔÆ×Ïmod","¡¾ÒÅÎï¿¨ÅÆ¡¿REMEMod"],"gold_per_floor":[114,130,130,130,140,140,150,150,175,15,15,15,35,54,54,54,54],"floor_reached":16,"playtime":827,"items_purged":[],"score":184,"play_id":"a3b5af65-a63d-4849-9230-e85385c7ffbb","local_time":"20201216223543","is_ascension_mode":true,"campfire_choices":[{"data":"Enlightenment","floor":6,"key":"SMITH"},{"data":"True Grit","floor":8,"key":"SMITH"},{"floor":12,"key":"REST"},{"floor":15,"key":"REST"}],"circlet_count":0,"master_deck":["AscendersBane","Strike_R","Strike_R","Strike_R","Strike_R","Strike_R","Defend_R","Defend_R","Defend_R","Defend_R","Bash","Enlightenment+1","TheSimpletonMod:FlashPasteurize","True Grit+1","Pummel","Dark Embrace+1","Pain","Feed","Wild Strike","MostiFishMod:WingOfPhoenix"],"relics":["Burning Blood","REME_ComplimentaryCards","DaveBox","RhineCircuit","Question Card","Gensokyo:LunaticRedEyes","Oddly Smooth Stone","Gensokyo:Bombinomicon"],"acts_visited":["Exordium"],"potions_floor_usage":[],"damage_taken":[{"damage":5,"enemies":"Gensokyo:2_Kodama","floor":1,"turns":4},{"damage":7,"enemies":"Gensokyo:Python","floor":2,"turns":4},{"damage":4,"enemies":"Gensokyo:3_Fairies","floor":5,"turns":5},{"damage":69,"enemies":"Gensokyo:3_Kodama","floor":7,"turns":9},{"damage":12,"enemies":"Gensokyo:2_Rabbits","floor":13,"turns":3},{"damage":7,"enemies":"Gensokyo:Python_and_Kodama","floor":14,"turns":3},{"damage":76,"enemies":"Gensokyo:Kokoro","floor":16,"turns":13}],"seed_played":"1200765113314455880","potions_obtained":[{"floor":5,"key":"Ancient Potion"},{"floor":7,"key":"SteroidPotion"}],"is_trial":false,"path_per_floor":["M","M","?","?","M","R","M","R","T","?","$","R","M","M","R","B"],"character_chosen":"IRONCLAD","items_purchased":[],"campfire_rested":2,"item_purchase_floors":[],"current_hp_per_floor":[69,68,68,68,70,70,10,10,10,10,10,33,30,32,57,0,0],"gold":54,"neow_bonus":"RANDOM_COLORLESS","is_daily":false,"chose_seed":false,"campfire_upgraded":2,"win_rate":0.0,"timestamp":1608129343,"path_taken":["M","M","?","?","?","R","M","R","T","?","?","R","M","?","R","BOSS"],"items_purchased_type":[],"build_version":"2020-12-13","purchased_purges":0,"victory":false,"max_hp_per_floor":[75,75,75,75,75,75,78,78,78,78,78,78,81,84,84,84,84],"card_choices":[{"not_picked":["REME_TheoryOfElimination","PreThought"],"picked":"Enlightenment","floor":0},{"not_picked":["Wild Strike","Flex"],"picked":"True Grit","floor":1},{"not_picked":["Twin Strike","Dual Wield","Carnage"],"picked":"Pummel","floor":2},{"not_picked":["Dark Embrace","Cleave","Iron Wave"],"picked":"Feed","floor":5},{"not_picked":["Sword Boomerang","Headbutt","Havoc"],"picked":"Wild Strike","floor":7},{"not_picked":["Heavy Blade","Twin Strike","Sword Boomerang","REME_SingleHolding"],"picked":"SKIP","floor":13},{"not_picked":["Warcry","Ghostly Armor","Cleave"],"picked":"MostiFishMod:WingOfPhoenix","floor":14}],"player_experience":419775,"relics_obtained":[{"floor":1,"key":"Question Card"},{"floor":9,"key":"Oddly Smooth Stone"}],"event_choices":[],"is_beta":false,"boss_relics":[],"items_purged_floors":[],"is_endless":false,"potions_floor_spawned":[5,7,14],"killed_by":"Gensokyo:Kokoro","ascension_level":20}}