{"host":"4nqeo0vu1vuav7gg","time":1608125297,"event":{"mods":["AchievementEnabler","BaseMod","Block Reminder","Colored Map","Colored Powertips","Highlight Path","Minty Spire (QoL Compilation)","Quick Restart","Rare Cards Sparkle","Relic Relevance Reorder","StSLib"],"gold_per_floor":[116,128,48,323,334,334,364,364,387,4,35,35,35,69,69,168,168,183,194,194,214,226,259,219,219,219,60,60,86,17,35,35,132,132,149,176,195,195,214,214,214,229,255,255,274,274,289,289,289,289],"floor_reached":51,"playtime":3220,"items_purged":["Regret"],"score":1236,"play_id":"62da5c57-01b1-4747-8c76-37056a80f7be","local_time":"20201216142817","is_ascension_mode":true,"campfire_choices":[{"data":"Defragment","floor":6.0,"key":"SMITH"},{"data":"Dualcast","floor":8.0,"key":"SMITH"},{"floor":13.0,"key":"REST"},{"floor":15.0,"key":"REST"},{"floor":25.0,"key":"REST"},{"floor":28.0,"key":"REST"},{"floor":32.0,"key":"REST"},{"floor":40.0,"key":"REST"},{"floor":44.0,"key":"REST"},{"floor":46.0,"key":"REST"},{"floor":49.0,"key":"REST"}],"circlet_count":0,"master_deck":["AscendersBane","Strike_B","Strike_B","Strike_B","Strike_B","Defend_B","Defend_B","Defend_B","Defend_B","Zap+1","Dualcast+1","Conserve Battery","Ball Lightning","Loop","Defragment+1","Glacier","Loop","Coolheaded","Echo Form+1","Fission+1","Fusion+1","Echo Form","Bandage Up","Redo+1","BootSequence","Defragment","Defragment","Tempest+1","Glacier","Meteor Strike","CurseOfTheBell","Capacitor","Barrage+1","Cold Snap+1","Static Discharge+1","Self Repair","Consume+1","Sunder+1","Rainbow","Skim"],"relics":["Cracked Core","Pen Nib","Nunchaku","InkBottle","Incense Burner","Happy Flower","Turnip","Orichalcum","Toy Ornithopter","Sling","Nuclear Battery","Singing Bowl","Prayer Wheel","Dream Catcher","Tiny Chest","Mango","Calling Bell"],"acts_visited":["Exordium","TheCity","TheBeyond"],"potions_floor_usage":[50,50],"damage_taken":[{"damage":9.0,"enemies":"Small Slimes","floor":1.0,"turns":3.0},{"damage":0.0,"enemies":"Cultist","floor":2.0,"turns":4.0},{"damage":3.0,"enemies":"2 Louse","floor":5.0,"turns":2.0},{"damage":26.0,"enemies":"3 Sentries","floor":7.0,"turns":6.0},{"damage":18.0,"enemies":"Gremlin Nob","floor":11.0,"turns":4.0},{"damage":28.0,"enemies":"3 Sentries","floor":14.0,"turns":6.0},{"damage":0.0,"enemies":"Hexaghost","floor":16.0,"turns":9.0},{"damage":2.0,"enemies":"Spheric Guardian","floor":18.0,"turns":5.0},{"damage":16.0,"enemies":"3 Byrds","floor":19.0,"turns":6.0},{"damage":10.0,"enemies":"3 Cultists","floor":21.0,"turns":7.0},{"damage":0.0,"enemies":"Centurion and Healer","floor":22.0,"turns":7.0},{"damage":44.0,"enemies":"Slavers","floor":23.0,"turns":6.0},{"damage":35.0,"enemies":"Gremlin Leader","floor":29.0,"turns":8.0},{"damage":28.0,"enemies":"Cultist and Chosen","floor":31.0,"turns":8.0},{"damage":15.0,"enemies":"Champ","floor":33.0,"turns":11.0},{"damage":16.0,"enemies":"3 Shapes","floor":35.0,"turns":7.0},{"damage":52.0,"enemies":"3 Darklings","floor":37.0,"turns":6.0},{"damage":22.0,"enemies":"Sphere and 2 Shapes","floor":39.0,"turns":6.0},{"damage":0.0,"enemies":"Reptomancer","floor":41.0,"turns":2.0},{"damage":38.0,"enemies":"Jaw Worm Horde","floor":42.0,"turns":7.0},{"damage":53.0,"enemies":"Spire Growth","floor":45.0,"turns":7.0},{"damage":47.0,"enemies":"Writhing Mass","floor":47.0,"turns":8.0},{"damage":44,"enemies":"Donu and Deca","floor":50,"turns":12}],"seed_played":"5942142683677840676","potions_obtained":[{"floor":7.0,"key":"Fruit Juice"},{"floor":11.0,"key":"ColorlessPotion"},{"floor":14.0,"key":"SneckoOil"},{"floor":16.0,"key":"Block Potion"},{"floor":22.0,"key":"SmokeBomb"},{"floor":23.0,"key":"DuplicationPotion"},{"floor":31.0,"key":"Energy Potion"},{"floor":39.0,"key":"SpeedPotion"},{"floor":42.0,"key":"LiquidMemories"},{"floor":45.0,"key":"LiquidMemories"}],"is_trial":false,"path_per_floor":["M","M","$","?","M","R","E","R","T","$","E","T","R","E","R","B",null,"M","M","?","M","M","E","?","R","T","$","R","E","$","M","R","B",null,"M","T","M","?","M","R","E","M","T","R","M","R","M","?","R","B",null],"character_chosen":"DEFECT","items_purchased":["Loop","Sling","Tiny Chest","Echo Form","Bandage Up","Defragment"],"campfire_rested":9,"item_purchase_floors":[3,10,10,27,27,30],"current_hp_per_floor":[59,59,59,59,56,56,35,35,35,35,17,17,41,13,37,37,69,69,55,55,47,47,5,5,33,47,47,78,47,47,23,54,43,89,83,83,37,37,19,52,62,28,28,63,28,64,21,21,56,40],"gold":289,"neow_bonus":"UPGRADE_CARD","is_daily":false,"chose_seed":false,"campfire_upgraded":2,"win_rate":0.0,"timestamp":1608125297,"path_taken":["M","M","$","?","?","R","E","R","T","?","E","?","R","E","R","BOSS","M","M","?","M","M","E","?","R","T","$","R","E","$","M","R","BOSS","M","?","M","?","M","R","E","M","T","R","M","R","M","?","R","BOSS"],"items_purchased_type":["Card","Relic","Relic","Card","Card","Card"],"build_version":"2020-12-13","purchased_purges":1,"victory":true,"max_hp_per_floor":[75,75,75,75,75,75,80,80,80,80,80,80,80,80,80,80,80,82,84,84,86,86,88,88,90,104,104,104,104,104,104,104,104,104,106,106,108,108,112,112,112,112,112,114,114,116,116,113,115,115],"card_choices":[{"not_picked":["Stack","Undo"],"picked":"Conserve Battery","floor":1.0},{"not_picked":["Hologram","Gash"],"picked":"Ball Lightning","floor":2.0},{"not_picked":["BootSequence","Ball Lightning"],"picked":"Defragment","floor":5.0},{"not_picked":["Stack","Tempest"],"picked":"Glacier","floor":7.0},{"not_picked":["Hologram","Storm"],"picked":"Compile Driver","floor":11.0},{"not_picked":["Conserve Battery","Darkness"],"picked":"Loop","floor":13.0},{"not_picked":["Sweeping Beam","Redo"],"picked":"Coolheaded","floor":14.0},{"not_picked":["Redo","Aggregate"],"picked":"Echo Form","floor":15.0},{"not_picked":["Biased Cognition","Reboot"],"picked":"Fission","floor":16.0},{"not_picked":["Hologram","Compile Driver","Steam"],"picked":"Singing Bowl","floor":18.0},{"not_picked":["Gash","Sweeping Beam","Turbo"],"picked":"Singing Bowl","floor":19.0},{"not_picked":["Ball Lightning","Go for the Eyes","Aggregate+1"],"picked":"Singing Bowl","floor":21.0},{"not_picked":["Storm","Conserve Battery"],"picked":"Fusion+1","floor":22.0},{"not_picked":["Gash","Rebound","Scrape"],"picked":"Singing Bowl","floor":23.0},{"not_picked":["Hello World","Consume","Multi-Cast"],"picked":"Singing Bowl","floor":25.0},{"not_picked":["Heatsinks","Barrage"],"picked":"Redo+1","floor":28.0},{"not_picked":["Ball Lightning","Rip and Tear"],"picked":"BootSequence","floor":29.0},{"not_picked":["Steam Power","Compile Driver"],"picked":"Defragment","floor":31.0},{"not_picked":["Sweeping Beam","Streamline"],"picked":"Tempest+1","floor":31.0},{"not_picked":["Beam Cell","Go for the Eyes+1"],"picked":"Glacier","floor":32.0},{"not_picked":["Multi-Cast","Rainbow"],"picked":"Meteor Strike","floor":33.0},{"not_picked":["Reprogram+1","Rebound","Steam"],"picked":"Singing Bowl","floor":35.0},{"not_picked":["Leap+1","Auto Shields"],"picked":"Capacitor","floor":35.0},{"not_picked":["Hello World","Recycle+1"],"picked":"Barrage+1","floor":37.0},{"not_picked":["Hologram","Melter+1","Compile Driver+1"],"picked":"Singing Bowl","floor":37.0},{"not_picked":["Compile Driver","Hello World+1","Meteor Strike"],"picked":"Singing Bowl","floor":39.0},{"not_picked":["Melter","Ball Lightning","Streamline+1"],"picked":"Singing Bowl","floor":39.0},{"not_picked":["Storm","Steam"],"picked":"Cold Snap+1","floor":40.0},{"not_picked":["Compile Driver+1","Chaos+1"],"picked":"Static Discharge+1","floor":42.0},{"not_picked":["Storm+1","Hologram+1"],"picked":"Self Repair","floor":42.0},{"not_picked":["Gash+1","Storm+1","Stack+1"],"picked":"Singing Bowl","floor":44.0},{"not_picked":["Go for the Eyes","Cold Snap+1"],"picked":"Consume+1","floor":45.0},{"not_picked":["Compile Driver","FTL+1"],"picked":"Sunder+1","floor":45.0},{"not_picked":["Hologram","Steam","Tempest+1"],"picked":"Singing Bowl","floor":46.0},{"not_picked":["Go for the Eyes","Coolheaded"],"picked":"Rainbow","floor":47.0},{"not_picked":["Redo+1","BootSequence"],"picked":"Skim","floor":47.0},{"not_picked":["Turbo+1","Go for the Eyes","Leap"],"picked":"Singing Bowl","floor":49.0}],"player_experience":944387,"relics_obtained":[{"floor":7.0,"key":"Dream Catcher"},{"floor":9.0,"key":"Pen Nib"},{"floor":11.0,"key":"Incense Burner"},{"floor":12.0,"key":"Singing Bowl"},{"floor":14.0,"key":"Happy Flower"},{"floor":23.0,"key":"Nunchaku"},{"floor":26.0,"key":"Mango"},{"floor":29.0,"key":"Prayer Wheel"},{"floor":34.0,"key":"Toy Ornithopter"},{"floor":34.0,"key":"InkBottle"},{"floor":34.0,"key":"Turnip"},{"floor":43.0,"key":"Orichalcum"}],"event_choices":[{"damage_healed":0.0,"max_hp_gain":0.0,"max_hp_loss":0.0,"gold_gain":275.0,"event_name":"Golden Shrine","player_choice":"Desecrate","floor":4.0,"gold_loss":0.0,"damage_taken":0.0,"cards_obtained":["Regret"]},{"damage_healed":0.0,"max_hp_gain":0.0,"max_hp_loss":0.0,"gold_gain":0.0,"event_name":"Ghosts","player_choice":"Ignored","floor":20.0,"gold_loss":0.0,"damage_taken":0.0},{"damage_healed":0.0,"max_hp_gain":0.0,"max_hp_loss":0.0,"gold_gain":0.0,"event_name":"Designer","player_choice":"Upgraded Two","floor":24.0,"gold_loss":40.0,"damage_taken":0.0,"cards_upgraded":["Fission","Echo Form"]},{"cards_removed":["Compile Driver"],"damage_healed":0.0,"max_hp_gain":0.0,"max_hp_loss":0.0,"gold_gain":0.0,"event_name":"Falling","player_choice":"Removed Attack","floor":38.0,"gold_loss":0.0,"damage_taken":0.0},{"cards_removed":["Parasite"],"damage_healed":0.0,"max_hp_gain":0.0,"max_hp_loss":0.0,"gold_gain":0.0,"event_name":"Fountain of Cleansing","player_choice":"Removed Curses","floor":48.0,"gold_loss":0.0,"damage_taken":0.0}],"is_beta":false,"boss_relics":[{"not_picked":["Runic Dome","Velvet Choker"],"picked":"Nuclear Battery"},{"not_picked":["Fusion Hammer","SacredBark"],"picked":"Calling Bell"}],"items_purged_floors":[10],"is_endless":false,"potions_floor_spawned":[7,11,14,16,22,23,31,39,41,42,45],"ascension_level":11}}