{"host":"bux1pdxjwq4dkad9","time":1608105384,"event":{"mods":["BaseMod","Colored Map","Minty Spire (QoL Compilation)","Quick Restart","Robot Space Explorer","StSLib","SuperFastMode","The Alterego","°æ“≈ŒÔMod°øºÚµ•”Œœ∑"],"gold_per_floor":[109,109,34,209,225,259,159,172,172,205,205,205,217,227,227,332,332,352,367,386,261,261,261,287,42,42,70,84,95,110,137,137,234,234,244,244,244,1243,1243,1278,1278,1307,1307,1339,1350,1401,1472,1188,1188,1188,1188,1188,812,838,838],"floor_reached":56,"playtime":1710,"items_purged":["RobotSpaceExplorer:Strike","RobotSpaceExplorer:Strike","Doubt","Normality","Normality"],"score":2657,"play_id":"ac79c977-1b7c-4420-ba15-6372efc49dc1","local_time":"20201216155624","is_ascension_mode":true,"campfire_choices":[{"data":"RobotSpaceExplorer:FranticSearch","floor":11.0,"key":"SMITH"},{"data":"Chrysalis","floor":15.0,"key":"SMITH"},{"data":"RobotSpaceExplorer:PowerCollector","floor":23.0,"key":"SMITH"},{"data":"RobotSpaceExplorer:Explosion","floor":32.0,"key":"SMITH"},{"floor":41,"key":"RECALL"},{"data":"RobotSpaceExplorer:MiniBoosters","floor":49,"key":"SMITH"},{"data":"RobotSpaceExplorer:ExhaustFan","floor":52,"key":"SMITH"}],"circlet_count":0,"master_deck":["AscendersBane","RobotSpaceExplorer:Strike+1","RobotSpaceExplorer:Defend","RobotSpaceExplorer:Defend","RobotSpaceExplorer:Scan","RobotSpaceExplorer:MiniLasers","Decay","Chrysalis+1","RobotSpaceExplorer:SelfCleaning","RobotSpaceExplorer:MiniDrones+1","RobotSpaceExplorer:FranticSearch+1","RobotSpaceExplorer:Arsenal","RobotSpaceExplorer:GearShield","RobotSpaceExplorer:StunGrenade+1","RobotSpaceExplorer:PowerCollector+1","RobotSpaceExplorer:FreezeRay","Panache","RobotSpaceExplorer:GlueShot","RobotSpaceExplorer:Explosion+1","RobotSpaceExplorer:Fix+1","RobotSpaceExplorer:DualCore","RobotSpaceExplorer:RigExplosive","Madness","Madness","RobotSpaceExplorer:ExhaustFan+1","RobotSpaceExplorer:MiniBoosters+1"],"relics":["RobotSpaceExplorer:RoboCore","EasyRelic","Blue Candle","Ancient Tea Set","Art of War","Juzu Bracelet","Philosopher\u0027s Stone","Bronze Scales","Membership Card","Pen Nib","Shuriken","Runic Dome","StrikeDummy","Whetstone","Bottled Flame","CeramicFish","Bird Faced Urn","Pear","Medical Kit","Mummified Hand","FossilizedHelix","Blood Vial","Pocketwatch"],"acts_visited":["Exordium","TheCity","TheBeyond","TheEnding"],"potions_floor_usage":[55,55],"damage_taken":[{"damage":0.0,"enemies":"2 Louse","floor":1.0,"turns":3.0},{"damage":0.0,"enemies":"Jaw Worm","floor":5.0,"turns":3.0},{"damage":0.0,"enemies":"Lagavulin","floor":6.0,"turns":6.0},{"damage":0.0,"enemies":"Small Slimes","floor":8.0,"turns":3.0},{"damage":0.0,"enemies":"3 Sentries","floor":10.0,"turns":3.0},{"damage":0.0,"enemies":"Blue Slaver","floor":13.0,"turns":3.0},{"damage":0.0,"enemies":"Looter","floor":14.0,"turns":2.0},{"damage":0.0,"enemies":"The Guardian","floor":16.0,"turns":9.0},{"damage":0.0,"enemies":"2 Thieves","floor":18.0,"turns":2.0},{"damage":0.0,"enemies":"Spheric Guardian","floor":19.0,"turns":4.0},{"damage":0.0,"enemies":"Snecko","floor":20.0,"turns":5.0},{"damage":0.0,"enemies":"Book of Stabbing","floor":24.0,"turns":4.0},{"damage":0.0,"enemies":"Slavers","floor":27.0,"turns":2.0},{"damage":0.0,"enemies":"Cultist and Chosen","floor":28.0,"turns":2.0},{"damage":0.0,"enemies":"Snake Plant","floor":29.0,"turns":3.0},{"damage":0.0,"enemies":"Centurion and Healer","floor":30.0,"turns":2.0},{"damage":0.0,"enemies":"Book of Stabbing","floor":31.0,"turns":3.0},{"damage":0.0,"enemies":"Collector","floor":33.0,"turns":3.0},{"damage":0,"enemies":"Orb Walker","floor":35,"turns":2},{"damage":0,"enemies":"Reptomancer","floor":40,"turns":3},{"damage":0,"enemies":"Giant Head","floor":42,"turns":5},{"damage":0,"enemies":"Reptomancer","floor":44,"turns":3},{"damage":0,"enemies":"3 Darklings","floor":45,"turns":3},{"damage":0,"enemies":"2 Orb Walkers","floor":46,"turns":3},{"damage":0,"enemies":"Awakened One","floor":50,"turns":7},{"damage":0,"enemies":"Shield and Spear","floor":54,"turns":2},{"damage":0,"enemies":"The Heart","floor":55,"turns":3}],"seed_played":"-971904724002486394","potions_obtained":[{"floor":6.0,"key":"ColorlessPotion"},{"floor":8.0,"key":"FairyPotion"},{"floor":14.0,"key":"Dexterity Potion"},{"floor":18.0,"key":"Fruit Juice"},{"floor":19.0,"key":"Block Potion"},{"floor":45,"key":"RobotSpaceExplorer:RecyclePotion"}],"is_trial":false,"path_per_floor":["M","?","$","?","M","E","$","M","T","E","R","?","M","M","R","B",null,"M","M","M","$","?","R","E","$","T","E","M","M","M","E","R","B",null,"M","?","?","?","?","E","R","E","T","E","M","?","T","$","R","B",null,"R","$","E","B",null],"character_chosen":"RobotSpaceExplorer","items_purchased":["Membership Card","Panache","Medical Kit","RobotSpaceExplorer:Wormhole","RobotSpaceExplorer:Exploration","RobotSpaceExplorer:MiniBoosters","Mummified Hand","FossilizedHelix"],"campfire_rested":0,"item_purchase_floors":[25,25,48,48,48,48,53,53],"current_hp_per_floor":[68,68,68,68,68,68,68,68,68,68,68,68,68,68,68,68,73,78,78,78,78,78,78,78,78,78,78,78,78,78,78,78,80,80,80,80,80,80,70,70,70,76,76,80,80,80,90,90,90,90,90,90,90,90,90],"gold":838,"neow_bonus":"RANDOM_COLORLESS_2","is_daily":false,"chose_seed":false,"campfire_upgraded":6,"win_rate":0.0,"timestamp":1608105384,"path_taken":["M","?","$","?","?","E","$","M","T","E","R","?","?","M","R","BOSS","M","M","M","$","?","R","E","$","T","E","M","M","M","E","R","BOSS","M","?","?","?","?","E","R","E","T","E","M","?","?","$","R","BOSS","R","$","E","BOSS"],"items_purchased_type":["Relic","Card","Relic","Card","Card","Card","Relic","Relic"],"build_version":"2020-12-13","purchased_purges":5,"victory":true,"max_hp_per_floor":[75,75,75,75,75,75,75,75,75,75,75,75,75,75,75,75,75,80,80,80,80,80,80,80,80,80,80,80,80,80,80,80,80,80,80,80,80,80,80,80,80,80,80,80,80,80,90,90,90,90,90,90,90,90,90],"card_choices":[{"not_picked":["Master of Strategy","Violence"],"picked":"Chrysalis","floor":0.0},{"not_picked":["RobotSpaceExplorer:ShovelStrike","RobotSpaceExplorer:Counterblock"],"picked":"RobotSpaceExplorer:SelfCleaning","floor":1.0},{"not_picked":["RobotSpaceExplorer:ScrapToss","RobotSpaceExplorer:ShockKick"],"picked":"RobotSpaceExplorer:MiniDrones","floor":5.0},{"not_picked":["RobotSpaceExplorer:DualCore","RobotSpaceExplorer:ExhaustFan","RobotSpaceExplorer:SurgingShield"],"picked":"SKIP","floor":6.0},{"not_picked":["RobotSpaceExplorer:ScrapShield","RobotSpaceExplorer:Probe","RobotSpaceExplorer:Electroshield"],"picked":"SKIP","floor":8.0},{"not_picked":["RobotSpaceExplorer:Counterblock","RobotSpaceExplorer:ImprovisedAttack"],"picked":"RobotSpaceExplorer:FranticSearch","floor":10.0},{"not_picked":["RobotSpaceExplorer:Calculate","RobotSpaceExplorer:StarDust","RobotSpaceExplorer:SurgingShield"],"picked":"SKIP","floor":13.0},{"not_picked":["RobotSpaceExplorer:Electroshield","RobotSpaceExplorer:Ammunition","RobotSpaceExplorer:Blaster"],"picked":"SKIP","floor":14.0},{"not_picked":["RobotSpaceExplorer:MetalStrike","RobotSpaceExplorer:ShockKick"],"picked":"RobotSpaceExplorer:GearShield","floor":18.0},{"not_picked":["RobotSpaceExplorer:Ammunition","RobotSpaceExplorer:SlimeMissile"],"picked":"RobotSpaceExplorer:StunGrenade+1","floor":19.0},{"not_picked":["RobotSpaceExplorer:SurgingShield","RobotSpaceExplorer:ShovelStrike"],"picked":"RobotSpaceExplorer:PowerCollector","floor":20.0},{"not_picked":["RobotSpaceExplorer:Calculate","RobotSpaceExplorer:MakeshiftVolley"],"picked":"RobotSpaceExplorer:FreezeRay","floor":24.0},{"not_picked":["RobotSpaceExplorer:Pulsar","RobotSpaceExplorer:LuckyStrike"],"picked":"RobotSpaceExplorer:GlueShot","floor":27.0},{"not_picked":["RobotSpaceExplorer:SwiftStep","RobotSpaceExplorer:Discharger"],"picked":"RobotSpaceExplorer:Explosion","floor":28.0},{"not_picked":["RobotSpaceExplorer:ShockKick","RobotSpaceExplorer:StunGrenade+1","RobotSpaceExplorer:ScrapMissile"],"picked":"SKIP","floor":29.0},{"not_picked":["RobotSpaceExplorer:SwiftStep","RobotSpaceExplorer:Pulsar"],"picked":"RobotSpaceExplorer:Fix+1","floor":30.0},{"not_picked":["RobotSpaceExplorer:MiniDrones","RobotSpaceExplorer:Blaster"],"picked":"RobotSpaceExplorer:DualCore","floor":31.0},{"not_picked":["RobotSpaceExplorer:RigExplosive","RobotSpaceExplorer:ImprovisedAttack","RobotSpaceExplorer:Pulsar"],"picked":"SKIP","floor":35},{"not_picked":["RobotSpaceExplorer:ImprovisedAttack","RobotSpaceExplorer:Pulsar"],"picked":"RobotSpaceExplorer:RigExplosive","floor":35},{"not_picked":["RobotSpaceExplorer:GlueShot","RobotSpaceExplorer:Explosion","RobotSpaceExplorer:Discharger+1"],"picked":"SKIP","floor":40},{"not_picked":["RobotSpaceExplorer:ScrapMissile+1","RobotSpaceExplorer:TurboDodge"],"picked":"RobotSpaceExplorer:ExhaustFan","floor":42},{"not_picked":["RobotSpaceExplorer:FreezingShield","RobotSpaceExplorer:FrostMissile+1","RobotSpaceExplorer:LuckyStrike"],"picked":"SKIP","floor":44},{"not_picked":["RobotSpaceExplorer:MiniDrones+1","RobotSpaceExplorer:Counterblock","RobotSpaceExplorer:DoubleBlock+1"],"picked":"SKIP","floor":45},{"not_picked":["RobotSpaceExplorer:DoubleBlock+1","RobotSpaceExplorer:MetalStrike","RobotSpaceExplorer:ShockKick+1"],"picked":"SKIP","floor":54}],"player_experience":2348913,"relics_obtained":[{"floor":6.0,"key":"Blue Candle"},{"floor":9.0,"key":"Ancient Tea Set"},{"floor":10.0,"key":"Art of War"},{"floor":13.0,"key":"Juzu Bracelet"},{"floor":24.0,"key":"Bronze Scales"},{"floor":27.0,"key":"Pen Nib"},{"floor":31.0,"key":"Shuriken"},{"floor":40,"key":"StrikeDummy"},{"floor":42,"key":"Whetstone"},{"floor":43,"key":"Bottled Flame"},{"floor":44,"key":"CeramicFish"},{"floor":46,"key":"Bird Faced Urn"},{"floor":47,"key":"Pear"},{"floor":54,"key":"Blood Vial"},{"floor":54,"key":"Pocketwatch"}],"event_choices":[{"cards_removed":["RobotSpaceExplorer:Strike"],"damage_healed":0.0,"max_hp_gain":0.0,"max_hp_loss":0.0,"gold_gain":0.0,"event_name":"Living Wall","player_choice":"Forget","floor":2.0,"gold_loss":0.0,"damage_taken":0.0},{"damage_healed":0.0,"max_hp_gain":0.0,"max_hp_loss":0.0,"gold_gain":175.0,"event_name":"Liars Game","player_choice":"AGREE","floor":4.0,"gold_loss":0.0,"damage_taken":0.0,"cards_obtained":["Doubt"]},{"damage_healed":0.0,"max_hp_gain":0.0,"max_hp_loss":0.0,"gold_gain":0.0,"event_name":"Match and Keep!","player_choice":"2 cards matched","floor":12.0,"gold_loss":0.0,"damage_taken":0.0,"cards_obtained":["RobotSpaceExplorer:LuckyFind","RobotSpaceExplorer:Arsenal"]},{"damage_healed":0.0,"max_hp_gain":0.0,"max_hp_loss":0.0,"gold_gain":0.0,"event_name":"Ghosts","player_choice":"Ignored","floor":22.0,"gold_loss":0.0,"damage_taken":0.0},{"damage_healed":0,"gold_gain":0,"player_choice":"Ignored","damage_taken":0,"max_hp_gain":0,"max_hp_loss":0,"event_name":"Tomb of Lord Red Mask","floor":36,"gold_loss":0},{"cards_removed":["RobotSpaceExplorer:Defend"],"damage_healed":0,"gold_gain":0,"player_choice":"Removed Skill","damage_taken":0,"max_hp_gain":0,"max_hp_loss":0,"event_name":"Falling","floor":37,"gold_loss":0},{"damage_healed":0,"gold_gain":999,"player_choice":"Gold","damage_taken":0,"max_hp_gain":0,"max_hp_loss":0,"event_name":"MindBloom","floor":38,"gold_loss":0,"cards_obtained":["Normality","Normality"]},{"damage_healed":0,"gold_gain":0,"player_choice":"Embrace Madness","damage_taken":10,"max_hp_gain":0,"max_hp_loss":0,"event_name":"Winding Halls","floor":39,"gold_loss":0,"cards_obtained":["Madness","Madness"]},{"damage_healed":0,"gold_gain":0,"player_choice":"Fight","damage_taken":0,"max_hp_gain":0,"max_hp_loss":0,"event_name":"Mysterious Sphere","floor":46,"gold_loss":0}],"is_beta":false,"boss_relics":[{"not_picked":["SacredBark","Sozu"],"picked":"Philosopher\u0027s Stone"},{"not_picked":["Fusion Hammer","Pandora\u0027s Box"],"picked":"Runic Dome"}],"items_purged_floors":[3,7,21,48,53],"is_endless":false,"potions_floor_spawned":[6,8,10,14,18,19,29,45],"ascension_level":12}}