{"host":"o5jvvi5yapo90aia","time":1608111087,"event":{"mods":["BaseMod","CapriCore","Minty Spire (QoL Compilation)","MostiFishMod","Prisma Mod","Spicy Shops","StSLib","TestMod","The Immortal","【东方二次创作】八云紫mod","【人物mod】游戏王New YuGiOh mod","【功能Mod】Neow奖励"],"gold_per_floor":[128,158,158,558,591,640,670,670,697,744,669,711,738,784,784,871,871,898,932,462,493,519,567,593,638,638,638,638,664,589,630,630,722,722,751,751,1071,1071,1351,1644,1644,1644,1724,1747,1747,2037,1168,1450,1450,1715,1980,1980,1980,804,848,863],"floor_reached":57,"playtime":1483,"items_purged":["Normality"],"score":3811,"play_id":"376c6f44-5d9b-4a9c-9600-c2df2fa101d5","local_time":"20201216173127","is_ascension_mode":true,"campfire_choices":[{"data":"Strike_P","floor":8,"key":"PURGE"},{"data":"Defend_P+1","floor":15,"key":"PURGE"},{"data":"Defend_P+1","floor":27,"key":"PURGE"},{"floor":32,"key":"RECALL"},{"data":"Eruption+1","floor":41,"key":"PURGE"},{"floor":49,"key":"REST"},{"floor":53,"key":"REST"}],"circlet_count":0,"master_deck":["AscendersBane","Wallop+1","MostiFishMod:DustFall+1","MostiFishMod:Speedup+1","Fasting2+1","Vault+1","DevaForm+1","Adaptation+1","MostiFishMod:CyberBuddha+1","Tantrum+1","FearNoEvil+1","MentalFortress+1"],"relics":["testmod-TestBox","FeatherPendant","DSteel32","testmod-Temperance","Question Card","Juzu Bracelet","Potion Belt","Blood Vial","testmod-IndustrialRevolution","Letter Opener","ImportantClient","Philosopher\u0027s Stone","Anchor","Dodecahedron","Bottled Tornado","Pantograph","Boot","TeardropLocket","BirthdayGift-Tetrahedron","Calipers","PreservedInsect","Pear","Ancient Tea Set","BionicSphere","OrangePellets","testmod-ArcanaOfDestiny","Strawberry","War Paint","Centennial Puzzle","Sling","HornCleat","Orichalcum","CloakClasp","Bronze Scales","Ying","Cauldron","testmod-AssaultLearning"],"acts_visited":["Exordium","TheCity","TheBeyond","TheEnding"],"potions_floor_usage":[55,56,56,56,56],"damage_taken":[{"damage":0,"enemies":"Jaw Worm","floor":1,"turns":1},{"damage":0,"enemies":"Cultist","floor":2,"turns":1},{"damage":0,"enemies":"Small Slimes","floor":5,"turns":2},{"damage":0,"enemies":"Lagavulin","floor":6,"turns":2},{"damage":0,"enemies":"Gremlin Gang","floor":7,"turns":2},{"damage":0,"enemies":"Gremlin Nob","floor":10,"turns":2},{"damage":0,"enemies":"Lagavulin","floor":12,"turns":3},{"damage":0,"enemies":"Looter","floor":13,"turns":2},{"damage":0,"enemies":"Gremlin Nob","floor":14,"turns":2},{"damage":0,"enemies":"The Guardian","floor":16,"turns":3},{"damage":0,"enemies":"Shell Parasite","floor":18,"turns":1},{"damage":0,"enemies":"3 Byrds","floor":19,"turns":2},{"damage":0,"enemies":"Centurion and Healer","floor":21,"turns":2},{"damage":0,"enemies":"Snecko","floor":22,"turns":2},{"damage":0,"enemies":"Book of Stabbing","floor":23,"turns":2},{"damage":0,"enemies":"Snake Plant","floor":24,"turns":2},{"damage":0,"enemies":"Gremlin Leader","floor":25,"turns":2},{"damage":0,"enemies":"Cultist and Chosen","floor":29,"turns":2},{"damage":0,"enemies":"Slavers","floor":31,"turns":2},{"damage":0,"enemies":"Collector","floor":33,"turns":2},{"damage":2,"enemies":"3 Darklings","floor":35,"turns":2},{"damage":2,"enemies":"2 Orb Walkers","floor":37,"turns":2},{"damage":2,"enemies":"Orb Walker","floor":39,"turns":2},{"damage":2,"enemies":"Giant Head","floor":40,"turns":2},{"damage":2,"enemies":"Mind Bloom Boss Battle","floor":46,"turns":2},{"damage":2,"enemies":"Maw","floor":48,"turns":2},{"damage":22,"enemies":"Awakened One","floor":50,"turns":3},{"damage":2,"enemies":"Time Eater","floor":51,"turns":2},{"damage":0,"enemies":"Shield and Spear","floor":55,"turns":1},{"damage":8,"enemies":"The Heart","floor":56,"turns":5}],"seed_played":"2872251687889178380","potions_obtained":[{"floor":2,"key":"BottledMiracle"},{"floor":5,"key":"SteroidPotion"},{"floor":6,"key":"Block Potion"},{"floor":10,"key":"SpeedPotion"},{"floor":21,"key":"Ancient Potion"},{"floor":54,"key":"SteroidPotion"},{"floor":55,"key":"Dexterity Potion"}],"is_trial":false,"path_per_floor":["M","M","?","?","M","E","M","R","T","E","?","E","M","E","R","B",null,"M","M","$","M","M","E","M","E","T","R","?","M","?","E","R","B",null,"M","?","?","?","M","E","R","?","T","T","?","?","$","M","R","B","B",null,"R","$","E","B",null],"character_chosen":"WATCHER","items_purchased":["Anchor","Dodecahedron","Bottled Tornado","OrangePellets","testmod-ArcanaOfDestiny","Strawberry","War Paint","Centennial Puzzle","Sling","HornCleat","Orichalcum","CloakClasp","Bronze Scales","Ying","MentalFortress","Cauldron","testmod-EscapePotion"],"campfire_rested":2,"item_purchase_floors":[20,20,20,47,47,47,47,47,47,54,54,54,54,54,54,54,54],"current_hp_per_floor":[65,68,68,68,68,68,68,68,68,68,68,68,68,68,68,68,68,68,68,68,68,68,68,68,68,68,68,68,68,68,68,68,68,68,66,66,66,66,66,66,66,65,75,75,75,73,80,80,82,60,80,82,82,82,82,74],"gold":863,"neow_bonus":"BOSS_RELIC","is_daily":false,"chose_seed":false,"campfire_upgraded":0,"win_rate":0.0,"timestamp":1608111087,"path_taken":["M","M","?","?","M","E","M","R","T","E","?","E","M","E","R","BOSS","M","M","$","M","M","E","M","E","T","R","?","M","?","E","R","BOSS","M","?","?","?","M","E","R","?","T","?","?","?","$","M","R","BOSS","BOSS","R","$","E","BOSS"],"items_purchased_type":["Relic","Relic","Relic","Relic","Relic","Relic","Relic","Relic","Relic","Relic","Relic","Relic","Relic","Relic","Card","Relic","Potion"],"build_version":"2020-12-13","purchased_purges":1,"victory":true,"max_hp_per_floor":[68,68,68,68,68,68,68,68,68,68,68,68,68,68,68,68,68,68,68,68,68,68,68,68,68,68,68,68,68,68,68,68,68,68,68,68,68,68,68,68,68,65,75,75,75,75,82,82,82,82,82,82,82,82,82,82],"card_choices":[{"not_picked":["Consecrate","JustLucky","WheelKick"],"picked":"SKIP","floor":1},{"not_picked":["Protect","Sanctity","Pray","Study"],"picked":"SKIP","floor":2},{"not_picked":["ClearTheMind","Protect","SashWhip","BattleHymn"],"picked":"SKIP","floor":5},{"not_picked":["CrushJoints","JustLucky","LessonLearned"],"picked":"Wallop","floor":6},{"not_picked":["EmptyBody","FlyingSleeves","FlurryOfBlows","Prostrate"],"picked":"SKIP","floor":7},{"not_picked":["SashWhip","Study","CutThroughFate","EmptyBody"],"picked":"SKIP","floor":10},{"not_picked":["PathToVictory","ClearTheMind","Nirvana"],"picked":"MostiFishMod:DustFall","floor":12},{"not_picked":["Evaluate","EmptyBody","Crescendo"],"picked":"MostiFishMod:Speedup","floor":13},{"not_picked":["Consecrate","SandsOfTime","BowlingBash","Protect"],"picked":"SKIP","floor":14},{"not_picked":["ClearTheMind","Evaluate","ThirdEye","Weave"],"picked":"SKIP","floor":18},{"not_picked":["EmptyBody","Halt","BattleHymn","Vengeance"],"picked":"SKIP","floor":19},{"not_picked":["EmptyBody","BowlingBash","Consecrate"],"picked":"Pray+1","floor":21},{"not_picked":["EmptyBody","Prostrate","Protect","Pray"],"picked":"SKIP","floor":22},{"not_picked":["MostiFishMod:LegendTransform","ForeignInfluence","Study"],"picked":"Fasting2","floor":23},{"not_picked":["EmptyFist+1","Consecrate","Crescendo"],"picked":"Vault","floor":24},{"not_picked":["ThirdEye","Protect","EmptyBody"],"picked":"DevaForm","floor":25},{"not_picked":["Protect","JustLucky+1","Pray"],"picked":"Adaptation","floor":29},{"not_picked":["FlyingSleeves","ForeignInfluence","Swivel+1","Crescendo"],"picked":"SKIP","floor":31},{"not_picked":["MostiFishMod:MemoryFragments","MostiFishMod:UniPurple","MostiFishMod:Unraveling"],"picked":"MostiFishMod:CyberBuddha","floor":33},{"not_picked":["LikeWater","Evaluate","Protect","DeceiveReality"],"picked":"SKIP","floor":35},{"not_picked":["FlurryOfBlows","Halt","BattleHymn+1","Evaluate+1"],"picked":"SKIP","floor":39},{"not_picked":["FlurryOfBlows","DeceiveReality+1","CrushJoints+1","ThirdEye"],"picked":"SKIP","floor":40},{"not_picked":["Crescendo","Worship","MostiFishMod:DustFall"],"picked":"FearNoEvil","floor":46},{"not_picked":["ClearTheMind+1","JustLucky+1","CutThroughFate","CrushJoints"],"picked":"SKIP","floor":48},{"not_picked":["MostiFishMod:Speedup+1","FollowUp","Crescendo","JustLucky"],"picked":"SKIP","floor":55}],"player_experience":1281472,"relics_obtained":[{"floor":1,"key":"Question Card"},{"floor":6,"key":"Potion Belt"},{"floor":10,"key":"Blood Vial"},{"floor":12,"key":"testmod-IndustrialRevolution"},{"floor":14,"key":"Letter Opener"},{"floor":16,"key":"ImportantClient"},{"floor":23,"key":"Pantograph"},{"floor":25,"key":"Boot"},{"floor":31,"key":"TeardropLocket"},{"floor":37,"key":"Calipers"},{"floor":40,"key":"PreservedInsect"},{"floor":43,"key":"Pear"},{"floor":44,"key":"Ancient Tea Set"},{"floor":46,"key":"BionicSphere"},{"floor":55,"key":"testmod-AssaultLearning"}],"event_choices":[{"damage_healed":0,"gold_gain":0,"player_choice":"Gave Potion","damage_taken":0,"relics_obtained":["Juzu Bracelet"],"max_hp_gain":0,"max_hp_loss":0,"event_name":"WeMeetAgain","floor":3,"gold_loss":0},{"damage_healed":0,"gold_gain":400,"player_choice":"Sell","damage_taken":0,"max_hp_gain":0,"max_hp_loss":0,"event_name":"恩洛斯的盘子","floor":4,"relics_lost":["DaveBox"],"gold_loss":0},{"cards_removed":["Defend_P"],"damage_healed":0,"gold_gain":0,"player_choice":"Card Removal","damage_taken":0,"max_hp_gain":0,"max_hp_loss":0,"event_name":"The Cleric","floor":11,"gold_loss":75},{"damage_healed":0,"gold_gain":0,"player_choice":"Upgraded","damage_taken":0,"max_hp_gain":0,"max_hp_loss":0,"event_name":"Upgrade Shrine","floor":28,"gold_loss":0,"cards_upgraded":["DevaForm"]},{"cards_removed":["Strike_P"],"damage_healed":0,"gold_gain":0,"player_choice":"Gave Gold","damage_taken":0,"max_hp_gain":0,"max_hp_loss":0,"event_name":"Beggar","floor":30,"gold_loss":75},{"damage_healed":0,"gold_gain":0,"cards_transformed":["Pray"],"player_choice":"Transformed","damage_taken":0,"max_hp_gain":0,"max_hp_loss":0,"event_name":"Transmorgrifier","floor":36,"gold_loss":0,"cards_obtained":["Tantrum"]},{"damage_healed":0,"gold_gain":0,"player_choice":"Fight","damage_taken":0,"max_hp_gain":0,"max_hp_loss":0,"event_name":"Mysterious Sphere","floor":37,"gold_loss":0},{"damage_healed":0,"gold_gain":0,"player_choice":"Ignored","damage_taken":0,"max_hp_gain":0,"max_hp_loss":0,"event_name":"Tomb of Lord Red Mask","floor":38,"gold_loss":0},{"damage_healed":0,"gold_gain":0,"player_choice":"Max HP","damage_taken":0,"max_hp_gain":0,"max_hp_loss":3,"event_name":"Winding Halls","floor":42,"gold_loss":0},{"damage_healed":0,"gold_gain":0,"player_choice":"Ignored","damage_taken":0,"max_hp_gain":0,"max_hp_loss":0,"event_name":"Duplicator","floor":45,"gold_loss":0},{"damage_healed":0,"gold_gain":0,"player_choice":"Fight","damage_taken":0,"max_hp_gain":0,"max_hp_loss":0,"event_name":"MindBloom","floor":46,"gold_loss":0}],"is_beta":false,"boss_relics":[{"not_picked":["RhineFirstAidKit","testmod-Nine"],"picked":"Philosopher\u0027s Stone"},{"not_picked":["Astrolabe","xbg"],"picked":"BirthdayGift-Tetrahedron"}],"items_purged_floors":[20],"is_endless":false,"potions_floor_spawned":[2,5,6,10,21,24,29,31,37,55],"ascension_level":20}}