{"host":"dwyzfvnzfcqffr30","time":1608145812,"event":{"mods":["2.2 Compatiblity","Act Like it!","BaseMod","Beaked The Cultist","Better Altar","Better Sensory Stone","Better Third Choice","Clockwork Mod","Colored Map","Colored Powertips","Conspire","Elementarium","GifTheSpireLib","Halation","Hubris","Jedi Mod","Menagerie","Mimic Mod","Minty Spire (QoL Compilation)","Permanent Neow","Random Character Button","Replay The Spire","Spicy Shops","StSLib","Stuff the Spire","The Construct","The Druid","TheFirefly","Trackpad","vexMod"],"gold_per_floor":[116,116,116,179,194,225,225,250,250,250,260,292,72,85,85,190,190,300,413,413,413,413,442,457,488,524,536,548,560,585,628,640,747,759,790,816,848,59,59,59,84,102,138,138,154,4,32,32,32,32,32,32,32,63,63],"floor_reached":56,"playtime":11657,"items_purged":["Languid","StuffTheSpire:CuriosityCurse"],"score":1617,"play_id":"228b72eb-9499-410d-afda-b645ffaa2651","local_time":"20201216111012","is_ascension_mode":true,"campfire_choices":[{"floor":7,"key":"RECALL"},{"data":"1","floor":10,"key":"LIFT"},{"data":"2","floor":15,"key":"LIFT"},{"data":"3","floor":29,"key":"LIFT"},{"floor":32,"key":"REST"}],"circlet_count":0,"master_deck":["Strike_R+1","Strike_R+1","Strike_R+1","Strike_R+1","Strike_R+1","Defend_R+1","Defend_R+1","Defend_R+1","Defend_R+1","Bash+1","Demonic Infusion+1","MasterReality+1","Perfected Strike+1","Ghostly Armor+1","Whirlwind+1","Feed+1","Wild Strike+1","Replay:Undeath\u0027s Touch+1","Dual Wield+1","Demon Form+1","hubris:DuctTapeCard","Clothesline+1","Perfected Strike+1","Perfected Strike+1","Wild Strike+1","Limit Break+1"],"relics":["Burning Blood","Juzu Bracelet","Black Star","Molten Egg 2","Toxic Egg 2","Frozen Egg 2","Quantum Egg","Bottled Tornado","Chameleon Ring","Chemical X","Ring of Misfortune","ReplayTheSpireMod:Ring of Addiction","hubris:EmptyBottle","White Beast Statue","hubris:Icosahedron","trackpad:RapidFire","Bag of Marbles","jedi:ironblood","Girya","halation:TwoAmDonut","Nunchaku","conspire:GlowingRock","jedi:crownofsimplicity","halation:Prosthetics","halation:EternalFortune","StuffTheSpire:ForceGauntlet","trackpad:PetRock","trackpad:AdjectivePendant","MawBank","trackpad:WritersBlock","Blue Doll","Replay:Bottled Steam","vexMod:InvisibilityCloak","hubris:DuctTape","Elementarium:ElementariumTrophy","conspire:SpecialSausage","Ginger","trackpad:Compendium","Snack Pack","conspire:TopHat","hubris:SlimyHat","halation:QuantumPhysicsTextbook","StuffTheSpire:DullRazor","Orichalcum","halation:LettersToHer","trackpad:WondrousWand","Toy Ornithopter"],"acts_visited":["Menagerie:Menagerie","Elementarium:Elementarium","TheBeyond","TheEnding"],"potions_floor_usage":[4,6,12,14,16,18,21,24,24,30,33,35,37,37,41,43,45,47,50,50,54,55,55],"damage_taken":[{"damage":0,"enemies":"Menagerie:StygianBoar","floor":1,"turns":3},{"damage":0,"enemies":"Menagerie:MonstrousExperiment","floor":5,"turns":4},{"damage":9,"enemies":"Menagerie:MaskedSummoner","floor":6,"turns":5},{"damage":0,"enemies":"Gremlin Nob","floor":8,"turns":2},{"damage":0,"enemies":"Menagerie:2_RABBITS","floor":11,"turns":3},{"damage":0,"enemies":"Menagerie:Hydra","floor":12,"turns":4},{"damage":0,"enemies":"Menagerie:RedMage","floor":14,"turns":1},{"damage":0,"enemies":"Menagerie:AVATARS","floor":16,"turns":3},{"damage":0,"enemies":"Elementarium:2_ELEMENTALS","floor":18,"turns":2},{"damage":0,"enemies":"Elementarium:MUD_AND_TAR_GOLEMS","floor":19,"turns":1},{"damage":0,"enemies":"Elementarium:WarGolem","floor":23,"turns":3},{"damage":1,"enemies":"Elementarium:STONE_GOLEMS","floor":24,"turns":2},{"damage":0,"enemies":"Elementarium:FIRE_NOBILITY","floor":25,"turns":3},{"damage":2,"enemies":"Elementarium:VoidBeast","floor":30,"turns":1},{"damage":14,"enemies":"Elementarium:WarGolem","floor":31,"turns":2},{"damage":27,"enemies":"Elementarium:GoldenDragon","floor":33,"turns":5},{"damage":0,"enemies":"Orb Walker","floor":35,"turns":1},{"damage":0,"enemies":"3 Shapes","floor":36,"turns":3},{"damage":0,"enemies":"Spire Growth","floor":37,"turns":1},{"damage":0,"enemies":"Nemesis","floor":41,"turns":2},{"damage":6,"enemies":"3 Darklings","floor":42,"turns":2},{"damage":0,"enemies":"Transient","floor":43,"turns":3},{"damage":8,"enemies":"Transient","floor":45,"turns":5},{"damage":0,"enemies":"Reptomancer","floor":47,"turns":2},{"damage":0,"enemies":"Replay:Hell Engine","floor":50,"turns":5},{"damage":0,"enemies":"Shield and Spear","floor":54,"turns":3},{"damage":74,"enemies":"The Heart","floor":55,"turns":7}],"seed_played":"-8264598262661903708","potions_obtained":[{"floor":2,"key":"Block Potion"},{"floor":2,"key":"PowerPotion"},{"floor":2,"key":"BloodPotion"},{"floor":16,"key":"Explosive Potion"},{"floor":24,"key":"BloodPotion"},{"floor":30,"key":"jedi:StrikingPotion"},{"floor":33,"key":"CultistPotion"},{"floor":36,"key":"Cursed Concoction"},{"floor":37,"key":"Weak Potion"},{"floor":41,"key":"Explosive Potion"},{"floor":47,"key":"Energy Potion"},{"floor":49,"key":"HeartOfIron"},{"floor":52,"key":"Languid Potion"}],"is_trial":false,"path_per_floor":["M","?","?","?","M","E","R","?","T","R","M","E","$","M","R","B",null,"M","M","?","?","?","E","M","E","T","?","T","R","M","E","R","B",null,"M","M","M","$","?","R","E","M","MIM","R","M","$","E","?","R","B",null,"R","$","E","B",null],"character_chosen":"IRONCLAD","items_purchased":["jedi:crownofsimplicity","Ginger","trackpad:Compendium","Snack Pack","StuffTheSpire:DullRazor"],"campfire_rested":1,"item_purchase_floors":[13,38,38,38,46],"current_hp_per_floor":[78,78,78,80,80,77,77,80,80,78,82,82,82,86,86,86,51,51,51,54,54,54,54,62,69,69,69,67,67,67,59,67,50,66,71,71,75,75,75,75,73,73,73,73,73,73,73,73,73,73,73,73,73,71,8],"gold":63,"neow_bonus":"ONE_RANDOM_RARE_CARD","is_daily":false,"chose_seed":false,"campfire_upgraded":0,"win_rate":0.0,"timestamp":1608145812,"path_taken":["M","?","?","?","M","E","R","?","T","R","M","E","$","M","R","BOSS","M","M","?","?","?","E","M","E","T","?","?","R","M","E","R","BOSS","M","M","M","$","?","R","E","M","MIM","R","M","$","E","?","R","BOSS","R","$","E","BOSS"],"items_purchased_type":["Relic","Relic","Relic","Relic","Relic"],"build_version":"2020-12-13","purchased_purges":2,"victory":true,"max_hp_per_floor":[80,80,80,80,80,80,80,80,80,78,82,82,82,86,86,86,51,51,51,54,54,54,54,62,69,69,69,67,67,67,67,67,71,71,71,71,75,75,75,75,73,73,73,73,73,73,73,73,73,73,73,73,73,71,71],"card_choices":[{"not_picked":["Heavy Blade+1","ReplayTheSpireMod:Strike From Hell+1"],"picked":"Rage+1","floor":1},{"not_picked":["Flex+1","Life Link+1"],"picked":"Perfected Strike+1","floor":4},{"not_picked":["Bloodletting+1","StuffTheSpire:Slingshot+1"],"picked":"Ghostly Armor+1","floor":5},{"not_picked":["Body Slam+1","Clothesline+1"],"picked":"Whirlwind+1","floor":6},{"not_picked":["Headbutt+1","Blood for Blood+1"],"picked":"Feed+1","floor":8},{"not_picked":["jedi:fear+1","Combust+1","Carnage+1"],"picked":"SKIP","floor":11},{"not_picked":["Searing Blow+1","Metallicize+1"],"picked":"Wild Strike+1","floor":12},{"not_picked":["Clash+1","StuffTheSpire:Slingshot+1"],"picked":"Replay:Undeath\u0027s Touch+1","floor":14},{"not_picked":["StuffTheSpire:RockThrow+1","jedi:MakeshiftSword+1"],"picked":"Dual Wield+1","floor":18},{"not_picked":["Power Through+1","ReplayTheSpireMod:Strike From Hell+1","Armaments+1"],"picked":"SKIP","floor":19},{"not_picked":["Anger+1","jedi:controlledanger+1","Sword Boomerang+1"],"picked":"SKIP","floor":23},{"not_picked":["ReplayTheSpireMod:Strike From Hell+1","Replay:Undeath\u0027s Touch+1","Fire Breathing+1"],"picked":"SKIP","floor":24},{"not_picked":["Headbutt+1","StuffTheSpire:RockThrow+1"],"picked":"Flex+1","floor":25},{"not_picked":["StuffTheSpire:Incineration+1","jedi:controlledanger+1","Brutality+1"],"picked":"SKIP","floor":30},{"not_picked":["jedi:suffering+1","Clash+1"],"picked":"Clothesline+1","floor":31},{"not_picked":["Hemokinesis+1","Replay:Undeath\u0027s Touch+1","Havoc+1"],"picked":"SKIP","floor":35},{"not_picked":["jedi:fear+1","Replay:Undeath\u0027s Touch+1"],"picked":"Perfected Strike+1","floor":36},{"not_picked":["jedi:hate+1","Clothesline+1"],"picked":"Perfected Strike+1","floor":37},{"not_picked":["Thunderclap+1","Pummel+1","Seeing Red+1"],"picked":"SKIP","floor":41},{"not_picked":["Searing Blow+1","Ghostly Armor+1","Dark Embrace+1"],"picked":"SKIP","floor":42},{"not_picked":["Clash+1","Second Wind+1"],"picked":"Wild Strike+1","floor":43},{"not_picked":["Reaper+1","Cleave+1","StuffTheSpire:Pyroclast+1"],"picked":"SKIP","floor":45},{"not_picked":["Sever Soul+1","StuffTheSpire:Slingshot+1"],"picked":"Limit Break+1","floor":47},{"not_picked":["Headbutt+1","Entrench+1","True Grit+1"],"picked":"SKIP","floor":54}],"player_experience":1254544,"relics_obtained":[{"floor":2,"key":"Ring of Misfortune"},{"floor":2,"key":"ReplayTheSpireMod:Ring of Addiction"},{"floor":2,"key":"hubris:EmptyBottle"},{"floor":2,"key":"White Beast Statue"},{"floor":4,"key":"trackpad:RapidFire"},{"floor":6,"key":"Bag of Marbles"},{"floor":6,"key":"jedi:ironblood"},{"floor":8,"key":"Girya"},{"floor":9,"key":"halation:TwoAmDonut"},{"floor":12,"key":"Nunchaku"},{"floor":12,"key":"conspire:GlowingRock"},{"floor":23,"key":"trackpad:PetRock"},{"floor":23,"key":"trackpad:AdjectivePendant"},{"floor":25,"key":"halation:EternalFortune"},{"floor":25,"key":"MawBank"},{"floor":25,"key":"trackpad:WritersBlock"},{"floor":28,"key":"Replay:Bottled Steam"},{"floor":31,"key":"vexMod:InvisibilityCloak"},{"floor":31,"key":"hubris:DuctTape"},{"floor":41,"key":"conspire:TopHat"},{"floor":41,"key":"hubris:SlimyHat"},{"floor":43,"key":"halation:QuantumPhysicsTextbook"},{"floor":47,"key":"Orichalcum"},{"floor":47,"key":"halation:LettersToHer"},{"floor":54,"key":"trackpad:WondrousWand"},{"floor":54,"key":"Toy Ornithopter"}],"event_choices":[{"damage_healed":0,"gold_gain":0,"player_choice":"Simplicity","damage_taken":0,"max_hp_gain":0,"max_hp_loss":9,"event_name":"betterThird:BetterWriting","floor":0,"gold_loss":0},{"damage_healed":0,"gold_gain":0,"player_choice":"Upgraded","damage_taken":0,"max_hp_gain":0,"max_hp_loss":0,"event_name":"Upgrade Shrine","floor":0,"gold_loss":0,"cards_upgraded":["Bash"]},{"damage_healed":0,"gold_gain":0,"player_choice":"Upgraded","damage_taken":0,"max_hp_gain":0,"max_hp_loss":0,"event_name":"Upgrade Shrine","floor":0,"gold_loss":0,"cards_upgraded":["Demonic Infusion"]},{"damage_healed":0,"gold_gain":0,"player_choice":"Release","damage_taken":0,"max_hp_gain":0,"max_hp_loss":0,"event_name":"Menagerie:StasisChamber","floor":8,"gold_loss":0},{"damage_healed":0,"gold_gain":2,"player_choice":"2","damage_taken":0,"max_hp_gain":0,"max_hp_loss":10,"event_name":"betterStone:BetterStone","floor":21,"gold_loss":0},{"damage_healed":0,"gold_gain":0,"player_choice":"Ignored","damage_taken":0,"max_hp_gain":0,"max_hp_loss":0,"event_name":"Upgrade Shrine","floor":39,"gold_loss":0},{"damage_healed":0,"gold_gain":0,"player_choice":"Ignored","damage_taken":0,"max_hp_gain":0,"max_hp_loss":0,"event_name":"Transmorgrifier","floor":48,"gold_loss":0}],"is_beta":false,"boss_relics":[{"not_picked":["hubris:RunicObelisk","Ring of Chaos"],"picked":"halation:Prosthetics"},{"not_picked":["beaked:MawFillet","Replay:Wanted Poster"],"picked":"conspire:SpecialSausage"}],"items_purged_floors":[13,38],"is_endless":false,"potions_floor_spawned":[5,6,8,11,12,14,16,18,19,24,30,31,33,35,36,37,41,42,43,45,47,54],"ascension_level":8}}