{"host":"xkmvu47k9fdstweo","time":1608150031,"event":{"mods":["BaseMod","Colored Map","Conspire","Hubris","Minty Spire (QoL Compilation)","Quick Restart","Railgun Mod","Shop Mod","StSLib","The Alterego","The Wild Card","TheBandit","WarShipGirlsR/??è≠èóR mod","vexMod"],"gold_per_floor":[118,118,43,62,80,80,108,63,63,63,82,82,94,105,105,207,207,221,221,141,154,154,74,74,89,115,115,146,146,146,146],"floor_reached":29,"playtime":1551,"items_purged":[],"score":243,"play_id":"d156d07a-09a6-43cd-9981-5cbd257e61dc","local_time":"20201216152031","is_ascension_mode":false,"campfire_choices":[{"data":"wariomod:Step","floor":6.0,"key":"SMITH"},{"data":"wariomod:SmackSlam","floor":12.0,"key":"SMITH"},{"data":"wariomod:Game","floor":15.0,"key":"SMITH"},{"data":"wariomod:SpacialMastery","floor":24.0,"key":"SMITH"}],"circlet_count":0,"master_deck":["wariomod:Strike","wariomod:Strike","wariomod:Strike","wariomod:Defend","wariomod:Defend","wariomod:Defend","wariomod:Defend","wariomod:Step+1","wariomod:Leap","wariomod:Smackflip","wariomod:BigUpgrade","wariomod:SpaceSwap","wariomod:Bombshield","wariomod:DoubleDash","wariomod:SmallSprint+1","wariomod:SmackSlam+1","wariomod:BoomBoom","wariomod:Game+1","wariomod:SpacialMastery+1","wariomod:Purify","wariomod:EmptyMind","wariomod:TrekTime+1","wariomod:TrekTime","wariomod:ChargeForth","wariomod:BoomAndDoom"],"relics":["wariomod:TheHat","NeowsBlessing","Vajra","Pantograph","SlaversCollar","hubris:Towel","Omamori","Bronze Scales"],"acts_visited":["Exordium","TheCity"],"potions_floor_usage":[],"damage_taken":[{"damage":0.0,"enemies":"Cultist","floor":1.0,"turns":1.0},{"damage":0.0,"enemies":"2 Louse","floor":4.0,"turns":1.0},{"damage":0.0,"enemies":"Jaw Worm","floor":5.0,"turns":1.0},{"damage":19.0,"enemies":"Gremlin Nob","floor":7.0,"turns":4.0},{"damage":2.0,"enemies":"2 Fungi Beasts","floor":11.0,"turns":3.0},{"damage":3.0,"enemies":"Red Slaver","floor":13.0,"turns":3.0},{"damage":12.0,"enemies":"Blue Slaver","floor":14.0,"turns":3.0},{"damage":29.0,"enemies":"Slime Boss","floor":16.0,"turns":8.0},{"damage":24.0,"enemies":"3 Byrds","floor":18.0,"turns":4.0},{"damage":1.0,"enemies":"Spheric Guardian","floor":21.0,"turns":3.0},{"damage":22.0,"enemies":"Centurion and Healer","floor":25.0,"turns":6.0},{"damage":45.0,"enemies":"conspire:SneckoGhost","floor":28.0,"turns":8.0},{"damage":21,"enemies":"Chosen and Byrds","floor":29,"turns":6}],"seed_played":"-1847442713953588276","potions_obtained":[{"floor":5.0,"key":"SpeedPotion"},{"floor":11.0,"key":"Swift Potion"},{"floor":16.0,"key":"Energy Potion"},{"floor":25.0,"key":"FairyPotion"}],"is_trial":false,"path_per_floor":["M","?","$","M","M","R","E","$","T","?","M","R","M","M","R","B",null,"M","?","$","M","?","$","R","M","T","?","E","M"],"character_chosen":"THE_BANDIT","items_purchased":["wariomod:BigUpgrade","wariomod:SmallSprint","wariomod:EmptyMind","wariomod:TrekTime"],"campfire_rested":0,"item_purchase_floors":[3,8,20,23],"current_hp_per_floor":[80,80,80,80,80,80,61,61,61,61,59,59,56,44,44,40,80,56,56,56,55,55,55,55,33,33,59,14,0,0,0],"gold":146,"neow_bonus":"THREE_ENEMY_KILL","is_daily":false,"chose_seed":false,"campfire_upgraded":4,"win_rate":0.0,"timestamp":1608150031,"path_taken":["M","?","?","?","?","R","E","?","T","?","M","R","M","M","R","BOSS","M","?","$","?","?","?","R","M","T","?","E","M"],"items_purchased_type":["Card","Card","Card","Card"],"build_version":"2020-12-13","purchased_purges":0,"victory":false,"max_hp_per_floor":[80,80,80,80,80,80,80,80,80,80,80,80,80,80,80,80,80,80,80,80,80,80,80,80,80,80,80,80,80,80,80],"card_choices":[{"not_picked":["wariomod:SelfImprison","wariomod:SimpleShield"],"picked":"wariomod:Smackflip","floor":1.0},{"not_picked":["wariomod:SpikeSlash","wariomod:TreasureDig"],"picked":"wariomod:SpaceSwap","floor":4.0},{"not_picked":["wariomod:NullJump","wariomod:SimpleShield"],"picked":"wariomod:Bombshield","floor":5.0},{"not_picked":["wariomod:DonateDraw","wariomod:Bombshield"],"picked":"wariomod:DoubleDash","floor":7.0},{"not_picked":["wariomod:SmallSprint","wariomod:SimpleShield"],"picked":"wariomod:SmackSlam","floor":11.0},{"not_picked":["wariomod:Immortalize","wariomod:DisarmingMoves"],"picked":"wariomod:BoomBoom","floor":13.0},{"not_picked":["wariomod:Hopshield","wariomod:SmackSlam"],"picked":"wariomod:Game","floor":14.0},{"not_picked":["wariomod:WipeClean","wariomod:ShipSmash"],"picked":"wariomod:SpacialMastery","floor":16.0},{"not_picked":["wariomod:BigUpgrade","wariomod:AwfulLook"],"picked":"wariomod:Purify","floor":18.0},{"not_picked":["wariomod:SmackSlam","wariomod:DisarmingMoves"],"picked":"wariomod:TrekTime+1","floor":21.0},{"not_picked":["wariomod:EndlessBlast","wariomod:Purify+1"],"picked":"wariomod:ChargeForth","floor":25.0},{"not_picked":["wariomod:OctoJump","wariomod:Hopshield"],"picked":"wariomod:BoomAndDoom","floor":28}],"player_experience":312885,"relics_obtained":[{"floor":7.0,"key":"Vajra"},{"floor":9.0,"key":"Pantograph"},{"floor":26.0,"key":"Omamori"},{"floor":28,"key":"Bronze Scales"}],"event_choices":[{"cards_removed":["wariomod:Strike"],"damage_healed":0.0,"max_hp_gain":0.0,"max_hp_loss":0.0,"gold_gain":0.0,"event_name":"Purifier","player_choice":"Purged","floor":2.0,"gold_loss":0.0,"damage_taken":0.0},{"damage_healed":0.0,"max_hp_gain":0.0,"max_hp_loss":0.0,"gold_gain":0.0,"event_name":"The Woman in Blue","player_choice":"Bought 0 Potions","floor":19.0,"gold_loss":0.0,"damage_taken":0.0},{"damage_healed":26.0,"max_hp_gain":0.0,"max_hp_loss":0.0,"gold_gain":0.0,"event_name":"The Library","player_choice":"Heal","floor":27.0,"gold_loss":0.0,"damage_taken":0.0}],"is_beta":false,"boss_relics":[{"not_picked":["vexMod:FluxCapacitor","Astrolabe"],"picked":"SlaversCollar"}],"items_purged_floors":[],"is_endless":false,"potions_floor_spawned":[5,11,16,18,21,25],"killed_by":"Chosen and Byrds","ascension_level":0}}