{"host":"f9ntswufr8mq3t4y","time":1608149235,"event":{"mods":["AchievementEnabler","BaseMod","Best Route Mod","Block Reminder","Colored Map","Colored Powertips","DeckTracker","Highlight Path","Minty Spire (QoL Compilation)","Permanent Neow","Quick Restart"],"gold_per_floor":[14,31,31,43,43,72,72,89,112,112,123,141,141,151,151,255,255,266,63,80,20,40,40,75,75,75,108,183,183,183],"floor_reached":29,"playtime":3214,"items_purged":["Strike_B"],"score":305,"play_id":"ac66629a-589b-4892-83a1-d9ca37b17496","local_time":"20201216230715","is_ascension_mode":true,"campfire_choices":[{"data":"Electrodynamics","floor":7,"key":"SMITH"},{"floor":10,"key":"REST"},{"data":"Static Discharge","floor":13,"key":"SMITH"},{"floor":15,"key":"REST"},{"data":"Fission","floor":23,"key":"SMITH"},{"floor":25,"key":"REST"}],"circlet_count":0,"master_deck":["Strike_B","Defend_B","Defend_B","Defend_B","Defend_B","Zap","Dualcast","Electrodynamics+1","Capacitor","Self Repair","Melter","Genetic Algorithm","Static Discharge+1","Fission+1","Recycle","Conserve Battery+1"],"relics":["FrozenCore","Smiling Mask","Lantern","MealTicket","PreservedInsect","Nunchaku","Mercury Hourglass","DataDisk"],"acts_visited":["Exordium","TheCity"],"potions_floor_usage":[16,20,24,27],"damage_taken":[{"damage":0,"enemies":"Small Slimes","floor":1,"turns":2},{"damage":5,"enemies":"Cultist","floor":2,"turns":4},{"damage":0,"enemies":"2 Louse","floor":4,"turns":2},{"damage":50,"enemies":"Lagavulin","floor":6,"turns":6},{"damage":17,"enemies":"Lots of Slimes","floor":8,"turns":3},{"damage":8,"enemies":"Exordium Thugs","floor":11,"turns":4},{"damage":7,"enemies":"Gremlin Gang","floor":12,"turns":3},{"damage":11,"enemies":"Looter","floor":14,"turns":4},{"damage":25,"enemies":"The Guardian","floor":16,"turns":10},{"damage":9,"enemies":"3 Byrds","floor":18,"turns":4},{"damage":11,"enemies":"2 Thieves","floor":20,"turns":3},{"damage":20,"enemies":"Chosen and Byrds","floor":22,"turns":4},{"damage":50,"enemies":"Gremlin Leader","floor":24,"turns":7},{"damage":24,"enemies":"Book of Stabbing","floor":27,"turns":5},{"damage":9,"enemies":"Snake Plant","floor":29,"turns":3}],"seed_played":"-6389484833517216269","potions_obtained":[{"floor":2,"key":"ColorlessPotion"},{"floor":4,"key":"Fire Potion"},{"floor":6,"key":"FocusPotion"},{"floor":8,"key":"Weak Potion"},{"floor":16,"key":"PowerPotion"},{"floor":22,"key":"Ancient Potion"},{"floor":24,"key":"GamblersBrew"}],"is_trial":false,"path_per_floor":["M","M","?","M","?","E","R","M","T","R","M","M","R","M","R","B",null,"M","$","M","?","M","R","E","R","T","E","?","M"],"character_chosen":"DEFECT","items_purchased":["PreservedInsect"],"campfire_rested":3,"item_purchase_floors":[19],"current_hp_per_floor":[75,70,70,70,70,27,27,17,17,39,38,38,38,34,56,38,75,73,75,71,71,58,58,15,37,37,13,6,0,0],"gold":183,"neow_bonus":"THREE_RARE_CARDS","is_daily":false,"chose_seed":false,"campfire_upgraded":3,"win_rate":0.0,"timestamp":1608149235,"path_taken":["M","M","?","?","?","E","R","M","T","R","?","M","R","M","R","BOSS","M","$","M","?","?","R","E","R","T","E","?","M"],"items_purchased_type":["Relic"],"build_version":"2020-12-13","purchased_purges":1,"victory":false,"max_hp_per_floor":[75,75,75,75,75,75,75,75,75,75,75,75,75,75,75,75,75,75,75,75,75,75,75,75,75,75,75,75,75,75],"card_choices":[{"not_picked":["All For One","Multi-Cast"],"picked":"Electrodynamics","floor":0},{"not_picked":["Ball Lightning","Aggregate"],"picked":"Capacitor","floor":1},{"not_picked":["Leap","Steam Power"],"picked":"Self Repair","floor":2},{"not_picked":["Barrage","Turbo","Compile Driver"],"picked":"SKIP","floor":4},{"not_picked":["Steam","Go for the Eyes"],"picked":"Genetic Algorithm","floor":6},{"not_picked":["Leap","Cold Snap"],"picked":"Static Discharge","floor":8},{"not_picked":["Go for the Eyes","Steam Power","Beam Cell"],"picked":"SKIP","floor":11},{"not_picked":["Lockon","Cold Snap","Electrodynamics"],"picked":"SKIP","floor":12},{"not_picked":["Barrage","Beam Cell","Sweeping Beam"],"picked":"SKIP","floor":14},{"not_picked":["Multi-Cast","All For One"],"picked":"Fission","floor":16},{"not_picked":["Leap+1","Rebound"],"picked":"Recycle","floor":18},{"not_picked":["Fusion","Blizzard"],"picked":"Conserve Battery+1","floor":20},{"not_picked":["Streamline","Rebound","Compile Driver+1"],"picked":"SKIP","floor":22},{"not_picked":["Glacier","Tempest","All For One"],"picked":"SKIP","floor":24},{"not_picked":["Redo","Compile Driver+1","Rip and Tear"],"picked":"SKIP","floor":27}],"player_experience":317564,"relics_obtained":[{"floor":6,"key":"Lantern"},{"floor":9,"key":"MealTicket"},{"floor":24,"key":"Nunchaku"},{"floor":26,"key":"Mercury Hourglass"},{"floor":27,"key":"DataDisk"}],"event_choices":[{"damage_healed":0,"gold_gain":0,"cards_transformed":["Strike_B"],"player_choice":"Transformed","damage_taken":0,"max_hp_gain":0,"max_hp_loss":0,"event_name":"Transmorgrifier","floor":3,"gold_loss":0,"cards_obtained":["Melter"]},{"damage_healed":0,"gold_gain":0,"player_choice":"Gave Potion","damage_taken":0,"relics_obtained":["Smiling Mask"],"max_hp_gain":0,"max_hp_loss":0,"event_name":"WeMeetAgain","floor":5,"gold_loss":0},{"cards_removed":["Strike_B"],"damage_healed":0,"gold_gain":0,"player_choice":"Single Remove","damage_taken":0,"max_hp_gain":0,"max_hp_loss":0,"event_name":"Designer","floor":21,"gold_loss":60},{"damage_healed":0,"gold_gain":75,"player_choice":"Touch","damage_taken":7,"max_hp_gain":0,"max_hp_loss":0,"event_name":"FaceTrader","floor":28,"gold_loss":0}],"is_beta":false,"boss_relics":[{"not_picked":["SacredBark","Sozu"],"picked":"FrozenCore"}],"items_purged_floors":[19],"is_endless":false,"potions_floor_spawned":[2,4,6,8,16,18,22,24],"killed_by":"Snake Plant","ascension_level":3}}