{"host":"5uvzo7moqy5vd63g","time":1608150816,"event":{"mods":["Aspiration","BaseMod","Conspire","Curses Come First","Downfall","Hermit","Hubris","Jedi Mod","Mimic Mod","Minty Spire (QoL Compilation)","Replay The Spire","StSLib","The Animator","Wandering Minibosses"],"gold_per_floor":[109,137,137,153,167,167,183,195,195,195,208,208,208],"floor_reached":12,"playtime":1281,"items_purged":[],"score":118,"play_id":"e1f947d2-48f3-4272-aae4-7bd1ee1ec001","local_time":"20201216153336","is_ascension_mode":true,"campfire_choices":[{"data":"animator:ElricEdward","floor":6,"key":"SMITH"}],"circlet_count":0,"master_deck":["animator:Strike_FullmetalAlchemist","animator:Defend_FullmetalAlchemist","animator:Strike","animator:Strike","animator:Strike","animator:Defend","animator:Defend","animator:Defend","animator:ElricEdward+1","animator:ElricAlphonse","animator:Scar","animator:MaesHughes","animator:SuzuneAmano","animator:Evileye","animator:ElricEdward"],"relics":["animator:LivingPicture","animator:TheMissingPiece","animator:PurgingStone","Replay:Ringing Soul","hubris:Icosahedron"],"acts_visited":["Exordium"],"potions_floor_usage":[3,5,7,12],"damage_taken":[{"damage":0,"enemies":"Small Slimes","floor":1,"turns":3},{"damage":0,"enemies":"Cultist","floor":2,"turns":4},{"damage":0,"enemies":"conspire:RoseBush","floor":4,"turns":3},{"damage":35,"enemies":"Exordium Wildlife","floor":5,"turns":6},{"damage":7,"enemies":"Lots of Slimes","floor":7,"turns":4},{"damage":6,"enemies":"Large Slime","floor":8,"turns":3},{"damage":24,"enemies":"Red Slaver","floor":11,"turns":5},{"damage":14,"enemies":"Gremlin Nob","floor":12,"turns":2}],"seed_played":"-4944636658458971308","potions_obtained":[{"floor":2,"key":"Weak Potion"},{"floor":3,"key":"Fruit Juice"},{"floor":3,"key":"animator:GrowthPotion"},{"floor":3,"key":"Doom Potion"},{"floor":7,"key":"SteroidPotion"},{"floor":11,"key":"BlessingOfTheForge"}],"is_trial":false,"path_per_floor":["M","M","?","M","M","R","M","M","T","?","M","E"],"character_chosen":"THE_ANIMATOR","items_purchased":[],"campfire_rested":0,"item_purchase_floors":[],"current_hp_per_floor":[72,72,77,77,43,43,36,30,30,30,9,0,0],"gold":208,"neow_bonus":"TEN_PERCENT_HP_BONUS","is_daily":false,"chose_seed":false,"campfire_upgraded":1,"win_rate":0.0,"timestamp":1608150816,"path_taken":["M","M","?","M","M","R","?","?","T","?","M","E"],"items_purchased_type":[],"build_version":"2020-12-13","purchased_purges":0,"victory":false,"max_hp_per_floor":[72,72,77,77,78,78,78,78,78,78,81,81,81],"card_choices":[{"not_picked":["animator:Benimaru","animator:HighElfArcher","animator:DolaSchwi"],"picked":"SKIP","floor":1},{"not_picked":["animator:KrulTepes","animator:YuiTsuruno"],"picked":"animator:Scar","floor":2},{"not_picked":["animator:FielNirvalen","animator:Lu","animator:Shuna"],"picked":"SKIP","floor":4},{"not_picked":["animator:Scar","animator:ElricEdward"],"picked":"animator:MaesHughes","floor":5},{"not_picked":["animator:Scar","animator:Viivi"],"picked":"animator:SuzuneAmano","floor":7},{"not_picked":["animator:Demiurge","animator:SuzuneAmano"],"picked":"animator:Evileye","floor":8},{"not_picked":["animator:Ain","animator:Shuna"],"picked":"animator:ElricEdward","floor":11}],"player_experience":1327016,"relics_obtained":[{"floor":9,"key":"Replay:Ringing Soul"}],"event_choices":[{"damage_healed":0,"gold_gain":0,"player_choice":"Got Potions","damage_taken":0,"max_hp_gain":0,"max_hp_loss":0,"event_name":"Lab","floor":3,"gold_loss":0}],"is_beta":false,"boss_relics":[],"items_purged_floors":[],"is_endless":false,"potions_floor_spawned":[2,7,11],"killed_by":"Gremlin Nob","ascension_level":5}}