{"host":"16je3t89sok2dgub","time":1608150080,"event":{"mods":["BaseMod","Better Altar","Better Match","Better Sensory Stone","Better Skull","Better Third Choice","Colored Map","Downfall","Hermit","Jorbs\u0027s Wanderer Trilogy","Minty Spire (QoL Compilation)","Permanent Neow","Relic Stats","StSLib","The Mystic","The Poker Player","The Runesmith","The Showman","The Spell Scribe","TheBandit","Trackpad"],"gold_per_floor":[16,16,0,16,16,47,47,65,91,91,107,132,146,2,2,103,153,167,180,213,213,213,213,232,232,256,256,256,256,256],"floor_reached":29,"playtime":1288,"items_purged":[],"score":282,"play_id":"8b498625-c4a7-4cc4-87a7-e4e79a83cc5a","local_time":"20201216142120","is_ascension_mode":true,"campfire_choices":[{"data":"Enlightenment","floor":7.0,"key":"SMITH"},{"data":"Vigilance","floor":10.0,"key":"SMITH"},{"data":"Protect","floor":15.0,"key":"SMITH"},{"floor":23,"key":"REST"}],"circlet_count":0,"master_deck":["Strike_P","Strike_P","Strike_P","Defend_P","Defend_P","Defend_P","Defend_P","Eruption","Vigilance+1","Metamorphosis","TalkToTheHand+1","Enlightenment+1","CutThroughFate","SashWhip","Protect+1","Ragnarok","FlurryOfBlows","EmptyFist+1","Perseverance+1","DevaForm"],"relics":["PureWater","Pen Nib","Incense Burner","Juzu Bracelet","TeardropLocket","Membership Card","Tiny House","Red Mask","CultistMask","Blood Vial"],"acts_visited":["Exordium","TheCity"],"potions_floor_usage":[29],"damage_taken":[{"damage":0.0,"enemies":"Cultist","floor":1.0,"turns":3.0},{"damage":0.0,"enemies":"2 Louse","floor":4.0,"turns":2.0},{"damage":2.0,"enemies":"Lagavulin","floor":6.0,"turns":5.0},{"damage":4.0,"enemies":"Small Slimes","floor":8.0,"turns":5.0},{"damage":1.0,"enemies":"Blue Slaver","floor":11.0,"turns":2.0},{"damage":0.0,"enemies":"Gremlin Nob","floor":12.0,"turns":3.0},{"damage":0.0,"enemies":"Exordium Thugs","floor":13.0,"turns":3.0},{"damage":2.0,"enemies":"Hexaghost","floor":16.0,"turns":11.0},{"damage":12.0,"enemies":"Shell Parasite","floor":18.0,"turns":6.0},{"damage":31.0,"enemies":"Chosen","floor":19.0,"turns":5.0},{"damage":7.0,"enemies":"Masked Bandits","floor":20.0,"turns":6.0},{"damage":6,"enemies":"Centurion and Healer","floor":24,"turns":5},{"damage":23,"enemies":"Shelled Parasite and Fungi","floor":29,"turns":4}],"seed_played":"-3612202554824771845","potions_obtained":[{"floor":1.0,"key":"Ancient Potion"},{"floor":6.0,"key":"SpeedPotion"},{"floor":12.0,"key":"FearPotion"}],"is_trial":false,"path_per_floor":["M","?","?","M","?","E","R","M","T","R","M","E","M","$","R","B",null,"M","M","?","?","?","R","M","?","T","?","?","M"],"character_chosen":"WATCHER","items_purchased":["Membership Card"],"campfire_rested":1,"item_purchase_floors":[14],"current_hp_per_floor":[72,60,66,66,59,57,57,53,53,53,52,52,52,52,52,50,83,71,40,33,33,17,41,35,35,35,13,13,0,0],"gold":256,"neow_bonus":"RANDOM_COLORLESS_2","is_daily":false,"chose_seed":false,"campfire_upgraded":3,"win_rate":0.0,"timestamp":1608150080,"path_taken":["M","?","?","M","?","E","R","?","T","R","M","E","M","?","R","BOSS","M","M","?","?","?","R","M","?","T","?","?","M"],"items_purchased_type":["Relic"],"build_version":"2020-12-13","purchased_purges":0,"victory":false,"max_hp_per_floor":[72,72,78,78,78,78,78,78,78,78,78,78,78,78,78,78,83,83,83,83,83,83,83,83,83,83,83,83,83,83],"relic_stats":{"Blood Vial":2,"counters":[13,60],"Pen Nib":[11],"Juzu Bracelet":1,"obtain_stats":[{"Blood Vial":27,"Tiny House":17,"Pen Nib":2,"CultistMask":21,"Incense Burner":6,"Juzu Bracelet":9,"Red Mask":20,"TeardropLocket":12,"Membership Card":14,"PureWater":0},{"Blood Vial":12,"Tiny House":8,"Pen Nib":1,"CultistMask":11,"Incense Burner":3,"Juzu Bracelet":4,"Red Mask":11,"TeardropLocket":6,"Membership Card":7,"PureWater":0},{"Blood Vial":56,"Tiny House":34,"Pen Nib":3,"CultistMask":51,"Incense Burner":10,"Juzu Bracelet":15,"Red Mask":51,"TeardropLocket":20,"Membership Card":23,"PureWater":0}]},"card_choices":[{"not_picked":["Magnetism","Mayhem"],"picked":"Metamorphosis","floor":0.0},{"not_picked":["ClearTheMind","CrushJoints"],"picked":"TalkToTheHand","floor":1.0},{"not_picked":["FlyingSleeves","Meditate","Consecrate"],"picked":"SKIP","floor":4.0},{"not_picked":["Sanctity","Consecrate","JustLucky"],"picked":"SKIP","floor":6.0},{"not_picked":["Sanctity","SashWhip"],"picked":"CutThroughFate","floor":8.0},{"not_picked":["Meditate","LikeWater"],"picked":"SashWhip","floor":11.0},{"not_picked":["BowlingBash","Consecrate","EmptyFist"],"picked":"SKIP","floor":12.0},{"not_picked":["Swivel","Collect"],"picked":"Protect","floor":13.0},{"not_picked":["Wish","Judgement"],"picked":"Ragnarok","floor":16.0},{"not_picked":["Halt","Wallop"],"picked":"FlurryOfBlows","floor":17.0},{"not_picked":["EmptyBody+1","Halt","Vengeance+1"],"picked":"SKIP","floor":18.0},{"not_picked":["JustLucky","SandsOfTime","EmptyFist+1"],"picked":"SKIP","floor":19.0},{"not_picked":["JustLucky","SandsOfTime"],"picked":"EmptyFist+1","floor":19.0},{"not_picked":["WheelKick","FollowUp"],"picked":"Perseverance+1","floor":20},{"not_picked":["Worship","WaveOfTheHand","ReachHeaven+1"],"picked":"SKIP","floor":24}],"player_experience":377357,"relics_obtained":[{"floor":6.0,"key":"Incense Burner"},{"floor":9.0,"key":"Juzu Bracelet"},{"floor":12.0,"key":"TeardropLocket"},{"floor":20,"key":"Red Mask"}],"event_choices":[{"damage_healed":0.0,"max_hp_gain":0.0,"max_hp_loss":0.0,"gold_gain":0.0,"event_name":"betterThird:BetterScrap","player_choice":"Relic ","floor":2.0,"gold_loss":0.0,"damage_taken":12.0,"cards_obtained":["Bouncing Flask"]},{"damage_healed":0.0,"max_hp_gain":0.0,"max_hp_loss":0.0,"gold_gain":0.0,"event_name":"betterThird:BetterSerpent","player_choice":"RENOUNCE","floor":3.0,"gold_loss":16.0,"damage_taken":16.0,"cards_obtained":["Enlightenment"]},{"cards_removed":["Strike_P"],"damage_healed":0.0,"max_hp_gain":0.0,"max_hp_loss":0.0,"gold_gain":0.0,"event_name":"Golden Wing","player_choice":"Card Removal","floor":5.0,"gold_loss":0.0,"damage_taken":7.0},{"damage_healed":0.0,"max_hp_gain":0.0,"max_hp_loss":0.0,"gold_gain":0.0,"event_name":"Masked Bandits","player_choice":"Fought Bandits","floor":20.0,"gold_loss":0.0,"damage_taken":0.0},{"damage_healed":0,"gold_gain":0,"player_choice":"Trade","damage_taken":0,"relics_obtained":["CultistMask"],"max_hp_gain":0,"max_hp_loss":0,"event_name":"FaceTrader","floor":21,"gold_loss":0},{"damage_healed":0,"gold_gain":2,"player_choice":"2","damage_taken":0,"max_hp_gain":0,"max_hp_loss":16,"event_name":"betterStone:BetterStone","floor":22,"gold_loss":0},{"damage_healed":0,"gold_gain":0,"player_choice":" Vial ","damage_taken":22,"relics_obtained":["Blood Vial"],"max_hp_gain":35,"max_hp_loss":13,"event_name":"betterAltar:BetterAltar","floor":27,"potions_obtained":[],"relics_lost":[],"gold_loss":0},{"damage_healed":0,"gold_gain":0,"player_choice":"Ignored","damage_taken":0,"max_hp_gain":0,"max_hp_loss":0,"event_name":"The Mausoleum","floor":28,"gold_loss":0}],"is_beta":false,"boss_relics":[{"not_picked":["Runic Pyramid","Snecko Eye"],"picked":"Tiny House"}],"items_purged_floors":[],"is_endless":false,"potions_floor_spawned":[1,6,12,18,24],"killed_by":"Shelled Parasite and Fungi","ascension_level":2}}