{"host":"J","time":1608123417,"event":{"mods":["AchievementEnabler","BaseMod","Block Reminder","Highlight Path","Minty Spire (QoL Compilation)","Permanent Neow","Quick Restart","Relic Stats","UnlockEverythingMod"],"gold_per_floor":[131,155,180,211,223,235,263,275,287,338,350,362,392,438,450,558,570,603,615,651,663,675,675],"floor_reached":22,"playtime":2100,"items_purged":[],"score":392,"play_id":"39e4f73f-0d91-46a5-80dc-d24c8cbfe3cc","local_time":"20201216135657","is_ascension_mode":true,"campfire_choices":[{"data":"Zap","floor":6.0,"key":"SMITH"},{"data":"Seek","floor":8.0,"key":"SMITH"},{"data":"1","floor":12.0,"key":"LIFT"},{"floor":15.0,"key":"REST"}],"circlet_count":0,"master_deck":["AscendersBane","Strike_B","Strike_B","Strike_B","Strike_B","Defend_B","Defend_B","Defend_B","Defend_B","Zap+1","Dualcast","Beam Cell","Ball Lightning","Cold Snap","Conserve Battery","Seek+1","Coolheaded","Cold Snap","Conserve Battery","Echo Form","Stack","Chaos","Stack"],"relics":["Cracked Core","MawBank","Golden Idol","Girya","White Beast Statue","Inserter"],"acts_visited":["Exordium","TheCity"],"potions_floor_usage":[22],"damage_taken":[{"damage":7.0,"enemies":"Jaw Worm","floor":1.0,"turns":3.0},{"damage":3.0,"enemies":"Small Slimes","floor":2.0,"turns":3.0},{"damage":0.0,"enemies":"2 Louse","floor":3.0,"turns":3.0},{"damage":5.0,"enemies":"2 Fungi Beasts","floor":4.0,"turns":4.0},{"damage":0.0,"enemies":"Large Slime","floor":7.0,"turns":5.0},{"damage":29.0,"enemies":"3 Sentries","floor":10.0,"turns":7.0},{"damage":4.0,"enemies":"Blue Slaver","floor":13.0,"turns":2.0},{"damage":22.0,"enemies":"Lagavulin","floor":14.0,"turns":5.0},{"damage":16.0,"enemies":"Slime Boss","floor":16.0,"turns":12.0},{"damage":30.0,"enemies":"Chosen","floor":18.0,"turns":6.0},{"damage":11.0,"enemies":"Spheric Guardian","floor":20.0,"turns":6.0},{"damage":28,"enemies":"Chosen and Byrds","floor":22,"turns":3}],"seed_played":"-3360560238337627175","potions_obtained":[{"floor":1.0,"key":"PowerPotion"},{"floor":3.0,"key":"Fruit Juice"},{"floor":10.0,"key":"PowerPotion"},{"floor":16.0,"key":"SteroidPotion"},{"floor":18.0,"key":"BlessingOfTheForge"}],"is_trial":false,"path_per_floor":["M","M","M","M","?","R","M","R","T","E","?","R","M","E","R","B",null,"M","?","M","?","M"],"character_chosen":"DEFECT","items_purchased":[],"campfire_rested":1,"item_purchase_floors":[],"current_hp_per_floor":[57,54,54,49,49,49,49,49,49,25,30,30,26,4,26,10,58,28,28,17,17,0,0],"gold":675,"neow_bonus":"RANDOM_COMMON_RELIC","is_daily":false,"chose_seed":false,"campfire_upgraded":2,"win_rate":0.0,"timestamp":1608123417,"path_taken":["M","M","M","M","?","R","M","R","T","E","?","R","M","E","R","BOSS","M","?","M","?","M"],"items_purchased_type":[],"build_version":"2020-12-07","purchased_purges":0,"victory":false,"max_hp_per_floor":[71,71,71,71,64,64,64,64,64,69,74,74,74,74,74,74,74,74,74,74,74,74,74],"relic_stats":{"Inserter":[7],"counters":[12,59],"Golden Idol":50,"MawBank":264,"obtain_stats":[{"Girya":10,"Inserter":17,"Golden Idol":5,"Cracked Core":0,"MawBank":0,"White Beast Statue":14},{"Girya":6,"Inserter":9,"Golden Idol":4,"Cracked Core":0,"MawBank":0,"White Beast Statue":8},{"Girya":25,"Inserter":44,"Golden Idol":13,"Cracked Core":0,"MawBank":0,"White Beast Statue":32}]},"card_choices":[{"not_picked":["Chill","Skim"],"picked":"Beam Cell","floor":1.0},{"not_picked":["Go for the Eyes","Hologram"],"picked":"Ball Lightning","floor":2.0},{"not_picked":["Auto Shields","Barrage"],"picked":"Cold Snap","floor":3.0},{"not_picked":["Hello World","Hologram"],"picked":"Conserve Battery","floor":4.0},{"not_picked":["Conserve Battery","Chaos"],"picked":"Seek","floor":7.0},{"not_picked":["Scrape","Rebound"],"picked":"Coolheaded","floor":10.0},{"not_picked":["Coolheaded","Go for the Eyes"],"picked":"Cold Snap","floor":13.0},{"not_picked":["Leap","White Noise"],"picked":"Conserve Battery","floor":14.0},{"not_picked":["Seek","Electrodynamics"],"picked":"Echo Form","floor":16.0},{"not_picked":["Hologram","FTL"],"picked":"Stack","floor":18.0},{"not_picked":["Turbo","Sunder"],"picked":"Stack","floor":20.0}],"player_experience":169824,"relics_obtained":[{"floor":10.0,"key":"Girya"},{"floor":14.0,"key":"White Beast Statue"}],"event_choices":[{"damage_healed":0.0,"max_hp_gain":0.0,"max_hp_loss":7.0,"gold_gain":0.0,"event_name":"Golden Idol","player_choice":"Lose Max HP","floor":5.0,"gold_loss":0.0,"damage_taken":0.0,"relics_obtained":["Golden Idol"]},{"damage_healed":0.0,"max_hp_gain":5.0,"max_hp_loss":0.0,"gold_gain":0.0,"event_name":"Big Fish","player_choice":"Donut","floor":11.0,"gold_loss":0.0,"damage_taken":0.0},{"damage_healed":0.0,"max_hp_gain":0.0,"max_hp_loss":0.0,"gold_gain":0.0,"event_name":"The Library","player_choice":"Read","floor":19.0,"gold_loss":0.0,"damage_taken":0.0,"cards_obtained":["Chaos"]},{"damage_healed":0.0,"max_hp_gain":0.0,"max_hp_loss":0.0,"gold_gain":0.0,"event_name":"Cursed Tome","player_choice":"Ignored","floor":21.0,"gold_loss":0.0,"damage_taken":0.0}],"is_beta":true,"boss_relics":[{"not_picked":["Empty Cage","Snecko Eye"],"picked":"Inserter"}],"items_purged_floors":[],"is_endless":false,"potions_floor_spawned":[1,3,10,14,16,18,20],"killed_by":"Chosen and Byrds","ascension_level":20}}