{"host":"cvi30shpqg1ukvbr","time":1608126472,"event":{"mods":["Act Like it!","BaseMod","Better Altar","Better Match","Better Note","Better Sensory Stone","Better Skull","Better Third Choice","Conspire","GifTheSpireLib","Hubris","Infinite Spire","Minty Spire (QoL Compilation)","Relic Stats","Replay The Spire","Shop Mod","Spicy Shops","StSLib","Stuff the Spire"],"gold_per_floor":[136,176,209,239,293,318,318,385,385,439,501,29,107,200,200,299,299,309,319,355,22,63,91,91,126,196,196,246,290,290,290,290,418,418,430,450,138,181,181,206,251,251,251,296,296,296],"floor_reached":45,"playtime":2196,"items_purged":[],"score":768,"play_id":"72548ef2-d503-42cb-a67a-3b676430fc01","local_time":"20201216224752","is_ascension_mode":true,"campfire_choices":[{"data":"HandOfGreed","floor":7,"key":"SMITH"},{"floor":15,"key":"REST"},{"data":"Armaments","floor":24,"key":"SMITH"},{"data":"Berserk","floor":24,"key":"SMITH"},{"data":"Metallicize","floor":27,"key":"SMITH"},{"data":"Metallicize","floor":27,"key":"SMITH"},{"data":"Disarm","floor":32,"key":"SMITH"},{"data":"Disarm","floor":32,"key":"SMITH"},{"data":"Limit Break","floor":42,"key":"SMITH"},{"data":"infinitespire:NeuralNetwork","floor":42,"key":"SMITH"}],"circlet_count":0,"master_deck":["Strike_R","Strike_R","Strike_R","Strike_R","Strike_R","Defend_R+1","Defend_R+1","Defend_R+1","Defend_R+1","Bash","HandOfGreed+1","Perfected Strike","Metallicize+1","Cleave","Ghostly Armor","Evolve","Combust","Armaments+1","ReplayTheSpireMod:Splinters","Spot Weakness","Disarm+1","Berserk+1","Twin Strike","Feed","Shrug It Off","Armaments+1","Disarm+1","Metallicize+1","Spot Weakness+1","Pommel Strike+1","Twin Strike+1","Shrug It Off+1","Limit Break+1","Shrug It Off","Disarm","Metallicize+1","infinitespire:NeuralNetwork+1","Impervious","Headbutt+1","True Grit+1"],"relics":["Burning Blood","Replay:Bottled Steam","Replay:Bottled Flurry","infinitespire:CursedDice","StuffTheSpire:Gunfinga","StuffTheSpire:SapphireSignet","ClockworkSouvenir","Frozen Eye","King of Hearts","Coffee Dripper","Replay:Arrowhead","hubris:TenFootPole","infinitespire:FocusingShard","CultistMask","infinitespire:Burning Sword","hubris:GlazedTorus","ReplayTheSpireMod:EnergyBall","Vajra","Replay:Bottled Eggs"],"acts_visited":["Exordium","TheCity","TheBeyond"],"potions_floor_usage":[6,10,13,14,14,33,33],"damage_taken":[{"damage":1.0,"enemies":"Jaw Worm","floor":1.0,"turns":4.0},{"damage":10.0,"enemies":"Small Slimes","floor":2.0,"turns":2.0},{"damage":1.0,"enemies":"2 Louse","floor":3.0,"turns":2.0},{"damage":0,"enemies":"Exordium Wildlife","floor":4,"turns":3},{"damage":5,"enemies":"2 Fungi Beasts","floor":5,"turns":6},{"damage":54,"enemies":"Lagavulin","floor":6,"turns":9},{"damage":7,"enemies":"Exordium Thugs","floor":8,"turns":4},{"damage":28,"enemies":"Gremlin Nob","floor":10,"turns":4},{"damage":21,"enemies":"3 Sentries","floor":13,"turns":5},{"damage":0,"enemies":"3 Louse","floor":14,"turns":5},{"damage":44,"enemies":"Fading Forest","floor":16,"turns":11},{"damage":12,"enemies":"Spheric Guardian","floor":18,"turns":4},{"damage":21,"enemies":"Shell Parasite","floor":19,"turns":5},{"damage":11,"enemies":"3 Cultists","floor":20,"turns":4},{"damage":15,"enemies":"Snake Plant","floor":22,"turns":5},{"damage":26,"enemies":"Nightmare","floor":23,"turns":10},{"damage":38,"enemies":"Gremlin Leader","floor":25,"turns":10},{"damage":10,"enemies":"Snecko","floor":29,"turns":6},{"damage":12,"enemies":"Pondfish","floor":33,"turns":11},{"damage":5,"enemies":"Orb Walker","floor":35,"turns":3},{"damage":0,"enemies":"3 Darklings","floor":36,"turns":4},{"damage":36,"enemies":"Jaw Worm Horde","floor":38,"turns":3},{"damage":44,"enemies":"Nemesis","floor":40,"turns":7},{"damage":16,"enemies":"4 Shapes","floor":41,"turns":5},{"damage":6,"enemies":"Maw","floor":44,"turns":6},{"damage":16,"enemies":"Reptomancer","floor":45,"turns":2}],"seed_played":"1214492040438779201","potions_obtained":[{"floor":1.0,"key":"conspire:TimeTravelPotion"},{"floor":4,"key":"infinitespire:BlackPotion"},{"floor":8,"key":"BloodPotion"},{"floor":10,"key":"PowerPotion"},{"floor":11,"key":"LiquidMemories"},{"floor":22,"key":"PowerPotion"},{"floor":25,"key":"LiquidBronze"},{"floor":29,"key":"Fire Potion"},{"floor":33,"key":"Death Potion"},{"floor":35,"key":"Milkshake"}],"is_trial":false,"path_per_floor":["M","M","M","M","M","E","R","M","T","E","?","$","E","M","R","B",null,"M","M","M","$","M","NM","R","E","T","R","?","M","?","?","R","B",null,"M","M","$","M","AVR","E","M","R","T","M","E"],"character_chosen":"IRONCLAD","items_purchased":["StuffTheSpire:SapphireSignet","ClockworkSouvenir","Frozen Eye","Replay:Arrowhead","Metallicize","hubris:GlazedTorus"],"campfire_rested":1,"item_purchase_floors":[12,12,12,21,21,37],"current_hp_per_floor":[61,57,62,68,69,36,36,35,35,29,29,29,14,20,44,16,80,79,69,64,64,57,37,37,37,37,37,37,33,33,33,33,29,86,89,89,89,59,59,21,11,11,11,13,0,0],"gold":296,"neow_bonus":"RANDOM_COLORLESS_2","is_daily":false,"chose_seed":false,"campfire_upgraded":9,"win_rate":0.0,"timestamp":1608126472,"path_taken":["M","M","M","M","M","E","R","M","T","E","?","$","E","M","R","BOSS","M","M","M","$","M","NM","R","E","T","R","?","M","?","?","R","BOSS","M","M","$","M","AVR","E","M","R","T","M","E"],"items_purchased_type":["Relic","Relic","Relic","Relic","Card","Relic"],"build_version":"2020-12-13","purchased_purges":0,"victory":false,"max_hp_per_floor":[80,80,80,80,80,80,80,80,80,80,80,80,80,80,80,80,80,83,86,86,86,86,86,86,86,86,86,86,86,86,86,86,86,86,89,89,89,89,89,89,89,89,89,89,89,89],"relic_stats":{"counters":[26,140],"obtain_stats":[{"infinitespire:CursedDice":10,"Vajra":40,"King of Hearts":13,"infinitespire:FocusingShard":25,"Burning Blood":0,"Replay:Arrowhead":21,"ClockworkSouvenir":12,"StuffTheSpire:SapphireSignet":12,"ReplayTheSpireMod:EnergyBall":39,"Frozen Eye":12,"StuffTheSpire:Gunfinga":11,"CultistMask":31,"Replay:Bottled Flurry":9,"Coffee Dripper":17,"hubris:TenFootPole":23,"infinitespire:Burning Sword":34,"Replay:Bottled Eggs":43,"Replay:Bottled Steam":6,"hubris:GlazedTorus":37},{"infinitespire:CursedDice":8,"Vajra":23,"King of Hearts":9,"infinitespire:FocusingShard":17,"Burning Blood":0,"Replay:Arrowhead":14,"ClockworkSouvenir":8,"StuffTheSpire:SapphireSignet":8,"ReplayTheSpireMod:EnergyBall":22,"Frozen Eye":8,"StuffTheSpire:Gunfinga":8,"CultistMask":18,"Replay:Bottled Flurry":7,"Coffee Dripper":11,"hubris:TenFootPole":16,"infinitespire:Burning Sword":19,"Replay:Bottled Eggs":24,"Replay:Bottled Steam":6,"hubris:GlazedTorus":21},{"infinitespire:CursedDice":34,"Vajra":127,"King of Hearts":39,"infinitespire:FocusingShard":93,"Burning Blood":0,"Replay:Arrowhead":68,"ClockworkSouvenir":34,"StuffTheSpire:SapphireSignet":34,"ReplayTheSpireMod:EnergyBall":120,"Frozen Eye":34,"StuffTheSpire:Gunfinga":34,"CultistMask":99,"Replay:Bottled Flurry":30,"Coffee Dripper":55,"hubris:TenFootPole":83,"infinitespire:Burning Sword":110,"Replay:Bottled Eggs":132,"Replay:Bottled Steam":26,"hubris:GlazedTorus":117}],"Burning Blood":143},"card_choices":[{"not_picked":["Master of Strategy","Poisoned Strike"],"picked":"HandOfGreed","floor":0.0},{"not_picked":["Run Through","Combust"],"picked":"Perfected Strike","floor":1.0},{"not_picked":["Iron Wave","Thunderclap"],"picked":"Metallicize","floor":2.0},{"not_picked":["Havoc","Thunderclap"],"picked":"Cleave","floor":3.0},{"not_picked":["Pommel Strike","Massacre"],"picked":"Ghostly Armor","floor":4},{"not_picked":["Pummel","Havoc"],"picked":"Evolve","floor":5},{"not_picked":["Fiend Fire","Defy Death"],"picked":"Combust","floor":6},{"not_picked":["Run Through","Power Through"],"picked":"Armaments","floor":8},{"not_picked":["Entrench","Havoc","StuffTheSpire:RockThrow"],"picked":"SKIP","floor":10},{"not_picked":["StuffTheSpire:Slingshot","Havoc"],"picked":"Spot Weakness","floor":11},{"not_picked":["Replay:Undeath\u0027s Touch","Searing Blow"],"picked":"Disarm","floor":11},{"not_picked":["Offering","Bloodletting"],"picked":"Berserk","floor":13},{"not_picked":["Warcry","Flex"],"picked":"Twin Strike","floor":14},{"not_picked":["Juggernaut","Barricade"],"picked":"Feed","floor":16},{"not_picked":["conspire:Charge","Wild Strike"],"picked":"Shrug It Off","floor":18},{"not_picked":["StuffTheSpire:Pyroclast","StuffTheSpire:RockThrow"],"picked":"Armaments+1","floor":19},{"not_picked":["Shockwave","Seeing Red"],"picked":"Disarm","floor":20},{"not_picked":["Body Slam","hubris:StunningStrike"],"picked":"Spot Weakness+1","floor":22},{"not_picked":["Abandon","Iron Wave+1"],"picked":"Pommel Strike+1","floor":23},{"not_picked":["Sword Boomerang","Massacre+1"],"picked":"Twin Strike+1","floor":25},{"not_picked":["Twin Strike+1","Fiend Fire"],"picked":"Shrug It Off+1","floor":29},{"not_picked":["Eclipse","Feed"],"picked":"Limit Break","floor":33},{"not_picked":["Wild Strike+1","hubris:SharpeningStone+1"],"picked":"Shrug It Off","floor":35},{"not_picked":["Body Slam","Cleave+1"],"picked":"Disarm","floor":36},{"not_picked":["Pommel Strike","Twin Strike+1"],"picked":"Metallicize+1","floor":38},{"not_picked":["Shrug It Off","Carnage"],"picked":"Impervious","floor":40},{"not_picked":["True Grit","Sentinel+1"],"picked":"Headbutt+1","floor":41},{"not_picked":["Dropkick+1","Hemokinesis"],"picked":"True Grit+1","floor":44}],"player_experience":1749720,"relics_obtained":[{"floor":6,"key":"Replay:Bottled Steam"},{"floor":9,"key":"Replay:Bottled Flurry"},{"floor":10,"key":"infinitespire:CursedDice"},{"floor":11,"key":"StuffTheSpire:Gunfinga"},{"floor":13,"key":"King of Hearts"},{"floor":23,"key":"hubris:TenFootPole"},{"floor":25,"key":"infinitespire:FocusingShard"},{"floor":40,"key":"Vajra"},{"floor":43,"key":"Replay:Bottled Eggs"}],"event_choices":[{"damage_healed":0,"gold_gain":100,"player_choice":"Bet on Murderer","damage_taken":0,"max_hp_gain":0,"max_hp_loss":0,"event_name":"The Joust","floor":28,"gold_loss":50},{"damage_healed":0,"gold_gain":0,"player_choice":"Bought 0 Potions","damage_taken":0,"max_hp_gain":0,"max_hp_loss":0,"event_name":"The Woman in Blue","floor":30,"gold_loss":0},{"damage_healed":0,"gold_gain":0,"player_choice":"Trade","damage_taken":0,"relics_obtained":["CultistMask"],"max_hp_gain":0,"max_hp_loss":0,"event_name":"FaceTrader","floor":31,"gold_loss":0}],"is_beta":false,"boss_relics":[{"not_picked":["Honey Jar","Fusion Hammer"],"picked":"Coffee Dripper"},{"not_picked":["Runic Dome","SlaversCollar"],"picked":"infinitespire:Burning Sword"}],"items_purged_floors":[],"is_endless":false,"potions_floor_spawned":[1,4,8,10,22,25,29,33,35,40,44],"killed_by":"Reptomancer","ascension_level":1}}