{"host":"ctlqibkg0sskiu65","time":1608137305,"event":{"mods":["2.2 Compatiblity","AchievementEnabler","Aspiration","BaseMod","BetterRewards","Colored Map","Colored Powertips","Conspire","Fiend Mod","Infinite Spire","Minty Spire (QoL Compilation)","Quick Restart","Replay The Spire","Shop Mod","StSLib","The Bladedancer","The Cursed","The Hierophant","The Jungle","The Kombatant","The Servant 0.9.4","TheBandit"],"gold_per_floor":[119,119,219,235,249,249,267,293,293,317,317,317,341,362,362,378,378],"floor_reached":16,"playtime":790,"items_purged":["Strike_G"],"score":187,"play_id":"7a1170a5-7b27-4807-b3d6-316673abf1de","local_time":"20201216104825","is_ascension_mode":true,"campfire_choices":[{"data":"Neutralize","floor":6.0,"key":"SMITH"},{"data":"Survivor","floor":12.0,"key":"SMITH"},{"data":"Bane","floor":15.0,"key":"SMITH"}],"circlet_count":0,"master_deck":["Strike_G","Strike_G","Strike_G","Strike_G","Defend_G","Defend_G","Defend_G","Defend_G","Defend_G","Survivor+1","Neutralize+1","Crippling Poison","Bane+1","Deadly Poison","Poisoned Stab","Backflip"],"relics":["Ring of the Snake","Replay:Towering Pillar of Hats","Tiny Chest","Replay:Bandana","Tough Bandages"],"acts_visited":["Exordium"],"potions_floor_usage":[16,16],"damage_taken":[{"damage":0.0,"enemies":"Cultist","floor":1.0,"turns":5.0},{"damage":0.0,"enemies":"conspire:RoseBush","floor":4.0,"turns":4.0},{"damage":4.0,"enemies":"Jaw Worm","floor":5.0,"turns":4.0},{"damage":15.0,"enemies":"Lots of Slimes","floor":7.0,"turns":4.0},{"damage":0.0,"enemies":"2 Fungi Beasts","floor":10.0,"turns":4.0},{"damage":7.0,"enemies":"Large Slime","floor":13.0,"turns":5.0},{"damage":3.0,"enemies":"Looter","floor":14.0,"turns":3.0},{"damage":64,"enemies":"Slime Boss","floor":16,"turns":8}],"seed_played":"-7981898354470490043","potions_obtained":[{"floor":5.0,"key":"Fire Potion"},{"floor":13.0,"key":"Poison Potion"},{"floor":14.0,"key":"Venom Potion"}],"is_trial":false,"path_per_floor":["M","?","?","M","M","R","M","T","T","M","?","R","M","M","R","B"],"character_chosen":"THE_SILENT","items_purchased":["Tiny Chest"],"campfire_rested":0,"item_purchase_floors":[0],"current_hp_per_floor":[63,63,63,63,59,59,44,44,44,44,67,67,60,57,57,0,0],"gold":378,"neow_bonus":"","is_daily":false,"chose_seed":false,"campfire_upgraded":3,"win_rate":0.0,"timestamp":1608137305,"path_taken":["M","?","?","?","M","R","M","?","T","?","?","R","M","M","R","BOSS"],"items_purchased_type":["Relic"],"build_version":"2020-12-13","purchased_purges":1,"victory":false,"max_hp_per_floor":[70,70,70,70,70,70,70,70,70,70,70,70,70,70,70,70,70],"card_choices":[{"not_picked":["Sneak Up","ReplayTheSpireMod:Exploit Weakness"],"picked":"Crippling Poison","floor":1.0},{"not_picked":["Dagger Throw","Sucker Punch"],"picked":"Bane","floor":4.0},{"not_picked":["Bane","ReplayTheSpireMod:Tripwire","PiercingWail"],"picked":"SKIP","floor":5.0},{"not_picked":["Quick Slash","Dash","Sucker Punch"],"picked":"SKIP","floor":7.0},{"not_picked":["ReplayTheSpireMod:Scrap Shanks","Outmaneuver"],"picked":"Deadly Poison","floor":10.0},{"not_picked":["Quick Slash","Backflip"],"picked":"Poisoned Stab","floor":13.0},{"not_picked":["PiercingWail","Underhanded Strike"],"picked":"Backflip","floor":14.0}],"player_experience":147458,"relics_obtained":[{"floor":8.0,"key":"Replay:Bandana"},{"floor":9.0,"key":"Tough Bandages"}],"event_choices":[{"damage_healed":0.0,"max_hp_gain":0.0,"max_hp_loss":0.0,"gold_gain":100.0,"event_name":"Wheel of Change","player_choice":"Gold","floor":3.0,"gold_loss":0.0,"damage_taken":0.0},{"damage_healed":23.0,"max_hp_gain":0.0,"max_hp_loss":0.0,"gold_gain":0.0,"event_name":"Big Fish","player_choice":"Banana","floor":11.0,"gold_loss":0.0,"damage_taken":0.0}],"is_beta":false,"boss_relics":[],"items_purged_floors":[0],"is_endless":false,"potions_floor_spawned":[5,13,14],"killed_by":"Slime Boss","ascension_level":6}}