{"host":"zsm7bdfo51n66z45","time":1608081593,"event":{"mods":["AchievementEnabler","BaseMod","Colored Powertips","Minty Spire (QoL Compilation)","Relic Stats","Spicy Shops","StSLib","TheBandit","Waifu the Spire"],"gold_per_floor":[117,134,62,62,62,95,115,147,172,123,133,133,153,153,153,252,252,263,280,280,42,57,57,84,84,84,84],"floor_reached":25,"playtime":1663,"items_purged":["wariomod:Defend"],"score":241,"play_id":"13e61a69-d92b-440f-b8da-ddc35ca678ea","local_time":"20201215191953","is_ascension_mode":false,"campfire_choices":[{"floor":15.0,"key":"REST"},{"floor":23,"key":"REST"}],"circlet_count":0,"master_deck":["wariomod:Strike","wariomod:Strike","wariomod:Strike","wariomod:Strike","wariomod:Defend","wariomod:Defend","wariomod:Defend","wariomod:Step","wariomod:Leap+1","wariomod:Leapslam","wariomod:BlastDash","wariomod:HappyHit","wariomod:NullJump","wariomod:SimpleShield","wariomod:Bombshield","wariomod:Boomsmack","wariomod:Bombshield","wariomod:EnergizedBombs","wariomod:TreasureDig","wariomod:Hopshield","wariomod:PoisonBombs","wariomod:BlastDash"],"relics":["wariomod:TheHat","Oddly Smooth Stone","Nunchaku","Anchor","wariomod:PropellerHat","Centennial Puzzle"],"acts_visited":["Exordium","TheCity"],"potions_floor_usage":[16,18,24,24],"damage_taken":[{"damage":6.0,"enemies":"Jaw Worm","floor":1.0,"turns":3.0},{"damage":1.0,"enemies":"Cultist","floor":2.0,"turns":3.0},{"damage":25.0,"enemies":"Gremlin Nob","floor":6.0,"turns":5.0},{"damage":4.0,"enemies":"Small Slimes","floor":7.0,"turns":2.0},{"damage":12.0,"enemies":"Lagavulin","floor":8.0,"turns":6.0},{"damage":13.0,"enemies":"2 Fungi Beasts","floor":11.0,"turns":3.0},{"damage":0.0,"enemies":"Blue Slaver","floor":13.0,"turns":5.0},{"damage":0.0,"enemies":"3 Sentries","floor":14.0,"turns":1.0},{"damage":26,"enemies":"Slime Boss","floor":16,"turns":11},{"damage":0,"enemies":"3 Byrds","floor":18,"turns":3},{"damage":18,"enemies":"Chosen","floor":19,"turns":8},{"damage":18,"enemies":"Snecko","floor":22,"turns":6},{"damage":59,"enemies":"Slavers","floor":24,"turns":7},{"damage":8,"enemies":"Cultist and Chosen","floor":25,"turns":4}],"seed_played":"7255945158629727622","potions_obtained":[{"floor":1.0,"key":"Ancient Potion"},{"floor":2.0,"key":"SmokeBomb"},{"floor":7.0,"key":"ColorlessPotion"},{"floor":11.0,"key":"FearPotion"},{"floor":16,"key":"LiquidBronze"},{"floor":22,"key":"LiquidBronze"},{"floor":24,"key":"SpeedPotion"}],"is_trial":false,"path_per_floor":["M","M","$","?","$","E","M","E","T","$","M","$","M","E","R","B",null,"M","M","?","$","M","R","E","M"],"character_chosen":"THE_BANDIT","items_purchased":["wariomod:HappyHit","wariomod:Bombshield","wariomod:PoisonBombs"],"campfire_rested":2,"item_purchase_floors":[3,10,21],"current_hp_per_floor":[82,81,81,81,81,56,52,40,40,40,27,27,27,27,53,27,88,88,70,53,53,35,62,3,0,0,0],"gold":84,"neow_bonus":"TEN_PERCENT_HP_BONUS","is_daily":false,"chose_seed":false,"campfire_upgraded":0,"win_rate":0.0,"timestamp":1608081593,"path_taken":["M","M","$","?","$","E","M","E","T","?","M","?","M","E","R","BOSS","M","M","?","$","M","R","E","M"],"items_purchased_type":["Card","Card","Card"],"build_version":"2020-12-13","purchased_purges":1,"victory":false,"max_hp_per_floor":[88,88,88,88,88,88,88,88,88,88,88,88,88,88,88,88,88,88,88,93,93,93,93,93,93,93,93],"relic_stats":{"Nunchaku":[8],"Centennial Puzzle":[0],"counters":[14,66],"obtain_stats":[{"Nunchaku":8,"Anchor":9,"Centennial Puzzle":24,"wariomod:TheHat":0,"wariomod:PropellerHat":17,"Oddly Smooth Stone":6},{"Nunchaku":5,"Anchor":5,"Centennial Puzzle":13,"wariomod:TheHat":0,"wariomod:PropellerHat":9,"Oddly Smooth Stone":3},{"Nunchaku":19,"Anchor":19,"Centennial Puzzle":62,"wariomod:TheHat":0,"wariomod:PropellerHat":38,"Oddly Smooth Stone":11}]},"card_choices":[{"not_picked":["wariomod:EmptyMind","wariomod:DanceDash"],"picked":"wariomod:Leapslam","floor":1.0},{"not_picked":["wariomod:Hopshield","wariomod:Goblast"],"picked":"wariomod:BlastDash","floor":2.0},{"not_picked":["wariomod:Hopshield","wariomod:Bombtime"],"picked":"wariomod:NullJump","floor":6.0},{"not_picked":["wariomod:SmallSprint","wariomod:HappyHit"],"picked":"wariomod:SimpleShield","floor":7.0},{"not_picked":["wariomod:ForbiddenMagic","wariomod:Leapslam","wariomod:SpikeSlash"],"picked":"SKIP","floor":8.0},{"not_picked":["wariomod:Immortalize","wariomod:SimpleShield"],"picked":"wariomod:Boomsmack","floor":11.0},{"not_picked":["wariomod:DropBash","wariomod:DoubleDash"],"picked":"wariomod:Bombshield","floor":13.0},{"not_picked":["wariomod:DeadlyDash","wariomod:KeyFinisher"],"picked":"wariomod:EnergizedBombs","floor":16},{"not_picked":["wariomod:BodyBlock+1","wariomod:GreaterGuard"],"picked":"wariomod:TreasureDig","floor":18},{"not_picked":["wariomod:Immortalize+1","wariomod:BigUpgrade+1"],"picked":"wariomod:Hopshield","floor":19},{"not_picked":["wariomod:Hopshield+1","wariomod:DonateDraw+1","wariomod:HastyRush+1"],"picked":"SKIP","floor":22},{"not_picked":["wariomod:Leapslam","wariomod:ThatsNotAll"],"picked":"wariomod:BlastDash","floor":24}],"player_experience":149079,"relics_obtained":[{"floor":6.0,"key":"Oddly Smooth Stone"},{"floor":8.0,"key":"Nunchaku"},{"floor":9.0,"key":"Anchor"},{"floor":24,"key":"Centennial Puzzle"}],"event_choices":[{"damage_healed":0.0,"max_hp_gain":0.0,"max_hp_loss":0.0,"gold_gain":0.0,"event_name":"Upgrade Shrine","player_choice":"Upgraded","floor":4.0,"gold_loss":0.0,"damage_taken":0.0,"cards_upgraded":["wariomod:Leap"]},{"damage_healed":0,"gold_gain":0,"player_choice":"Shed Blood","damage_taken":22,"max_hp_gain":5,"max_hp_loss":0,"event_name":"Forgotten Altar","floor":20,"gold_loss":0}],"is_beta":false,"boss_relics":[{"not_picked":["Cursed Key","Ectoplasm"],"picked":"wariomod:PropellerHat"}],"items_purged_floors":[21],"is_endless":false,"potions_floor_spawned":[1,2,7,11,16,22,24],"killed_by":"Cultist and Chosen","ascension_level":0}}