{"host":"owp3md0algd3028i","time":1608153166,"event":{"mods":["AchievementEnabler","Aspiration","BaseMod","BetterRewards","Colored Map","Colored Powertips","Conspire","Custom Start","DeckTracker","Defuse TimeMaze Blight","Downfall","Energized Spire","GifTheSpireLib","Halation","Hermit","Highlight Path","Hubris","Infinite Spire","Marisa????????","Minty Spire (QoL Compilation)","Permanent Neow","Quick Restart","Railgun Mod","Replay The Spire","Reworked Bosses","Shop Mod","Spicy Shops","StSLib","Stuff the Spire","SuperFastMode","vexMod"],"gold_per_floor":[114,114,114,133,153,153,7,41,111,135,135,166,190,203,203,322,322,347,75,75,88,103,103,103,103],"floor_reached":24,"playtime":1696,"items_purged":[],"score":208,"play_id":"d7181b49-cd45-4dc4-821b-ad03d8103dbe","local_time":"20201216151246","is_ascension_mode":false,"campfire_choices":[{"data":"TheRailgun:Sister_Network","floor":6,"key":"SMITH"},{"floor":11,"key":"REST"},{"floor":15,"key":"REST"},{"floor":23,"key":"REST"}],"circlet_count":0,"master_deck":["TheRailgun:Strike","TheRailgun:Strike","TheRailgun:Strike","TheRailgun:Strike","TheRailgun:Defend","TheRailgun:Defend","TheRailgun:Defend","TheRailgun:Defend","TheRailgun:Discharge","TheRailgun:Static","TheRailgun:Zip","TheRailgun:Heroinism+1","TheRailgun:Electric_Fence+1","TheRailgun:Sister_Network+1","TheRailgun:Scatter_Railgun","TheRailgun:Thunderbolt","TheRailgun:Iron_Dust_Field","TheRailgun:Magnetic_Movement","TheRailgun:Judgement_Officer","TheRailgun:Zap","TheRailgun:Thunderjolt","Midas Touch","expansioncontent:GuardianWhirl","expansioncontent:DefensiveMode","Pain","TheRailgun:Iron_Dust_Sword","TheRailgun:Positive_Field+1"],"relics":["TheRailgun:CoinRelic","Lantern","Golden Idol","vexMod:PaidLearning","Ancient Tea Set","Bottled Flame","aspiration:SeaSaltIceCream","Potion Belt","conspire:SlowCooker","StuffTheSpire:Mouthbags","ReplayTheSpireMod:ShopPack","WarpedTongs"],"acts_visited":["Exordium","TheCity"],"potions_floor_usage":[16,16,16,24],"damage_taken":[{"damage":1,"enemies":"Jaw Worm","floor":1,"turns":3},{"damage":0,"enemies":"Small Slimes","floor":4,"turns":3},{"damage":0,"enemies":"Cultist","floor":5,"turns":3},{"damage":30,"enemies":"Lagavulin","floor":8,"turns":4},{"damage":3,"enemies":"2 Fungi Beasts","floor":10,"turns":3},{"damage":3,"enemies":"3 Sentries","floor":12,"turns":3},{"damage":5,"enemies":"Exordium Thugs","floor":13,"turns":3},{"damage":9,"enemies":"Large Slime","floor":14,"turns":5},{"damage":10,"enemies":"Hexaghost","floor":16,"turns":7},{"damage":42,"enemies":"conspire:FuzzyDice","floor":18,"turns":6},{"damage":2,"enemies":"Spheric Guardian","floor":21,"turns":1},{"damage":17,"enemies":"Cultist and Chosen","floor":22,"turns":6},{"damage":36,"enemies":"Gremlin Leader","floor":24,"turns":4}],"seed_played":"4090263062966335872","potions_obtained":[{"floor":8,"key":"SteroidPotion"},{"floor":10,"key":"sneckomod:MuddlingPotion"},{"floor":12,"key":"SkillPotion"},{"floor":13,"key":"Swift Potion"},{"floor":14,"key":"champ:CounterPotion"},{"floor":21,"key":"Doom Potion"}],"is_trial":false,"path_per_floor":["M","?","?","M","M","R","$","E","T","M","R","E","M","M","R","B",null,"M","$","?","M","M","R","E"],"character_chosen":"THE_DEFAULT","items_purchased":["vexMod:PaidLearning","StuffTheSpire:Mouthbags","ReplayTheSpireMod:ShopPack"],"campfire_rested":3,"item_purchase_floors":[7,19,19],"current_hp_per_floor":[69,52,52,52,52,52,52,22,22,19,40,37,32,23,44,34,70,28,28,28,26,9,30,0,0],"gold":103,"neow_bonus":"RANDOM_COMMON_RELIC","is_daily":false,"chose_seed":false,"campfire_upgraded":1,"win_rate":0.0,"timestamp":1608153166,"path_taken":["M","?","?","M","M","R","$","E","T","M","R","E","?","M","R","BOSS","M","$","?","M","M","R","E"],"items_purchased_type":["Relic","Relic","Relic"],"build_version":"2020-12-13","purchased_purges":0,"victory":false,"max_hp_per_floor":[70,70,70,70,70,70,70,70,70,70,70,70,70,70,70,70,70,70,70,70,70,70,70,70,70],"card_choices":[{"not_picked":["TheRailgun:Electric_Fence","TheRailgun:Teleporter"],"picked":"TheRailgun:Heroinism","floor":1},{"not_picked":["TheRailgun:Spark","TheRailgun:Zap"],"picked":"TheRailgun:Electric_Fence","floor":4},{"not_picked":["TheRailgun:Zap","TheRailgun:Stun_Shock"],"picked":"TheRailgun:Sister_Network","floor":5},{"not_picked":["TheRailgun:Iron_Dust_Sword","TheRailgun:Crackle"],"picked":"TheRailgun:Scatter_Railgun","floor":8},{"not_picked":["TheRailgun:Teleporter","TheRailgun:Iron_Dust_Vial"],"picked":"TheRailgun:Thunderbolt","floor":10},{"not_picked":["TheRailgun:Crackle","TheRailgun:Sister_Network"],"picked":"TheRailgun:Thunderjolt","floor":12},{"not_picked":["TheRailgun:Circuit_Breaker","TheRailgun:Pull"],"picked":"TheRailgun:Iron_Dust_Field","floor":13},{"not_picked":["TheRailgun:Lightning_Speed","TheRailgun:Discharge"],"picked":"TheRailgun:Magnetic_Movement","floor":14},{"not_picked":["TheRailgun:Rewiring","TheRailgun:Thundervolt"],"picked":"TheRailgun:Judgement_Officer","floor":16},{"not_picked":["TheRailgun:Static","TheRailgun:Charge"],"picked":"TheRailgun:Zap","floor":18},{"not_picked":["ReplayTheSpireMod:Brewmster","expansioncontent:QuickStudy"],"picked":"Midas Touch","floor":19},{"not_picked":["ReplayTheSpireMod:Private Reserves","Transmutation"],"picked":"expansioncontent:GuardianWhirl","floor":19},{"not_picked":["PanicButton","Sadistic Nature"],"picked":"expansioncontent:DefensiveMode","floor":19},{"not_picked":["TheRailgun:Circuitous","TheRailgun:Zap"],"picked":"TheRailgun:Iron_Dust_Sword","floor":21},{"not_picked":["TheRailgun:Negative_Field+1","TheRailgun:Static"],"picked":"TheRailgun:Positive_Field+1","floor":22}],"player_experience":41104,"relics_obtained":[{"floor":8,"key":"Ancient Tea Set"},{"floor":9,"key":"Bottled Flame"},{"floor":12,"key":"aspiration:SeaSaltIceCream"}],"event_choices":[{"damage_healed":0,"gold_gain":0,"player_choice":"Take Damage","damage_taken":17,"relics_obtained":["Golden Idol"],"max_hp_gain":0,"max_hp_loss":0,"event_name":"Golden Idol","floor":2,"gold_loss":0},{"damage_healed":0,"gold_gain":0,"player_choice":"Disagree","damage_taken":0,"max_hp_gain":0,"max_hp_loss":0,"event_name":"conspire:LoneGhost","floor":3,"gold_loss":0},{"damage_healed":0,"gold_gain":0,"player_choice":"Rummage","damage_taken":0,"relics_obtained":["WarpedTongs"],"max_hp_gain":0,"max_hp_loss":0,"event_name":"Accursed Blacksmith","floor":20,"gold_loss":0,"cards_obtained":["Pain"]}],"is_beta":false,"boss_relics":[{"not_picked":["Painkiller Herb","hubris:Stopwatch"],"picked":"conspire:SlowCooker"}],"items_purged_floors":[],"is_endless":false,"potions_floor_spawned":[8,10,12,13,14,21],"killed_by":"Gremlin Leader","ascension_level":0}}