{"host":"nox","time":1608124204,"event":{"mods":["BaseMod","Colored Powertips","Minty Spire (QoL Compilation)","Quick Restart","Replay The Spire","StSLib"],"gold_per_floor":[118,118,131,56,72,100,100,146,146,156,166,183,212,231,231,336,336,347,360,260,260,55,85,99,99,122,122,134,134,163,163,163,163,163],"floor_reached":33,"playtime":2918,"items_purged":["Strike_R","Strike_R","Strike_R"],"score":401,"play_id":"35708257-4855-46af-81aa-c419f141ff3e","local_time":"20201216201004","is_ascension_mode":true,"campfire_choices":[{"data":"Bash","floor":7.0,"key":"SMITH"},{"data":"Entrench","floor":15.0,"key":"SMITH"},{"data":"Entrench","floor":27.0,"key":"SMITH"},{"data":"Dual Wield","floor":32.0,"key":"SMITH"}],"circlet_count":0,"master_deck":["Strike_R","Defend_R","Defend_R","Defend_R","Defend_R","Bash+1","Clash","Rampage","Entrench+1","Body Slam","Double Tap","Dual Wield+1","Entrench+1","Pain","Body Slam","Decay"],"relics":["Coffee Dripper","Eternal Feather","Meat on the Bone","Pen Nib","Velvet Choker","Happy Flower","WarpedTongs","Oddly Smooth Stone","Ancient Tea Set"],"acts_visited":["Exordium","TheCity"],"potions_floor_usage":[33,33],"damage_taken":[{"damage":2.0,"enemies":"Jaw Worm","floor":1.0,"turns":3.0},{"damage":0.0,"enemies":"Cultist","floor":3.0,"turns":3.0},{"damage":0.0,"enemies":"2 Louse","floor":5.0,"turns":1.0},{"damage":15.0,"enemies":"Lagavulin","floor":6.0,"turns":4.0},{"damage":0.0,"enemies":"Large Slime","floor":10.0,"turns":4.0},{"damage":9.0,"enemies":"Red Slaver","floor":11.0,"turns":2.0},{"damage":8.0,"enemies":"Exordium Wildlife","floor":12.0,"turns":2.0},{"damage":25.0,"enemies":"3 Sentries","floor":13.0,"turns":10.0},{"damage":2.0,"enemies":"Looter","floor":14.0,"turns":3.0},{"damage":14.0,"enemies":"Hexaghost","floor":16.0,"turns":9.0},{"damage":11.0,"enemies":"Shell Parasite","floor":18.0,"turns":4.0},{"damage":0.0,"enemies":"3 Byrds","floor":19.0,"turns":4.0},{"damage":29.0,"enemies":"Book of Stabbing","floor":23.0,"turns":5.0},{"damage":30.0,"enemies":"3 Cultists","floor":24.0,"turns":5.0},{"damage":3.0,"enemies":"Centurion and Healer","floor":28.0,"turns":3.0},{"damage":13.0,"enemies":"Slavers","floor":30.0,"turns":4.0},{"damage":64,"enemies":"Automaton","floor":33,"turns":6}],"seed_played":"8946895502233358641","potions_obtained":[{"floor":1.0,"key":"Strength Potion"},{"floor":12.0,"key":"SteroidPotion"},{"floor":13.0,"key":"Dexterity Potion"},{"floor":14.0,"key":"Fire Potion"},{"floor":16.0,"key":"Energy Potion"},{"floor":18.0,"key":"SkillPotion"},{"floor":23.0,"key":"BlessingOfTheForge"},{"floor":28.0,"key":"Doom Potion"},{"floor":30.0,"key":"Elixir"}],"is_trial":false,"path_per_floor":["M","?","M","$","M","E","R","T","T","M","M","M","E","M","R","B",null,"M","M","$","?","$","E","M","?","T","R","M","$","E","?","R","B"],"character_chosen":"IRONCLAD","items_purchased":["Entrench"],"campfire_rested":0,"item_purchase_floors":[22],"current_hp_per_floor":[70,70,70,70,70,55,58,58,58,58,49,41,28,38,44,42,71,60,60,60,60,60,43,25,25,25,31,40,40,39,39,48,0,0],"gold":163,"neow_bonus":"BOSS_RELIC","is_daily":false,"chose_seed":false,"campfire_upgraded":4,"win_rate":0.0,"timestamp":1608124204,"path_taken":["M","?","M","$","M","E","R","?","T","M","?","M","E","M","R","BOSS","M","M","$","?","$","E","M","?","T","R","?","?","E","?","R","BOSS"],"items_purchased_type":["Card"],"build_version":"2020-11-17","purchased_purges":3,"victory":false,"max_hp_per_floor":[80,80,80,80,80,80,80,80,80,80,80,80,80,80,80,80,80,80,80,80,80,80,80,80,80,80,80,80,80,80,80,80,80,80],"card_choices":[{"not_picked":["Bloodletting","Anger","Replay:Undeath\u0027s Touch"],"picked":"SKIP","floor":1.0},{"not_picked":["Life Link","ReplayTheSpireMod:Strike From Hell"],"picked":"Clash","floor":3.0},{"not_picked":["Replay:Undeath\u0027s Touch","Anger","Run Through"],"picked":"SKIP","floor":5.0},{"not_picked":["Infernal Blade","Replay:Undeath\u0027s Touch","Dark Embrace"],"picked":"SKIP","floor":6.0},{"not_picked":["Headbutt","Armaments","Replay:Undeath\u0027s Touch"],"picked":"SKIP","floor":10.0},{"not_picked":["Hemokinesis","Shrug It Off"],"picked":"Rampage","floor":11.0},{"not_picked":["ReplayReversal","Abandon"],"picked":"Entrench","floor":12.0},{"not_picked":["Shockwave","Dark Embrace","Clothesline"],"picked":"SKIP","floor":13.0},{"not_picked":["Perfected Strike","Heavy Blade"],"picked":"Body Slam","floor":14.0},{"not_picked":["Feed","Limit Break"],"picked":"Double Tap","floor":16.0},{"not_picked":["Perfected Strike","Replay:Undeath\u0027s Touch","Cleave"],"picked":"SKIP","floor":18.0},{"not_picked":["Havoc","Hemokinesis","Heavy Blade"],"picked":"SKIP","floor":19.0},{"not_picked":["Carnage","Wild Strike","Headbutt"],"picked":"SKIP","floor":23.0},{"not_picked":["Intimidate","Life Link","Body Slam"],"picked":"SKIP","floor":24.0},{"not_picked":["Shockwave","Run Through+1"],"picked":"Body Slam","floor":28.0},{"not_picked":["Hemogenesis","Demonic Infusion","Fire Breathing"],"picked":"SKIP","floor":30.0}],"player_experience":133403,"relics_obtained":[{"floor":6.0,"key":"Eternal Feather"},{"floor":9.0,"key":"Meat on the Bone"},{"floor":13.0,"key":"Pen Nib"},{"floor":23.0,"key":"Happy Flower"},{"floor":26.0,"key":"Oddly Smooth Stone"},{"floor":30.0,"key":"Ancient Tea Set"}],"event_choices":[{"cards_removed":["Strike_R"],"damage_healed":0.0,"max_hp_gain":0.0,"max_hp_loss":0.0,"gold_gain":0.0,"event_name":"Living Wall","player_choice":"Forget","floor":2.0,"gold_loss":0.0,"damage_taken":0.0},{"damage_healed":0.0,"max_hp_gain":0.0,"max_hp_loss":0.0,"gold_gain":0.0,"event_name":"The Library","player_choice":"Read","floor":21.0,"gold_loss":0.0,"damage_taken":0.0,"cards_obtained":["Dual Wield"]},{"damage_healed":0.0,"max_hp_gain":0.0,"max_hp_loss":0.0,"gold_gain":0.0,"event_name":"Accursed Blacksmith","player_choice":"Rummage","floor":25.0,"gold_loss":0.0,"damage_taken":0.0,"relics_obtained":["WarpedTongs"],"cards_obtained":["Pain"]},{"damage_healed":0.0,"max_hp_gain":0.0,"max_hp_loss":0.0,"gold_gain":0.0,"event_name":"Forgotten Altar","player_choice":"Smashed Altar","floor":31.0,"gold_loss":0.0,"damage_taken":0.0,"cards_obtained":["Decay"]}],"is_beta":true,"boss_relics":[{"not_picked":["Runic Dome","ChewingGum"],"picked":"Velvet Choker"}],"items_purged_floors":[4,20,22],"is_endless":false,"potions_floor_spawned":[1,12,13,14,16,18,23,28,30],"killed_by":"Automaton","ascension_level":7}}