{"host":"y30n8hbqlqxhztg8","time":1608089787,"event":{"mods":["A Magickal Journey","AchievementEnabler","BaseMod","BetterRewards","Block Reminder","CatGirl Mod","Colored Map","Conspire","Downfall","GifTheSpireLib","Glutton Mod","Hubris","Infinite Spire","Koishi","Lobotomy","LobotomyExtend","Marisa????????","Minty Spire (QoL Compilation)","Prisma Mod","Replay The Spire","Shop Mod","Somnambulant","StSLib","Stuff the Spire","The Factory","The Forsaken","The Jungle","[IsaacMod]????"],"gold_per_floor":[117,117,135,148,167,167,167,242,269,269,289,289,323,337,337,435,435,435,435,435,452,469,469,484,484,484,499,499,499,514,514,514],"floor_reached":31,"playtime":1105,"items_purged":[],"score":237,"play_id":"fdfb96fe-aae0-42f8-92e0-9bab65971624","local_time":"20201215193627","is_ascension_mode":false,"campfire_choices":[{"data":"PrismaMod:IllyaPartialInstallAssassin","floor":10,"key":"SMITH"},{"floor":15,"key":"REST"},{"floor":23,"key":"REST"},{"floor":29,"key":"REST"}],"circlet_count":0,"master_deck":["PrismaMod:IllyaCommonAttack+1","PrismaMod:IllyaCommonDefend+1","PrismaMod:IllyaCommonAttack+1","PrismaMod:IllyaCommonDefend+1","PrismaMod:IllyaCommonAttack+1","PrismaMod:IllyaCommonDefend+1","PrismaMod:IllyaCommonAttack+1","PrismaMod:IllyaCommonDefend+1","PrismaMod:IllyaCommonAttack+1","PrismaMod:IllyaCommonDefend+1","PrismaMod:IllyaUncommonAttack","PrismaMod:IllyaUncommonDefend","PrismaMod:IllyaBlindPoisonToss","PrismaMod:IllyaPartialInstallAssassin+1","PrismaMod:IllyaGun+1","PrismaMod:IllyaCheapAttack","PrismaMod:IllyaAOECommonAttack","PrismaMod:IllyaFriendMaker","PrismaMod:IllyaBoysLove","PrismaMod:IllyaBlindPoisonToss","PrismaMod:IllyaBoysLove","PrismaMod:IllyaRussianRoulette+1","Replay:SS_hec_4","PrismaMod:IllyaCarnivalAttack"],"relics":["StuffTheSpire:OccultApparatus","HushsDoor","MoneyPower","LetterFromLob","ReplayTheSpireMod:Lightbulb","DeathBook","LaetitiaHeart","MagicBullet_r","infinitespire:BottledMercury"],"acts_visited":["Exordium","TheCity"],"potions_floor_usage":[16,31],"damage_taken":[{"damage":0,"enemies":"conspire:RoseBush","floor":1,"turns":4},{"damage":10,"enemies":"infinitespire:Voidling","floor":3,"turns":4},{"damage":2,"enemies":"2 Louse","floor":4,"turns":3},{"damage":0,"enemies":"conspire:2 RoseBushes","floor":5,"turns":8},{"damage":0,"enemies":"Looter","floor":11,"turns":3},{"damage":8,"enemies":"Lagavulin","floor":13,"turns":4},{"damage":0,"enemies":"3 Louse","floor":14,"turns":2},{"damage":76,"enemies":"The Guardian","floor":16,"turns":9},{"damage":10,"enemies":"2 Thieves","floor":18,"turns":2},{"damage":0,"enemies":"2 Thieves","floor":18,"turns":1},{"damage":14,"enemies":"2 Thieves","floor":21,"turns":3},{"damage":28,"enemies":"Shell Parasite","floor":22,"turns":3},{"damage":4,"enemies":"Cultist and Chosen","floor":24,"turns":4},{"damage":38,"enemies":"conspire:HollyBat","floor":27,"turns":7},{"damage":0,"enemies":"3 Cultists","floor":30,"turns":1},{"damage":65,"enemies":"Shelled Parasite and Fungi","floor":31,"turns":2}],"seed_played":"-8424102619700749200","potions_obtained":[{"floor":4,"key":"PowerPotion"},{"floor":16,"key":"Ancient Potion"},{"floor":24,"key":"Regen Potion"}],"is_trial":false,"path_per_floor":["M","$","M","M","M","?","?","?","T","R","M","?","E","M","R_BF","B",null,"M","?","?","M","M","R","M","?","T","M","?","R","M","M"],"character_chosen":"ILLYA","items_purchased":[],"campfire_rested":3,"item_purchase_floors":[],"current_hp_per_floor":[75,75,72,70,70,70,70,59,59,59,59,59,51,51,73,2,75,65,51,77,63,35,59,55,55,55,17,17,41,41,0,0],"gold":514,"neow_bonus":"RANDOM_EVENT","is_daily":false,"chose_seed":false,"campfire_upgraded":1,"win_rate":0.0,"timestamp":1608089787,"path_taken":["M","$","M","M","?","?","?","?","T","R","M","?","E","?","R_BF","BOSS","M","?","?","M","?","R","M","?","T","M","?","R","M","M"],"items_purchased_type":[],"build_version":"2020-12-13","purchased_purges":0,"victory":false,"max_hp_per_floor":[75,75,75,75,75,75,75,75,75,75,75,75,75,75,75,75,75,75,80,80,80,80,80,80,80,80,80,80,80,80,80,80],"card_choices":[{"not_picked":["PrismaMod:IllyaAssassinRevenge","PrismaMod:IllyaSaphire"],"picked":"PrismaMod:IllyaBlindPoisonToss","floor":1},{"not_picked":["PrismaMod:IllyaCommonEvoke","PrismaMod:IllyaCheapChannelDefend"],"picked":"PrismaMod:IllyaPartialInstallAssassin","floor":3},{"not_picked":["PrismaMod:IllyaFriendMaker","PrismaMod:IllyaUncommonAttack"],"picked":"PrismaMod:IllyaGun","floor":4},{"not_picked":["PrismaMod:IllyaUncommonDefend","PrismaMod:IllyaMinorReinForce"],"picked":"PrismaMod:IllyaCheapAttack","floor":5},{"not_picked":["PrismaMod:IllyaUberDefendChannel","PrismaMod:IllyaMinorReinForce"],"picked":"PrismaMod:IllyaAOECommonAttack","floor":11},{"not_picked":["PrismaMod:IllyaUncommonEvoke","Bomb"],"picked":"PrismaMod:IllyaFriendMaker","floor":13},{"not_picked":["PrismaMod:IllyaHassanGift","PrismaMod:IllyaAssassinRevenge"],"picked":"PrismaMod:IllyaAOECommonAttack","floor":14},{"not_picked":["PrismaMod:IllyaPoisonTippedWeapons","PrismaMod:IllyaGrailKun"],"picked":"PrismaMod:IllyaBoysLove","floor":21},{"not_picked":["PrismaMod:IllyaDualEvoke+1","PrismaMod:IllyaSaphire"],"picked":"PrismaMod:IllyaBlindPoisonToss","floor":22},{"not_picked":["PrismaMod:IllyaCheapChannelDefend","PrismaMod:IllyaHassanGift+1"],"picked":"PrismaMod:IllyaBoysLove","floor":24},{"not_picked":["PrismaMod:IllyaCheapChannelAttack","PrismaMod:IllyaGrail+1"],"picked":"PrismaMod:IllyaRussianRoulette+1","floor":27},{"not_picked":["PrismaMod:IllyaDualEvoke+1","PrismaMod:IllyaMaid"],"picked":"PrismaMod:IllyaCarnivalAttack","floor":30}],"player_experience":62384,"relics_obtained":[{"floor":1,"key":"LetterFromLob"},{"floor":9,"key":"ReplayTheSpireMod:Lightbulb"},{"floor":13,"key":"DeathBook"},{"floor":26,"key":"infinitespire:BottledMercury"}],"event_choices":[{"damage_healed":0,"gold_gain":0,"player_choice":"Grow","damage_taken":0,"max_hp_gain":0,"max_hp_loss":0,"event_name":"Living Wall","floor":6,"gold_loss":0,"cards_upgraded":["PrismaMod:IllyaGun"]},{"damage_healed":0,"gold_gain":75,"player_choice":"Gather Gold","damage_taken":11,"max_hp_gain":0,"max_hp_loss":0,"event_name":"World of Goop","floor":8,"gold_loss":0},{"damage_healed":0,"gold_gain":0,"player_choice":"Shed Blood","damage_taken":19,"max_hp_gain":5,"max_hp_loss":0,"event_name":"Forgotten Altar","floor":19,"gold_loss":0},{"damage_healed":26,"gold_gain":0,"player_choice":"Heal","damage_taken":0,"max_hp_gain":0,"max_hp_loss":0,"event_name":"The Library","floor":20,"gold_loss":0},{"damage_healed":0,"gold_gain":0,"player_choice":"Simplicity","damage_taken":0,"max_hp_gain":0,"max_hp_loss":0,"event_name":"Back to Basics","floor":25,"gold_loss":0,"cards_upgraded":["PrismaMod:IllyaCommonAttack","PrismaMod:IllyaCommonDefend","PrismaMod:IllyaCommonAttack","PrismaMod:IllyaCommonAttack","PrismaMod:IllyaCommonDefend","PrismaMod:IllyaCommonAttack","PrismaMod:IllyaCommonDefend","PrismaMod:IllyaCommonAttack","PrismaMod:IllyaCommonDefend"]},{"damage_healed":0,"gold_gain":0,"player_choice":"1 cards matched","damage_taken":0,"max_hp_gain":0,"max_hp_loss":0,"event_name":"Match and Keep!","floor":28,"gold_loss":0,"cards_obtained":["Replay:SS_hec_4"]}],"is_beta":false,"boss_relics":[{"not_picked":["Cursed Key","StuffTheSpire:ModemDavis","Runic Dome"]}],"items_purged_floors":[],"is_endless":false,"potions_floor_spawned":[3,4,16,18,24],"killed_by":"Shelled Parasite and Fungi","ascension_level":0}}