{"host":"wonp23fsqqcu31ie","time":1608161913,"event":{"mods":["2.2 Compatiblity","AchievementEnabler","Aspiration","BaseMod","Bestiary","Better Altar","Better Match","Better Sensory Stone","Better Skull","Better Third Choice","BetterRewards","Block Reminder","Colored Map","Colored Powertips","Conspire","DeckTracker","Displayed Cursed Tome","Downfall","Hermit","Highlight Path","Hubris","Minty Spire (QoL Compilation)","Permanent Neow","Quick Restart","Rare Cards Sparkle","Relic Stats","Replay The Spire","Shade Mod","Shop Mod","StSLib","SuperFastMode","The Animator","The Cursed","The Gatherer","The Necromancer","The Runesmith","The Servant 0.9.4"],"gold_per_floor":[111,143,143,43,43,56,82,96,96,127,127,145,160,187,187,284,284,294,294,1,20,20,47,47,47,47],"floor_reached":25,"playtime":908,"items_purged":[],"score":251,"play_id":"dade0d30-787f-404f-bc8d-b33590b86d92","local_time":"20201217103833","is_ascension_mode":true,"campfire_choices":[{"floor":11,"key":"RECALL"},{"floor":15,"key":"REST"},{"data":"Requiem","floor":24,"key":"SMITH"}],"circlet_count":0,"master_deck":["Strike_W","Strike_W","Strike_W","Defend_W","Defend_W","Defend_W","Defend_W","Negative_Energy_Arrows","Bone_Wall","Life_Drain","expansioncontent:YouAreMine","Ghostly","Vampiric_Strike","Negative_Energy_Sphere","Finger_Of_Death","Negative_Energy_Burst","Death_Knell","Spectral_Armor","Pandemic","Requiem+1","CurseOfTheBell","Blood_for_Blood+1","Death_March_Dance+1","Bones_to_Steel","Corrupt"],"relics":["Vampire_Amulet","aspiration:Nostalgia","animator:PurgingStone","Bag of Marbles","aspiration:BabyByrd","Dream Catcher","StoneCalendar","Nunchaku","Ice Cream","Calling Bell","Kunai","Replay:PocketPolymizer","hubris:SlimyHat","Oddly Smooth Stone","Replay:Mystery Machine","Onion Ring"],"acts_visited":["Exordium","TheCity"],"potions_floor_usage":[7,14,16,18,21],"damage_taken":[{"damage":14,"enemies":"Jaw Worm","floor":1,"turns":6},{"damage":21,"enemies":"conspire:MimicChest","floor":2,"turns":8},{"damage":2,"enemies":"2 Louse","floor":6,"turns":4},{"damage":40,"enemies":"Gremlin Nob","floor":7,"turns":5},{"damage":0,"enemies":"conspire:RoseBush","floor":8,"turns":3},{"damage":25,"enemies":"3 Sentries","floor":10,"turns":7},{"damage":0,"enemies":"3 Louse","floor":12,"turns":1},{"damage":1,"enemies":"Blue Slaver","floor":13,"turns":4},{"damage":24,"enemies":"Lagavulin","floor":14,"turns":5},{"damage":4,"enemies":"Slime Boss","floor":16,"turns":7},{"damage":12,"enemies":"Spheric Guardian","floor":18,"turns":7},{"damage":37,"enemies":"Shell Parasite","floor":21,"turns":7},{"damage":23,"enemies":"conspire:Head Lice","floor":23,"turns":8},{"damage":64,"enemies":"Slavers","floor":25,"turns":4}],"seed_played":"-8081676303589850406","potions_obtained":[{"floor":6,"key":"LifebloodPotion"},{"floor":10,"key":"champ:CounterPotion"},{"floor":12,"key":"Regen Potion"},{"floor":16,"key":"hexamod:EctoCoolerPotion"},{"floor":21,"key":"EntropicBrew"}],"is_trial":false,"path_per_floor":["M","?","?","?","?","M","E","M","T","E","R","M","M","E","R","B",null,"M","?","$","M","$","E","R","E"],"character_chosen":"NECROMANCER","items_purchased":["Oddly Smooth Stone","Replay:Mystery Machine"],"campfire_rested":1,"item_purchase_floors":[20,20],"current_hp_per_floor":[63,44,44,44,44,52,23,31,31,24,24,33,40,39,61,73,75,65,85,85,54,54,60,60,0,0],"gold":47,"neow_bonus":"NOSTALGIA","is_daily":false,"chose_seed":false,"campfire_upgraded":1,"win_rate":0.0,"timestamp":1608161913,"path_taken":["M","?","?","?","?","M","E","M","T","E","R","M","?","E","R","BOSS","M","?","?","?","$","E","R","E"],"items_purchased_type":["Relic","Relic"],"build_version":"2020-12-13","purchased_purges":0,"victory":false,"max_hp_per_floor":[75,75,75,75,75,75,75,75,75,75,75,75,75,75,75,75,75,75,85,85,85,85,85,85,85,85],"relic_stats":{"Dream Catcher":4,"Nunchaku":[6],"counters":[145,733],"StoneCalendar":[130],"Kunai":[1],"obtain_stats":[{"Replay:Accelerometer":0,"Golden Egg":26,"Bottled Tornado":29,"Boot":0,"Sling":39,"Blood Vial":46,"aspiration:BabyByrd":5,"Replay:Bronze Core":17,"Fusion Hammer":17,"Kunai":17,"MerchantsRug":10,"Runesmith:BrokenRuby":0,"hubris:SphereOfDissonance":43,"aspiration:FrozenJewel":29,"animator:CerealBox":21,"MutagenicStrength":24,"ReplayTheSpireMod:Ring of Collecting":2,"Mark of Pain":17,"hubris:TenFootPole":43,"conspire:Flyswatter":9,"hubris:Metronome":6,"Lantern":38,"animator:Hoodie":21,"animator:TheMissingPiece":0,"Blue Doll":14,"StoneCalendar":9,"Cursed Key":17,"Matryoshka":9,"Ring of Fangs":26,"animator:AncientMedallion":53,"Ring of Peace":2,"hubris:ScarierMask":34,"hubris:FunFungus":41,"Potion Belt":42,"aspiration:VileToxins":9,"Lee\u0027s Waffle":10,"Runesmith:Nanobots":19,"hubris:64BitClover":0,"Golden Idol":10,"The Courier":26,"Omamori":30,"hubris:Towel":5,"sneckomod:BabySnecko":20,"animator:EngravedStaff":0,"animator:LivingPicture":0,"Runesmith:AutoHammer":26,"ReplayTheSpireMod:Ring of Challenge":29,"ReplayTheSpireMod:Lightbulb":41,"hubris:BottledRain":43,"Ice Cream":14,"Tiny House":17,"Vajra":26,"hubris:VirtuousBlindfold":17,"aspiration:Stabinomicon":23,"Runic Capacitor":30,"HollowMod:StagPassRelic":48,"Centennial Puzzle":44,"Vampire_Amulet":11,"animator:TheWolleyCore":53,"Ring of Hypnosis":9,"hubris:DuctTape":2,"aspiration:Nostalgia":0,"ReplayTheSpireMod:CursedCoin":4,"Replay:Grab Bag":17,"Oddly Smooth Stone":20,"Replay:Kaleidoscope":20,"Bottled Flame":9,"ReplayTheSpireMod:Shallot":0,"Shuriken":25,"Onion Ring":44,"Molten Egg 2":10,"hubris:ToyBattleship":12,"Black Star":34,"ReplayTheSpireMod:TigerMarble":48,"aspiration:HatOfInfinitePower":0,"Pocketwatch":9,"ReplayFunnel":38,"ReplayTheSpireMod:Ring of Exchange":43,"Replay:PocketPolymizer":17,"hubris:SlimyHat":10,"Replay:Mystery Machine":20,"PrismaticShard":22,"conspire:TopHat":30,"ClockworkSouvenir":13,"Dream Catcher":7,"Nunchaku":10,"hubris:Icosahedron":11,"aspiration:DefectSkillbook":17,"animator:PurgingStone":0,"Replay:Bottled Snecko":10,"animator:VividPicture":17,"animator:Buoy":2,"aspiration:FetidBarrel":12,"animator:WornHelmet":8,"Calling Bell":17,"Pondfish Scales":44,"Anchor":0,"Bag of Marbles":26,"ReplayTheSpireMod:ShopPack":7},{"Replay:Accelerometer":28,"Golden Egg":75,"Bottled Tornado":64,"Boot":108,"Sling":128,"Blood Vial":23,"aspiration:BabyByrd":133,"Replay:Bronze Core":8,"Fusion Hammer":8,"Kunai":141,"MerchantsRug":4,"Runesmith:BrokenRuby":0,"hubris:SphereOfDissonance":98,"aspiration:FrozenJewel":51,"animator:CerealBox":10,"MutagenicStrength":49,"ReplayTheSpireMod:Ring of Collecting":54,"Mark of Pain":86,"hubris:TenFootPole":22,"conspire:Flyswatter":4,"hubris:Metronome":4,"Lantern":19,"animator:Hoodie":10,"animator:TheMissingPiece":0,"Blue Doll":69,"StoneCalendar":136,"Cursed Key":34,"Matryoshka":55,"Ring of Fangs":62,"animator:AncientMedallion":26,"Ring of Peace":54,"hubris:ScarierMask":124,"hubris:FunFungus":21,"Potion Belt":98,"aspiration:VileToxins":111,"Lee\u0027s Waffle":4,"Runesmith:Nanobots":48,"hubris:64BitClover":53,"Golden Idol":68,"The Courier":62,"Omamori":51,"hubris:Towel":30,"sneckomod:BabySnecko":10,"animator:EngravedStaff":28,"animator:LivingPicture":0,"Runesmith:AutoHammer":120,"ReplayTheSpireMod:Ring of Challenge":64,"ReplayTheSpireMod:Lightbulb":21,"hubris:BottledRain":129,"Ice Cream":140,"Tiny House":47,"Vajra":62,"hubris:VirtuousBlindfold":114,"aspiration:Stabinomicon":12,"Runic Capacitor":51,"HollowMod:StagPassRelic":25,"Centennial Puzzle":23,"Vampire_Amulet":111,"animator:TheWolleyCore":26,"Ring of Hypnosis":55,"hubris:DuctTape":104,"aspiration:Nostalgia":0,"ReplayTheSpireMod:CursedCoin":30,"Replay:Grab Bag":8,"Oddly Smooth Stone":142,"Replay:Kaleidoscope":89,"Bottled Flame":31,"ReplayTheSpireMod:Shallot":103,"Shuriken":91,"Onion Ring":23,"Molten Egg 2":32,"hubris:ToyBattleship":5,"Black Star":16,"ReplayTheSpireMod:TigerMarble":25,"aspiration:HatOfInfinitePower":38,"Pocketwatch":82,"ReplayFunnel":19,"ReplayTheSpireMod:Ring of Exchange":98,"Replay:PocketPolymizer":141,"hubris:SlimyHat":56,"Replay:Mystery Machine":142,"PrismaticShard":49,"conspire:TopHat":14,"ClockworkSouvenir":58,"Dream Catcher":111,"Nunchaku":137,"hubris:Icosahedron":83,"aspiration:DefectSkillbook":8,"animator:PurgingStone":131,"Replay:Bottled Snecko":83,"animator:VividPicture":8,"animator:Buoy":39,"aspiration:FetidBarrel":69,"animator:WornHelmet":55,"Calling Bell":141,"Pondfish Scales":99,"Anchor":103,"Bag of Marbles":91,"ReplayTheSpireMod:ShopPack":42},{"Replay:Accelerometer":116,"Golden Egg":350,"Bottled Tornado":280,"Boot":523,"Sling":640,"Blood Vial":87,"aspiration:BabyByrd":671,"Replay:Bronze Core":37,"Fusion Hammer":37,"Kunai":707,"MerchantsRug":19,"Runesmith:BrokenRuby":0,"hubris:SphereOfDissonance":483,"aspiration:FrozenJewel":207,"animator:CerealBox":45,"MutagenicStrength":199,"ReplayTheSpireMod:Ring of Collecting":221,"Mark of Pain":417,"hubris:TenFootPole":83,"conspire:Flyswatter":19,"hubris:Metronome":19,"Lantern":73,"animator:Hoodie":45,"animator:TheMissingPiece":0,"Blue Doll":313,"StoneCalendar":683,"Cursed Key":146,"Matryoshka":233,"Ring of Fangs":269,"animator:AncientMedallion":99,"Ring of Peace":221,"hubris:ScarierMask":624,"hubris:FunFungus":80,"Potion Belt":483,"aspiration:VileToxins":538,"Lee\u0027s Waffle":19,"Runesmith:Nanobots":195,"hubris:64BitClover":219,"Golden Idol":300,"The Courier":269,"Omamori":207,"hubris:Towel":123,"sneckomod:BabySnecko":45,"animator:EngravedStaff":116,"animator:LivingPicture":0,"Runesmith:AutoHammer":594,"ReplayTheSpireMod:Ring of Challenge":280,"ReplayTheSpireMod:Lightbulb":80,"hubris:BottledRain":642,"Ice Cream":700,"Tiny House":192,"Vajra":269,"hubris:VirtuousBlindfold":559,"aspiration:Stabinomicon":50,"Runic Capacitor":207,"HollowMod:StagPassRelic":92,"Centennial Puzzle":87,"Vampire_Amulet":538,"animator:TheWolleyCore":99,"Ring of Hypnosis":233,"hubris:DuctTape":515,"aspiration:Nostalgia":0,"ReplayTheSpireMod:CursedCoin":123,"Replay:Grab Bag":37,"Oddly Smooth Stone":714,"Replay:Kaleidoscope":438,"Bottled Flame":126,"ReplayTheSpireMod:Shallot":512,"Shuriken":449,"Onion Ring":87,"Molten Egg 2":131,"hubris:ToyBattleship":23,"Black Star":65,"ReplayTheSpireMod:TigerMarble":92,"aspiration:HatOfInfinitePower":160,"Pocketwatch":388,"ReplayFunnel":73,"ReplayTheSpireMod:Ring of Exchange":483,"Replay:PocketPolymizer":707,"hubris:SlimyHat":238,"Replay:Mystery Machine":714,"PrismaticShard":199,"conspire:TopHat":57,"ClockworkSouvenir":245,"Dream Catcher":538,"Nunchaku":690,"hubris:Icosahedron":394,"aspiration:DefectSkillbook":37,"animator:PurgingStone":657,"Replay:Bottled Snecko":394,"animator:VividPicture":37,"animator:Buoy":164,"aspiration:FetidBarrel":313,"animator:WornHelmet":233,"Calling Bell":707,"Pondfish Scales":489,"Anchor":512,"Bag of Marbles":449,"ReplayTheSpireMod:ShopPack":173}]},"card_choices":[{"not_picked":["Death_Coil","Bone_Bullets","Scare"],"picked":"SKIP","floor":1},{"not_picked":["Blood_Curse","Whirlwind_of_Bones"],"picked":"Life_Drain","floor":2},{"not_picked":["expansioncontent:PolyBeam","expansioncontent:Collect"],"picked":"expansioncontent:YouAreMine","floor":3},{"not_picked":["Blood_Curse","Shackles_Of_Pain"],"picked":"Vampiric_Strike","floor":6},{"not_picked":["Slay_Living","Toxic_Smoke_Screen"],"picked":"Negative_Energy_Sphere","floor":7},{"not_picked":["Bone_Bullets","Acid_Javelin"],"picked":"Finger_Of_Death","floor":8},{"not_picked":["Uncharnel","Negative_Energy_Sphere"],"picked":"Negative_Energy_Burst","floor":10},{"not_picked":["Negative_Energy_Mist","Uncharnel"],"picked":"Death_Knell","floor":12},{"not_picked":["Bone_Spikes","Blood_Curse"],"picked":"Spectral_Armor","floor":13},{"not_picked":["Bone_Shift","Epidemic"],"picked":"Detonate_Bones","floor":14},{"not_picked":["Spectral_Walk","Death_Coil"],"picked":"Pandemic","floor":15},{"not_picked":["Skeleton_Dragon","Detonate_Bones"],"picked":"Requiem","floor":16},{"not_picked":["Strike_from_Beyond","Death_Coil"],"picked":"Blood_for_Blood+1","floor":18},{"not_picked":["Deaths_Shadow","Necromantic_Selection"],"picked":"Death_March_Dance+1","floor":21},{"not_picked":["Requiem","Exploit"],"picked":"Bones_to_Steel","floor":23}],"player_experience":622025,"relics_obtained":[{"floor":2,"key":"Bag of Marbles"},{"floor":7,"key":"Dream Catcher"},{"floor":9,"key":"StoneCalendar"},{"floor":10,"key":"Nunchaku"},{"floor":14,"key":"Ice Cream"},{"floor":17,"key":"Kunai"},{"floor":17,"key":"Replay:PocketPolymizer"},{"floor":17,"key":"hubris:SlimyHat"},{"floor":23,"key":"Onion Ring"}],"event_choices":[{"damage_healed":0,"gold_gain":1,"player_choice":"1","damage_taken":0,"max_hp_gain":0,"max_hp_loss":0,"event_name":"betterStone:BetterStone","floor":3,"gold_loss":0},{"damage_healed":0,"gold_gain":0,"player_choice":"Argue","damage_taken":0,"max_hp_gain":0,"max_hp_loss":0,"event_name":"conspire:LoneGhost","floor":4,"gold_loss":0},{"cards_removed":["Detonate_Bones"],"damage_healed":10,"gold_gain":0,"player_choice":"Offered Rare","damage_taken":0,"max_hp_gain":10,"max_hp_loss":0,"event_name":"Bonfire Elementals","floor":19,"gold_loss":0}],"is_beta":false,"boss_relics":[{"not_picked":["Tiny House","aspiration:SecretTechniqueScroll"],"picked":"Calling Bell"}],"items_purged_floors":[],"is_endless":false,"potions_floor_spawned":[6,10,12,16,21],"killed_by":"Slavers","ascension_level":1}}