{"host":"1tl36azeqm6yhdgj","time":1608118963,"event":{"mods":["AchievementEnabler","BaseMod","Minty Spire (QoL Compilation)","StSLib","The IronCluck","everything is the same but u backflip on backflip"],"gold_per_floor":[112,128,5,23,198,198,224,224,247,275,62,72,72,90,90,168,168,186,198,198,198],"floor_reached":20,"playtime":643,"items_purged":["Doubt"],"score":386,"play_id":"9d60deb6-412b-480a-b472-f6a30a5c2589","local_time":"20201216064243","is_ascension_mode":true,"campfire_choices":[{"data":"Rampage","floor":6,"key":"SMITH"},{"data":"Body Slam","floor":13,"key":"SMITH"},{"data":"Double Tap","floor":15,"key":"SMITH"}],"circlet_count":0,"master_deck":["AscendersBane","Strike_R","Strike_R","Strike_R","Strike_R","Defend_R","Defend_R","Defend_R","Defend_R","Bash","Rampage+1","Clash","Fire Breathing","Feel No Pain","Body Slam+1","Searing Blow","Double Tap+1","Jack Of All Trades","Thunderclap","Flame Barrier","Juggernaut","Anger","Dropkick"],"relics":["Burning Blood","NeowsBlessing","Anchor","Ancient Tea Set","Kunai","Black Star"],"acts_visited":["Exordium","TheCity"],"potions_floor_usage":[7,10,12,16,18,19],"damage_taken":[{"damage":0,"enemies":"Cultist","floor":1,"turns":1},{"damage":0,"enemies":"Small Slimes","floor":2,"turns":1},{"damage":0,"enemies":"2 Louse","floor":4,"turns":1},{"damage":22,"enemies":"3 Sentries","floor":7,"turns":7},{"damage":25,"enemies":"Lagavulin","floor":10,"turns":7},{"damage":3,"enemies":"Looter","floor":12,"turns":3},{"damage":11,"enemies":"Gremlin Gang","floor":14,"turns":4},{"damage":0,"enemies":"Slime Boss","floor":16,"turns":6},{"damage":31,"enemies":"Spheric Guardian","floor":18,"turns":6},{"damage":9,"enemies":"Chosen","floor":19,"turns":5},{"damage":48,"enemies":"Sentry and Sphere","floor":20,"turns":5}],"seed_played":"1024649144249147550","potions_obtained":[{"floor":4,"key":"SpeedPotion"},{"floor":7,"key":"BlessingOfTheForge"},{"floor":10,"key":"Weak Potion"},{"floor":14,"key":"AttackPotion"},{"floor":18,"key":"GamblersBrew"}],"is_trial":false,"path_per_floor":["M","M","$","M","?","R","E","?","T","E","$","M","R","M","R","B",null,"M","M","M"],"character_chosen":"IRONCLAD","items_purchased":["Fire Breathing","SkillPotion","Jack Of All Trades","Thunderclap"],"campfire_rested":0,"item_purchase_floors":[3,3,11,11],"current_hp_per_floor":[78,80,80,80,80,80,64,64,64,45,45,48,48,43,43,49,72,47,44,0,0],"gold":198,"neow_bonus":"THREE_ENEMY_KILL","is_daily":false,"chose_seed":false,"campfire_upgraded":3,"win_rate":0.0,"timestamp":1608118963,"path_taken":["M","M","$","?","?","R","E","?","T","E","$","M","R","M","R","BOSS","M","?","M"],"items_purchased_type":["Card","Potion","Card","Card"],"build_version":"2020-12-13","purchased_purges":1,"victory":false,"max_hp_per_floor":[80,80,80,80,80,80,80,80,80,80,80,80,80,80,80,80,80,80,80,80,80],"card_choices":[{"not_picked":["Armaments","Clash"],"picked":"Rampage","floor":1},{"not_picked":["Shrug It Off","Havoc"],"picked":"Clash","floor":2},{"not_picked":["Searing Blow","Armaments"],"picked":"Feel No Pain","floor":4},{"not_picked":["Fire Breathing","Armaments"],"picked":"Body Slam","floor":7},{"not_picked":["Dropkick","Whirlwind"],"picked":"Double Tap","floor":10},{"not_picked":["Body Slam","Twin Strike"],"picked":"Flame Barrier","floor":12},{"not_picked":["Twin Strike","Body Slam","Searing Blow"],"picked":"SKIP","floor":14},{"not_picked":["Brutality","Immolate"],"picked":"Juggernaut","floor":16},{"not_picked":["Seeing Red","Flame Barrier"],"picked":"Anger","floor":18},{"not_picked":["Burning Pact+1","Havoc"],"picked":"Dropkick","floor":19}],"player_experience":1951688,"relics_obtained":[{"floor":7,"key":"Anchor"},{"floor":9,"key":"Ancient Tea Set"},{"floor":10,"key":"Kunai"}],"event_choices":[{"damage_healed":0,"gold_gain":175,"player_choice":"AGREE","damage_taken":0,"max_hp_gain":0,"max_hp_loss":0,"event_name":"Liars Game","floor":5,"gold_loss":0,"cards_obtained":["Doubt"]},{"damage_healed":0,"gold_gain":0,"cards_transformed":["Strike_R"],"player_choice":"Transformed","damage_taken":0,"max_hp_gain":0,"max_hp_loss":0,"event_name":"Transmorgrifier","floor":8,"gold_loss":0,"cards_obtained":["Searing Blow"]}],"is_beta":false,"boss_relics":[{"not_picked":["Runic Dome","Pandora\u0027s Box"],"picked":"Black Star"}],"items_purged_floors":[11],"is_endless":false,"potions_floor_spawned":[4,7,10,14,18],"killed_by":"Sentry and Sphere","ascension_level":13}}