{"host":"svp5k7820qggnejp","time":1608105341,"event":{"mods":["BaseMod","BetterRewards","FutureSeer","Hubris","Infinite Spire","Minty Spire (QoL Compilation)","Replay The Spire","Spicy Shops","StSLib","The Necromancer","Transform Curses","Treasure Hunter"],"gold_per_floor":[127,127,141,83,145,174,174,174],"floor_reached":7,"playtime":528,"items_purged":[],"score":74,"play_id":"fec561e2-0dcb-4e16-9a4e-c1b2421920a7","local_time":"20201216025541","daily_mods":["Hoarder","Vintage","Diverse","Heirloom","Time Dilation","Flight"],"is_ascension_mode":false,"campfire_choices":[],"circlet_count":0,"master_deck":["Demon Form","Wraith Form v2","Echo Form","DevaForm","Strike_W","Strike_W","Strike_W","Strike_W","Defend_W","Defend_W","Defend_W","Defend_W","Negative_Energy_Arrows","Bone_Wall+1","Pain","Pain","Pain","Negative_Energy_Sphere","Negative_Energy_Sphere","Negative_Energy_Sphere","Conserve Battery+1","Conserve Battery","Conserve Battery","TH:DeckOfManyThings","TH:DeckOfManyThings","TH:DeckOfManyThings","Summon_Lich","Summon_Lich","Summon_Lich"],"relics":["Vampire_Amulet","Pocketwatch","Ornamental Fan","Mercury Hourglass","Juzu Bracelet","Oddly Smooth Stone","War Paint"],"acts_visited":["Exordium"],"potions_floor_usage":[6],"damage_taken":[{"damage":0,"enemies":"Small Slimes","floor":1,"turns":5},{"damage":11,"enemies":"Jaw Worm","floor":3,"turns":4},{"damage":13,"enemies":"3 Sentries","floor":6,"turns":5},{"damage":47,"enemies":"Gremlin Nob","floor":7,"turns":5}],"seed_played":"-1009872966185078393","potions_obtained":[{"floor":5,"key":"Energy Potion"}],"is_trial":true,"path_per_floor":["M","WH","M","$","?","E","E"],"character_chosen":"NECROMANCER","items_purchased":["Juzu Bracelet"],"campfire_rested":0,"item_purchase_floors":[4],"current_hp_per_floor":[75,82,73,73,53,46,0,0],"gold":174,"neow_bonus":"TEN_PERCENT_HP_BONUS","is_daily":false,"chose_seed":false,"campfire_upgraded":0,"win_rate":0.0,"timestamp":1608105341,"path_taken":["M","WH","M","$","?","E","E"],"items_purchased_type":["Relic"],"build_version":"2020-12-13","purchased_purges":0,"victory":false,"max_hp_per_floor":[75,82,82,82,82,82,82,82],"card_choices":[{"not_picked":["Cold Snap","Havoc"],"picked":"Negative_Energy_Sphere","floor":5},{"not_picked":["Negative_Energy_Sphere","Flechettes"],"picked":"Conserve Battery","floor":5},{"not_picked":["TH:Mimic"],"picked":"TH:DeckOfManyThings","floor":6},{"not_picked":["Sweeping Beam","Poisoned Stab"],"picked":"Summon_Lich","floor":6}],"player_experience":185642,"relics_obtained":[{"floor":1,"key":"Ornamental Fan"},{"floor":3,"key":"Mercury Hourglass"},{"floor":5,"key":"Oddly Smooth Stone"},{"floor":6,"key":"War Paint"}],"event_choices":[],"is_beta":false,"boss_relics":[],"items_purged_floors":[],"is_endless":false,"potions_floor_spawned":[],"killed_by":"Gremlin Nob","ascension_level":0}}