{"host":"95i1gxnztdrdyvhi","time":1608134812,"event":{"mods":["AchievementEnabler","Act Like it!","BaseMod","Downfall","Minty Spire (QoL Compilation)","Quick Restart","StSLib"],"gold_per_floor":[99,99,28,28,61,61,61,61,61],"floor_reached":8,"playtime":582,"items_purged":[],"score":50,"play_id":"9a46e1f8-63a2-4683-897c-9b35fb4b4c7e","local_time":"20201216160652","is_ascension_mode":false,"campfire_choices":[{"data":"champ:Taunt","floor":1,"key":"SMITH"}],"circlet_count":0,"master_deck":["champ:Strike","champ:Strike","champ:Strike","champ:Strike+1","champ:Defend","champ:Defend","champ:Defend","champ:Defend+1","champ:Execute","champ:Taunt+1","champ:Encircle","champ:RecklessLeap","champ:BerserkersShout","champ:BladeFlurry","champ:IronFortress+1","champ:StanceDance","Regret"],"relics":["champ:ChampionCrown","downfall:HeartsMalice","Matryoshka","Molten Egg 2","Gremlin Horn"],"acts_visited":["Exordium"],"potions_floor_usage":[],"damage_taken":[{"damage":0,"enemies":"2 Louse","floor":2,"turns":1},{"damage":0,"enemies":"downfall:FleeingMerchant","floor":3,"turns":1},{"damage":0,"enemies":"Small Slimes","floor":4,"turns":1},{"damage":76,"enemies":"Lagavulin","floor":5,"turns":8},{"damage":43,"enemies":"Gremlin Nob","floor":8,"turns":4}],"seed_played":"5261197100145661705","potions_obtained":[],"is_trial":false,"path_per_floor":["R","M","$","M","E","?","T","E"],"character_chosen":"THE_CHAMP","items_purchased":["champ:BerserkersShout","champ:BladeFlurry"],"campfire_rested":0,"item_purchase_floors":[3,3],"current_hp_per_floor":[90,90,90,90,53,53,53,10,10],"gold":61,"neow_bonus":"THREE_ENEMY_KILL","is_daily":false,"chose_seed":false,"campfire_upgraded":1,"win_rate":0.0,"timestamp":1608134812,"path_taken":["R","M","$","M","E","?","T","E"],"items_purchased_type":["Card","Card"],"build_version":"2020-12-13","purchased_purges":0,"victory":false,"max_hp_per_floor":[90,90,90,90,90,90,90,90,90],"card_choices":[{"not_picked":["champ:EnGarde","champ:FanOfKnives"],"picked":"champ:Encircle","floor":2},{"not_picked":["champ:FlashCut","champ:GladiatorsShout"],"picked":"champ:RecklessLeap","floor":3},{"not_picked":["champ:CalledShot","champ:Haymaker"],"picked":"champ:IronFortress","floor":4},{"not_picked":["champ:Encircle","champ:BringItOn"],"picked":"champ:StanceDance","floor":5}],"player_experience":750912,"relics_obtained":[{"floor":5,"key":"Matryoshka"},{"floor":7,"key":"Molten Egg 2"},{"floor":7,"key":"Gremlin Horn"}],"event_choices":[],"is_beta":false,"boss_relics":[],"items_purged_floors":[],"is_endless":false,"potions_floor_spawned":[],"killed_by":"Gremlin Nob","ascension_level":0}}