{"host":"jm9833yuloeli2yd","time":1608081628,"event":{"mods":["AchievementEnabler","BaseMod","Better Altar","Better Match","Better Note","Better Sensory Stone","Better Skull","Better Vampires","Colored Map","Colored Powertips","DeckTracker","Minty Spire (QoL Compilation)","Permanent Neow","Quick Restart","Replay The Spire","StSLib","SuperFastMode"],"gold_per_floor":[119,131,20,31,31,31,59,59,86,86,114,3,13,13,13],"floor_reached":14,"playtime":321,"items_purged":[],"score":196,"play_id":"d873369d-d7bd-4e4c-9010-d34b1e806381","local_time":"20201215202028","is_ascension_mode":true,"campfire_choices":[{"data":"Lockon","floor":6.0,"key":"SMITH"},{"data":"ReplayTheSpireMod:Fabricate Wheel","floor":8.0,"key":"SMITH"}],"circlet_count":0,"master_deck":["AscendersBane","Strike_B","Strike_B","Strike_B","Defend_B","Defend_B","Defend_B","Defend_B","Zap","Dualcast","Lockon+1","Compile Driver","ReplaySort+1","BasicCrystalCard","Cold Snap","Turbo","Multi-Cast"],"relics":["Cracked Core","Lantern","Blood Vial","Nunchaku","Pen Nib","Prayer Wheel"],"acts_visited":["Exordium"],"potions_floor_usage":[],"damage_taken":[{"damage":7.0,"enemies":"Small Slimes","floor":1.0,"turns":3.0},{"damage":2.0,"enemies":"Jaw Worm","floor":2.0,"turns":3.0},{"damage":0.0,"enemies":"Cultist","floor":4.0,"turns":2.0},{"damage":20.0,"enemies":"Lagavulin","floor":7.0,"turns":4.0},{"damage":6.0,"enemies":"Gremlin Nob","floor":11.0,"turns":3.0},{"damage":10.0,"enemies":"2 Fungi Beasts","floor":13.0,"turns":4.0},{"damage":23,"enemies":"3 Sentries","floor":14,"turns":4}],"seed_played":"1424940515477587134","potions_obtained":[{"floor":11.0,"key":"Weak Potion"}],"is_trial":false,"path_per_floor":["M","M","$","M","?","R","E","R","T","?","E","$","M","E"],"character_chosen":"DEFECT","items_purchased":["FocusPotion","Fire Potion","Cold Snap","Turbo"],"campfire_rested":0,"item_purchase_floors":[3,3,12,12],"current_hp_per_floor":[57,55,55,55,48,48,28,28,28,28,24,24,16,0,0],"gold":13,"neow_bonus":"RANDOM_COMMON_RELIC","is_daily":false,"chose_seed":false,"campfire_upgraded":2,"win_rate":0.0,"timestamp":1608081628,"path_taken":["M","M","$","M","?","R","E","R","T","?","E","$","M","E"],"items_purchased_type":["Potion","Potion","Card","Card"],"build_version":"2020-12-13","purchased_purges":0,"victory":false,"max_hp_per_floor":[71,71,71,71,71,71,71,71,71,71,71,71,71,71,71],"card_choices":[{"not_picked":["BasicCrystalCard","Panic Button"],"picked":"Lockon","floor":1.0},{"not_picked":["Sweeping Beam","ReplayTheSpireMod:System Scan"],"picked":"Compile Driver","floor":2.0},{"not_picked":["Conserve Battery","Streamline"],"picked":"Double Energy","floor":4.0},{"not_picked":["Barrage","Turbo"],"picked":"ReplayTheSpireMod:Fabricate Wheel","floor":7.0},{"not_picked":["ReplayTheSpireMod:Repulse","Blizzard"],"picked":"BasicCrystalCard","floor":11.0},{"not_picked":["Coolheaded","Static Discharge","Redo"],"picked":"SKIP","floor":13.0}],"player_experience":1097501,"relics_obtained":[{"floor":7.0,"key":"Blood Vial"},{"floor":9.0,"key":"Nunchaku"},{"floor":11.0,"key":"Pen Nib"}],"event_choices":[{"cards_removed":["Strike_B"],"damage_healed":0.0,"max_hp_gain":0.0,"max_hp_loss":0.0,"gold_gain":0.0,"event_name":"Golden Wing","player_choice":"Card Removal","floor":5.0,"gold_loss":0.0,"damage_taken":7.0}],"is_beta":false,"boss_relics":[],"items_purged_floors":[],"is_endless":false,"potions_floor_spawned":[11],"killed_by":"3 Sentries","ascension_level":20}}