{"host":"fhq3k2nq5elnbks3","time":1608115185,"event":{"mods":["2.2 Compatiblity","AchievementEnabler","Act Like it!","AlwaysNeverKeys","Aspiration","Astrologer","Bard","Bartender","BaseMod","Better Altar","Better Skull","Better Vampires","Better-Laid Plans","CapriCore","Card Filter","CatGirl Mod","Chen","Colored Powertips","Displayed Cursed Tome","Ekko","Eldritch Tears","Fiend Mod","Fireblade Mod","Friendly Minions","FutureSeer","Gensokyo","GifTheSpireLib","Gremlin Mod","Gremlin Skip","Hallownest","Hermit","HololiveMod","Hunter ??","JesterMod","Jorbs\u0027s Wanderer Trilogy","Koishi","Mad Scientist","Magitek Elite","Marisa????????","Mathemortician","Minty Spire (QoL Compilation)","Nova Terra(??·??)","Onozuka Komachi Mod","Permanent Neow","Potionbrewer","Prisma Mod","QueenMod","Quick Restart","READ ME - Guardian Mod","Reimu??????","Relic Filter","Remilia??????","Robot Space Explorer","Ruin Mod","SOS???????","Shop Mod","Somnambulant","Spikes Relics","StSLib","SuperFastMode","Td1madao Mod","The Administrix","The Animator","The Blackbeard","The Bug Knight","The Cursed","The Death Knight","The Druid","The Exalted","The Exordian Avenger","The Fake Hero","The Florist","The Forsaken","The Gatherer","The Hierophant","The Immortal","The Necromancer","The Runesmith","The Senshi","The Servant 0.9.4","The Showman","The Spell Scribe","The Trickster","The Wild Card","TheBandit","TheFirefly","Transform Curses","Uncapped","Unknown Chances","Virulent Crown","WarShipGirlsR/????R mod","Yohane!","Yuri Mod","thorton","vexMod"],"gold_per_floor":[118,43,43,62,62,62,80,80,104,104,136,136,136,170,170,266,266,277,21,37,37,54,54,74,105,129,129,129,164,223,236,236,336,336,353,372,386,5,5,17,17,43,43,43,78,78,95,105,105,202,202,202,57,91,91],"floor_reached":56,"playtime":5436,"items_purged":["Hallownest:curseDreamersLament"],"score":1380,"play_id":"01de7d99-c058-4541-aac8-fd25c007f5ce","local_time":"20201216043945","is_ascension_mode":false,"campfire_choices":[{"data":"Bromod:ShatteringImpact","floor":6,"key":"SMITH"},{"data":"Bromod:BloodRush","floor":8,"key":"SMITH"},{"data":"Bromod:OrganShatter","floor":15,"key":"SMITH"},{"data":"Bromod:BodyCount","floor":23,"key":"SMITH"},{"data":"Bromod:SlashDash","floor":27,"key":"SMITH"},{"data":"Bromod:FastHands","floor":32,"key":"SMITH"},{"data":"Bromod:CollisionForce","floor":44,"key":"SMITH"},{"data":"Bromod:SlashDash","floor":46,"key":"SMITH"},{"data":"Bromod:SlashDash","floor":49,"key":"SMITH"},{"data":"Bromod:Strike_Bro","floor":52,"key":"SMITH"}],"circlet_count":0,"master_deck":["Bromod:Strike_Bro","Bromod:Strike_Bro","Bromod:Strike_Bro+1","Bromod:Defend_Bro","Bromod:Defend_Bro","Bromod:Defend_Bro","Bromod:Defend_Bro","Bromod:SlashDash+1","Bromod:SlashDash+1","Bromod:SlashDash+1","Bromod:ShatteringImpact+1","Hallownest:skillGreenpathMap","Bromod:OrganShatter+1","Bromod:BloodRush+1","Bromod:BodyCount+1","Bromod:ArchwingLauncher+1","Bromod:FastHands+1","Bromod:FastHands+1","Bromod:CollisionForce+1","Bromod:FastHands+1"],"relics":["Bromod:Ordis","Bromod:AscarisDevice","PrismaMod:PrismaTraceOn","Nunchaku","PreservedInsect","Ornamental Fan","vexMod:BarristanHead","thethorton:CrushedCigarette","MerchantsRug","Hallownest:WatcherSealRelic","HollowMod:PaleOreRelic","Cleaning_Rag","aspiration:RandomNobGenerator","potionbrewer:DrinkingBird","potionbrewer:ToyAutogyro","Sundial","theForsaken:HumbleEgg","WizardHat","ClockworkSouvenir","Vajra","Ice Cream"],"acts_visited":["Exordium","Hallownest:Greenpath","Hallownest:CityofTears","TheEnding"],"potions_floor_usage":[16,33,55,55],"damage_taken":[{"damage":3,"enemies":"Hallownest:monsterHuskGuard","floor":1,"turns":7},{"damage":0,"enemies":"Hallownest:monsterHuskWarrior","floor":4,"turns":4},{"damage":1,"enemies":"Hallownest:2_MossCreeps","floor":7,"turns":4},{"damage":9,"enemies":"Hallownest:eliteCrystalGuardian","floor":11,"turns":3},{"damage":0,"enemies":"Hallownest:eliteVengeflyKing","floor":14,"turns":3},{"damage":14,"enemies":"Hallownest:BossBrokenVessel","floor":16,"turns":10},{"damage":9,"enemies":"Hallownest:Guard_and_Sentry","floor":18,"turns":5},{"damage":0,"enemies":"Hallownest:Flukemon_and_Top","floor":20,"turns":5},{"damage":5,"enemies":"Hallownest:2_Husk_Sentries","floor":22,"turns":7},{"damage":9,"enemies":"Hallownest:monsterShrumalOgre","floor":24,"turns":5},{"damage":10,"enemies":"Hallownest:eliteSoulWarrior","floor":25,"turns":5},{"damage":16,"enemies":"Hallownest:eliteWatcherKnight","floor":29,"turns":9},{"damage":11,"enemies":"Hallownest:Glutton_and_Coward","floor":30,"turns":3},{"damage":1,"enemies":"Hallownest:Master_and_Novice","floor":31,"turns":3},{"damage":5,"enemies":"Hallownest:BossGrimm","floor":33,"turns":7},{"damage":18,"enemies":"Hallownest:2_Littles","floor":35,"turns":6},{"damage":0,"enemies":"Hallownest:Shield_Heavy","floor":36,"turns":5},{"damage":6,"enemies":"Hallownest:Xero_Hu_Marmu","floor":37,"turns":5},{"damage":0,"enemies":"Hallownest:Shield_Sturdy","floor":40,"turns":3},{"damage":0,"enemies":"Hallownest:StalkingDevout","floor":42,"turns":3},{"damage":0,"enemies":"Hallownest:eliteHiveKnight","floor":45,"turns":3},{"damage":0,"enemies":"Hallownest:2_Wing_and_1_Kings","floor":47,"turns":3},{"damage":0,"enemies":"Hallownest:Slobbering_and_Violent","floor":48,"turns":1},{"damage":0,"enemies":"Hallownest:Radiance","floor":50,"turns":4},{"damage":0,"enemies":"Shield and Spear","floor":54,"turns":3},{"damage":12,"enemies":"The Heart","floor":55,"turns":5}],"seed_played":"-733220157680729254","potions_obtained":[{"floor":4,"key":"SpeedPotion"},{"floor":7,"key":"potionbrewer:CleansingPotion"},{"floor":11,"key":"potionbrewer:DiscountPotion"},{"floor":18,"key":"DuplicationPotion"},{"floor":20,"key":"DuplicationPotion"},{"floor":25,"key":"Bromod:Kuva"},{"floor":30,"key":"Dexterity Potion"},{"floor":33,"key":"Swift Potion"},{"floor":45,"key":"potionbrewer:FreezingPotion"},{"floor":47,"key":"Swift Potion"},{"floor":50,"key":"potionbrewer:CleansingPotion"}],"is_trial":false,"path_per_floor":["M","?","?","M","?","R","M","R","T","?","E","T","$","E","R","B",null,"M","$","M","?","M","R","M","E","T","R","?","E","M","M","R","B",null,"M","M","M","$","T","M","?","E","T","R","E","R","M","M","R","B",null,"R","$","E","B",null],"character_chosen":"THE_EXALTED","items_purchased":["MerchantsRug","Tiny Chest","Bromod:BodyCount","potionbrewer:DrinkingBird","potionbrewer:ToyAutogyro","ClockworkSouvenir","Vajra"],"campfire_rested":0,"item_purchase_floors":[19,19,19,38,38,53,53],"current_hp_per_floor":[72,72,72,72,32,32,31,31,31,39,30,30,30,30,30,20,75,66,66,66,66,61,61,52,42,42,42,46,35,24,23,23,20,75,57,57,51,51,51,51,51,51,51,51,51,51,51,51,51,51,70,70,70,70,58],"gold":91,"neow_bonus":"NOSTALGIA","is_daily":false,"chose_seed":false,"campfire_upgraded":10,"win_rate":0.0,"timestamp":1608115185,"path_taken":["M","?","?","M","?","R","M","R","T","?","E","?","$","E","R","BOSS","M","$","M","?","M","R","M","E","T","R","?","E","M","?","R","BOSS","M","M","M","$","?","M","?","E","T","R","E","R","M","M","R","BOSS","R","$","E","BOSS"],"items_purchased_type":["Relic","Relic","Card","Relic","Relic","Relic","Relic"],"build_version":"2020-12-13","purchased_purges":1,"victory":true,"max_hp_per_floor":[75,75,75,75,75,75,75,75,75,75,75,75,75,75,75,75,75,75,75,75,75,75,75,75,75,75,75,75,75,75,75,75,75,75,75,75,75,75,75,75,70,70,70,70,70,70,70,70,70,70,70,70,70,70,70],"card_choices":[{"not_picked":["Bromod:Provoked","Bromod:Stretch"],"picked":"Bromod:ShatteringImpact","floor":1},{"not_picked":["Bromod:HornetStrike","Bromod:Serration"],"picked":"Bromod:OrganShatter","floor":4},{"not_picked":["Bromod:Vitality","Bromod:Foundry"],"picked":"Bromod:BloodRush","floor":7},{"not_picked":["Bromod:Provoked","Bromod:SlashDash","Bromod:ShatteringImpact"],"picked":"SKIP","floor":11},{"not_picked":["Bromod:Reflection","Bromod:HeatedCharge","Bromod:Maglev"],"picked":"SKIP","floor":14},{"not_picked":["Bromod:Reflection","Bromod:HeatedCharge","Bromod:Maglev"],"picked":"SKIP","floor":14},{"not_picked":["Bromod:BulletJump+1","Bromod:OrganShatter","Bromod:PressurePoint"],"picked":"SKIP","floor":18},{"not_picked":["Bromod:SlipMagazine","Bromod:BulletJump","Bromod:BodyCount"],"picked":"SKIP","floor":20},{"not_picked":["Bromod:ShatteringImpact","Bromod:SlashDash"],"picked":"Bromod:ArchwingLauncher+1","floor":22},{"not_picked":["Bromod:PointStrike","Bromod:QuickDraw","Bromod:BulletJump+1"],"picked":"SKIP","floor":24},{"not_picked":["Bromod:VoltaicStrike","Bromod:Fury"],"picked":"Bromod:FastHands+1","floor":25},{"not_picked":["Bromod:Fury","Bromod:TacticalPump","Bromod:ContagiousSpread"],"picked":"SKIP","floor":29},{"not_picked":["Bromod:ReflexCoil","Bromod:BulletJump","Bromod:Fury"],"picked":"SKIP","floor":30},{"not_picked":["Bromod:ShatteringImpact","Bromod:FinishingTouch+1"],"picked":"Bromod:FastHands","floor":31},{"not_picked":["Bromod:Adaptation","Bromod:LethalTorrent"],"picked":"Bromod:CollisionForce","floor":33},{"not_picked":["Bromod:HornetStrike","Bromod:SlashDash+1","Bromod:Reflection+1"],"picked":"SKIP","floor":35},{"not_picked":["Bromod:ReflexCoil+1","Bromod:OrganShatter+1"],"picked":"Bromod:FastHands+1","floor":36},{"not_picked":["Bromod:BodyCount","Bromod:ReflexCoil+1","Bromod:Foundry"],"picked":"SKIP","floor":37},{"not_picked":["Bromod:PointStrike+1","Bromod:SlashDash","Bromod:SteelFiber+1"],"picked":"SKIP","floor":40},{"not_picked":["Bromod:TargetCracker+1","Bromod:PointBlank","Bromod:ConditionOverload"],"picked":"SKIP","floor":42},{"not_picked":["Bromod:Foundry+1","Bromod:HornetStrike","Bromod:RelentlessCombination"],"picked":"SKIP","floor":45},{"not_picked":["Bromod:SteelFiber+1","Bromod:BodyCount+1","Bromod:ContagiousSpread"],"picked":"SKIP","floor":47},{"not_picked":["Bromod:Patagium+1","Bromod:Provoked+1","Bromod:SteelFiber+1"],"picked":"SKIP","floor":48},{"not_picked":["Bromod:Stretch+1","Bromod:NorthWind","Bromod:PointStrike+1"],"picked":"SKIP","floor":54}],"player_experience":583738,"relics_obtained":[{"floor":9,"key":"PreservedInsect"},{"floor":11,"key":"Angel_Ring"},{"floor":12,"key":"Ornamental Fan"},{"floor":14,"key":"vexMod:BarristanHead"},{"floor":25,"key":"HollowMod:PaleOreRelic"},{"floor":26,"key":"Cleaning_Rag"},{"floor":29,"key":"Dream Catcher"},{"floor":39,"key":"Sundial"},{"floor":42,"key":"Gambling Chip"},{"floor":43,"key":"theForsaken:HumbleEgg"},{"floor":45,"key":"WizardHat"},{"floor":54,"key":"Ice Cream"}],"event_choices":[{"damage_healed":4,"gold_gain":0,"player_choice":"LEAVE ","damage_taken":0,"relics_obtained":[],"max_hp_gain":0,"max_hp_loss":0,"event_name":"betterSkull:BetterSkull","floor":28,"gold_loss":0,"cards_upgraded":[]}],"is_beta":false,"boss_relics":[{"not_picked":["Ectoplasm","vexMod:BigBerry"],"picked":"thethorton:CrushedCigarette"},{"not_picked":["Calling Bell","Astrolabe"],"picked":"aspiration:RandomNobGenerator"}],"items_purged_floors":[38],"is_endless":false,"potions_floor_spawned":[4,7,11,18,20,25,30,33,37,45,47,50,54],"ascension_level":0}}