{"host":"02w9hl92h62kgkzk","time":1608116122,"event":{"mods":["2.2 Compatiblity","AchievementEnabler","Act Like it!","AlwaysNeverKeys","Aspiration","BaseMod","Better Altar","Better Match","Better Note","Better Sensory Stone","Better Skull","Better Third Choice","Better Vampires","BetterRewards","Block Reminder","CCEM","ChefMod","Colored Map","Colored Powertips","Conspire","Downfall","Ekko","Emptier Cage","Energized Spire","Friendly Minions","FruityMod","GifTheSpireLib","Halation","Hallownest","Hubris","Humility","Magitek Elite","Marked Mod","Mimic Mod","Minty Spire (QoL Compilation)","Quick Restart","RRrroohrrRGHHhhh!!","Retaliation","Reworked Bosses","Shop Mod","Spicy Shops","Spikes Relics","StSLib","Stuff the Spire","The Hierophant","The Jungle","Trackpad","Transform Curses","Unceasing Turn Reminder","Wandering Minibosses","vexMod"],"gold_per_floor":[99,116,145,145,145,70,97,97,97,129,129,145,30,247,261,361,361,286,306,306,306,53,66,119,132,157,157,177,177,152,152,172,273,273,273,273,324,478,478,467,467],"floor_reached":40,"playtime":1454,"items_purged":["Guardian:Defend_Guardian","Guardian:Defend_Guardian"],"score":530,"play_id":"a2b96498-975e-41a6-a139-1f03e15364df","local_time":"20201216045522","is_ascension_mode":true,"campfire_choices":[{"floor":1,"key":"RECALL"},{"data":"Guardian:TwinSlam","floor":4,"key":"SMITH"},{"data":"Guardian:HyperBeam_Guardian","floor":18,"key":"SMITH"},{"data":"Guardian:ArmoredProtocol","floor":18,"key":"SMITH"},{"data":"Guardian:Strike_Guardian","floor":21,"key":"SMITH"},{"data":"Guardian:Strike_Guardian","floor":21,"key":"SMITH"},{"data":"Guardian:EvasiveProtocol","floor":35,"key":"SMITH"}],"circlet_count":0,"master_deck":["Guardian:Strike_Guardian+1","Guardian:Strike_Guardian+1","Guardian:Strike_Guardian+1","Guardian:Strike_Guardian+1","Guardian:CurlUp+1","Guardian:TwinSlam+1","Guardian:ArmoredProtocol+1","Guardian:HyperBeam_Guardian+1","Guardian:Gem_White","Guardian:EvasiveProtocol+1","Guardian:Gem_Synthetic","Guardian:Gem_White","Guardian:Gem_Purple","StuffTheSpire:DeathNote","Guardian:Gem_Orange","expansioncontent:CaCaw","Guardian:Gem_Red","Guardian:ShieldSpikes+1"],"relics":["Guardian:ModeShifter","NeowsBlessing","Guard_Bracelet","halation:EternalFortune","halation:PenCase","halation:LettersToHer","trackpad:AdjectivePendant","Odd Mushroom","aspiration:ChemicalBlood","vexMod:FocusSash","aspiration:FutureDiary","downfall:HeartBlessingRed","Guardian:PickAxe","StuffTheSpire:GrapeVine","Potion Belt","vexMod:ScavengeHelm","vexMod:DeviousBotling","hubris:MedicalManual"],"acts_visited":["Hallownest:Greenpath","TheCity","TheBeyond"],"potions_floor_usage":[16,16,33,37,37,38,40,40,40],"damage_taken":[{"damage":0,"enemies":"Hallownest:2_MossCreeps","floor":2,"turns":1},{"damage":0,"enemies":"Hallownest:eliteMossKnight","floor":3,"turns":1},{"damage":0,"enemies":"downfall:FleeingMerchant","floor":6,"turns":1},{"damage":0,"enemies":"Hallownest:monsterMarmu","floor":8,"turns":5},{"damage":2,"enemies":"Hallownest:eliteVengeflyKing","floor":10,"turns":3},{"damage":0,"enemies":"Hallownest:2_Tiktiks_and_1_Crawlid","floor":12,"turns":1},{"damage":0,"enemies":"Hallownest:monsterHuskWarrior","floor":15,"turns":2},{"damage":1,"enemies":"downfall:Ironclad","floor":16,"turns":5},{"damage":0,"enemies":"Shell Parasite","floor":19,"turns":2},{"damage":0,"enemies":"Chosen","floor":23,"turns":2},{"damage":14,"enemies":"Shelled Parasite and Fungi","floor":25,"turns":3},{"damage":0,"enemies":"Book of Stabbing","floor":26,"turns":3},{"damage":0,"enemies":"3 Cultists","floor":28,"turns":2},{"damage":0,"enemies":"Snake Plant","floor":32,"turns":2},{"damage":13,"enemies":"downfall:Watcher","floor":33,"turns":5},{"damage":4,"enemies":"conspire:MimicChest","floor":37,"turns":7},{"damage":19,"enemies":"Orb Walker","floor":38,"turns":6},{"damage":67,"enemies":"Giant Head","floor":40,"turns":8}],"seed_played":"-2518823914265005020","potions_obtained":[{"floor":2,"key":"Strength Potion"},{"floor":12,"key":"DistilledChaos"},{"floor":16,"key":"Weak Potion"},{"floor":23,"key":"Dexterity Potion"},{"floor":26,"key":"Guardian:AcceleratePotion"},{"floor":33,"key":"Swift Potion"}],"is_trial":false,"path_per_floor":["R","M","?","R","?","$","T","?","?","E","?","M","?","?","M","B",null,"R","M","T","R","$","M","T","M","E","R","M","?","?","T","M","B",null,"R","?","?","M","?","E"],"character_chosen":"GUARDIAN","items_purchased":["halation:PenCase","Guardian:PickAxe"],"campfire_rested":0,"item_purchase_floors":[6,22],"current_hp_per_floor":[80,80,80,80,83,83,83,83,83,81,81,81,81,29,29,28,83,83,83,83,83,83,83,83,69,69,69,69,49,49,49,49,39,86,86,86,82,63,63,0,0],"gold":467,"neow_bonus":"THREE_ENEMY_KILL","is_daily":false,"chose_seed":false,"campfire_upgraded":6,"win_rate":0.0,"timestamp":1608116122,"path_taken":["R","M","?","R","?","$","T","?","?","E","?","?","?","?","M","BOSS","R","M","?","R","$","M","T","M","E","R","M","?","?","?","M","BOSS","R","?","?","M","?","E"],"items_purchased_type":["Relic","Relic"],"build_version":"2020-12-13","purchased_purges":2,"victory":false,"max_hp_per_floor":[80,80,80,80,83,83,83,83,83,83,83,83,83,83,83,83,83,83,83,83,83,83,83,83,83,83,83,83,83,83,83,83,86,86,86,86,86,86,86,86,86],"card_choices":[{"not_picked":["Guardian:FloatingOrbs","Guardian:Repulse"],"picked":"Guardian:Gem_White","floor":2},{"not_picked":["Guardian:Gem_Cyan","Guardian:FloatingOrbs"],"picked":"Guardian:Gem_White","floor":3},{"not_picked":["Guardian:Emergency","Guardian:RefractedBeam","Guardian:TemporalShield"],"picked":"SKIP","floor":6},{"not_picked":["Guardian:WalkerClaw","Guardian:Orbwalk"],"picked":"Guardian:Gem_Red","floor":10},{"not_picked":["Guardian:VentSteam","Guardian:Incinerate"],"picked":"Guardian:ArmoredProtocol","floor":12},{"not_picked":["Guardian:Incinerate","Guardian:Suspension","Guardian:CrystalBeam"],"picked":"SKIP","floor":15},{"not_picked":["Guardian:FierceBash","Guardian:AncientConstruct"],"picked":"Guardian:HyperBeam_Guardian","floor":16},{"not_picked":["Guardian:PiercingHide","Guardian:WalkerClaw"],"picked":"Guardian:Gem_White","floor":19},{"not_picked":["Guardian:PrismaticBeam","Guardian:Planning"],"picked":"Guardian:EvasiveProtocol","floor":23},{"not_picked":["Guardian:Gem_Green","Guardian:Reroute+1","Guardian:PolyBeam"],"picked":"SKIP","floor":25},{"not_picked":["Guardian:PrimingBeam+1","Guardian:Emergency"],"picked":"Guardian:Gem_Synthetic","floor":26},{"not_picked":["Guardian:RefractedBeam+1","Guardian:PrimingBeam","Guardian:ShieldCharger+1"],"picked":"SKIP","floor":28},{"not_picked":["Guardian:GuardianWhirl","Guardian:Reroute","Guardian:Incinerate"],"picked":"SKIP","floor":32},{"not_picked":["Guardian:HyperBeam_Guardian","Guardian:RevengeProtocol"],"picked":"Guardian:Gem_Orange","floor":33},{"not_picked":["expansioncontent:ManipulateTime","expansioncontent:YouAreMine"],"picked":"expansioncontent:CaCaw","floor":36},{"not_picked":["Guardian:PiercingHide+1","Guardian:BronzeArmor+1"],"picked":"Guardian:Gem_Red","floor":37},{"not_picked":["Guardian:EvasiveProtocol","Guardian:Incinerate"],"picked":"Guardian:ShieldSpikes","floor":38}],"player_experience":480263,"relics_obtained":[{"floor":3,"key":"Guard_Bracelet"},{"floor":7,"key":"halation:LettersToHer"},{"floor":10,"key":"trackpad:AdjectivePendant"},{"floor":20,"key":"halation:LettersToHer"},{"floor":24,"key":"halation:LettersToHer"},{"floor":24,"key":"StuffTheSpire:GrapeVine"},{"floor":26,"key":"Potion Belt"},{"floor":31,"key":"halation:LettersToHer"},{"floor":31,"key":"vexMod:ScavengeHelm"},{"floor":33,"key":"halation:EternalFortune"},{"floor":37,"key":"hubris:MedicalManual"}],"event_choices":[{"damage_healed":0,"gold_gain":217,"player_choice":"RE GO RE GO ","damage_taken":58,"relics_obtained":["aspiration:ChemicalBlood","vexMod:FocusSash"],"max_hp_gain":0,"max_hp_loss":0,"event_name":"betterSkull:BetterSkull","floor":14,"gold_loss":0,"cards_upgraded":[]}],"is_beta":false,"boss_relics":[{"not_picked":["halation:Yufonium","hubris:RunicObelisk"],"picked":"aspiration:FutureDiary"},{"not_picked":["Astrolabe","hubris:Stopwatch"],"picked":"vexMod:DeviousBotling"}],"items_purged_floors":[6,22],"is_endless":false,"potions_floor_spawned":[2,12,16,23,26,32,33],"killed_by":"Giant Head","ascension_level":1}}