{"host":"5gc11emcm5chfr5t","time":1608110620,"event":{"mods":["2.2 Compatiblity","AchievementEnabler","BaseMod","Bestiary","Better Note","Colored Map","Colored Powertips","Downfall","Googly Eyes","Minty Spire (QoL Compilation)","Rare Cards Sparkle","StSLib"],"gold_per_floor":[99,125,125,125,50,50,50,64,78,111,111,146,156,167,177,280,280,205,221,252,262,262,295,321,367,467,486,496,496,506,516,516,516],"floor_reached":32,"playtime":1406,"items_purged":[],"score":481,"play_id":"82d4a8f8-2848-494c-b5ba-34d3ca88f4bb","local_time":"20201216042340","is_ascension_mode":true,"campfire_choices":[{"floor":1,"key":"RECALL"},{"data":"sneckomod:UnknownUncommonPower","floor":5,"key":"SMITH"},{"data":"sneckomod:DiceBoulder","floor":18,"key":"SMITH"},{"floor":22,"key":"REST"}],"circlet_count":0,"master_deck":["sneckomod:Strike","sneckomod:Strike","sneckomod:Strike+1","sneckomod:Defend","sneckomod:Defend","sneckomod:Defend","sneckomod:TailWhip","sneckomod:SnekBite","sneckomod:Unknown","sneckomod:Unknown","sneckomod:UnknownVulnerable","sneckomod:UnknownUncommonPower+1","sneckomod:ImprovisedAttack+1","sneckomod:Unknown0Cost","sneckomod:Unknown3Cost+1","sneckomod:DiceBoulder+1","sneckomod:UnknownRareSkill","sneckomod:UnknownRareAttack+1","sneckomod:TrashToTreasure","sneckomod:UnknownRarePower"],"relics":["sneckomod:SneckoSoul","downfall:HeartsMalice","Lizard Tail","downfall:HeartBlessingRed","Singing Bowl","Omamori","Calling Bell","Centennial Puzzle","Pear","Ice Cream","downfall:HeartBlessingGreen","Whetstone","Molten Egg 2","Dream Catcher","Shovel","Eternal Feather"],"acts_visited":["Exordium","TheCity"],"potions_floor_usage":[8,10,10,13,15,16,16,20,23,27,30],"damage_taken":[{"damage":0,"enemies":"Gremlin Nob","floor":2,"turns":1},{"damage":0,"enemies":"Jaw Worm","floor":4,"turns":1},{"damage":0,"enemies":"Cultist","floor":6,"turns":1},{"damage":0,"enemies":"2 Louse","floor":8,"turns":3},{"damage":8,"enemies":"Red Slaver","floor":9,"turns":3},{"damage":25,"enemies":"3 Sentries","floor":10,"turns":5},{"damage":0,"enemies":"Exordium Wildlife","floor":12,"turns":3},{"damage":0,"enemies":"2 Fungi Beasts","floor":13,"turns":1},{"damage":16,"enemies":"Blue Slaver","floor":14,"turns":3},{"damage":12,"enemies":"Red Slaver","floor":15,"turns":4},{"damage":85,"enemies":"downfall:Silent","floor":16,"turns":7},{"damage":13,"enemies":"Shell Parasite","floor":19,"turns":3},{"damage":23,"enemies":"Book of Stabbing","floor":20,"turns":4},{"damage":12,"enemies":"Chosen","floor":21,"turns":3},{"damage":19,"enemies":"Gremlin Leader","floor":23,"turns":6},{"damage":26,"enemies":"downfall:Watcher","floor":26,"turns":6},{"damage":15,"enemies":"Snake Plant","floor":27,"turns":3},{"damage":24,"enemies":"Cultist and Chosen","floor":28,"turns":6},{"damage":20,"enemies":"Shelled Parasite and Fungi","floor":30,"turns":5},{"damage":31,"enemies":"Centurion and Healer","floor":31,"turns":4},{"damage":27,"enemies":"Sentry and Sphere","floor":32,"turns":3}],"seed_played":"865047612364835399","potions_obtained":[{"floor":3,"key":"Strength Potion"},{"floor":3,"key":"SpeedPotion"},{"floor":3,"key":"Fruit Juice"},{"floor":8,"key":"SteroidPotion"},{"floor":12,"key":"Energy Potion"},{"floor":14,"key":"AttackPotion"},{"floor":15,"key":"SteroidPotion"},{"floor":19,"key":"Strength Potion"},{"floor":21,"key":"sneckomod:MuddlingPotion"},{"floor":26,"key":"DistilledChaos"},{"floor":28,"key":"ColorlessPotion"},{"floor":31,"key":"champ:CounterPotion"}],"is_trial":false,"path_per_floor":["R","E","?","M","R","M","T","M","M","E","?","M","M","M","M","B",null,"R","M","E","M","R","E","T","T","?","M","M","?","M","M","M"],"character_chosen":"THE_SNECKO","items_purchased":[],"campfire_rested":1,"item_purchase_floors":[],"current_hp_per_floor":[81,82,82,83,83,83,83,85,78,58,58,60,60,46,36,15,95,95,84,63,53,90,72,72,72,58,43,20,62,48,19,0,0],"gold":516,"neow_bonus":"THREE_ENEMY_KILL","is_daily":false,"chose_seed":false,"campfire_upgraded":2,"win_rate":0.0,"timestamp":1608110620,"path_taken":["R","E","?","M","R","M","T","?","M","E","?","M","?","M","M","BOSS","R","M","E","M","R","E","T","?","?","M","M","?","?","M","M"],"items_purchased_type":[],"build_version":"2020-12-13","purchased_purges":0,"victory":false,"max_hp_per_floor":[90,91,91,92,92,92,92,94,95,96,96,98,98,100,102,108,118,118,120,122,124,124,125,125,125,127,127,128,128,134,136,136,136],"card_choices":[{"not_picked":["sneckomod:UnknownCommonAttack","sneckomod:Unknown1Cost"],"picked":"sneckomod:UnknownVulnerable","floor":2},{"not_picked":["sneckomod:QuickMove","sneckomod:DiceBlock"],"picked":"sneckomod:UnknownUncommonPower","floor":4},{"not_picked":["sneckomod:SoulRoll","sneckomod:WideSting"],"picked":"sneckomod:ImprovisedAttack","floor":6},{"not_picked":["sneckomod:UnknownBlock","sneckomod:UnknownCommonSkill","sneckomod:UnknownStrike"],"picked":"Singing Bowl","floor":8},{"not_picked":["sneckomod:PureSnecko","sneckomod:UnknownClassTHE_CHAMP_GRAY"],"picked":"sneckomod:Unknown0Cost","floor":9},{"not_picked":["sneckomod:UnknownBlock","sneckomod:UnknownClassBLUE"],"picked":"sneckomod:Unknown3Cost","floor":10},{"not_picked":["sneckomod:QuickBite","sneckomod:WideSting","sneckomod:UnknownClassRED"],"picked":"Singing Bowl","floor":12},{"not_picked":["sneckomod:DiceCrush","sneckomod:UnknownUncommonAttack"],"picked":"sneckomod:DiceBoulder","floor":13},{"not_picked":["sneckomod:DiceCrush","sneckomod:UnknownCommonAttack","sneckomod:DiceBoulder"],"picked":"Singing Bowl","floor":14},{"not_picked":["sneckomod:Rotation","sneckomod:DiceCrush","sneckomod:TrashToTreasure"],"picked":"Singing Bowl","floor":15},{"not_picked":["sneckomod:UnknownColorless","sneckomod:DangerNoodle"],"picked":"sneckomod:UnknownRareSkill","floor":16},{"not_picked":["sneckomod:UnknownBlock","sneckomod:IronFang","sneckomod:UnknownVulnerable+1"],"picked":"Singing Bowl","floor":19},{"not_picked":["sneckomod:Nope","sneckomod:UnknownCommonAttack","sneckomod:DiceBlock+1"],"picked":"Singing Bowl","floor":20},{"not_picked":["sneckomod:DiceBlock+1","sneckomod:Unknown1Cost","sneckomod:DiceBoulder"],"picked":"Singing Bowl","floor":21},{"not_picked":["sneckomod:UnknownClassRED","sneckomod:UnknownCommonAttack+1"],"picked":"sneckomod:UnknownRareAttack+1","floor":23},{"not_picked":["sneckomod:Unknown1Cost","sneckomod:DiceCrush+1","sneckomod:SerpentIdol"],"picked":"Singing Bowl","floor":26},{"not_picked":["sneckomod:ImprovisedAttack+1","sneckomod:DiceBlock"],"picked":"sneckomod:TrashToTreasure","floor":27},{"not_picked":["sneckomod:DiceBlock","sneckomod:SoulDraw"],"picked":"sneckomod:UnknownRarePower","floor":28},{"not_picked":["sneckomod:QuickBite+1","sneckomod:DiceCrush+1","sneckomod:UnknownCommonAttack+1"],"picked":"Singing Bowl","floor":30},{"not_picked":["sneckomod:UnknownVulnerable+1","sneckomod:TrashToTreasure+1","sneckomod:UnknownClassGUARDIAN"],"picked":"Singing Bowl","floor":31}],"player_experience":391920,"relics_obtained":[{"floor":2,"key":"Lizard Tail"},{"floor":7,"key":"Singing Bowl"},{"floor":10,"key":"Omamori"},{"floor":17,"key":"Centennial Puzzle"},{"floor":17,"key":"Pear"},{"floor":17,"key":"Ice Cream"},{"floor":20,"key":"Whetstone"},{"floor":23,"key":"Molten Egg 2"},{"floor":25,"key":"Dream Catcher"},{"floor":26,"key":"Shovel"},{"floor":26,"key":"Eternal Feather"}],"event_choices":[{"damage_healed":0,"gold_gain":0,"player_choice":"Got Potions","damage_taken":0,"max_hp_gain":0,"max_hp_loss":0,"event_name":"Lab","floor":3,"gold_loss":0},{"damage_healed":0,"gold_gain":0,"player_choice":"Upgraded","damage_taken":0,"max_hp_gain":0,"max_hp_loss":0,"event_name":"Upgrade Shrine","floor":11,"gold_loss":0,"cards_upgraded":["sneckomod:Unknown3Cost"]},{"damage_healed":42,"gold_gain":0,"player_choice":"Heal","damage_taken":0,"max_hp_gain":0,"max_hp_loss":0,"event_name":"The Library","floor":29,"gold_loss":0}],"is_beta":false,"boss_relics":[{"not_picked":["SacredBark","Philosopher\u0027s Stone"],"picked":"Calling Bell"}],"items_purged_floors":[],"is_endless":false,"potions_floor_spawned":[8,12,14,15,19,21,26,28,31],"killed_by":"Sentry and Sphere","ascension_level":7}}