{"host":"mx3flx92pejuhdxl","time":1608149931,"event":{"mods":["BaseMod","Better Third Choice","Block Reminder","Colored Map","Downfall","Hermit","Infinite Spire","Minty Spire (QoL Compilation)","READ ME - Guardian Mod","Rare Cards Sparkle","Replay The Spire","StSLib","The Cursed","everything is the same but u backflip on backflip"],"gold_per_floor":[112,124,124,49,69,103,103,116,116,16,35,35,49,61,61,165,165,177,177,226,265,265,265,289,289,289,10,36,45,45,66,66,179,179,198,218,277,286,310,310,532,532,532],"floor_reached":42,"playtime":2384,"items_purged":["Defend_R","Strike_R","Pot Of Greed"],"score":448,"play_id":"3cef6c26-0aad-4820-9c77-41080588c7d7","local_time":"20201216151851","is_ascension_mode":false,"campfire_choices":[{"floor":7,"key":"REST"},{"data":"Infernal Blade","floor":12,"key":"SMITH"},{"data":"Feed","floor":15,"key":"SMITH"},{"data":"Perfected Strike","floor":23,"key":"SMITH"},{"data":"Rage","floor":25,"key":"SMITH"},{"floor":32,"key":"REST"},{"floor":40,"key":"REST"}],"circlet_count":0,"master_deck":["Strike_R","Strike_R","Strike_R","Strike_R","Defend_R","Defend_R","Bash","Bloodletting","Infernal Blade+1","Rage+1","Pommel Strike","Perfected Strike+1","Pot Of Greed","Thunderclap","Twin Strike","Feed+1","Immolate","Feel No Pain","ReplayTheSpireMod:Corrosion Curse+1","Sentinel+1","ReplayReversal","Shame","Sever Soul","Eclipse","Pot Of Greed","Run Through+1","Metallicize","Twin Strike+1","ReplayTheSpireMod:Black Plague","Armaments+1"],"relics":["Burning Blood","Vajra","infinitespire:Satchel","Grinning Jar","Sozu","CeramicFish","Red Mask","infinitespire:FocusingShard","HandDrill","Replay:Ringing Soul","Du-Vu Doll","infinitespire:WardingShard","Replay:Bronze Core"],"acts_visited":["Exordium","TheCity","TheBeyond"],"potions_floor_usage":[14,16,16,16],"damage_taken":[{"damage":0,"enemies":"2 Louse","floor":1,"turns":2},{"damage":9,"enemies":"Cultist","floor":2,"turns":3},{"damage":8,"enemies":"Jaw Worm","floor":5,"turns":2},{"damage":17,"enemies":"Gremlin Nob","floor":6,"turns":3},{"damage":17,"enemies":"Exordium Wildlife","floor":8,"turns":4},{"damage":7,"enemies":"Blue Slaver","floor":11,"turns":2},{"damage":0,"enemies":"Large Slime","floor":13,"turns":3},{"damage":0,"enemies":"3 Louse","floor":14,"turns":2},{"damage":48,"enemies":"The Guardian","floor":16,"turns":8},{"damage":13,"enemies":"Shell Parasite","floor":18,"turns":2},{"damage":0,"enemies":"Masked Bandits","floor":21,"turns":2},{"damage":1,"enemies":"Chosen","floor":24,"turns":3},{"damage":22,"enemies":"Centurion and Healer","floor":28,"turns":4},{"damage":13,"enemies":"Cultist and Chosen","floor":31,"turns":4},{"damage":89,"enemies":"Champ","floor":33,"turns":11},{"damage":9,"enemies":"3 Shapes","floor":35,"turns":3},{"damage":16,"enemies":"Orb Walker","floor":36,"turns":3},{"damage":51,"enemies":"Mind Bloom Boss Battle","floor":37,"turns":6},{"damage":42,"enemies":"4 Shapes","floor":39,"turns":5},{"damage":78,"enemies":"Nightmare","floor":42,"turns":7}],"seed_played":"7860117146170229325","potions_obtained":[{"floor":2,"key":"Languid Potion"},{"floor":6,"key":"SneckoOil"},{"floor":11,"key":"Energy Potion"},{"floor":14,"key":"Dexterity Potion"}],"is_trial":false,"path_per_floor":["M","M","?","$","M","E","R","M","T","$","M","R","M","M","R","B",null,"M","?","T","?","?","R","M","R","T","$","M","?","?","M","R","B",null,"M","M","?","AVR","M","R","?","NM"],"character_chosen":"IRONCLAD","items_purchased":["HandDrill"],"campfire_rested":3,"item_purchase_floors":[27],"current_hp_per_floor":[80,77,77,77,75,64,80,69,69,69,68,68,74,80,80,38,80,77,61,61,71,71,71,80,80,80,80,68,71,71,67,99,19,110,110,103,61,64,35,73,73,0,0],"gold":532,"neow_bonus":"RANDOM_COMMON_RELIC","is_daily":false,"chose_seed":false,"campfire_upgraded":4,"win_rate":0.0,"timestamp":1608149931,"path_taken":["M","M","?","$","M","E","R","?","T","$","M","R","M","M","R","BOSS","M","?","?","?","?","R","M","R","T","$","?","?","?","M","R","BOSS","M","M","?","AVR","M","R","?","NM"],"items_purchased_type":["Relic"],"build_version":"2020-12-13","purchased_purges":3,"victory":false,"max_hp_per_floor":[80,80,80,80,80,80,80,80,80,80,80,80,80,80,80,80,80,84,89,89,93,93,93,97,97,97,97,101,104,104,107,107,110,110,113,116,119,122,129,129,129,129,129],"card_choices":[{"not_picked":["Seeing Red","ReplayTheSpireMod:Strike From Hell"],"picked":"Bloodletting","floor":1},{"not_picked":["Anger","Replay:Undeath\u0027s Touch"],"picked":"Infernal Blade","floor":2},{"not_picked":["Body Slam","Uppercut"],"picked":"Rage","floor":5},{"not_picked":["Limit Break","Headbutt"],"picked":"Pommel Strike","floor":6},{"not_picked":["Sword Boomerang","Shrug It Off"],"picked":"Perfected Strike","floor":8},{"not_picked":["Replay:Undeath\u0027s Touch","Headbutt"],"picked":"Thunderclap","floor":11},{"not_picked":["Sword Boomerang","Shockwave"],"picked":"Twin Strike","floor":13},{"not_picked":["Thunderclap","Seeing Red"],"picked":"Feed","floor":14},{"not_picked":["Berserk","Offering"],"picked":"Immolate","floor":16},{"not_picked":["Thunderclap+1","Headbutt"],"picked":"Feel No Pain","floor":18},{"not_picked":["Havoc","Evolve+1"],"picked":"ReplayTheSpireMod:Corrosion Curse+1","floor":21},{"not_picked":["Clash","Heavy Blade"],"picked":"Sentinel+1","floor":24},{"not_picked":["ReplayTheSpireMod:Strike From Hell","Clash"],"picked":"ReplayReversal","floor":28},{"not_picked":["Flex","ReplayTheSpireMod:Corrosion Curse"],"picked":"Sever Soul","floor":31},{"not_picked":["Demonic Infusion","Bludgeon"],"picked":"Eclipse","floor":33},{"not_picked":["Defy Death+1","Entrench+1"],"picked":"Run Through+1","floor":35},{"not_picked":["Iron Wave","Warcry"],"picked":"Metallicize","floor":36},{"not_picked":["Warcry+1","Heavy Blade"],"picked":"Twin Strike+1","floor":37},{"not_picked":["Iron Wave+1","Wild Strike"],"picked":"Armaments+1","floor":39}],"player_experience":469193,"relics_obtained":[{"floor":6,"key":"infinitespire:Satchel"},{"floor":9,"key":"Grinning Jar"},{"floor":20,"key":"CeramicFish"},{"floor":21,"key":"Red Mask"},{"floor":26,"key":"infinitespire:FocusingShard"},{"floor":37,"key":"Du-Vu Doll"}],"event_choices":[{"cards_removed":["Defend_R"],"damage_healed":0,"gold_gain":0,"player_choice":"Purged","damage_taken":0,"max_hp_gain":0,"max_hp_loss":0,"event_name":"Purifier","floor":3,"gold_loss":0},{"damage_healed":0,"gold_gain":0,"player_choice":"Shed Blood","damage_taken":21,"max_hp_gain":5,"max_hp_loss":0,"event_name":"Forgotten Altar","floor":19,"gold_loss":0},{"damage_healed":0,"gold_gain":0,"player_choice":"Fought Bandits","damage_taken":0,"max_hp_gain":0,"max_hp_loss":0,"event_name":"Masked Bandits","floor":21,"gold_loss":0},{"damage_healed":0,"gold_gain":0,"player_choice":"Stole Relic","damage_taken":0,"relics_obtained":["Replay:Ringing Soul"],"max_hp_gain":0,"max_hp_loss":0,"event_name":"Addict","floor":29,"gold_loss":0,"cards_obtained":["Shame"]},{"damage_healed":0,"gold_gain":0,"player_choice":"Ignored","damage_taken":0,"max_hp_gain":0,"max_hp_loss":0,"event_name":"Ghosts","floor":30,"gold_loss":0},{"damage_healed":0,"gold_gain":0,"player_choice":"Fight","damage_taken":0,"max_hp_gain":0,"max_hp_loss":0,"event_name":"MindBloom","floor":37,"gold_loss":0},{"damage_healed":0,"gold_gain":222,"player_choice":"Wore Mask","damage_taken":0,"max_hp_gain":0,"max_hp_loss":0,"event_name":"Tomb of Lord Red Mask","floor":41,"gold_loss":0}],"is_beta":false,"boss_relics":[{"not_picked":["Snecko Heart","Mark of Pain"],"picked":"Sozu"},{"not_picked":["Electric Blood","Replay:Grab Bag","Philosopher\u0027s Stone"]}],"items_purged_floors":[4,10,27],"is_endless":false,"potions_floor_spawned":[2,6,11,14,21,36],"killed_by":"Nightmare","ascension_level":0}}