{"host":"6hzrz31j95f2y1pa","time":1608158872,"event":{"mods":["BaseMod","Colored Map","Downfall","Minty Spire (QoL Compilation)","StSLib"],"gold_per_floor":[99,99,124,124,151,161,161,161,161,194,212,225,237,9,21,21,21],"floor_reached":16,"playtime":595,"items_purged":["champ:Defend"],"score":132,"play_id":"2e0257b4-5bf0-4ff5-b85d-769a9d832e1f","local_time":"20201216174752","is_ascension_mode":true,"campfire_choices":[{"data":"champ:Execute","floor":1,"key":"SMITH"},{"data":"champ:DefensiveShout","floor":4,"key":"SMITH"},{"data":"champ:FalseCounter","floor":9,"key":"SMITH"}],"circlet_count":0,"master_deck":["champ:Strike","champ:Strike","champ:Strike","champ:Strike","champ:Defend","champ:Defend","champ:Execute+1","champ:Taunt","champ:DefensiveShout+1","champ:Duel","champ:FalseCounter+1","champ:DeathBlow","champ:Circumvent","champ:BladeFlurry","champ:IronFortress","champ:FanOfKnives","champ:DefensiveStyle","champ:FocusedGladiator","champ:RisingSlash"],"relics":["champ:ChampionCrown","Anchor","Lantern","Pantograph","InkBottle","Kunai"],"acts_visited":["Exordium"],"potions_floor_usage":[10],"damage_taken":[{"damage":29,"enemies":"Gremlin Nob","floor":3,"turns":5},{"damage":36,"enemies":"Lagavulin","floor":5,"turns":9},{"damage":0,"enemies":"Jaw Worm","floor":6,"turns":2},{"damage":31,"enemies":"3 Sentries","floor":10,"turns":9},{"damage":20,"enemies":"Cultist","floor":11,"turns":2},{"damage":25,"enemies":"Small Slimes","floor":12,"turns":2},{"damage":20,"enemies":"2 Fungi Beasts","floor":13,"turns":3},{"damage":30,"enemies":"downfall:FleeingMerchant","floor":14,"turns":4},{"damage":20,"enemies":"Blue Slaver","floor":15,"turns":3},{"damage":72,"enemies":"downfall:Ironclad","floor":16,"turns":6}],"seed_played":"7527149195128048998","potions_obtained":[{"floor":3,"key":"Block Potion"},{"floor":6,"key":"DuplicationPotion"},{"floor":10,"key":"SteroidPotion"},{"floor":11,"key":"Fire Potion"}],"is_trial":false,"path_per_floor":["R","?","E","R","E","M","T","?","R","E","M","M","M","$","M","B"],"character_chosen":"THE_CHAMP","items_purchased":["champ:DefensiveStyle","champ:FocusedGladiator"],"campfire_rested":0,"item_purchase_floors":[14,14],"current_hp_per_floor":[90,95,76,76,51,51,51,51,51,38,38,38,38,33,33,0,0],"gold":21,"neow_bonus":"RANDOM_COMMON_RELIC","is_daily":false,"chose_seed":false,"campfire_upgraded":3,"win_rate":0.0,"timestamp":1608158872,"path_taken":["R","?","E","R","E","M","T","?","R","E","M","M","M","$","M","BOSS"],"items_purchased_type":["Card","Card"],"build_version":"2020-12-13","purchased_purges":1,"victory":false,"max_hp_per_floor":[90,95,95,95,95,95,95,95,95,95,95,95,95,95,95,95,95],"card_choices":[{"not_picked":["champ:CalledShot","champ:CrookedStrike"],"picked":"champ:DefensiveShout","floor":3},{"not_picked":["champ:RageSigil","champ:BerserkerStyle"],"picked":"champ:Duel","floor":5},{"not_picked":["champ:CrookedStrike","champ:Lariat"],"picked":"champ:FalseCounter","floor":6},{"not_picked":["champ:Shatter","champ:LastStand"],"picked":"champ:DeathBlow","floor":10},{"not_picked":["champ:Backstep","champ:Encircle"],"picked":"champ:Circumvent","floor":11},{"not_picked":["champ:BerserkersShout","champ:Encircle"],"picked":"champ:BladeFlurry","floor":12},{"not_picked":["champ:Circumvent","champ:AdrenalArmor"],"picked":"champ:IronFortress","floor":13},{"not_picked":["champ:EndlessRage","champ:SwordThrow"],"picked":"champ:FanOfKnives","floor":14},{"not_picked":["champ:Haymaker","champ:ShieldSigil"],"picked":"champ:RisingSlash","floor":15}],"player_experience":1194665,"relics_obtained":[{"floor":3,"key":"Lantern"},{"floor":5,"key":"Pantograph"},{"floor":7,"key":"InkBottle"},{"floor":10,"key":"Kunai"}],"event_choices":[{"damage_healed":0,"gold_gain":0,"player_choice":"Donut","damage_taken":0,"max_hp_gain":5,"max_hp_loss":0,"event_name":"Big Fish","floor":2,"gold_loss":0},{"cards_removed":["champ:Defend"],"damage_healed":0,"gold_gain":0,"player_choice":"Card Removal","damage_taken":0,"max_hp_gain":0,"max_hp_loss":0,"event_name":"The Cleric","floor":8,"gold_loss":0}],"is_beta":false,"boss_relics":[],"items_purged_floors":[14],"is_endless":false,"potions_floor_spawned":[3,6,10,11],"killed_by":"downfall:Ironclad","ascension_level":2}}