{"host":"sum4dy402bbv9y4o","time":1608126133,"event":{"mods":["Aspiration","BaseMod","Conspire","Highlight Path","Minty Spire (QoL Compilation)","StSLib"],"gold_per_floor":[111,261,3,18,37,37,51,16,16,16,45,45,45],"floor_reached":12,"playtime":327,"items_purged":["Doubt"],"score":136,"play_id":"88c11be2-1d00-483d-8aa9-386aa38f8943","local_time":"20201216164213","is_ascension_mode":true,"campfire_choices":[{"data":"Eruption","floor":6,"key":"SMITH"},{"data":"MentalFortress","floor":10,"key":"SMITH"}],"circlet_count":0,"master_deck":["AscendersBane","Strike_P","Strike_P","Strike_P","Strike_P","Defend_P","Defend_P","Defend_P","Defend_P","Eruption+1","Vigilance","CutThroughFate","MentalFortress+1","Halt","CarveReality","ThirdEye","BowlingBash","InnerPeace","EmptyBody"],"relics":["PureWater","Pen Nib","TeardropLocket","Meat on the Bone"],"acts_visited":["Exordium"],"potions_floor_usage":[5],"damage_taken":[{"damage":2,"enemies":"Jaw Worm","floor":1,"turns":3},{"damage":7,"enemies":"Small Slimes","floor":4,"turns":2},{"damage":1,"enemies":"2 Louse","floor":5,"turns":4},{"damage":2,"enemies":"Blue Slaver","floor":7,"turns":3},{"damage":44,"enemies":"conspire:MimicChest","floor":11,"turns":4},{"damage":30,"enemies":"3 Sentries","floor":12,"turns":4}],"seed_played":"5736319873125099707","potions_obtained":[{"floor":4,"key":"Swift Potion"}],"is_trial":false,"path_per_floor":["M","?","$","M","M","R","M","?","T","R","?","E"],"character_chosen":"WATCHER","items_purchased":["MentalFortress","Halt","CarveReality"],"campfire_rested":0,"item_purchase_floors":[3,3,3],"current_hp_per_floor":[59,59,59,52,51,51,49,66,66,66,22,0,0],"gold":45,"neow_bonus":"RANDOM_COMMON_RELIC","is_daily":false,"chose_seed":false,"campfire_upgraded":2,"win_rate":0.0,"timestamp":1608126133,"path_taken":["M","?","$","M","M","R","M","?","T","R","?","E"],"items_purchased_type":["Card","Card","Card"],"build_version":"2020-12-13","purchased_purges":1,"victory":false,"max_hp_per_floor":[68,68,68,68,68,68,68,68,68,68,68,68,68],"card_choices":[{"not_picked":["Study","JustLucky"],"picked":"CutThroughFate","floor":1},{"not_picked":["Evaluate","Study"],"picked":"ThirdEye","floor":4},{"not_picked":["FollowUp","WreathOfFlame"],"picked":"BowlingBash","floor":5},{"not_picked":["BattleHymn","Wireheading"],"picked":"InnerPeace","floor":7},{"not_picked":["CarveReality","EmptyMind"],"picked":"EmptyBody","floor":11}],"player_experience":2785763,"relics_obtained":[{"floor":9,"key":"TeardropLocket"},{"floor":11,"key":"Meat on the Bone"}],"event_choices":[{"damage_healed":0,"gold_gain":150,"player_choice":"AGREE","damage_taken":0,"max_hp_gain":0,"max_hp_loss":0,"event_name":"Liars Game","floor":2,"gold_loss":0,"cards_obtained":["Doubt"]},{"damage_healed":17,"gold_gain":0,"player_choice":"Healed","damage_taken":0,"max_hp_gain":0,"max_hp_loss":0,"event_name":"The Cleric","floor":8,"gold_loss":35}],"is_beta":false,"boss_relics":[],"items_purged_floors":[3],"is_endless":false,"potions_floor_spawned":[4],"killed_by":"3 Sentries","ascension_level":20}}