{"host":"6z6y4ky8uzsz1dpj","time":1608132528,"event":{"mods":["2.2 Compatiblity","AchievementEnabler","BaseMod","BetterRewards","Challenge The Spire","Colored Map","Hubris","Minty Spire (QoL Compilation)","Quick Restart","Replay The Spire","StSLib","The Bug Knight","The Construct","The Cursed","The Hierophant","The Necromancer","The Poker Player","The Runesmith","The Servant 0.9.4"],"gold_per_floor":[114,114,139,39,64,95,95,120,143,143,158,199,220,261,261,387,387,408,408,408,408,84,84,115,115,141,141,141],"floor_reached":27,"playtime":1215,"items_purged":["Strike_R","Strike_R","Strike_R"],"score":286,"play_id":"02b41da8-a31e-4473-8676-9e11575fa7a6","local_time":"20201216102848","is_ascension_mode":true,"campfire_choices":[{"data":"ReplayTheSpireMod:Strike From Hell","floor":7,"key":"SMITH"},{"floor":15,"key":"DIG"},{"floor":23,"key":"DIG"},{"floor":25,"key":"DIG"}],"circlet_count":0,"master_deck":["Strike_R","Defend_R","Defend_R","Defend_R","Defend_R","Bash+1","True Grit","Shockwave+1","ReplayTheSpireMod:Strike From Hell+1","Replay:Undeath\u0027s Touch","Headbutt","Reaper","ReplayTheSpireMod:Stacked","True Grit","Dark Embrace","Armaments","Carnage+1","True Grit","Offering","Havoc","Havoc","Ghostly Armor"],"relics":["Burning Blood","Prayer Wheel","Golden Idol","InkBottle","Art of War","Juzu Bracelet","Pear","Shovel","Philosopher\u0027s Stone","Nilry\u0027s Codex","Whetstone","hubris:Zylophone","Iron Hammer","hubris:CrystalStatue"],"acts_visited":["Exordium","TheCity"],"potions_floor_usage":[11,12,14,27],"damage_taken":[{"damage":0,"enemies":"Cultist","floor":1,"turns":4},{"damage":2,"enemies":"Jaw Worm","floor":3,"turns":4},{"damage":5,"enemies":"Small Slimes","floor":5,"turns":4},{"damage":20,"enemies":"Gremlin Nob","floor":6,"turns":4},{"damage":6,"enemies":"2 Fungi Beasts","floor":8,"turns":4},{"damage":16,"enemies":"Gremlin Gang","floor":11,"turns":4},{"damage":41,"enemies":"3 Sentries","floor":12,"turns":12},{"damage":14,"enemies":"Exordium Wildlife","floor":13,"turns":8},{"damage":32,"enemies":"Gremlin Nob","floor":14,"turns":5},{"damage":56,"enemies":"Fading Forest","floor":16,"turns":11},{"damage":65,"enemies":"3 Byrds","floor":18,"turns":9},{"damage":13,"enemies":"Book of Stabbing","floor":24,"turns":6},{"damage":38,"enemies":"Slavers","floor":27,"turns":2}],"seed_played":"-7337868005630190634","potions_obtained":[{"floor":5,"key":"Fire Potion"},{"floor":11,"key":"AttackPotion"},{"floor":13,"key":"LifebloodPotion"},{"floor":18,"key":"Languid Potion"}],"is_trial":false,"path_per_floor":["M","?","M","$","M","E","R","M","T","?","M","E","M","E","R_BF","B",null,"M","?","?","?","$","R","E","R","T","E"],"character_chosen":"IRONCLAD","items_purchased":["True Grit","Shockwave+1","Whetstone","Havoc"],"campfire_rested":0,"item_purchase_floors":[0,0,22,22],"current_hp_per_floor":[80,60,64,64,65,51,51,51,51,51,59,36,40,29,29,17,90,40,24,24,24,24,24,23,23,23,0,0],"gold":141,"neow_bonus":"","is_daily":false,"chose_seed":false,"campfire_upgraded":1,"win_rate":0.0,"timestamp":1608132528,"path_taken":["M","?","M","$","M","E","R","M","T","?","M","E","M","E","R_BF","BOSS","M","?","?","?","$","R","E","R","T","E"],"items_purchased_type":["Card","Card","Relic","Card"],"build_version":"2020-12-13","purchased_purges":3,"victory":false,"max_hp_per_floor":[80,80,80,80,80,80,80,80,80,80,80,80,80,90,90,90,90,90,90,90,90,90,90,90,90,90,90,90],"card_choices":[{"not_picked":["Power Through","Pummel"],"picked":"ReplayTheSpireMod:Strike From Hell","floor":1},{"not_picked":["Searing Blow","Anger"],"picked":"Replay:Undeath\u0027s Touch","floor":1},{"not_picked":["Rampage","Clash"],"picked":"Headbutt","floor":3},{"not_picked":["Fire Breathing","Reckless Charge","Combust"],"picked":"SKIP","floor":3},{"not_picked":["Body Slam","hubris:SharpeningStone","Cleave"],"picked":"SKIP","floor":5},{"not_picked":["Blood for Blood","hubris:CleavingFinish","Headbutt"],"picked":"SKIP","floor":5},{"not_picked":["Perfected Strike","ReplayTheSpireMod:Limb From Limb"],"picked":"Reaper","floor":6},{"not_picked":["Clash","Pommel Strike"],"picked":"ReplayTheSpireMod:Stacked","floor":8},{"not_picked":["Combust","ReplayTheSpireMod:Corrosion Curse"],"picked":"True Grit","floor":8},{"not_picked":["Bloodletting","Havoc"],"picked":"Dark Embrace","floor":11},{"not_picked":["Shrug It Off","Heavy Blade","Perfected Strike"],"picked":"SKIP","floor":11},{"not_picked":["Perfected Strike","Shrug It Off"],"picked":"Armaments","floor":12},{"not_picked":["Second Wind","Combust"],"picked":"Carnage","floor":13},{"not_picked":["Thunderclap","Entrench","Body Slam"],"picked":"SKIP","floor":13},{"not_picked":["Spot Weakness","Demon Form"],"picked":"True Grit","floor":14},{"not_picked":["Demon Form","Berserk"],"picked":"Offering","floor":16},{"not_picked":["Perfected Strike","hubris:ReadiedAction"],"picked":"Havoc","floor":18},{"not_picked":["Uppercut","Perfected Strike","Warcry"],"picked":"SKIP","floor":18},{"not_picked":["Power Through","Warcry+1"],"picked":"Ghostly Armor","floor":24}],"player_experience":208291,"relics_obtained":[{"floor":6,"key":"InkBottle"},{"floor":9,"key":"Art of War"},{"floor":12,"key":"Juzu Bracelet"},{"floor":14,"key":"Pear"},{"floor":15,"key":"Shovel"},{"floor":19,"key":"Nilry\u0027s Codex"},{"floor":23,"key":"hubris:Zylophone"},{"floor":24,"key":"Iron Hammer"},{"floor":25,"key":"hubris:CrystalStatue"}],"event_choices":[{"damage_healed":0,"gold_gain":0,"player_choice":"Take Damage","damage_taken":20,"relics_obtained":["Golden Idol"],"max_hp_gain":0,"max_hp_loss":0,"event_name":"Golden Idol","floor":2,"gold_loss":0},{"cards_removed":["Strike_R"],"damage_healed":0,"gold_gain":0,"player_choice":"Purged","damage_taken":0,"max_hp_gain":0,"max_hp_loss":0,"event_name":"Purifier","floor":10,"gold_loss":0},{"damage_healed":0,"gold_gain":0,"player_choice":"Obtained Book","damage_taken":16,"max_hp_gain":0,"max_hp_loss":0,"event_name":"Cursed Tome","floor":19,"gold_loss":0},{"damage_healed":0,"gold_gain":0,"player_choice":"Ignored","damage_taken":0,"max_hp_gain":0,"max_hp_loss":0,"event_name":"N\u0027loth","floor":20,"gold_loss":0}],"is_beta":false,"boss_relics":[{"not_picked":["hubris:Stopwatch","Black Blood"],"picked":"Philosopher\u0027s Stone"}],"items_purged_floors":[0,4,22],"is_endless":false,"potions_floor_spawned":[5,11,13,18],"killed_by":"Slavers","ascension_level":3}}