{"host":"87fdiiwflhrwsj8a","time":1608145102,"event":{"mods":["Aspiration","BaseMod","Better Match","Better Note","Better Third Choice","BetterRewards","Colored Map","GifTheSpireLib","Infinite Spire","Minty Spire (QoL Compilation)","Relic Sorter","Replay The Spire","Robot Space Explorer","StSLib","Stuff the Spire","The Cursed"],"gold_per_floor":[111,111,129,129,146,146,179,179,179,179,207,55,20,33,33,133,133,148,148,148,166,177,206,224,224,224,256,256,268,299,9,9,104,104,125,153,232,232,232,232,232,274,300,346,385,385,385,428,428,552,552,599,599,645,700,749,814,814,814,814,881,881,933,933,1009,1009,1092,1092,1165,1244,1244,1337,1434,1547,1547,1547,1572,1591,1703,1818,1765,1894,1894,2076,2076,2226,2367,1875,1875,1875,2020,2020,2174,2174,2335,1640,1790,1824,1935,1935,2125,2225,2225,2071,2238,2450],"floor_reached":107,"playtime":4765,"items_purged":[],"score":4563,"play_id":"7ba812ba-2bfd-433b-8bb4-c0d6d40597d4","local_time":"20201216135822","is_ascension_mode":true,"campfire_choices":[{"data":"TheCursedMod:TacticalStrike","floor":6.0,"key":"SMITH"},{"data":"TheCursedMod:TacticalStrike","floor":10.0,"key":"SMITH"},{"data":"TheCursedMod:RavingStaff","floor":15.0,"key":"SMITH"},{"data":"infinitespire:FutureSight","floor":28.0,"key":"SMITH"},{"data":"TheCursedMod:NeowsMight","floor":32.0,"key":"SMITH"},{"data":"TheCursedMod:CursedRelics","floor":41.0,"key":"SMITH"},{"data":"TheCursedMod:RavingStaff","floor":47.0,"key":"SMITH"},{"data":"TheCursedMod:SpitefulPray","floor":49.0,"key":"SMITH"},{"data":"TheCursedMod:CollectTribute","floor":59.0,"key":"SMITH"},{"data":"TheCursedMod:AntiAging","floor":66.0,"key":"SMITH"},{"data":"TheCursedMod:SpitefulPlan","floor":75.0,"key":"SMITH"},{"data":"TheCursedMod:VitalStrike","floor":83.0,"key":"SMITH"},{"data":"Trip","floor":100,"key":"SMITH"},{"data":"TheCursedMod:NeowsMight","floor":103,"key":"SMITH"}],"circlet_count":0,"master_deck":["TheCursedMod:Strike_TheCursed","TheCursedMod:Strike_TheCursed","TheCursedMod:Strike_TheCursed","TheCursedMod:Defend_TheCursed","TheCursedMod:Defend_TheCursed","TheCursedMod:CursedWand+1","TheCursedMod:CleanUpWorkshop","TheCursedMod:Dregs","TheCursedMod:Grudge","TheCursedMod:CursedAmulet","infinitespire:FutureSight+1","TheCursedMod:TacticalStrike+1","TheCursedMod:TacticalStrike+1","TheCursedMod:RavingStaff+1","TheCursedMod:TacticalStrike+1","TheCursedMod:NeowsMight+1","TheCursedMod:CursedAmulet+1","TheCursedMod:SpitefulPray+1","TheCursedMod:DemonSword","TheCursedMod:RapidMovement+1","TheCursedMod:FuryStrike","TheCursedMod:RavingStaff+1","TheCursedMod:CursedRelics+1","CurseOfTheBell","TheCursedMod:Torture+1","TheCursedMod:ReleasedStrength+1","ReplayTheSpireMod:Splinters","Writhe","TheCursedMod:CollectTribute+1","TheCursedMod:VitalStrike+1","Injury","TheCursedMod:Stigma+1","TheCursedMod:SpitefulPlan+1","TheCursedMod:AntiAging+1","TheCursedMod:StunningStrike+1","TheCursedMod:CursedShiv+1","TheCursedMod:HellsGateOpen+1","TheCursedMod:NeowsMight","TheCursedMod:CursedBlade+1","TheCursedMod:FuryStrike+1","Trip+1","TheCursedMod:UltimatePain","infinitespire:Execution","TheCursedMod:VitalStrike+1","TheCursedMod:CursedBlade+1","Regret","TheCursedMod:SurpriseAttack+1","TheCursedMod:NeowsMight+1","TheCursedMod:Torture+1","TheCursedMod:ManaCirculation"],"relics":["TheCursedMod:BlackMagic101","ClockworkSouvenir","ReplayTheSpireMod:TigerMarble","StuffTheSpire:Experiment12","TheCursedMod:OminousMark","Chemical X","StrikeDummy","Simple Rune","Whetstone","aspiration:SecretTechniqueScroll","StuffTheSpire:RubySignet","aspiration:Legacy_Headhunter","ChewingGum","Blue Candle","aspiration:ChemicalBlood","Incense Burner","TheCursedMod:BloodyHarpoon","Calling Bell","TheCursedMod:Tack","Torii","StuffTheSpire:CocoNut","infinitespire:EvilPickle","Vajra","StuffTheSpire:Rhapsscallions","Smiling Mask","StuffTheSpire:NeowsTribute","Bronze Scales","Replay:Drink Me","Prayer Wheel","Busted Crown","Bag of Preparation","Molten Egg 2","Replay:Mystery Machine","Matryoshka","Painkiller Herb","Juzu Bracelet","TheCursedMod:CrystalBall","Divine Protection","Strawberry","Red Mask","StuffTheSpire:GrapeVine","Replay:WaspNest","Ancient Tea Set","Blue Doll","Bottled Lightning","Oddly Smooth Stone","Centennial Puzzle","infinitespire:ShieldingShard","Ornamental Fan","Sling","ReplayTheSpireMod:CursedCoin","Durian","Replay:Wanted Poster","StuffTheSpire:BottledEssence","CeramicFish"],"acts_visited":["TheCity","TheBeyond","Exordium","TheCity","TheBeyond","TheEnding"],"potions_floor_usage":[],"damage_taken":[{"damage":0.0,"enemies":"2 Louse","floor":1.0,"turns":4.0},{"damage":0.0,"enemies":"Small Slimes","floor":3.0,"turns":3.0},{"damage":11.0,"enemies":"Jaw Worm","floor":5.0,"turns":5.0},{"damage":0.0,"enemies":"3 Sentries","floor":7.0,"turns":9.0},{"damage":4.0,"enemies":"Gremlin Nob","floor":11.0,"turns":4.0},{"damage":0.0,"enemies":"Looter","floor":14.0,"turns":2.0},{"damage":2.0,"enemies":"Fading Forest","floor":16.0,"turns":11.0},{"damage":0.0,"enemies":"2 Thieves","floor":18.0,"turns":2.0},{"damage":0.0,"enemies":"3 Byrds","floor":21.0,"turns":2.0},{"damage":0.0,"enemies":"Snake Plant","floor":22.0,"turns":2.0},{"damage":1.0,"enemies":"Slavers","floor":23.0,"turns":2.0},{"damage":2.0,"enemies":"Cultist and Chosen","floor":24.0,"turns":2.0},{"damage":0.0,"enemies":"Replay:Snechameleon","floor":27.0,"turns":2.0},{"damage":0.0,"enemies":"Centurion and Healer","floor":29.0,"turns":2.0},{"damage":0.0,"enemies":"Book of Stabbing","floor":30.0,"turns":3.0},{"damage":0.0,"enemies":"Pondfish","floor":33.0,"turns":5.0},{"damage":0.0,"enemies":"3 Shapes","floor":35.0,"turns":2.0},{"damage":0.0,"enemies":"Orb Walker","floor":36.0,"turns":1.0},{"damage":0.0,"enemies":"Nemesis","floor":42.0,"turns":1.0},{"damage":1.0,"enemies":"Nightmare","floor":44.0,"turns":2.0},{"damage":0.0,"enemies":"Maw","floor":45.0,"turns":1.0},{"damage":0.0,"enemies":"4 Shapes","floor":48.0,"turns":1.0},{"damage":1.0,"enemies":"Time Eater","floor":50.0,"turns":2.0},{"damage":0.0,"enemies":"infinitespire:Voidling","floor":52.0,"turns":1.0},{"damage":0.0,"enemies":"Jaw Worm","floor":54.0,"turns":1.0},{"damage":0.0,"enemies":"Small Slimes","floor":55.0,"turns":1.0},{"damage":0.0,"enemies":"Exordium Wildlife","floor":56.0,"turns":1.0},{"damage":0.0,"enemies":"3 Sentries","floor":57.0,"turns":2.0},{"damage":0.0,"enemies":"Looter","floor":61.0,"turns":1.0},{"damage":4.0,"enemies":"Nightmare_Alpha","floor":63.0,"turns":3.0},{"damage":0.0,"enemies":"Large Slime","floor":65.0,"turns":1.0},{"damage":0.0,"enemies":"Fading Forest","floor":67.0,"turns":6.0},{"damage":3.0,"enemies":"Spheric Guardian","floor":69.0,"turns":1.0},{"damage":2.0,"enemies":"3 Byrds","floor":70.0,"turns":1.0},{"damage":0.0,"enemies":"Snake Plant","floor":72.0,"turns":1.0},{"damage":0.0,"enemies":"Snecko","floor":73.0,"turns":1.0},{"damage":0.0,"enemies":"Slavers","floor":74.0,"turns":1.0},{"damage":0.0,"enemies":"Masked Bandits","floor":78.0,"turns":1.0},{"damage":0.0,"enemies":"Cultist and Chosen","floor":79.0,"turns":1.0},{"damage":0.0,"enemies":"Nightmare_Alpha","floor":80.0,"turns":4.0},{"damage":0.0,"enemies":"Replay:Snechameleon","floor":82.0,"turns":2.0},{"damage":0.0,"enemies":"Automaton","floor":84.0,"turns":4.0},{"damage":0.0,"enemies":"Orb Walker","floor":86.0,"turns":1.0},{"damage":0.0,"enemies":"3 Shapes","floor":87.0,"turns":2.0},{"damage":0,"enemies":"Nemesis","floor":91,"turns":1},{"damage":0,"enemies":"R_Hoarder","floor":93,"turns":2},{"damage":0,"enemies":"Reptomancer","floor":95,"turns":1},{"damage":0,"enemies":"Mind Bloom Boss Battle","floor":98,"turns":1},{"damage":0,"enemies":"Maw","floor":99,"turns":1},{"damage":12,"enemies":"Awakened One","floor":101,"turns":4},{"damage":0,"enemies":"Shield and Spear","floor":105,"turns":1},{"damage":0,"enemies":"The Heart","floor":106,"turns":4}],"seed_played":"7041888565184711117","potions_obtained":[{"floor":3.0,"key":"BlessingOfTheForge"},{"floor":7.0,"key":"Toxic Potion"},{"floor":21.0,"key":"SkillPotion"},{"floor":23.0,"key":"Weak Potion"},{"floor":35.0,"key":"Elixir"},{"floor":48.0,"key":"SteroidPotion"}],"is_trial":false,"path_per_floor":["M","?","M","?","M","R","E","AVR","T","R","E","$","?","M","R","B",null,"M","?","?","M","M","E","M","AVR","T","E","R","M","E","$","R","B",null,"M","M","?","?","$","?","R","E","T","NM","M","?","R","M","R","B",null,"M","AVR","M","M","M","E","?","R","T","M","?","NM","?","M","R","B",null,"?","?","?","?","?","E","T","AVR","T","?","?","NM","T","E","T","B",null,"?","?","T","?","?","E","?","E","T","E","T","AVR","?","?","T","B",null,"T","T","E","B",null],"character_chosen":"THE_CURSED","items_purchased":["ClockworkSouvenir","ReplayTheSpireMod:TigerMarble","TheCursedMod:Wield","TheCursedMod:Grudge","Whetstone","TheCursedMod:BloodyHarpoon","TheCursedMod:RavingStaff","TheCursedMod:CursedShiv+1","Trip","Replay:WaspNest","Ancient Tea Set","infinitespire:ShieldingShard","Ornamental Fan","Sling","TheCursedMod:CursedBlade+1","StuffTheSpire:BottledEssence"],"campfire_rested":0,"item_purchase_floors":[0,0,0,0,12,31,31,81,88,88,88,96,96,96,96,104],"current_hp_per_floor":[65,65,65,47,36,36,36,36,36,36,32,32,50,50,50,62,75,75,75,75,75,75,74,72,72,72,72,72,72,72,72,72,74,82,82,82,82,82,82,82,82,83,83,82,82,82,82,82,82,81,63,63,63,63,63,67,67,67,67,67,67,72,68,72,72,72,75,75,75,73,73,79,79,79,79,79,86,86,86,89,89,92,92,95,100,100,100,100,100,100,100,100,103,103,103,103,103,108,111,111,99,111,111,111,111,111],"gold":2450,"neow_bonus":"","is_daily":false,"chose_seed":false,"campfire_upgraded":14,"win_rate":0.0,"timestamp":1608145102,"path_taken":["M","?","M","?","M","R","E","AVR","T","R","E","?","?","M","R","BOSS","M","?","?","M","?","E","M","AVR","T","E","R","M","E","$","R","BOSS","M","M","?","?","$","?","R","E","T","NM","M","?","R","M","R","BOSS","M","AVR","M","M","?","E","?","R","T","M","?","NM","?","M","R","BOSS","?","?","?","?","?","E","T","AVR","T","?","?","NM","T","E","T","BOSS","?","?","T","?","?","E","?","E","T","E","?","AVR","?","?","T","BOSS","T","T","E","BOSS"],"items_purchased_type":["Relic","Relic","Card","Card","Relic","Relic","Card","Card","Card","Relic","Relic","Relic","Relic","Relic","Card","Relic"],"build_version":"2020-12-13","purchased_purges":0,"victory":true,"max_hp_per_floor":[75,75,75,75,75,75,75,75,75,75,75,75,75,75,75,75,75,75,75,75,75,75,75,75,75,75,75,75,75,75,75,75,75,82,82,82,82,82,82,82,82,83,83,83,83,83,83,83,83,83,63,63,63,63,63,67,67,67,67,67,67,72,72,72,72,72,75,75,78,78,78,84,84,84,84,84,91,91,91,94,94,97,97,100,100,100,100,100,100,100,100,100,103,103,103,103,103,108,111,111,111,111,111,111,111,111],"card_choices":[{"not_picked":["TheCursedMod:SmokeScreen","TheCursedMod:FleshFromBone"],"picked":"TheCursedMod:CursedAmulet","floor":1.0},{"not_picked":["TheCursedMod:Obscuration","TheCursedMod:Stigma","TheCursedMod:FleshFromBone"],"picked":"SKIP","floor":3.0},{"not_picked":["infinitespire:Oblivion","infinitespire:SevenWalls"],"picked":"infinitespire:FutureSight","floor":4.0},{"not_picked":["TheCursedMod:VitalStrike","TheCursedMod:Stigma"],"picked":"TheCursedMod:TacticalStrike","floor":5.0},{"not_picked":["TheCursedMod:EmpowerCircles","TheCursedMod:Obscuration"],"picked":"TheCursedMod:TacticalStrike","floor":7.0},{"not_picked":["TheCursedMod:AbyssShockwave","TheCursedMod:OutForBlood"],"picked":"TheCursedMod:RavingStaff","floor":11.0},{"not_picked":["TheCursedMod:WearCloak","TheCursedMod:CursedMace"],"picked":"TheCursedMod:TacticalStrike","floor":14.0},{"not_picked":["TheCursedMod:Neurasthenia","TheCursedMod:OutForBlood"],"picked":"TheCursedMod:NeowsMight","floor":16.0},{"not_picked":["TheCursedMod:Wield+1","TheCursedMod:Torture","TheCursedMod:BlessingInDisguise"],"picked":"SKIP","floor":18.0},{"not_picked":["TheCursedMod:RapidMovement","TheCursedMod:Stretching"],"picked":"TheCursedMod:CursedAmulet+1","floor":21.0},{"not_picked":["TheCursedMod:FleshFromBone","TheCursedMod:CircleOfCorruption+1"],"picked":"TheCursedMod:SpitefulPray","floor":22.0},{"not_picked":["TheCursedMod:CircleOfAmplification","TheCursedMod:SurpriseAttack"],"picked":"TheCursedMod:DemonSword","floor":23.0},{"not_picked":["TheCursedMod:EmpowerCircles","TheCursedMod:TroublousMinions","TheCursedMod:WearCloak"],"picked":"SKIP","floor":24.0},{"not_picked":["TheCursedMod:Stigma","TheCursedMod:Stretching+1"],"picked":"TheCursedMod:RapidMovement+1","floor":27.0},{"not_picked":["TheCursedMod:CircleOfFocus","TheCursedMod:Torture","TheCursedMod:BloodBarrier+1"],"picked":"SKIP","floor":29.0},{"not_picked":["TheCursedMod:HellfireBreathing","TheCursedMod:CursedArmor+1"],"picked":"TheCursedMod:FuryStrike","floor":30.0},{"not_picked":["TheCursedMod:AntiAging","TheCursedMod:ParallelWorld"],"picked":"TheCursedMod:CursedRelics","floor":33.0},{"not_picked":["TheCursedMod:CircleOfBlood+1","TheCursedMod:Stigma+1"],"picked":"TheCursedMod:Torture+1","floor":35.0},{"not_picked":["TheCursedMod:Torture","TheCursedMod:CursedStaff"],"picked":"TheCursedMod:ReleasedStrength+1","floor":36.0},{"not_picked":["TheCursedMod:AntiAging","TheCursedMod:FleshFromBone","TheCursedMod:CursedMace+1"],"picked":"SKIP","floor":42.0},{"not_picked":["TheCursedMod:CursedBlade","TheCursedMod:WearCloak","TheCursedMod:CircleOfFlame+1"],"picked":"SKIP","floor":44.0},{"not_picked":["TheCursedMod:RapidMovement","TheCursedMod:CircleOfFlame+1","TheCursedMod:CircleOfCorruption+1"],"picked":"SKIP","floor":45.0},{"not_picked":["TheCursedMod:SoulCrush+1","TheCursedMod:BloodBarrier","TheCursedMod:HellfireBreathing"],"picked":"SKIP","floor":48.0},{"not_picked":["TheCursedMod:ParallelWorld","TheCursedMod:NeowsMight"],"picked":"TheCursedMod:CollectTribute","floor":50.0},{"not_picked":["TheCursedMod:FleshFromBone","TheCursedMod:WearCloak","TheCursedMod:CursedAmulet"],"picked":"SKIP","floor":52.0},{"not_picked":["TheCursedMod:StunningStrike"],"picked":"SKIP","floor":54.0},{"not_picked":["TheCursedMod:SurpriseAttack"],"picked":"SKIP","floor":54.0},{"not_picked":[],"picked":"TheCursedMod:RapidMovement","floor":55.0},{"not_picked":["TheCursedMod:CursedMace"],"picked":"SKIP","floor":55.0},{"not_picked":[],"picked":"TheCursedMod:VitalStrike","floor":56.0},{"not_picked":["TheCursedMod:Stretching"],"picked":"SKIP","floor":56.0},{"not_picked":["TheCursedMod:Stretching"],"picked":"SKIP","floor":57.0},{"not_picked":[],"picked":"TheCursedMod:Stigma+1","floor":61.0},{"not_picked":[],"picked":"TheCursedMod:SpitefulPlan","floor":61.0},{"not_picked":["TheCursedMod:Wield+1"],"picked":"SKIP","floor":63.0},{"not_picked":[],"picked":"TheCursedMod:AntiAging","floor":65.0},{"not_picked":["TheCursedMod:Stretching"],"picked":"SKIP","floor":65.0},{"not_picked":["TheCursedMod:CircleOfWindfury"],"picked":"SKIP","floor":69.0},{"not_picked":["TheCursedMod:Obscuration"],"picked":"SKIP","floor":69.0},{"not_picked":["TheCursedMod:Hemoplague"],"picked":"SKIP","floor":70.0},{"not_picked":["TheCursedMod:RavingStaff+1"],"picked":"SKIP","floor":70.0},{"not_picked":["TheCursedMod:CircleOfFlame"],"picked":"SKIP","floor":72.0},{"not_picked":["TheCursedMod:RavingStaff+1"],"picked":"SKIP","floor":72.0},{"not_picked":["TheCursedMod:Hemoplague"],"picked":"SKIP","floor":73.0},{"not_picked":["TheCursedMod:SoulReap+1"],"picked":"SKIP","floor":73.0},{"not_picked":["TheCursedMod:CursedSpellbook"],"picked":"SKIP","floor":74.0},{"not_picked":[],"picked":"TheCursedMod:StunningStrike+1","floor":78.0},{"not_picked":["TheCursedMod:CircleOfCorruption"],"picked":"SKIP","floor":79.0},{"not_picked":["TheCursedMod:EmpowerCircles"],"picked":"SKIP","floor":79.0},{"not_picked":["TheCursedMod:Evocation"],"picked":"SKIP","floor":80.0},{"not_picked":[],"picked":"TheCursedMod:HellsGateOpen+1","floor":82.0},{"not_picked":[],"picked":"TheCursedMod:NeowsMight","floor":84.0},{"not_picked":["TheCursedMod:SaltUponWound+1"],"picked":"SKIP","floor":86.0},{"not_picked":["TheCursedMod:CursedBoomerang+1"],"picked":"SKIP","floor":86.0},{"not_picked":[],"picked":"TheCursedMod:CursedBlade+1","floor":87.0},{"not_picked":[],"picked":"TheCursedMod:FuryStrike+1","floor":87.0},{"not_picked":[],"picked":"TheCursedMod:UltimatePain","floor":91},{"not_picked":["TheCursedMod:CircleOfFlame"],"picked":"SKIP","floor":93},{"not_picked":["infinitespire:Oblivion","infinitespire:DeathsTouch"],"picked":"infinitespire:Execution","floor":95},{"not_picked":[],"picked":"TheCursedMod:VitalStrike+1","floor":95},{"not_picked":[],"picked":"TheCursedMod:SurpriseAttack+1","floor":98},{"not_picked":["TheCursedMod:HellsGateOpen"],"picked":"SKIP","floor":99},{"not_picked":["TheCursedMod:SoulReap+1"],"picked":"SKIP","floor":99},{"not_picked":[],"picked":"TheCursedMod:NeowsMight","floor":101},{"not_picked":[],"picked":"TheCursedMod:Torture+1","floor":105},{"not_picked":[],"picked":"TheCursedMod:ManaCirculation","floor":106}],"player_experience":2554904,"relics_obtained":[{"floor":7.0,"key":"StuffTheSpire:Experiment12"},{"floor":9.0,"key":"StrikeDummy"},{"floor":11.0,"key":"Simple Rune"},{"floor":23.0,"key":"StuffTheSpire:RubySignet"},{"floor":26.0,"key":"Blue Candle"},{"floor":27.0,"key":"aspiration:ChemicalBlood"},{"floor":30.0,"key":"Incense Burner"},{"floor":34.0,"key":"TheCursedMod:Tack"},{"floor":34.0,"key":"Torii"},{"floor":34.0,"key":"StuffTheSpire:CocoNut"},{"floor":37.0,"key":"Vajra"},{"floor":42.0,"key":"StuffTheSpire:Rhapsscallions"},{"floor":43.0,"key":"Smiling Mask"},{"floor":44.0,"key":"StuffTheSpire:NeowsTribute"},{"floor":57.0,"key":"Bag of Preparation"},{"floor":60.0,"key":"Replay:Mystery Machine"},{"floor":63.0,"key":"Matryoshka"},{"floor":74.0,"key":"Juzu Bracelet"},{"floor":77.0,"key":"Divine Protection"},{"floor":77.0,"key":"Strawberry"},{"floor":78.0,"key":"Red Mask"},{"floor":82.0,"key":"StuffTheSpire:GrapeVine"},{"floor":91,"key":"Blue Doll"},{"floor":93,"key":"Bottled Lightning"},{"floor":94,"key":"Oddly Smooth Stone"},{"floor":95,"key":"Centennial Puzzle"},{"floor":98,"key":"Durian"},{"floor":105,"key":"CeramicFish"}],"event_choices":[{"damage_healed":0.0,"max_hp_gain":0.0,"max_hp_loss":0.0,"gold_gain":0.0,"event_name":"Golden Wing","player_choice":"Ignored","floor":2.0,"gold_loss":0.0,"damage_taken":0.0},{"damage_healed":18.0,"max_hp_gain":0.0,"max_hp_loss":0.0,"gold_gain":0.0,"event_name":"The Cleric","player_choice":"Healed","floor":13.0,"gold_loss":35.0,"damage_taken":0.0},{"damage_healed":0.0,"max_hp_gain":0.0,"max_hp_loss":0.0,"gold_gain":0.0,"event_name":"betterNote:BetterNote","player_choice":"Ignored","floor":19.0,"gold_loss":0.0,"damage_taken":0.0,"cards_obtained":["Strike_B"]},{"damage_healed":0.0,"max_hp_gain":0.0,"max_hp_loss":0.0,"gold_gain":0.0,"event_name":"Upgrade Shrine","player_choice":"Upgraded","floor":20.0,"gold_loss":0.0,"damage_taken":0.0,"cards_upgraded":["TheCursedMod:TacticalStrike"]},{"damage_healed":21.0,"max_hp_gain":0.0,"max_hp_loss":0.0,"gold_gain":0.0,"event_name":"Winding Halls","player_choice":"Writhe","floor":40.0,"gold_loss":0.0,"damage_taken":0.0,"cards_obtained":["Writhe"]},{"damage_healed":0.0,"max_hp_gain":0.0,"max_hp_loss":0.0,"gold_gain":0.0,"event_name":"WeMeetAgain","player_choice":"Gave Potion","floor":46.0,"gold_loss":0.0,"damage_taken":0.0,"relics_obtained":["Bronze Scales"]},{"damage_healed":0.0,"max_hp_gain":5.0,"max_hp_loss":0.0,"gold_gain":0.0,"event_name":"Big Fish","player_choice":"Donut","floor":62.0,"gold_loss":0.0,"damage_taken":0.0},{"damage_healed":0.0,"max_hp_gain":0.0,"max_hp_loss":0.0,"gold_gain":0.0,"event_name":"Masked Bandits","player_choice":"Fought Bandits","floor":78.0,"gold_loss":0.0,"damage_taken":0.0},{"cards_removed":["Shame"],"damage_healed":0,"gold_gain":0,"player_choice":"Purged","damage_taken":0,"max_hp_gain":0,"max_hp_loss":0,"event_name":"Purifier","floor":89,"gold_loss":0},{"cards_removed":["TheCursedMod:RapidMovement"],"damage_healed":0,"gold_gain":0,"player_choice":"Removed Skill","damage_taken":0,"max_hp_gain":0,"max_hp_loss":0,"event_name":"Falling","floor":90,"gold_loss":0},{"damage_healed":0,"gold_gain":0,"player_choice":"Ignored","damage_taken":0,"max_hp_gain":0,"max_hp_loss":0,"event_name":"betterNote:BetterNote","floor":92,"gold_loss":0,"cards_obtained":["Strike_B"]},{"damage_healed":0,"gold_gain":0,"player_choice":"Fight","damage_taken":0,"max_hp_gain":0,"max_hp_loss":0,"event_name":"MindBloom","floor":98,"gold_loss":0}],"is_beta":false,"boss_relics":[{"not_picked":["aspiration:IroncladSkillbook","StuffTheSpire:RunicConfusion"],"picked":"aspiration:SecretTechniqueScroll"},{"not_picked":["Abe\u0027s Treasure","Fusion Hammer"],"picked":"Calling Bell"},{"not_picked":["Cursed Key","Astrolabe"],"picked":"Replay:Drink Me"},{"not_picked":["Cursed Key","Replay:Grab Bag"],"picked":"Painkiller Herb"},{"not_picked":["Honey Jar","Velvet Choker","Astrolabe"]},{"not_picked":["aspiration:IroncladSkillbook","Kintsugi"],"picked":"Replay:Wanted Poster"}],"items_purged_floors":[],"is_endless":true,"potions_floor_spawned":[3,7,21,23,24,35,44,48,52,55,56,63,65,67,73,78,79,82,84,86,95,99],"ascension_level":1}}