{"host":"1c52r9kaxdyo25eq","time":1608139891,"event":{"mods":["AchievementEnabler","BaseMod","Minty Spire (QoL Compilation)","Rare Cards Sparkle","SuperFastMode","everything is the same but u backflip on backflip"],"gold_per_floor":[17,30,45,58,23,23,23,48,117,117,137,137,160,183,183,279,279,292,29,29,29,29,47,80,98,123,123,135,135,155,80,80,152,152,171,186,201,33,43,69,69,111,181,192,242,256,276,290,290,290,290],"floor_reached":50,"playtime":1540,"items_purged":["Strike_G"],"score":1060,"play_id":"2a8a48df-0388-4f94-a16b-38e4606717c5","local_time":"20201217023131","is_ascension_mode":true,"campfire_choices":[{"data":"Terror","floor":6.0,"key":"SMITH"},{"data":"Dagger Spray","floor":10.0,"key":"SMITH"},{"data":"Storm of Steel","floor":15.0,"key":"SMITH"},{"data":"A Thousand Cuts","floor":29.0,"key":"SMITH"},{"floor":32.0,"key":"REST"},{"floor":49,"key":"RECALL"}],"circlet_count":0,"master_deck":["AscendersBane","Strike_G","Strike_G","Defend_G","Defend_G","Defend_G","Defend_G","Survivor","Neutralize","Storm of Steel+1","Terror+1","Dagger Spray+1","Predator","Backstab","Dodge and Roll+1","Calculated Gamble+1","A Thousand Cuts+1","Reflex+1","Blur+1","Deflect+1","Backflip+1","Footwork","Venomology+1","Accuracy","Blade Dance+1","Deadly Poison+1"],"relics":["Ring of the Snake","Snake Skull","Pear","Toxic Egg 2","Bloody Idol","Runic Pyramid","Sundial","Calipers","Blood Vial","SacredBark","Pen Nib","Incense Burner","CeramicFish"],"acts_visited":["Exordium","TheCity","TheBeyond"],"potions_floor_usage":[48,50,50],"damage_taken":[{"damage":0.0,"enemies":"Cultist","floor":1.0,"turns":3.0},{"damage":1.0,"enemies":"2 Louse","floor":2.0,"turns":3.0},{"damage":12.0,"enemies":"Jaw Worm","floor":3.0,"turns":2.0},{"damage":12.0,"enemies":"Blue Slaver","floor":4.0,"turns":5.0},{"damage":27.0,"enemies":"Lagavulin","floor":8.0,"turns":5.0},{"damage":1.0,"enemies":"Exordium Wildlife","floor":11.0,"turns":3.0},{"damage":0.0,"enemies":"Large Slime","floor":13.0,"turns":2.0},{"damage":1.0,"enemies":"3 Louse","floor":14.0,"turns":6.0},{"damage":40.0,"enemies":"Slime Boss","floor":16.0,"turns":11.0},{"damage":3.0,"enemies":"2 Thieves","floor":18.0,"turns":2.0},{"damage":1.0,"enemies":"3 Byrds","floor":23.0,"turns":3.0},{"damage":33.0,"enemies":"Book of Stabbing","floor":24.0,"turns":4.0},{"damage":25.0,"enemies":"Shelled Parasite and Fungi","floor":25.0,"turns":4.0},{"damage":0.0,"enemies":"Snecko","floor":28.0,"turns":3.0},{"damage":1.0,"enemies":"Snake Plant","floor":30.0,"turns":4.0},{"damage":4.0,"enemies":"Collector","floor":33.0,"turns":6.0},{"damage":0.0,"enemies":"3 Shapes","floor":35.0,"turns":2.0},{"damage":10.0,"enemies":"Orb Walker","floor":36.0,"turns":3.0},{"damage":13.0,"enemies":"Transient","floor":37.0,"turns":6.0},{"damage":25.0,"enemies":"3 Darklings","floor":39.0,"turns":3.0},{"damage":20.0,"enemies":"Giant Head","floor":40.0,"turns":7.0},{"damage":18.0,"enemies":"Nemesis","floor":42.0,"turns":9.0},{"damage":5.0,"enemies":"Sphere and 2 Shapes","floor":44.0,"turns":7.0},{"damage":0.0,"enemies":"Maw","floor":46.0,"turns":5.0},{"damage":9.0,"enemies":"Spire Growth","floor":47.0,"turns":4.0},{"damage":28,"enemies":"Jaw Worm Horde","floor":48,"turns":4},{"damage":0,"enemies":"Awakened One","floor":50,"turns":3}],"seed_played":"-6537268572831167966","potions_obtained":[{"floor":1.0,"key":"SpeedPotion"},{"floor":8.0,"key":"Weak Potion"},{"floor":13.0,"key":"Regen Potion"},{"floor":14.0,"key":"Energy Potion"},{"floor":16.0,"key":"AttackPotion"},{"floor":18.0,"key":"EntropicBrew"},{"floor":28.0,"key":"GamblersBrew"},{"floor":30.0,"key":"SteroidPotion"},{"floor":36.0,"key":"Weak Potion"},{"floor":42.0,"key":"CultistPotion"}],"is_trial":false,"path_per_floor":["M","M","M","M","?","R","T","E","T","R","M","?","M","M","R","B",null,"M","$","?","?","?","M","E","M","T","?","M","R","M","$","R","B",null,"M","M","M","$","M","E","$","E","T","M","?","M","M","M","R","B"],"character_chosen":"THE_SILENT","items_purchased":["Sundial","Pen Nib"],"campfire_rested":1,"item_purchase_floors":[19,38],"current_hp_per_floor":[59,58,46,34,50,50,50,33,33,33,32,32,32,46,46,6,53,50,50,50,50,50,54,26,6,11,11,18,18,24,24,44,47,64,69,64,58,58,40,27,27,21,26,28,33,40,38,17,17,19,19],"gold":290,"neow_bonus":"TRANSFORM_TWO_CARDS","is_daily":false,"chose_seed":false,"campfire_upgraded":4,"win_rate":0.0,"timestamp":1608139891,"path_taken":["M","?","M","M","?","R","?","E","T","R","M","?","M","M","R","BOSS","M","$","?","?","?","M","E","M","T","?","M","R","?","$","R","BOSS","M","M","M","$","M","E","?","E","T","M","?","?","M","M","R","BOSS"],"items_purchased_type":["Relic","Relic"],"build_version":"2020-12-13","purchased_purges":1,"victory":false,"max_hp_per_floor":[66,66,66,66,66,66,66,76,76,76,76,69,69,69,69,69,69,69,69,69,69,69,69,69,69,69,69,69,69,69,69,69,69,69,69,69,69,69,69,69,69,69,69,69,69,69,69,69,69,69,69],"card_choices":[{"not_picked":["Concentrate","Heel Hook","PiercingWail"],"picked":"SKIP","floor":1.0},{"not_picked":["Backflip","Distraction"],"picked":"Dagger Spray","floor":2.0},{"not_picked":["Catalyst","Deadly Poison","Slice"],"picked":"SKIP","floor":3.0},{"not_picked":["Slice","Dodge and Roll"],"picked":"Predator","floor":4.0},{"not_picked":["Poisoned Stab","Heel Hook"],"picked":"Backstab","floor":8.0},{"not_picked":["Outmaneuver+1","PiercingWail+1","Quick Slash"],"picked":"SKIP","floor":11.0},{"not_picked":["Flechettes","Dagger Spray"],"picked":"Dodge and Roll+1","floor":13.0},{"not_picked":["Escape Plan+1","Bane"],"picked":"Calculated Gamble+1","floor":14.0},{"not_picked":["Wraith Form v2","Bullet Time+1"],"picked":"A Thousand Cuts","floor":16.0},{"not_picked":["Distraction+1","Outmaneuver+1"],"picked":"Reflex+1","floor":18.0},{"not_picked":["Acrobatics+1","Caltrops"],"picked":"Blur+1","floor":23.0},{"not_picked":["Dodge and Roll+1","Leg Sweep+1"],"picked":"Deflect+1","floor":24.0},{"not_picked":["Flying Knee","Dagger Throw","Caltrops"],"picked":"SKIP","floor":25.0},{"not_picked":["Flying Knee","Outmaneuver+1"],"picked":"Backflip+1","floor":28.0},{"not_picked":["Cloak And Dagger+1","All Out Attack"],"picked":"Footwork","floor":30.0},{"not_picked":["Grand Finale","Malaise+1"],"picked":"Venomology+1","floor":33.0},{"not_picked":["Predator+1","Bane+1","Footwork"],"picked":"SKIP","floor":35.0},{"not_picked":["Deflect+1","Dash+1","Slice"],"picked":"SKIP","floor":36.0},{"not_picked":["Dash+1","Underhanded Strike"],"picked":"Accuracy","floor":37.0},{"not_picked":["Footwork","Predator+1","Outmaneuver+1"],"picked":"SKIP","floor":39.0},{"not_picked":["Venomology+1","Crippling Poison+1"],"picked":"Blade Dance+1","floor":40.0},{"not_picked":["Dagger Throw","Acrobatics+1"],"picked":"Deadly Poison+1","floor":42.0},{"not_picked":["Flying Knee","Choke+1","Noxious Fumes"],"picked":"SKIP","floor":44.0},{"not_picked":["Backflip+1","Quick Slash","Slice"],"picked":"SKIP","floor":46.0},{"not_picked":["Bane+1","Concentrate+1","Dagger Spray"],"picked":"SKIP","floor":47.0},{"not_picked":["Blade Dance+1","Flying Knee","Dagger Spray+1"],"picked":"SKIP","floor":48}],"player_experience":489525,"relics_obtained":[{"floor":7.0,"key":"Snake Skull"},{"floor":8.0,"key":"Pear"},{"floor":9.0,"key":"Toxic Egg 2"},{"floor":24.0,"key":"Calipers"},{"floor":26.0,"key":"Blood Vial"},{"floor":40.0,"key":"Incense Burner"},{"floor":42.0,"key":"CeramicFish"}],"event_choices":[{"damage_healed":16.0,"max_hp_gain":0.0,"max_hp_loss":0.0,"gold_gain":0.0,"event_name":"The Cleric","player_choice":"Healed","floor":5.0,"gold_loss":35.0,"damage_taken":0.0},{"damage_healed":0.0,"max_hp_gain":0.0,"max_hp_loss":7.0,"gold_gain":0.0,"event_name":"Golden Idol","player_choice":"Lose Max HP","floor":12.0,"gold_loss":0.0,"damage_taken":0.0,"relics_obtained":["Golden Idol"]},{"damage_healed":0.0,"max_hp_gain":0.0,"max_hp_loss":0.0,"gold_gain":0.0,"event_name":"Forgotten Altar","player_choice":"Gave Idol","floor":21.0,"relics_lost":["Golden Idol"],"gold_loss":0.0,"damage_taken":0.0,"relics_obtained":["Bloody Idol"]},{"damage_healed":0.0,"max_hp_gain":0.0,"max_hp_loss":0.0,"gold_gain":0.0,"event_name":"Ghosts","player_choice":"Ignored","floor":22.0,"gold_loss":0.0,"damage_taken":0.0},{"cards_removed":["Strike_G"],"damage_healed":0.0,"max_hp_gain":0.0,"max_hp_loss":0.0,"gold_gain":0.0,"event_name":"Back to Basics","player_choice":"Elegance","floor":27.0,"gold_loss":0.0,"damage_taken":0.0},{"damage_healed":0.0,"max_hp_gain":0.0,"max_hp_loss":0.0,"gold_gain":50.0,"event_name":"Golden Shrine","player_choice":"Pray","floor":45.0,"gold_loss":0.0,"damage_taken":0.0}],"is_beta":false,"boss_relics":[{"not_picked":["Calling Bell","Ring of the Serpent"],"picked":"Runic Pyramid"},{"not_picked":["Philosopher\u0027s Stone","Snecko Eye"],"picked":"SacredBark"}],"items_purged_floors":[31],"is_endless":false,"potions_floor_spawned":[1,8,13,14,16,18,28,30,36,37,42,46,47],"killed_by":"Awakened One","ascension_level":20}}