{"host":"2461dio7vetlq1z3","time":1608136989,"event":{"mods":["2.2 Compatiblity","AchievementEnabler","Aspiration","BaseMod","Better Third Choice","Hermit","Minty Spire (QoL Compilation)","Relic Stats","Spicy Shops","StSLib","The Hierophant","Waifu the Spire"],"gold_per_floor":[15,29,29,29,45,45,80,96,122,134,134,161,161,161,161,272,272,298,325,92,111,121,152,152,152,152,2,2,2,2,30,30,135,135],"floor_reached":33,"playtime":1437,"items_purged":["Strike_P","Strike_P"],"score":669,"play_id":"5b94becd-3b6d-4126-8a2a-ddf9d2021d56","local_time":"20201216174309","is_ascension_mode":true,"campfire_choices":[{"data":"Blasphemy","floor":13,"key":"SMITH"},{"floor":15,"key":"REST"},{"floor":24,"key":"REST"},{"data":"Study","floor":29,"key":"SMITH"},{"floor":32,"key":"REST"}],"circlet_count":0,"master_deck":["AscendersBane","Strike_P","Strike_P","Defend_P","Defend_P","Defend_P","Defend_P","Eruption","Vigilance","LikeWater","SignatureMove","Evaluate","Blasphemy+1","MentalFortress","Study+1","DeusExMachina","Study","SandsOfTime","Wireheading","Perseverance","WheelKick"],"relics":["PureWater","WingedGreaves","MealTicket","aspiration:ArtOfWarUpgrade","aspiration:DSix","Omamori","CeramicFish","Dead Branch","aspiration:PoetsPen_weak","Akabeko","Prayer Wheel","Enchiridion","Turnip"],"acts_visited":["Exordium","TheCity"],"potions_floor_usage":[12,19,23,31],"damage_taken":[{"damage":0,"enemies":"2 Louse","floor":1,"turns":2},{"damage":1,"enemies":"Jaw Worm","floor":2,"turns":5},{"damage":0,"enemies":"Cultist","floor":5,"turns":3},{"damage":9,"enemies":"Lagavulin","floor":7,"turns":9},{"damage":5,"enemies":"3 Louse","floor":8,"turns":3},{"damage":0,"enemies":"Looter","floor":10,"turns":1},{"damage":14,"enemies":"3 Sentries","floor":12,"turns":8},{"damage":29,"enemies":"The Guardian","floor":16,"turns":11},{"damage":0,"enemies":"Chosen","floor":18,"turns":2},{"damage":10,"enemies":"2 Thieves","floor":19,"turns":3},{"damage":23,"enemies":"Centurion and Healer","floor":21,"turns":3},{"damage":2,"enemies":"Chosen and Byrds","floor":22,"turns":4},{"damage":25,"enemies":"Gremlin Leader","floor":23,"turns":4},{"damage":15,"enemies":"Slavers","floor":31,"turns":4},{"damage":15,"enemies":"Automaton","floor":33,"turns":4}],"seed_played":"7341443636332379426","potions_obtained":[{"floor":1,"key":"SpeedPotion"},{"floor":7,"key":"Swift Potion"},{"floor":8,"key":"BottledMiracle"},{"floor":19,"key":"EssenceOfSteel"},{"floor":23,"key":"Explosive Potion"},{"floor":31,"key":"DistilledChaos"}],"is_trial":false,"path_per_floor":["M","M","?","?","M","R","E","M","T","M","R","E","R","?","R","B",null,"M","M","$","M","M","E","R","R","T","$","?","R","?","E","R","B"],"character_chosen":"WATCHER","items_purchased":["Wireheading","Perseverance","PowerPotion"],"campfire_rested":3,"item_purchase_floors":[20,20,27],"current_hp_per_floor":[65,64,52,52,52,52,43,38,38,38,38,24,24,24,45,16,58,58,48,63,40,38,13,34,34,34,49,49,49,33,18,39,24,24],"gold":135,"neow_bonus":"ONE_RARE_RELIC","is_daily":false,"chose_seed":false,"campfire_upgraded":2,"win_rate":0.0,"timestamp":1608136989,"path_taken":["M","M","?","?","?","R","E","M","T","M","R","E","R","?","R","BOSS","M","M","$","M","M","E","R","R","T","$","?","R","?","E","R","BOSS"],"items_purchased_type":["Card","Card","Potion"],"build_version":"2020-12-13","purchased_purges":2,"victory":false,"max_hp_per_floor":[72,72,72,72,72,72,72,72,72,72,72,72,72,72,72,72,72,72,72,72,72,72,72,72,72,72,72,72,72,72,72,72,72,72],"relic_stats":{"counters":[15,66],"CeramicFish":54,"Dead Branch":[56],"MealTicket":30,"Prayer Wheel":0,"Turnip":[0],"obtain_stats":[{"CeramicFish":12,"Dead Branch":14,"Enchiridion":30,"aspiration:PoetsPen_weak":17,"Omamori":9,"Akabeko":23,"MealTicket":3,"aspiration:ArtOfWarUpgrade":11,"Prayer Wheel":26,"WingedGreaves":0,"Turnip":31,"Art of War":4,"PureWater":0,"aspiration:DSix":7},{"CeramicFish":7,"Dead Branch":7,"Enchiridion":13,"aspiration:PoetsPen_weak":8,"Omamori":5,"Akabeko":13,"MealTicket":2,"aspiration:ArtOfWarUpgrade":6,"Prayer Wheel":13,"WingedGreaves":0,"Turnip":14,"Art of War":2,"PureWater":0,"aspiration:DSix":4},{"CeramicFish":31,"Dead Branch":31,"Enchiridion":58,"aspiration:PoetsPen_weak":42,"Omamori":22,"Akabeko":58,"MealTicket":7,"aspiration:ArtOfWarUpgrade":23,"Prayer Wheel":58,"WingedGreaves":0,"Turnip":62,"Art of War":7,"PureWater":0,"aspiration:DSix":19}]},"card_choices":[{"not_picked":["JustLucky","CutThroughFate"],"picked":"LikeWater","floor":1},{"not_picked":["Adaptation","EmptyBody"],"picked":"SignatureMove","floor":2},{"not_picked":["Adaptation","CutThroughFate"],"picked":"Evaluate","floor":5},{"not_picked":["EmptyBody","JustLucky"],"picked":"Blasphemy","floor":7},{"not_picked":["JustLucky","Halt"],"picked":"MentalFortress","floor":8},{"not_picked":["BowlingBash","CutThroughFate"],"picked":"Study","floor":10},{"not_picked":["EmptyBody","CutThroughFate","Halt"],"picked":"SKIP","floor":12},{"not_picked":["Ragnarok","Brilliance"],"picked":"DeusExMachina","floor":16},{"not_picked":["BowlingBash","Crescendo"],"picked":"Study","floor":18},{"not_picked":["SashWhip","Halt"],"picked":"SandsOfTime","floor":19},{"not_picked":["ThirdEye","EmptyBody"],"picked":"WheelKick","floor":21},{"not_picked":["CrushJoints","WaveOfTheHand","FollowUp"],"picked":"SKIP","floor":22},{"not_picked":["Nirvana","FlyingSleeves","Devotion"],"picked":"SKIP","floor":23},{"not_picked":["PathToVictory","EmptyBody","Consecrate"],"picked":"SKIP","floor":31}],"player_experience":729814,"relics_obtained":[{"floor":7,"key":"aspiration:DSix"},{"floor":9,"key":"Omamori"},{"floor":12,"key":"CeramicFish"},{"floor":23,"key":"Akabeko"},{"floor":26,"key":"Prayer Wheel"},{"floor":30,"key":"Enchiridion"},{"floor":31,"key":"Turnip"}],"event_choices":[{"damage_healed":0,"gold_gain":0,"player_choice":"Relic ","damage_taken":12,"max_hp_gain":0,"max_hp_loss":0,"event_name":"betterThird:BetterScrap","floor":3,"gold_loss":0,"cards_obtained":["Rage"]},{"damage_healed":0,"gold_gain":0,"player_choice":"Gave Potion","damage_taken":0,"relics_obtained":["Art of War"],"max_hp_gain":0,"max_hp_loss":0,"event_name":"WeMeetAgain","floor":4,"gold_loss":0},{"damage_healed":0,"gold_gain":0,"player_choice":"Box","damage_taken":0,"relics_obtained":["Dead Branch"],"max_hp_gain":0,"max_hp_loss":0,"event_name":"Big Fish","floor":14,"gold_loss":0,"cards_obtained":["Regret"]},{"damage_healed":0,"gold_gain":0,"player_choice":"Ignored","damage_taken":0,"max_hp_gain":0,"max_hp_loss":0,"event_name":"Vampires","floor":28,"gold_loss":0},{"damage_healed":0,"gold_gain":0,"player_choice":"Obtained Book","damage_taken":16,"max_hp_gain":0,"max_hp_loss":0,"event_name":"Cursed Tome","floor":30,"gold_loss":0}],"is_beta":false,"boss_relics":[{"not_picked":["Astrolabe","Empty Cage"],"picked":"aspiration:PoetsPen_weak"}],"items_purged_floors":[20,27],"is_endless":false,"potions_floor_spawned":[1,7,8,19,23,31],"killed_by":"Automaton","ascension_level":12}}