{"host":"90zmhqhem9nbzoc6","time":1608100845,"event":{"mods":["AchievementEnabler","BaseMod","Better Note","Better Third Choice","BetterRewards","Colored Map","Colored Powertips","Conspire","Downfall","Energized Spire","Friendly Minions","GifTheSpireLib","Hermit","Hubris","Infinite Spire","Minty Spire (QoL Compilation)","Quick Restart","Replay The Spire","StSLib","Stuff the Spire","The Blue Laboratory","The Jungle"],"gold_per_floor":[117,133,143,143,162,162,172,195,195,215,217,217],"floor_reached":11,"playtime":374,"items_purged":[],"score":69,"play_id":"7310cb6c-7786-494f-bfc7-4c1de00797c0","local_time":"20201215224045","is_ascension_mode":false,"campfire_choices":[{"floor":6,"key":"REST"}],"circlet_count":0,"master_deck":["hermit:Strike_Hermit","hermit:Strike_Hermit","hermit:Strike_Hermit","hermit:Strike_Hermit","hermit:Defend_Hermit","hermit:Defend_Hermit","hermit:Defend_Hermit","hermit:Defend_Hermit","hermit:Snapshot","hermit:Covet","hermit:DeadOrAlive","hermit:Scavenge","hermit:BigShot","hermit:Ricochet","hermit:Enervate","hermit:HighCaliber","hermit:Determination","hermit:Feint"],"relics":["hermit:Momento","Potion Belt","Incense Burner","infinitespire:Midas Blood"],"acts_visited":["Exordium"],"potions_floor_usage":[8,11],"damage_taken":[{"damage":11,"enemies":"Jaw Worm","floor":1,"turns":4},{"damage":4,"enemies":"Cultist","floor":2,"turns":4},{"damage":5,"enemies":"Small Slimes","floor":3,"turns":3},{"damage":9,"enemies":"3 Louse","floor":5,"turns":2},{"damage":8,"enemies":"Red Slaver","floor":7,"turns":2},{"damage":8,"enemies":"Blue Slaver","floor":8,"turns":2},{"damage":39,"enemies":"Exordium Thugs","floor":10,"turns":6},{"damage":8,"enemies":"3 Sentries","floor":11,"turns":4}],"seed_played":"-8683632025672124420","potions_obtained":[{"floor":2,"key":"Venom Potion"},{"floor":5,"key":"Energy Potion"},{"floor":8,"key":"hermit:Eclipse"}],"is_trial":false,"path_per_floor":["M","M","M","?","M","R","M","M","T","M","E"],"character_chosen":"HERMIT","items_purchased":["hermit:DeadOrAlive","hermit:Scavenge","hermit:BigShot","Potion Belt"],"campfire_rested":1,"item_purchase_floors":[0,0,0,0],"current_hp_per_floor":[64,60,55,55,46,68,60,52,52,13,5,5],"gold":217,"neow_bonus":"","is_daily":false,"chose_seed":false,"campfire_upgraded":0,"win_rate":0.0,"timestamp":1608100845,"path_taken":["M","M","M","?","?","R","M","M","T","M","E"],"items_purchased_type":["Card","Card","Card","Relic"],"build_version":"2020-12-13","purchased_purges":0,"victory":false,"max_hp_per_floor":[75,75,75,75,75,75,75,75,75,75,75,75],"card_choices":[{"not_picked":["hermit:DeadMansHand","hermit:Brawl"],"picked":"hermit:Ricochet","floor":1},{"not_picked":["hermit:Ricochet","hermit:Vantage"],"picked":"hermit:Enervate","floor":2},{"not_picked":["hermit:HoleUp","hermit:Manifest"],"picked":"hermit:TakeAim","floor":3},{"not_picked":["hermit:Misfire","hermit:DeadMansHand"],"picked":"hermit:HighCaliber","floor":5},{"not_picked":["hermit:Horror","hermit:HoleUp"],"picked":"hermit:Determination","floor":7},{"not_picked":["hermit:Horror","hermit:FatalDesire","hermit:GhostlyPresence"],"picked":"SKIP","floor":8},{"not_picked":["hermit:LowProfile","hermit:Combo"],"picked":"hermit:Feint","floor":10}],"player_experience":200796,"relics_obtained":[{"floor":9,"key":"infinitespire:Midas Blood"}],"event_choices":[{"cards_removed":["hermit:TakeAim"],"damage_healed":0,"gold_gain":0,"player_choice":"Gave Card","damage_taken":0,"relics_obtained":["Incense Burner"],"max_hp_gain":0,"max_hp_loss":0,"event_name":"WeMeetAgain","floor":4,"gold_loss":0}],"is_beta":false,"boss_relics":[],"items_purged_floors":[],"is_endless":false,"potions_floor_spawned":[2,5,8],"killed_by":"3 Sentries","ascension_level":0}}