{"host":"ipcfr4ajj2jkxvg7","time":1608124053,"event":{"mods":["BaseMod","Colored Powertips","GifTheSpireLib","Marisa（F雨　魔理沙）","Minty Spire (QoL Compilation)","Quick Restart","Remilia（蕾米莉亚）","Replay The Spire","RumiaBox-露米娅的神秘盒子","StSLib"],"gold_per_floor":[109,109,184,184,34,62,62,62,62,75,104,123,7,24,24,120,120,136,136,36,36,36,64,82,116,139,139,139],"floor_reached":27,"playtime":627,"items_purged":["Defend_MRS","Defend_MRS"],"score":432,"play_id":"06883a6e-7ef9-46f4-9825-98262c2eae95","local_time":"20201216210733","is_ascension_mode":true,"campfire_choices":[{"data":"PropBag","floor":7.0,"key":"SMITH"},{"data":"UpSweep","floor":15.0,"key":"SMITH"}],"circlet_count":0,"master_deck":["Strike_MRS","Strike_MRS+1","Strike_MRS+1","Strike_MRS","Defend_MRS","Defend_MRS","MasterSpark","UpSweep+1","PropBag+1","EarthLightRay","MilkyWay","MilkyWay","MilkyWay","DarkMatter","GalacticHalo","MillisecondPulsars","PropBag","PulseMagic+1","BinaryStars"],"relics":["MiniHakkero","NeowsBlessing","AddBug","SecretRecord","SecretRecord","SecretRecord","SecretRecord"],"acts_visited":["Exordium","TheCity"],"potions_floor_usage":[25],"damage_taken":[{"damage":0.0,"enemies":"2 Louse","floor":1.0,"turns":1.0},{"damage":0.0,"enemies":"3 Sentries","floor":6.0,"turns":1.0},{"damage":0.0,"enemies":"Jaw Worm","floor":10.0,"turns":1.0},{"damage":15.0,"enemies":"Replay:BlueRogue","floor":11.0,"turns":5.0},{"damage":0.0,"enemies":"Small Slimes","floor":12.0,"turns":2.0},{"damage":3.0,"enemies":"Blue Slaver","floor":14.0,"turns":4.0},{"damage":0.0,"enemies":"Slime Boss","floor":16.0,"turns":8.0},{"damage":20.0,"enemies":"Shell Parasite","floor":18.0,"turns":5.0},{"damage":38.0,"enemies":"Gremlin Leader","floor":23.0,"turns":6.0},{"damage":7.0,"enemies":"Chosen","floor":24.0,"turns":4.0},{"damage":23,"enemies":"Slavers","floor":25,"turns":4},{"damage":0,"enemies":"Book of Stabbing","floor":27,"turns":1}],"seed_played":"6844307352526849929","potions_obtained":[{"floor":1.0,"key":"Dexterity Potion"},{"floor":10.0,"key":"Milkshake"},{"floor":12.0,"key":"EntropicBrew"},{"floor":23.0,"key":"Swift Potion"}],"is_trial":false,"path_per_floor":["M","?","?","T","$","E","R","$","T","M","E","M","$","M","R","B",null,"M","?","$","?","$","E","M","E","T","E"],"character_chosen":"MARISA","items_purchased":["PropBag","MilkyWay","DarkMatter","ReplayTheSpireMod:CursedCoin"],"campfire_rested":0,"item_purchase_floors":[5,13,13,20],"current_hp_per_floor":[68,53,42,42,42,42,42,42,42,42,33,39,39,42,42,48,68,54,54,54,54,54,23,23,8,8,8,8],"gold":139,"neow_bonus":"THREE_ENEMY_KILL","is_daily":false,"chose_seed":false,"campfire_upgraded":2,"win_rate":0.0,"timestamp":1608124053,"path_taken":["M","?","?","?","$","E","R","?","T","M","E","M","$","M","R","BOSS","M","?","$","?","$","E","M","E","T","E"],"items_purchased_type":["Card","Card","Card","Relic"],"build_version":"2020-12-13","purchased_purges":2,"victory":false,"max_hp_per_floor":[75,75,75,75,75,75,75,75,75,75,75,75,75,75,75,75,75,75,75,75,75,75,75,75,75,75,75,75],"card_choices":[{"not_picked":["ChargingUp","DoubleSpark","6A"],"picked":"SKIP","floor":1.0},{"not_picked":["DragonMeteor","AsteroidBelt","ShootingEcho"],"picked":"SKIP","floor":6.0},{"not_picked":["IllusionStar","RefractionSpark"],"picked":"EarthLightRay","floor":10.0},{"not_picked":["SuperPerseids","OneTimeOff"],"picked":"MilkyWay","floor":11.0},{"not_picked":["WitchOfGreed","AsteroidBelt","WitchLeyline"],"picked":"SKIP","floor":12.0},{"not_picked":["BigCrunch","NonDirectionalLaser"],"picked":"GalacticHalo","floor":14.0},{"not_picked":["BigCrunch","BlazingStar"],"picked":"MillisecondPulsars","floor":16.0},{"not_picked":["UnstableBomb","DoubleSpark+1","WitchLeyline"],"picked":"SKIP","floor":18.0},{"not_picked":["ChargeUpSpray","NonDirectionalLaser"],"picked":"PropBag","floor":23.0},{"not_picked":["EventHorizon","GrandCross"],"picked":"PulseMagic+1","floor":24.0},{"not_picked":["PropBag+1","MysteriousBeam+1"],"picked":"BinaryStars","floor":25}],"player_experience":375810,"relics_obtained":[{"floor":1.0,"key":"AddBug"},{"floor":4.0,"key":"Regal Pillow"},{"floor":6.0,"key":"Letter Opener"},{"floor":9.0,"key":"Grinning Jar"},{"floor":10.0,"key":"SecretRecord"},{"floor":11.0,"key":"Garlic"},{"floor":18.0,"key":"SecretRecord"},{"floor":23.0,"key":"Meat on the Bone"},{"floor":24.0,"key":"SecretRecord"},{"floor":25,"key":"Omamori"},{"floor":26,"key":"Juzu Bracelet"}],"event_choices":[{"damage_healed":0.0,"max_hp_gain":0.0,"max_hp_loss":0.0,"gold_gain":0.0,"event_name":"Shining Light","player_choice":"Entered Light","floor":2.0,"gold_loss":0.0,"damage_taken":15.0,"cards_upgraded":["Strike_MRS","Strike_MRS"]},{"damage_healed":0.0,"max_hp_gain":0.0,"max_hp_loss":0.0,"gold_gain":75.0,"event_name":"World of Goop","player_choice":"Gather Gold","floor":3.0,"gold_loss":0.0,"damage_taken":11.0},{"damage_healed":0.0,"max_hp_gain":0.0,"max_hp_loss":0.0,"gold_gain":0.0,"event_name":"Drug Dealer","player_choice":"Inject Mutagens","floor":19.0,"gold_loss":0.0,"damage_taken":0.0,"relics_obtained":["MutagenicStrength"]},{"damage_healed":0.0,"max_hp_gain":0.0,"max_hp_loss":0.0,"gold_gain":0.0,"event_name":"Vampires","player_choice":"Ignored","floor":21.0,"gold_loss":0.0,"damage_taken":0.0}],"is_beta":false,"boss_relics":[{"not_picked":["Runic Pyramid","SoulBox"],"picked":"Replay:Grab Bag"}],"items_purged_floors":[5,20],"is_endless":false,"potions_floor_spawned":[1,10,12,23],"killed_by":"Book of Stabbing","ascension_level":6}}