{"host":"77pvex58kafzx78l","time":1608101171,"event":{"mods":["BaseMod","Better Vampires","DeckTracker","Googly Eyes","Minty Spire (QoL Compilation)","Quick Restart","StSLib","SuperFastMode"],"gold_per_floor":[117,134,134,134,6,49,49,65,115,115,115],"floor_reached":10,"playtime":200,"items_purged":["Defend_P"],"score":109,"play_id":"a185e7df-eaa7-484c-b55d-e1d14d412b1d","local_time":"20201216144611","is_ascension_mode":true,"campfire_choices":[{"data":"Eruption","floor":7.0,"key":"SMITH"}],"circlet_count":0,"master_deck":["AscendersBane","Strike_P","Strike_P","Strike_P","Strike_P","Defend_P","Defend_P","Eruption+1","Vigilance","Halt","Prostrate","Consecrate","Study"],"relics":["Sozu","Golden Idol","Strawberry","Akabeko"],"acts_visited":["Exordium"],"potions_floor_usage":[],"damage_taken":[{"damage":4.0,"enemies":"Jaw Worm","floor":1.0,"turns":3.0},{"damage":7.0,"enemies":"Small Slimes","floor":2.0,"turns":3.0},{"damage":33.0,"enemies":"3 Sentries","floor":6.0,"turns":10.0},{"damage":0.0,"enemies":"Cultist","floor":8.0,"turns":3.0},{"damage":54,"enemies":"Gremlin Nob","floor":10,"turns":3}],"seed_played":"2019680010317637428","potions_obtained":[],"is_trial":false,"path_per_floor":["M","M","?","?","$","E","R","M","T","E"],"character_chosen":"WATCHER","items_purchased":["Prostrate"],"campfire_rested":0,"item_purchase_floors":[5],"current_hp_per_floor":[61,54,54,47,47,21,21,21,21,0,0],"gold":115,"neow_bonus":"BOSS_RELIC","is_daily":false,"chose_seed":false,"campfire_upgraded":1,"win_rate":0.0,"timestamp":1608101171,"path_taken":["M","M","?","?","$","E","R","M","T","E"],"items_purchased_type":["Card"],"build_version":"2020-12-13","purchased_purges":1,"victory":false,"max_hp_per_floor":[72,72,67,67,67,74,74,74,74,74,74],"card_choices":[{"not_picked":["Weave","Collect"],"picked":"Halt","floor":1.0},{"not_picked":["EmptyBody","FlyingSleeves","WindmillStrike"],"picked":"SKIP","floor":2.0},{"not_picked":["Protect","Prostrate"],"picked":"Consecrate","floor":6.0},{"not_picked":["SashWhip","CrushJoints"],"picked":"Study","floor":8.0}],"player_experience":269882,"relics_obtained":[{"floor":6.0,"key":"Strawberry"},{"floor":9.0,"key":"Akabeko"}],"event_choices":[{"damage_healed":0.0,"max_hp_gain":0.0,"max_hp_loss":5.0,"gold_gain":0.0,"event_name":"Golden Idol","player_choice":"Lose Max HP","floor":3.0,"gold_loss":0.0,"damage_taken":0.0,"relics_obtained":["Golden Idol"]},{"cards_removed":["Defend_P"],"damage_healed":0.0,"max_hp_gain":0.0,"max_hp_loss":0.0,"gold_gain":0.0,"event_name":"Golden Wing","player_choice":"Card Removal","floor":4.0,"gold_loss":0.0,"damage_taken":7.0}],"is_beta":false,"boss_relics":[],"items_purged_floors":[5],"is_endless":false,"potions_floor_spawned":[1,8],"killed_by":"Gremlin Nob","ascension_level":13}}