{"host":"j61pjxqytd94o6ng","time":1608080341,"event":{"mods":["BaseMod","Bestiary","Colored Map","Colored Powertips","Curses Come First","Filter the Spire","Minty Spire (QoL Compilation)","StSLib"],"gold_per_floor":[112,126,144,164,175,175,175,185,210,210,235,258,272,272,272,272,272],"floor_reached":16,"playtime":601,"items_purged":[],"score":172,"play_id":"a931dc12-8fd5-4a38-9aa7-7b9536bbe853","local_time":"20201215175901","is_ascension_mode":true,"campfire_choices":[{"data":"Storm of Steel","floor":6,"key":"SMITH"},{"data":"Riddle With Holes","floor":10,"key":"SMITH"},{"data":"Leg Sweep","floor":15,"key":"SMITH"}],"circlet_count":0,"master_deck":["AscendersBane","Strike_G","Strike_G","Strike_G","Strike_G+1","Defend_G","Defend_G","Defend_G+1","Defend_G","Defend_G","Survivor","Neutralize","Riddle With Holes+1","Bane","Footwork","Leg Sweep+1","Deadly Poison","Storm of Steel+1","Noxious Fumes","PiercingWail","Bane"],"relics":["Ring of the Snake","Nunchaku","Lantern","Smiling Mask"],"acts_visited":["Exordium"],"potions_floor_usage":[5,5,11],"damage_taken":[{"damage":3.0,"enemies":"Cultist","floor":1.0,"turns":4.0},{"damage":4.0,"enemies":"Jaw Worm","floor":2.0,"turns":3.0},{"damage":10.0,"enemies":"Small Slimes","floor":3.0,"turns":5.0},{"damage":0.0,"enemies":"2 Fungi Beasts","floor":4.0,"turns":4.0},{"damage":0,"enemies":"Gremlin Gang","floor":5,"turns":1},{"damage":1,"enemies":"Looter","floor":8,"turns":4},{"damage":16,"enemies":"Gremlin Nob","floor":11,"turns":3},{"damage":8,"enemies":"Blue Slaver","floor":13,"turns":3},{"damage":12,"enemies":"Hexaghost","floor":16,"turns":7}],"seed_played":"-3160397482776754742","potions_obtained":[{"floor":3.0,"key":"AttackPotion"},{"floor":4.0,"key":"Explosive Potion"},{"floor":5,"key":"SteroidPotion"},{"floor":8,"key":"Dexterity Potion"}],"is_trial":false,"path_per_floor":["M","M","M","M","M","R","?","M","T","R","E","T","M","?","R","B"],"character_chosen":"THE_SILENT","items_purchased":[],"campfire_rested":0,"item_purchase_floors":[],"current_hp_per_floor":[60,56,46,46,46,46,32,31,31,31,15,15,7,7,7,0,0],"gold":272,"neow_bonus":"THREE_CARDS","is_daily":false,"chose_seed":false,"campfire_upgraded":3,"win_rate":0.0,"timestamp":1608080341,"path_taken":["M","?","M","M","M","R","?","M","T","R","E","?","?","?","R","BOSS"],"items_purchased_type":[],"build_version":"2020-12-13","purchased_purges":0,"victory":false,"max_hp_per_floor":[70,70,70,70,70,70,70,70,70,70,70,70,70,70,70,70,70],"card_choices":[{"not_picked":["Deadly Poison","Outmaneuver"],"picked":"Riddle With Holes","floor":0.0},{"not_picked":["Sucker Punch","Slice"],"picked":"Bane","floor":1.0},{"not_picked":["Terror","Heel Hook"],"picked":"Footwork","floor":2.0},{"not_picked":["PiercingWail","Skewer"],"picked":"Leg Sweep","floor":3.0},{"not_picked":["Bane","Sucker Punch"],"picked":"Deadly Poison","floor":4.0},{"not_picked":["Flying Knee","Backflip"],"picked":"Storm of Steel","floor":5},{"not_picked":["Outmaneuver","Sucker Punch"],"picked":"Noxious Fumes","floor":8},{"not_picked":["All Out Attack","Slice"],"picked":"PiercingWail","floor":11},{"not_picked":["Deflect","Slice"],"picked":"Bane","floor":13}],"player_experience":445991,"relics_obtained":[{"floor":9,"key":"Nunchaku"},{"floor":11,"key":"Lantern"},{"floor":12,"key":"Smiling Mask"}],"event_choices":[{"damage_healed":0,"gold_gain":0,"player_choice":"Entered Light","damage_taken":14,"max_hp_gain":0,"max_hp_loss":0,"event_name":"Shining Light","floor":7,"gold_loss":0,"cards_upgraded":["Defend_G","Strike_G"]},{"cards_removed":["Strike_G"],"damage_healed":0,"gold_gain":0,"player_choice":"Forget","damage_taken":0,"max_hp_gain":0,"max_hp_loss":0,"event_name":"Living Wall","floor":14,"gold_loss":0}],"is_beta":false,"boss_relics":[],"items_purged_floors":[],"is_endless":false,"potions_floor_spawned":[3,4,5,8],"killed_by":"Hexaghost","ascension_level":13}}