{"host":"ei424ha2zqt1xblg","time":1608117245,"event":{"mods":["BaseMod","Downfall-Rebalance","Minty Spire (QoL Compilation)","MostiFishMod","StSLib","TestMod","Waifu the Spire"],"gold_per_floor":[116,133,152,171,571,600,610,643,643,521,549,549,579,596,596,668,668,681,711,711,724,545,578,578,613,613,613,645,664,679,706,706,791,791,806,820,829,375,394,431,460,501,524,550,569,579,613,630,630,630,630,630,17,61,61],"floor_reached":56,"playtime":2177,"items_purged":["Strike_G","Strike_G","Strike_G"],"score":2521,"play_id":"e1105481-ab5b-42de-84c0-01a2dbe0d742","local_time":"20201216191405","is_ascension_mode":true,"campfire_choices":[{"data":"Cloak And Dagger","floor":12.0,"key":"SMITH"},{"data":"MostiFishMod:Opportunism","floor":15.0,"key":"SMITH"},{"data":"Blade Dance","floor":24.0,"key":"SMITH"},{"data":"Accuracy","floor":27.0,"key":"SMITH"},{"floor":32.0,"key":"REST"},{"floor":49,"key":"RECALL"},{"data":"MostiFishMod:Dislodge","floor":52,"key":"SMITH"}],"circlet_count":0,"master_deck":["AscendersBane","Strike_G","Defend_G","Defend_G","Defend_G","Defend_G","Survivor","Neutralize","All Out Attack","Terror","Backflip","Doppelganger","Cloak And Dagger+1","MostiFishMod:Opportunism+1","Riddle With Holes","Accuracy+1","Corpse Explosion","Expertise","MostiFishMod:AdrenalineArouse","Blade Dance+1","Concentrate+1","Burst","MostiFishMod:LethalBlade","Phantasmal Killer","Terror","testmod-HeadAttack","Adrenaline","Riddle With Holes+1","MostiFishMod:Dislodge+1","Prepared+1","Burst","Master of Strategy","Crippling Poison"],"relics":["testmod-TestBox","Empty Cage","RhineSuit","testmod-Maize","Orichalcum","Turnip","testmod-AssaultLearning","testmod-BouquetWithThorns","Guardian:PocketSentry","ImportantClient","HaiYi:Twilight","Red Mask","CeramicFish","testmod-IndustrialRevolution","Blue Candle","Oddly Smooth Stone","Singing Bowl","RhineCircuit","Snake Skull","Calipers","Juzu Bracelet","testmod-LifeArmor","testmod-Hope","testmod-InfectionSource","Nunchaku"],"acts_visited":["Exordium","TheCity","TheBeyond","TheEnding"],"potions_floor_usage":[39,40,45,47,54,54,55],"damage_taken":[{"damage":0.0,"enemies":"Cultist","floor":1.0,"turns":3.0},{"damage":0.0,"enemies":"2 Louse","floor":2.0,"turns":2.0},{"damage":0.0,"enemies":"Jaw Worm","floor":3.0,"turns":3.0},{"damage":0.0,"enemies":"3 Louse","floor":4.0,"turns":3.0},{"damage":12.0,"enemies":"Gremlin Nob","floor":6.0,"turns":3.0},{"damage":3.0,"enemies":"Lots of Slimes","floor":7.0,"turns":2.0},{"damage":0.0,"enemies":"Lagavulin","floor":8.0,"turns":4.0},{"damage":14.0,"enemies":"Gremlin Nob","floor":11.0,"turns":4.0},{"damage":0.0,"enemies":"Lagavulin","floor":13.0,"turns":4.0},{"damage":0.0,"enemies":"Large Slime","floor":14.0,"turns":2.0},{"damage":0.0,"enemies":"The Guardian","floor":16.0,"turns":6.0},{"damage":0.0,"enemies":"Spheric Guardian","floor":18.0,"turns":3.0},{"damage":2.0,"enemies":"Masked Bandits","floor":19.0,"turns":3.0},{"damage":7.0,"enemies":"2 Thieves","floor":21.0,"turns":2.0},{"damage":8.0,"enemies":"Slavers","floor":23.0,"turns":3.0},{"damage":6.0,"enemies":"Gremlin Leader","floor":25.0,"turns":4.0},{"damage":15.0,"enemies":"Slavers","floor":28.0,"turns":2.0},{"damage":7.0,"enemies":"Snake Plant","floor":29.0,"turns":3.0},{"damage":0.0,"enemies":"3 Cultists","floor":30.0,"turns":2.0},{"damage":9.0,"enemies":"Book of Stabbing","floor":31.0,"turns":3.0},{"damage":4.0,"enemies":"Champ","floor":33.0,"turns":7.0},{"damage":9.0,"enemies":"3 Shapes","floor":35.0,"turns":4.0},{"damage":0.0,"enemies":"3 Darklings","floor":36.0,"turns":2.0},{"damage":5,"enemies":"Sphere and 2 Shapes","floor":39,"turns":4},{"damage":27,"enemies":"Nemesis","floor":40,"turns":5},{"damage":0,"enemies":"Transient","floor":41,"turns":5},{"damage":0,"enemies":"Giant Head","floor":42,"turns":3},{"damage":0,"enemies":"Spire Growth","floor":44,"turns":3},{"damage":6,"enemies":"4 Shapes","floor":45,"turns":3},{"damage":0,"enemies":"Transient","floor":46,"turns":5},{"damage":0,"enemies":"Reptomancer","floor":47,"turns":2},{"damage":0,"enemies":"Jaw Worm Horde","floor":48,"turns":2},{"damage":18,"enemies":"Time Eater","floor":50,"turns":7},{"damage":6,"enemies":"Shield and Spear","floor":54,"turns":5},{"damage":8,"enemies":"The Heart","floor":55,"turns":5}],"seed_played":"6366212077019548494","potions_obtained":[{"floor":2.0,"key":"Weak Potion"},{"floor":3.0,"key":"SteroidPotion"},{"floor":4.0,"key":"SmokeBomb"},{"floor":25.0,"key":"AttackPotion"},{"floor":31.0,"key":"FearPotion"},{"floor":33.0,"key":"Guardian:BlockOnCardUsePotion"},{"floor":40,"key":"Poison Potion"},{"floor":41,"key":"Dexterity Potion"},{"floor":44,"key":"Swift Potion"},{"floor":46,"key":"Swift Potion"},{"floor":48,"key":"Explosive Potion"},{"floor":54,"key":"testmod-SpacePotion"}],"is_trial":false,"path_per_floor":["M","M","M","M","?","E","M","E","T","?","E","R","E","M","R","B",null,"M","?","?","M","$","E","R","E","T","R","E","M","M","E","R","B",null,"M","M","?","$","M","E","M","E","T","M","M","M","E","M","R","B",null,"R","$","E","B",null],"character_chosen":"THE_SILENT","items_purchased":["Blade Dance","testmod-SpacePotion","Swift Potion","Snake Skull","Phantasmal Killer","Terror","testmod-HeadAttack","ColorlessPotion","testmod-InfectionSource","Burst","Master of Strategy","LiquidMemories"],"campfire_rested":1,"item_purchase_floors":[22,22,22,38,38,38,38,38,53,53,53,53],"current_hp_per_floor":[59,59,59,59,59,47,44,44,44,44,30,30,30,30,30,30,57,57,55,55,48,48,40,40,34,34,34,19,12,12,5,25,21,56,49,51,51,51,48,21,21,21,21,21,17,19,21,23,23,5,63,63,63,57,49],"gold":61,"neow_bonus":"BOSS_RELIC","is_daily":false,"chose_seed":false,"campfire_upgraded":5,"win_rate":0.0,"timestamp":1608117245,"path_taken":["M","M","?","M","?","E","M","E","T","?","E","R","E","?","R","BOSS","M","?","?","M","$","E","R","E","T","R","E","M","M","E","R","BOSS","M","M","?","$","M","E","M","E","T","M","M","M","E","M","R","BOSS","R","$","E","BOSS"],"items_purchased_type":["Card","Potion","Potion","Relic","Card","Card","Card","Potion","Relic","Card","Card","Potion"],"build_version":"2020-12-13","purchased_purges":3,"victory":true,"max_hp_per_floor":[66,66,66,66,66,66,66,66,66,66,66,66,66,66,66,66,66,66,66,66,66,66,66,66,66,66,66,66,66,66,68,68,68,68,70,72,72,72,74,74,74,74,74,74,76,78,80,82,82,82,82,82,82,82,82],"card_choices":[{"not_picked":["Quick Slash","Sucker Punch"],"picked":"All Out Attack","floor":1.0},{"not_picked":["Dagger Spray","PiercingWail"],"picked":"Terror","floor":2.0},{"not_picked":["Poisoned Stab","Bouncing Flask"],"picked":"Backflip","floor":3.0},{"not_picked":["Backflip","Outmaneuver"],"picked":"Doppelganger","floor":4.0},{"not_picked":["Underhanded Strike","Backflip"],"picked":"Cloak And Dagger","floor":6.0},{"not_picked":["Outmaneuver","Leg Sweep","Infinite Blades"],"picked":"SKIP","floor":7.0},{"not_picked":["Outmaneuver","Leg Sweep","Infinite Blades"],"picked":"SKIP","floor":7.0},{"not_picked":["Quick Slash","Poisoned Stab","Slice"],"picked":"SKIP","floor":8.0},{"not_picked":["Bane","Dodge and Roll"],"picked":"MostiFishMod:Opportunism","floor":11.0},{"not_picked":["Riddle With Holes","Heel Hook","Deadly Poison"],"picked":"SKIP","floor":13.0},{"not_picked":["Heel Hook","Deadly Poison"],"picked":"Riddle With Holes","floor":13.0},{"not_picked":["Poisoned Stab","Deadly Poison"],"picked":"Accuracy","floor":14.0},{"not_picked":["Envenom","Malaise"],"picked":"Corpse Explosion","floor":16.0},{"not_picked":["Deflect","Outmaneuver","Sucker Punch"],"picked":"SKIP","floor":18.0},{"not_picked":["Slice","Bouncing Flask+1"],"picked":"Expertise","floor":19.0},{"not_picked":["Flying Knee","Poisoned Stab","Endless Agony"],"picked":"SKIP","floor":21.0},{"not_picked":["Masterful Stab+1","MostiFishMod:Neurotoxin","Bouncing Flask"],"picked":"SKIP","floor":23.0},{"not_picked":["Cloak And Dagger","Outmaneuver","Concentrate+1"],"picked":"SKIP","floor":25.0},{"not_picked":["Cloak And Dagger","Outmaneuver"],"picked":"Concentrate+1","floor":25.0},{"not_picked":["Prepared","Dagger Throw","MostiFishMod:PerfectParry"],"picked":"SKIP","floor":28.0},{"not_picked":["Prepared","Dagger Throw","MostiFishMod:PerfectParry"],"picked":"SKIP","floor":28.0},{"not_picked":["Dodge and Roll","Backflip","Calculated Gamble"],"picked":"SKIP","floor":29.0},{"not_picked":["Cloak And Dagger","MostiFishMod:GrandStart","Caltrops"],"picked":"SKIP","floor":30.0},{"not_picked":["MostiFishMod:PerfectParry","All Out Attack","Poisoned Stab"],"picked":"Singing Bowl","floor":31.0},{"not_picked":["MostiFishMod:VineMother","Tools of the Trade"],"picked":"Burst","floor":33.0},{"not_picked":["PiercingWail","Catalyst+1","Skewer"],"picked":"Singing Bowl","floor":35.0},{"not_picked":["PiercingWail","MostiFishMod:PoisonShield","Choke+1"],"picked":"Singing Bowl","floor":36.0},{"not_picked":["Distraction","Deflect","Bouncing Flask"],"picked":"Singing Bowl","floor":39},{"not_picked":["Setup+1","Dagger Throw+1"],"picked":"Adrenaline","floor":40},{"not_picked":["MostiFishMod:ThornCasing","MostiFishMod:InvigoratingSolution+1"],"picked":"Riddle With Holes+1","floor":41},{"not_picked":["Poisoned Stab","Finisher"],"picked":"MostiFishMod:Dislodge","floor":42},{"not_picked":["Deflect","Deadly Poison+1"],"picked":"Prepared+1","floor":44},{"not_picked":["PiercingWail+1","Outmaneuver","Underhanded Strike+1"],"picked":"Singing Bowl","floor":45},{"not_picked":["Terror","Outmaneuver","Choke"],"picked":"Singing Bowl","floor":46},{"not_picked":["Dagger Throw","Deflect","PiercingWail"],"picked":"Singing Bowl","floor":47},{"not_picked":["Sucker Punch","Concentrate","Finisher"],"picked":"Singing Bowl","floor":48},{"not_picked":["Deflect+1","MostiFishMod:FrostNova"],"picked":"Crippling Poison","floor":54}],"player_experience":437366,"relics_obtained":[{"floor":6.0,"key":"Orichalcum"},{"floor":8.0,"key":"Turnip"},{"floor":11.0,"key":"testmod-BouquetWithThorns"},{"floor":13.0,"key":"Guardian:PocketSentry"},{"floor":16.0,"key":"ImportantClient"},{"floor":19.0,"key":"Red Mask"},{"floor":23.0,"key":"CeramicFish"},{"floor":25.0,"key":"testmod-IndustrialRevolution"},{"floor":26.0,"key":"Blue Candle"},{"floor":28.0,"key":"Oddly Smooth Stone"},{"floor":31.0,"key":"Singing Bowl"},{"floor":40,"key":"Calipers"},{"floor":42,"key":"Juzu Bracelet"},{"floor":43,"key":"testmod-LifeArmor"},{"floor":47,"key":"testmod-Hope"},{"floor":54,"key":"Nunchaku"}],"event_choices":[{"damage_healed":0.0,"max_hp_gain":0.0,"max_hp_loss":0.0,"gold_gain":400.0,"event_name":"¶÷ÂåË¹µÄÅÌ×Ó","player_choice":"Sell","floor":5.0,"relics_lost":["DaveBox"],"gold_loss":0.0,"damage_taken":0.0},{"damage_healed":0.0,"max_hp_gain":0.0,"max_hp_loss":0.0,"gold_gain":0.0,"event_name":"WeMeetAgain","player_choice":"Paid Gold","floor":10.0,"gold_loss":122.0,"damage_taken":0.0,"relics_obtained":["testmod-AssaultLearning"]},{"damage_healed":0.0,"max_hp_gain":0.0,"max_hp_loss":0.0,"gold_gain":0.0,"event_name":"Masked Bandits","player_choice":"Fought Bandits","floor":19.0,"gold_loss":0.0,"damage_taken":0.0},{"damage_healed":0.0,"max_hp_gain":0.0,"max_hp_loss":0.0,"gold_gain":0.0,"event_name":"The Library","player_choice":"Read","floor":20.0,"gold_loss":0.0,"damage_taken":0.0,"cards_obtained":["MostiFishMod:AdrenalineArouse"]},{"damage_healed":0,"gold_gain":0,"player_choice":"1 cards matched","damage_taken":0,"max_hp_gain":0,"max_hp_loss":0,"event_name":"Match and Keep!","floor":37,"gold_loss":0,"cards_obtained":["MostiFishMod:LethalBlade"]}],"is_beta":false,"boss_relics":[{"not_picked":["HoveringKite","Sozu"],"picked":"HaiYi:Twilight"},{"not_picked":["FixedStarFall","Snecko Eye"],"picked":"RhineCircuit"}],"items_purged_floors":[22,38,53],"is_endless":false,"potions_floor_spawned":[2,3,4,11,18,19,25,31,33,40,41,44,46,48,54],"ascension_level":15}}