{"host":"i3w38rq1z4slkels","time":1608108304,"event":{"mods":["2.2 Compatiblity","Act Like it!","BaseMod","Better Match","Better Vampires","BetterRewards","Conspire","Downfall","Minty Spire (QoL Compilation)","Rare Cards Sparkle","Replay The Spire","StSLib"],"gold_per_floor":[99,99,99,24,9,9,9,28,45,78,94,112,124,135,145,247,247,97,113,129,166,166,166,166,166,196,196,206,220,220,239,256,356,356,356,375,375,375,375,400,400,411,430,430,125,125,125,125,142,142],"floor_reached":51,"playtime":2766,"items_purged":["sneckomod:Strike"],"score":799,"play_id":"c9200b7c-fb13-45cc-8812-7799d606acbc","local_time":"20201216154504","is_ascension_mode":false,"campfire_choices":[{"floor":1,"key":"RECALL"},{"data":"sneckomod:SnekBite","floor":4,"key":"SMITH"},{"data":"sneckomod:SoulCleanse","floor":18,"key":"SMITH"},{"floor":22,"key":"REST"},{"data":"sneckomod:UnknownRareAttack","floor":25,"key":"SMITH"},{"data":"sneckomod:SerpentIdol","floor":27,"key":"SMITH"},{"data":"sneckomod:SerpentMind","floor":35,"key":"SMITH"},{"data":"sneckomod:UnknownRarePower","floor":39,"key":"SMITH"},{"data":"sneckomod:Cheat","floor":44,"key":"SMITH"}],"circlet_count":0,"master_deck":["sneckomod:Strike","sneckomod:Strike","sneckomod:Defend","sneckomod:Defend","sneckomod:Defend","sneckomod:TailWhip","sneckomod:SnekBite+1","sneckomod:Unknown","sneckomod:WideSting+1","Slimebound:SlimeCrush","sneckomod:SoulCleanse+1","sneckomod:UnknownUncommonPower","sneckomod:UnknownRareAttack+1","sneckomod:DiceCrush","sneckomod:SlitherStrike+1","sneckomod:SerpentIdol+1","sneckomod:Cheat+1","sneckomod:Nope+1","sneckomod:Bewildered","sneckomod:UnknownRarePower+1","sneckomod:SerpentMind+1","sneckomod:PureSnecko+1","Replay:SS_hec_4","sneckomod:CheapStock"],"relics":["sneckomod:SneckoSoul","Bag of Marbles","Tiny Chest","downfall:HeartBlessingRed","Onion Ring","expansioncontent:StudyCardRelic","downfall:HeartBlessingBlue","downfall:HeartBlessingGreen","Garlic","Divine Protection","Shuriken","Toy Ornithopter","sneckomod:BabySnecko","SacredBark","Question Card","Akabeko","Kunai","Replay:Baseball","Gambling Chip","Prayer Wheel"],"acts_visited":["Exordium","TheCity","TheBeyond"],"potions_floor_usage":[21,28,33,36,36,40],"damage_taken":[{"damage":5,"enemies":"downfall:FleeingMerchant","floor":5,"turns":4},{"damage":2,"enemies":"conspire:RoseBush","floor":8,"turns":2},{"damage":0,"enemies":"2 Louse","floor":9,"turns":1},{"damage":1,"enemies":"Gremlin Nob","floor":10,"turns":2},{"damage":1,"enemies":"Jaw Worm","floor":11,"turns":2},{"damage":0,"enemies":"Large Slime","floor":12,"turns":3},{"damage":0,"enemies":"2 Fungi Beasts","floor":13,"turns":1},{"damage":4,"enemies":"conspire:2 RoseBushes","floor":14,"turns":2},{"damage":0,"enemies":"Blue Slaver","floor":15,"turns":1},{"damage":33,"enemies":"downfall:Silent","floor":16,"turns":3},{"damage":3,"enemies":"Shell Parasite","floor":19,"turns":3},{"damage":30,"enemies":"conspire:HollyBat","floor":20,"turns":5},{"damage":51,"enemies":"conspire:MimicChest","floor":21,"turns":7},{"damage":15,"enemies":"Gremlin Leader","floor":26,"turns":5},{"damage":0,"enemies":"3 Cultists","floor":28,"turns":1},{"damage":7,"enemies":"Snecko","floor":29,"turns":2},{"damage":0,"enemies":"Snake Plant","floor":31,"turns":2},{"damage":0,"enemies":"3 Cultists","floor":32,"turns":2},{"damage":42,"enemies":"downfall:Ironclad","floor":33,"turns":5},{"damage":5,"enemies":"3 Darklings","floor":36,"turns":3},{"damage":45,"enemies":"R_Hoarder","floor":40,"turns":6},{"damage":4,"enemies":"Orb Walker","floor":42,"turns":2},{"damage":4,"enemies":"Jaw Worm Horde","floor":43,"turns":3},{"damage":0,"enemies":"downfall:FleeingMerchant","floor":45,"turns":4},{"damage":0,"enemies":"3 Darklings","floor":49,"turns":1},{"damage":17,"enemies":"downfall:Watcher","floor":50,"turns":5}],"seed_played":"-3236536563718255195","potions_obtained":[{"floor":9,"key":"ColorlessPotion"},{"floor":14,"key":"EssenceOfSteel"},{"floor":15,"key":"ColorlessPotion"},{"floor":21,"key":"sneckomod:DiceRollPotion"},{"floor":29,"key":"LiquidBronze"},{"floor":36,"key":"Toxic Potion"},{"floor":42,"key":"AttackPotion"},{"floor":43,"key":"BlessingOfTheForge"}],"is_trial":false,"path_per_floor":["R","?","?","R","$","?","T","M","M","E","M","M","M","M","M","B",null,"R","M","M","?","R","T","T","R","E","R","M","M","?","M","M","B",null,"R","M","?","T","R","E","T","M","M","R","$","?","?","T","M","B",null],"character_chosen":"THE_SNECKO","items_purchased":["sneckomod:CheapStock","Replay:Baseball"],"campfire_rested":1,"item_purchase_floors":[45,45],"current_hp_per_floor":[90,90,87,87,82,82,82,80,81,88,87,87,87,83,83,62,92,102,99,69,23,53,53,53,53,38,38,43,51,51,51,52,15,103,103,98,98,98,98,58,58,54,50,50,50,50,50,50,50,48],"gold":142,"neow_bonus":"RANDOM_COMMON_RELIC","is_daily":false,"chose_seed":false,"campfire_upgraded":7,"win_rate":0.0,"timestamp":1608108304,"path_taken":["R","?","?","R","$","?","T","?","M","E","M","M","M","M","M","BOSS","R","M","M","?","R","?","T","R","E","R","M","M","?","?","M","BOSS","R","M","?","?","R","E","T","?","M","R","$","?","?","?","M","BOSS"],"items_purchased_type":["Card","Relic"],"build_version":"2020-12-13","purchased_purges":1,"victory":true,"max_hp_per_floor":[90,90,90,90,90,90,90,90,91,92,92,92,92,92,92,92,92,102,102,102,102,102,102,102,102,102,102,102,102,102,102,103,103,103,103,103,103,103,103,103,103,103,103,103,103,103,103,103,103,103],"card_choices":[{"not_picked":["sneckomod:UnknownStrike","sneckomod:UnknownWeak","sneckomod:IronFang"],"picked":"SKIP","floor":5},{"not_picked":["sneckomod:UnknownBlock","sneckomod:SoulDraw"],"picked":"sneckomod:SoulCleanse","floor":8},{"not_picked":["sneckomod:UnknownCommonAttack","sneckomod:RainOfDice"],"picked":"sneckomod:UnknownUncommonPower","floor":9},{"not_picked":["sneckomod:DefensiveFlair","sneckomod:MasterEye"],"picked":"sneckomod:UnknownRareAttack","floor":10},{"not_picked":["sneckomod:UnknownStrike","sneckomod:UnknownWeak"],"picked":"sneckomod:DiceCrush","floor":11},{"not_picked":["sneckomod:UnknownClassTHE_CHAMP_GRAY","sneckomod:Unknown0Cost","sneckomod:UnknownVulnerable"],"picked":"SKIP","floor":12},{"not_picked":["sneckomod:UnknownEthereal","sneckomod:UnknownWeak"],"picked":"sneckomod:SlitherStrike","floor":13},{"not_picked":["sneckomod:UnknownClassRED","sneckomod:UnknownClassHEXA_GHOST_PURPLE"],"picked":"sneckomod:SerpentIdol","floor":14},{"not_picked":["sneckomod:Unknown0Cost","sneckomod:Unknown2Cost","sneckomod:QuickBite"],"picked":"SKIP","floor":15},{"not_picked":["sneckomod:UnknownRarePower","sneckomod:UnknownRareSkill"],"picked":"sneckomod:Cheat","floor":16},{"not_picked":["sneckomod:UnknownVulnerable","sneckomod:QuickMove","sneckomod:Nope"],"picked":"SKIP","floor":19},{"not_picked":["sneckomod:SerpentIdol","sneckomod:DiceCrush"],"picked":"sneckomod:Nope+1","floor":20},{"not_picked":["sneckomod:SoulRoll","sneckomod:IronFang","sneckomod:DiceBlock"],"picked":"SKIP","floor":26},{"not_picked":["sneckomod:UnknownWeak","sneckomod:UnknownCommonSkill","sneckomod:DiceBlock"],"picked":"SKIP","floor":28},{"not_picked":["sneckomod:UnknownClassPURPLE","sneckomod:ImprovisedGuard","sneckomod:DiceBlock"],"picked":"SKIP","floor":29},{"not_picked":["sneckomod:UnknownUncommonSkill","sneckomod:SoulRoll+1","sneckomod:UnknownBlock+1"],"picked":"SKIP","floor":31},{"not_picked":["sneckomod:UnknownStrike+1","sneckomod:WideSting"],"picked":"sneckomod:UnknownRarePower","floor":32},{"not_picked":["sneckomod:Cheat","sneckomod:UnknownRareAttack"],"picked":"sneckomod:SerpentMind","floor":33},{"not_picked":["sneckomod:UnknownClassGUARDIAN+1","sneckomod:WideSting+1"],"picked":"sneckomod:PureSnecko+1","floor":36},{"not_picked":["expansioncontent:Torchfire","expansioncontent:DecasProtection"],"picked":"Replay:SS_hec_4","floor":37},{"not_picked":["sneckomod:UnknownClassTHE_CHAMP_GRAY+1","sneckomod:Rotation+1","sneckomod:DefensiveFlair+1","sneckomod:Nope+1"],"picked":"SKIP","floor":40},{"not_picked":["sneckomod:MasterEye+1","sneckomod:DiceCrush+1","sneckomod:RainOfDice+1","sneckomod:UnknownCommonSkill+1"],"picked":"SKIP","floor":42},{"not_picked":["sneckomod:QuickMove","sneckomod:SoulCleanse+1","sneckomod:SnekBeam+1","sneckomod:IronFang"],"picked":"SKIP","floor":43},{"not_picked":["sneckomod:UnknownStrike","sneckomod:UnknownEthereal+1","sneckomod:QuickBite","sneckomod:UnknownCommonAttack+1"],"picked":"SKIP","floor":45},{"not_picked":["sneckomod:TrashToTreasure+1","sneckomod:Unknown1Cost","sneckomod:UnknownWeak","sneckomod:UnknownStrike"],"picked":"SKIP","floor":49},{"not_picked":["sneckomod:UnknownClassTHE_CHAMP_GRAY","sneckomod:PureSnecko+1","sneckomod:UnknownCommonAttack+1","sneckomod:UnknownUncommonPower"],"picked":"SKIP","floor":49}],"player_experience":426649,"relics_obtained":[{"floor":10,"key":"Onion Ring"},{"floor":21,"key":"Garlic"},{"floor":23,"key":"Divine Protection"},{"floor":24,"key":"Shuriken"},{"floor":26,"key":"Toy Ornithopter"},{"floor":38,"key":"Question Card"},{"floor":40,"key":"Akabeko"},{"floor":41,"key":"Kunai"},{"floor":47,"key":"Gambling Chip"},{"floor":48,"key":"Prayer Wheel"}],"event_choices":[{"damage_healed":0,"gold_gain":0,"player_choice":"Success","damage_taken":3,"relics_obtained":["Tiny Chest"],"max_hp_gain":0,"max_hp_loss":0,"event_name":"Scrap Ooze","floor":3,"gold_loss":0}],"is_beta":false,"boss_relics":[{"not_picked":["Cursed Key","Ring of Chaos"],"picked":"expansioncontent:StudyCardRelic"},{"not_picked":["conspire:SlowCooker","Busted Crown"],"picked":"SacredBark"}],"items_purged_floors":[45],"is_endless":false,"potions_floor_spawned":[9,14,15,16,19,21,29,31,36,42,43,49],"ascension_level":0}}