{"host":"f0gpob8hq9vgebej","time":1608127429,"event":{"mods":["AchievementEnabler","BaseMod","Googly Eyes","Minty Spire (QoL Compilation)","Quick Restart","SuperFastMode"],"gold_per_floor":[114,132,132,143,161,161,177,22,22,22,22,48,66,51,51,147,147,160,60,80,93,104,104,119,130,155,172,188,188,63,63,63,162,162,177,177,177,196,210,210,10,45,45,56,56,86,86,121,121,121],"floor_reached":51,"playtime":1485,"items_purged":["Strike_G","Doppelganger","Bane","Deflect"],"score":1171,"play_id":"3eab3972-fb07-4cb6-8490-75ca038d72a5","local_time":"20201216230349","is_ascension_mode":true,"campfire_choices":[{"data":"Apotheosis","floor":6.0,"key":"SMITH"},{"floor":10.0,"key":"REST"},{"floor":15.0,"key":"REST"},{"data":"Phantasmal Killer","floor":23,"key":"SMITH"},{"floor":32,"key":"REST"},{"data":"Accuracy","floor":40,"key":"SMITH"},{"data":"Envenom","floor":45,"key":"SMITH"},{"floor":47,"key":"REST"},{"data":"Terror","floor":49,"key":"SMITH"}],"circlet_count":0,"master_deck":["Survivor","Neutralize","Apotheosis+1","Acrobatics","Cloak And Dagger","Blade Dance","Accuracy+1","Prepared","Envenom+1","Cloak And Dagger","Concentrate","Adrenaline","Tactician","Phantasmal Killer+1","Blur","Escape Plan+1","Backflip","Prepared+1","Blade Dance+1","Tactician","Acrobatics","Tactician","Escape Plan+1","Reflex","Terror+1"],"relics":["Ring of the Snake","Prayer Wheel","Pantograph","Pandora\u0027s Box","Strawberry","Runic Pyramid","CaptainsWheel","Dream Catcher","Mango","StoneCalendar"],"acts_visited":["Exordium","TheCity","TheBeyond"],"potions_floor_usage":[16,25,33,33,50,50],"damage_taken":[{"damage":1.0,"enemies":"Small Slimes","floor":1.0,"turns":5.0},{"damage":0.0,"enemies":"Jaw Worm","floor":2.0,"turns":5.0},{"damage":14.0,"enemies":"2 Louse","floor":4.0,"turns":2.0},{"damage":4.0,"enemies":"Red Slaver","floor":5.0,"turns":4.0},{"damage":11.0,"enemies":"Lots of Slimes","floor":7.0,"turns":4.0},{"damage":8.0,"enemies":"3 Sentries","floor":12.0,"turns":5.0},{"damage":0.0,"enemies":"2 Fungi Beasts","floor":13.0,"turns":3.0},{"damage":3.0,"enemies":"Exordium Thugs","floor":14.0,"turns":2.0},{"damage":8,"enemies":"The Guardian","floor":16,"turns":11},{"damage":3,"enemies":"Spheric Guardian","floor":18,"turns":4},{"damage":8,"enemies":"3 Byrds","floor":20,"turns":3},{"damage":11,"enemies":"Centurion and Healer","floor":21,"turns":4},{"damage":0,"enemies":"Cultist and Chosen","floor":22,"turns":5},{"damage":15,"enemies":"3 Cultists","floor":24,"turns":4},{"damage":10,"enemies":"Centurion and Healer","floor":25,"turns":4},{"damage":0,"enemies":"Sentry and Sphere","floor":27,"turns":3},{"damage":7,"enemies":"Snake Plant","floor":28,"turns":6},{"damage":7,"enemies":"Collector","floor":33,"turns":5},{"damage":0,"enemies":"Orb Walker","floor":35,"turns":3},{"damage":0,"enemies":"3 Shapes","floor":38,"turns":2},{"damage":0,"enemies":"Maw","floor":39,"turns":3},{"damage":0,"enemies":"Giant Head","floor":42,"turns":2},{"damage":0,"enemies":"Writhing Mass","floor":44,"turns":3},{"damage":0,"enemies":"Reptomancer","floor":46,"turns":2},{"damage":0,"enemies":"Nemesis","floor":48,"turns":3},{"damage":28,"enemies":"Time Eater","floor":50,"turns":4}],"seed_played":"-3680125046473207019","potions_obtained":[{"floor":4.0,"key":"GamblersBrew"},{"floor":13.0,"key":"SmokeBomb"},{"floor":20,"key":"LiquidBronze"},{"floor":24,"key":"SkillPotion"},{"floor":25,"key":"SteroidPotion"},{"floor":33,"key":"Fruit Juice"},{"floor":38,"key":"Explosive Potion"},{"floor":42,"key":"Dexterity Potion"}],"is_trial":false,"path_per_floor":["M","M","?","M","M","R","M","$","T","R","?","E","M","M","R","B",null,"M","$","M","M","M","R","M","M","T","M","M","?","$","?","R","B",null,"M","?","?","M","M","R","$","E","T","M","R","E","R","E","R","B",null],"character_chosen":"THE_SILENT","items_purchased":["Accuracy","PowerPotion"],"campfire_rested":4,"item_purchase_floors":[8,41],"current_hp_per_floor":[62,62,55,41,37,37,26,26,26,47,52,44,44,41,63,67,73,70,70,62,51,51,51,36,26,33,33,26,26,26,26,50,73,84,84,84,84,84,84,84,84,84,84,84,84,98,101,101,101,73],"gold":121,"neow_bonus":"RANDOM_COLORLESS_2","is_daily":false,"chose_seed":false,"campfire_upgraded":5,"win_rate":0.0,"timestamp":1608127429,"path_taken":["M","M","?","M","M","R","M","$","T","R","?","E","M","M","R","BOSS","M","$","M","M","M","R","M","M","T","M","M","?","$","?","R","BOSS","M","?","?","M","M","R","$","E","T","?","R","E","R","E","R","BOSS"],"items_purchased_type":["Card","Potion"],"build_version":"2020-12-13","purchased_purges":4,"victory":true,"max_hp_per_floor":[70,70,70,70,70,70,70,70,70,70,75,75,75,75,75,75,75,75,75,75,75,75,75,75,75,82,82,82,82,82,82,82,87,87,87,87,87,87,87,87,87,87,87,87,87,101,101,101,101,101],"card_choices":[{"not_picked":["Secret Weapon","Thinking Ahead"],"picked":"Apotheosis","floor":0.0},{"not_picked":["Slice","Quick Slash"],"picked":"Dagger Spray","floor":1.0},{"not_picked":["Poisoned Stab","Footwork"],"picked":"Acrobatics","floor":2.0},{"not_picked":["Eviscerate","Caltrops","Bane"],"picked":"SKIP","floor":4.0},{"not_picked":["Dash","Deadly Poison"],"picked":"Cloak And Dagger","floor":5.0},{"not_picked":["Unload","Dodge and Roll"],"picked":"Blade Dance","floor":7.0},{"not_picked":["Terror","Bane"],"picked":"Noxious Fumes","floor":12.0},{"not_picked":["Flying Knee","Terror"],"picked":"Prepared","floor":13.0},{"not_picked":["Outmaneuver","Distraction","Riddle With Holes"],"picked":"SKIP","floor":13.0},{"not_picked":["Doppelganger","Glass Knife"],"picked":"Envenom","floor":16},{"not_picked":["Sucker Punch","Poisoned Stab"],"picked":"Escape Plan+1","floor":18},{"not_picked":["Blade Dance","Flying Knee","Reflex"],"picked":"SKIP","floor":18},{"not_picked":["Cloak And Dagger","Dagger Spray+1"],"picked":"Backflip","floor":20},{"not_picked":["Dagger Throw","Slice","Poisoned Stab"],"picked":"SKIP","floor":20},{"not_picked":["Infinite Blades+1","Cloak And Dagger"],"picked":"Prepared+1","floor":21},{"not_picked":["Deadly Poison","Sucker Punch","Setup"],"picked":"SKIP","floor":21},{"not_picked":["PiercingWail","Deadly Poison"],"picked":"Blade Dance+1","floor":22},{"not_picked":["Deadly Poison","Dagger Throw","Night Terror"],"picked":"SKIP","floor":22},{"not_picked":["Sucker Punch","Underhanded Strike+1"],"picked":"Tactician","floor":24},{"not_picked":["Dodge and Roll","Backflip","Caltrops+1"],"picked":"SKIP","floor":24},{"not_picked":["Night Terror","Masterful Stab"],"picked":"Acrobatics","floor":25},{"not_picked":["Backstab","Sucker Punch"],"picked":"Tactician","floor":25},{"not_picked":["Cloak And Dagger+1","Skewer"],"picked":"Escape Plan+1","floor":27},{"not_picked":["Concentrate","Outmaneuver","Dodge and Roll"],"picked":"SKIP","floor":27},{"not_picked":["Caltrops","Dagger Spray","Bane"],"picked":"SKIP","floor":28},{"not_picked":["Deflect","Finisher+1","Cloak And Dagger+1"],"picked":"SKIP","floor":28},{"not_picked":["Quick Slash+1","Flechettes+1","Backflip"],"picked":"SKIP","floor":35},{"not_picked":["Poisoned Stab","Flying Knee","Sucker Punch"],"picked":"SKIP","floor":35},{"not_picked":["Sucker Punch+1","Caltrops+1","Cloak And Dagger+1"],"picked":"SKIP","floor":38},{"not_picked":["Unload","Outmaneuver+1","Caltrops"],"picked":"SKIP","floor":38},{"not_picked":["Flying Knee+1","Dagger Throw"],"picked":"Reflex","floor":39},{"not_picked":["Slice+1","Dodge and Roll","Poisoned Stab+1"],"picked":"SKIP","floor":39},{"not_picked":["Unload","All Out Attack+1","Distraction+1"],"picked":"SKIP","floor":42},{"not_picked":["Outmaneuver","Slice+1","Quick Slash+1"],"picked":"SKIP","floor":44},{"not_picked":["Acrobatics","Bane","Outmaneuver+1"],"picked":"SKIP","floor":44},{"not_picked":["Infinite Blades","Underhanded Strike+1","PiercingWail+1"],"picked":"SKIP","floor":46},{"not_picked":["Concentrate+1","Slice"],"picked":"Terror","floor":48}],"player_experience":151694,"relics_obtained":[{"floor":9.0,"key":"Prayer Wheel"},{"floor":12.0,"key":"Pantograph"},{"floor":26,"key":"Strawberry"},{"floor":42,"key":"CaptainsWheel"},{"floor":43,"key":"Dream Catcher"},{"floor":46,"key":"Mango"},{"floor":48,"key":"StoneCalendar"}],"event_choices":[{"cards_removed":["Shame"],"damage_healed":0.0,"max_hp_gain":0.0,"max_hp_loss":0.0,"gold_gain":0.0,"event_name":"Golden Wing","player_choice":"Card Removal","floor":3.0,"gold_loss":0.0,"damage_taken":7.0},{"damage_healed":0.0,"max_hp_gain":5.0,"max_hp_loss":0.0,"gold_gain":0.0,"event_name":"Big Fish","player_choice":"Donut","floor":11.0,"gold_loss":0.0,"damage_taken":0.0},{"damage_healed":0,"gold_gain":0,"player_choice":"Ignored","damage_taken":0,"max_hp_gain":0,"max_hp_loss":0,"event_name":"Vampires","floor":29,"gold_loss":0},{"cards_removed":["Noxious Fumes"],"damage_healed":0,"gold_gain":0,"player_choice":"Removed Power","damage_taken":0,"max_hp_gain":0,"max_hp_loss":0,"event_name":"Falling","floor":36,"gold_loss":0},{"cards_removed":["Dagger Spray"],"damage_healed":0,"gold_gain":0,"player_choice":"Card Removal","damage_taken":0,"max_hp_gain":0,"max_hp_loss":0,"event_name":"Wheel of Change","floor":37,"gold_loss":0}],"is_beta":false,"boss_relics":[{"not_picked":["Ring of the Serpent","Philosopher\u0027s Stone"],"picked":"Pandora\u0027s Box"},{"not_picked":["WristBlade","Busted Crown"],"picked":"Runic Pyramid"}],"items_purged_floors":[8,19,30,41],"is_endless":false,"potions_floor_spawned":[4,13,14,20,24,25,33,38,42,44],"ascension_level":7}}