{"host":"qwttrqaysb380yri","time":1608151604,"event":{"mods":["BaseMod","Custom Start","Minty Spire (QoL Compilation)","Puzzle Mod","Relic Stats","StSLib","The Cursed","The Hierophant"],"gold_per_floor":[215,231,231,34,58,91,91,132,132,172,172,187,254,270,270,360,360,383,403,403,403,417,417,456,456,456,492,520,47,60,76,76,76,76],"floor_reached":33,"playtime":960,"items_purged":[],"score":506,"play_id":"4946ad7d-5dca-4982-8395-5d004b10b5b1","local_time":"20201216214644","is_ascension_mode":true,"campfire_choices":[{"data":"Bash","floor":7,"key":"SMITH"},{"data":"Fiend Fire","floor":15,"key":"SMITH"},{"data":"Immolate","floor":23,"key":"SMITH"},{"floor":25,"key":"REST"},{"floor":32,"key":"REST"}],"circlet_count":0,"master_deck":["AscendersBane","Strike_R","Strike_R","Strike_R","Strike_R","Defend_R","Defend_R","Defend_R","Defend_R","Bash+1","Headbutt","Armaments","Pommel Strike","Carnage","Fiend Fire+1","Anger","Shrug It Off","Inflame","Immolate+1","Thunderclap","Inflame","Sword Boomerang","Shockwave","Mayhem","Armaments"],"relics":["Burning Blood","Golden Idol","PreservedInsect","Ginger","StrikeDummy","Kunai","Ornamental Fan","Happy Flower","Velvet Choker","Bird Faced Urn","MawBank","TungstenRod"],"acts_visited":["Exordium","TheCity"],"potions_floor_usage":[12,16,19,24,31,33],"damage_taken":[{"damage":12,"enemies":"Small Slimes","floor":1,"turns":3},{"damage":2,"enemies":"2 Louse","floor":2,"turns":3},{"damage":12,"enemies":"Jaw Worm","floor":5,"turns":2},{"damage":15,"enemies":"3 Sentries","floor":6,"turns":7},{"damage":8,"enemies":"Gremlin Nob","floor":8,"turns":3},{"damage":22,"enemies":"Lagavulin","floor":10,"turns":6},{"damage":3,"enemies":"Looter","floor":12,"turns":2},{"damage":4,"enemies":"Red Slaver","floor":14,"turns":2},{"damage":18,"enemies":"The Guardian","floor":16,"turns":9},{"damage":13,"enemies":"Shell Parasite","floor":18,"turns":4},{"damage":2,"enemies":"2 Thieves","floor":19,"turns":3},{"damage":32,"enemies":"Chosen and Byrds","floor":22,"turns":5},{"damage":13,"enemies":"Book of Stabbing","floor":24,"turns":3},{"damage":8,"enemies":"Snecko","floor":27,"turns":3},{"damage":35,"enemies":"Snake Plant","floor":28,"turns":3},{"damage":12,"enemies":"Chosen and Byrds","floor":30,"turns":4},{"damage":9,"enemies":"Centurion and Healer","floor":31,"turns":3},{"damage":32,"enemies":"Champ","floor":33,"turns":6}],"seed_played":"-7416664733428354057","potions_obtained":[{"floor":2,"key":"EssenceOfSteel"},{"floor":10,"key":"Weak Potion"},{"floor":12,"key":"Strength Potion"},{"floor":14,"key":"HeartOfIron"},{"floor":16,"key":"LiquidMemories"},{"floor":22,"key":"Block Potion"},{"floor":24,"key":"SteroidPotion"}],"is_trial":false,"path_per_floor":["M","M","?","$","M","E","R","E","T","E","?","M","?","M","R","B",null,"M","M","?","?","M","R","E","R","T","M","M","$","M","M","R","B"],"character_chosen":"IRONCLAD","items_purchased":["PreservedInsect","Pommel Strike","Mayhem","TungstenRod"],"campfire_rested":2,"item_purchase_floors":[4,4,29,29],"current_hp_per_floor":[62,66,66,66,60,51,51,49,49,33,22,25,25,27,27,15,55,48,52,52,52,26,26,19,39,39,41,16,16,14,15,35,9,9],"gold":76,"neow_bonus":"HUNDRED_GOLD","is_daily":false,"chose_seed":false,"campfire_upgraded":3,"win_rate":0.0,"timestamp":1608151604,"path_taken":["M","M","?","$","M","E","R","E","T","E","?","M","?","M","R","BOSS","M","M","?","?","?","R","E","R","T","?","M","$","M","M","R","BOSS"],"items_purchased_type":["Relic","Card","Card","Relic"],"build_version":"2020-12-13","purchased_purges":0,"victory":false,"max_hp_per_floor":[75,75,68,68,68,68,68,68,68,68,68,68,68,68,68,68,68,68,68,68,68,68,68,68,68,68,68,68,68,68,68,68,68,68],"relic_stats":{"Happy Flower":[15],"counters":[18,71],"Golden Idol":86,"Ornamental Fan":[52],"Bird Faced Urn":[22],"PreservedInsect":125,"Ginger":[2],"Kunai":[14],"MawBank":36,"obtain_stats":[{"Happy Flower":11,"Golden Idol":3,"Ornamental Fan":10,"Bird Faced Urn":24,"Velvet Choker":17,"PreservedInsect":4,"Ginger":6,"Kunai":9,"StrikeDummy":8,"MawBank":26,"Burning Blood":0,"TungstenRod":29},{"Happy Flower":6,"Golden Idol":2,"Ornamental Fan":6,"Bird Faced Urn":13,"Velvet Choker":9,"PreservedInsect":2,"Ginger":4,"Kunai":5,"StrikeDummy":5,"MawBank":13,"Burning Blood":0,"TungstenRod":15},{"Happy Flower":24,"Golden Idol":6,"Ornamental Fan":24,"Bird Faced Urn":52,"Velvet Choker":37,"PreservedInsect":6,"Ginger":15,"Kunai":18,"StrikeDummy":18,"MawBank":52,"Burning Blood":0,"TungstenRod":58}],"Burning Blood":102,"TungstenRod":6},"card_choices":[{"not_picked":["Clash","Armaments"],"picked":"Headbutt","floor":1},{"not_picked":["Heavy Blade","Headbutt"],"picked":"Armaments","floor":2},{"not_picked":["Entrench","Searing Blow"],"picked":"Carnage","floor":5},{"not_picked":["Rupture","Heavy Blade"],"picked":"Fiend Fire","floor":6},{"not_picked":["Warcry","Inflame"],"picked":"Anger","floor":8},{"not_picked":["Cleave","Clothesline"],"picked":"Shrug It Off","floor":10},{"not_picked":["Heavy Blade","Iron Wave","Dark Embrace"],"picked":"SKIP","floor":12},{"not_picked":["Dual Wield","Burning Pact"],"picked":"Inflame","floor":14},{"not_picked":["Demon Form","Impervious"],"picked":"Immolate","floor":16},{"not_picked":["Body Slam","Perfected Strike+1"],"picked":"Thunderclap","floor":18},{"not_picked":["Thunderclap","Anger"],"picked":"Inflame","floor":19},{"not_picked":["Anger","Uppercut"],"picked":"Sword Boomerang","floor":22},{"not_picked":["Blood for Blood","Flex","Whirlwind"],"picked":"SKIP","floor":24},{"not_picked":["Blood for Blood","Seeing Red","Bludgeon"],"picked":"SKIP","floor":27},{"not_picked":["Wild Strike+1","Headbutt"],"picked":"Shockwave","floor":28},{"not_picked":["Combust","Flex"],"picked":"Armaments","floor":30},{"not_picked":["Thunderclap+1","Rampage","Perfected Strike+1"],"picked":"SKIP","floor":31}],"player_experience":1872813,"relics_obtained":[{"floor":6,"key":"Ginger"},{"floor":8,"key":"StrikeDummy"},{"floor":9,"key":"Kunai"},{"floor":10,"key":"Ornamental Fan"},{"floor":24,"key":"Bird Faced Urn"},{"floor":26,"key":"MawBank"}],"event_choices":[{"damage_healed":0,"gold_gain":0,"player_choice":"Lose Max HP","damage_taken":0,"relics_obtained":["Golden Idol"],"max_hp_gain":0,"max_hp_loss":7,"event_name":"Golden Idol","floor":3,"gold_loss":0},{"damage_healed":0,"gold_gain":0,"player_choice":"Success","damage_taken":11,"relics_obtained":["Happy Flower"],"max_hp_gain":0,"max_hp_loss":0,"event_name":"Scrap Ooze","floor":11,"gold_loss":0},{"damage_healed":0,"gold_gain":67,"player_choice":"Gained Gold","damage_taken":0,"max_hp_gain":0,"max_hp_loss":0,"event_name":"Golden Wing","floor":13,"gold_loss":0},{"damage_healed":0,"gold_gain":0,"player_choice":"Ignored","damage_taken":0,"max_hp_gain":0,"max_hp_loss":0,"event_name":"Ghosts","floor":20,"gold_loss":0},{"cards_removed":["Strike_R"],"damage_healed":0,"gold_gain":0,"player_choice":"Purged","damage_taken":0,"max_hp_gain":0,"max_hp_loss":0,"event_name":"Purifier","floor":21,"gold_loss":0}],"is_beta":false,"boss_relics":[{"not_picked":["Cursed Key","Tiny House"],"picked":"Velvet Choker"}],"items_purged_floors":[],"is_endless":false,"potions_floor_spawned":[2,10,12,14,16,18,22,24],"killed_by":"Champ","ascension_level":15}}