{"host":"zgdag062zrknap1a","time":1608151467,"event":{"mods":["AchievementEnabler","Act Like it!","Aspiration","Bard","BaseMod","BetterRewards","Colored Map","Colored Powertips","Conspire","Downfall","Gensokyo","Hallownest","Hermit","Highlight Path","Hubris","Infinite Spire","Jorbs\u0027s Wanderer Trilogy","Marisa????????","Minty Spire (QoL Compilation)","Quick Restart","Rare Cards Sparkle","Replay The Spire","Shop Mod","StSLib","The Bug Knight","The Cursed","The Hierophant","The Necromancer","The Runesmith","The Servant 0.9.4"],"gold_per_floor":[113,127,127,127,127,138,154,164,216,249,249],"floor_reached":10,"playtime":595,"items_purged":["Strike_P"],"score":70,"play_id":"6a42a813-5299-4ed3-a8d3-08049980e0ed","local_time":"20201216124427","is_ascension_mode":false,"campfire_choices":[],"circlet_count":0,"master_deck":["Strike_P","Strike_P","Strike_P","Defend_P","Defend_P","Defend_P","Defend_P","Eruption","Vigilance","Perseverance","BattleHymn+1","Protect","Pot Of Greed","Pot Of Greed"],"relics":["PureWater","CloakClasp","Gensokyo:Mercy","Gensokyo:NagashiBinaDoll","Grinning Jar"],"acts_visited":["Exordium"],"potions_floor_usage":[10],"damage_taken":[{"damage":0,"enemies":"Gensokyo:3_Fairies","floor":1,"turns":3},{"damage":2,"enemies":"Gensokyo:Python","floor":2,"turns":3},{"damage":0,"enemies":"Gensokyo:Gryphon","floor":6,"turns":3},{"damage":0,"enemies":"Gensokyo:LivingMonolith","floor":7,"turns":3},{"damage":1,"enemies":"Gensokyo:2_Rabbits","floor":8,"turns":6},{"damage":6,"enemies":"Gensokyo:Aya","floor":10,"turns":4}],"seed_played":"6998813646093658883","potions_obtained":[{"floor":2,"key":"BottledMiracle"},{"floor":7,"key":"AttackPotion"},{"floor":10,"key":"StancePotion"}],"is_trial":false,"path_per_floor":["M","M","?","?","$","M","M","M","T","E"],"character_chosen":"WATCHER","items_purchased":["CloakClasp","CarveReality","Perseverance","BattleHymn+1","Block Potion"],"campfire_rested":0,"item_purchase_floors":[0,0,0,0,0],"current_hp_per_floor":[40,38,38,38,38,38,38,37,37,31,31],"gold":249,"neow_bonus":"","is_daily":false,"chose_seed":false,"campfire_upgraded":0,"win_rate":0.0,"timestamp":1608151467,"path_taken":["M","M","?","?","$","M","M","M","T","E"],"items_purchased_type":["Relic","Card","Card","Card","Potion"],"build_version":"2020-12-13","purchased_purges":1,"victory":false,"max_hp_per_floor":[72,72,72,72,72,72,72,72,72,72,72],"card_choices":[{"not_picked":["CrushJoints","WaveOfTheHand"],"picked":"Protect","floor":1},{"not_picked":["PathToVictory","Conclude","SashWhip"],"picked":"SKIP","floor":2},{"not_picked":["PathToVictory","LikeWater","BowlingBash"],"picked":"SKIP","floor":6},{"not_picked":["EmptyBody","Replay:AllIn","BattleHymn"],"picked":"SKIP","floor":7},{"not_picked":["EmptyFist","Evaluate","CrushJoints"],"picked":"SKIP","floor":8}],"player_experience":360488,"relics_obtained":[{"floor":10,"key":"Grinning Jar"}],"event_choices":[],"is_beta":false,"boss_relics":[],"items_purged_floors":[0],"is_endless":false,"potions_floor_spawned":[2,7,10],"killed_by":"Gensokyo:Aya","ascension_level":0}}