{"host":"soyfmymeou4emntr","time":1608093326,"event":{"mods":["BaseMod","Minty Spire (QoL Compilation)","Relic Sorter","Relic Stats","StSLib"],"gold_per_floor":[118,138,3,29,42,75,91,91,91,102,137,137,168,182,182,261,261,280,280,30,50,50,50,50,65,65,99,99,132,150,177,177,252,252,268,105,0,24,24,24,50,50,50,67,87,97,124,124,124,124,124],"floor_reached":52,"playtime":21428,"items_purged":[],"score":2151,"play_id":"6bb0c95d-5dfe-47e9-b952-1b4237d13e23","local_time":"20201215213526","is_ascension_mode":true,"campfire_choices":[{"data":"Doom and Gloom","floor":8.0,"key":"SMITH"},{"floor":15.0,"key":"REST"},{"data":"Fission","floor":23.0,"key":"SMITH"},{"floor":28.0,"key":"REST"},{"floor":32.0,"key":"REST"},{"data":"Ghostly","floor":40.0,"key":"SMITH"},{"data":"Ghostly","floor":42.0,"key":"SMITH"},{"floor":49,"key":"REST"}],"circlet_count":0,"master_deck":["AscendersBane","Strike_B+1","Strike_B+1","Strike_B+1","Strike_B+1","Defend_B+1","Defend_B+1","Defend_B+1","Defend_B+1","Zap+1","Dualcast+1","Go for the Eyes+1","Compile Driver+1","Loop+1","Cold Snap+1","Doom and Gloom+1","White Noise+1","Steam+1","Coolheaded+1","Ball Lightning+1","Fission+1","Coolheaded+1","Capacitor+1","Fission+1","Double Energy+1","Defragment+1","Ghostly+1","Ghostly+1","Ghostly+1","Genetic Algorithm+1","Reinforced Body+1","Capacitor+1","Rainbow+1","Consume+1","Barrage+1"],"relics":["Cracked Core","PreservedInsect","InkBottle","Omamori","DataDisk","Lantern","Art of War","Velvet Choker","Orrery","StrikeDummy","White Beast Statue","Singing Bowl","Cables","Shuriken","Runic Pyramid","Lee\u0027s Waffle","Red Mask","Akabeko","Bag of Marbles","The Courier","Oddly Smooth Stone","Mark of the Bloom"],"acts_visited":["Exordium","TheCity","TheBeyond"],"potions_floor_usage":[51],"damage_taken":[{"damage":6.0,"enemies":"Cultist","floor":1.0,"turns":4.0},{"damage":0.0,"enemies":"Jaw Worm","floor":2.0,"turns":3.0},{"damage":1.0,"enemies":"2 Louse","floor":5.0,"turns":3.0},{"damage":5.0,"enemies":"Lagavulin","floor":6.0,"turns":4.0},{"damage":5.0,"enemies":"Looter","floor":7.0,"turns":3.0},{"damage":18.0,"enemies":"Large Slime","floor":10.0,"turns":4.0},{"damage":0.0,"enemies":"3 Sentries","floor":11.0,"turns":2.0},{"damage":3.0,"enemies":"Gremlin Nob","floor":13.0,"turns":3.0},{"damage":3.0,"enemies":"Exordium Thugs","floor":14.0,"turns":4.0},{"damage":0.0,"enemies":"Slime Boss","floor":16.0,"turns":7.0},{"damage":7.0,"enemies":"Chosen","floor":18.0,"turns":4.0},{"damage":10.0,"enemies":"Spheric Guardian","floor":21.0,"turns":4.0},{"damage":8.0,"enemies":"Centurion and Healer","floor":25.0,"turns":9.0},{"damage":18.0,"enemies":"Book of Stabbing","floor":27.0,"turns":5.0},{"damage":2.0,"enemies":"Gremlin Leader","floor":29.0,"turns":7.0},{"damage":20.0,"enemies":"Cultist and Chosen","floor":30.0,"turns":5.0},{"damage":3.0,"enemies":"Slavers","floor":31.0,"turns":5.0},{"damage":9.0,"enemies":"Champ","floor":33.0,"turns":10.0},{"damage":2.0,"enemies":"Orb Walker","floor":35.0,"turns":4.0},{"damage":1.0,"enemies":"Giant Head","floor":41.0,"turns":10.0},{"damage":1.0,"enemies":"3 Darklings","floor":44.0,"turns":4.0},{"damage":2,"enemies":"4 Shapes","floor":45,"turns":3},{"damage":0,"enemies":"Maw","floor":46,"turns":7},{"damage":0,"enemies":"Nemesis","floor":47,"turns":7},{"damage":3,"enemies":"Time Eater","floor":50,"turns":12},{"damage":21,"enemies":"Donu and Deca","floor":51,"turns":9}],"seed_played":"-4474203237580551094","potions_obtained":[{"floor":2.0,"key":"FearPotion"},{"floor":5.0,"key":"LiquidBronze"},{"floor":10.0,"key":"Explosive Potion"},{"floor":11.0,"key":"Explosive Potion"},{"floor":16.0,"key":"LiquidBronze"},{"floor":18.0,"key":"DistilledChaos"},{"floor":27.0,"key":"SteroidPotion"},{"floor":29.0,"key":"Dexterity Potion"},{"floor":30.0,"key":"SkillPotion"},{"floor":31.0,"key":"Dexterity Potion"},{"floor":35.0,"key":"Block Potion"},{"floor":41.0,"key":"EssenceOfSteel"},{"floor":44.0,"key":"Energy Potion"},{"floor":47,"key":"CultistPotion"}],"is_trial":false,"path_per_floor":["M","M","$","T","M","E","M","R","T","M","E","?","E","M","R","B",null,"M","?","$","M","?","R","?","M","T","E","R","E","M","E","R","B",null,"M","$","?","T","?","R","E","R","T","M","M","M","E","?","R","B","B",null],"character_chosen":"DEFECT","items_purchased":["Loop","Cold Snap","Orrery","Defragment","Lee\u0027s Waffle"],"campfire_rested":4,"item_purchase_floors":[3,3,20,20,36],"current_hp_per_floor":[65,65,65,65,64,59,54,54,54,36,36,36,33,30,53,53,72,65,65,65,55,39,39,39,31,31,15,27,27,7,4,16,7,34,32,50,50,50,50,50,51,51,51,50,50,52,54,54,54,51,30],"gold":124,"neow_bonus":"TEN_PERCENT_HP_BONUS","is_daily":false,"chose_seed":false,"campfire_upgraded":4,"win_rate":0.0,"timestamp":1608093326,"path_taken":["M","M","$","?","M","E","M","R","T","M","E","?","E","M","R","BOSS","M","?","$","M","?","R","?","M","T","E","R","E","M","E","R","BOSS","M","$","?","?","?","R","E","R","T","?","M","M","E","?","R","BOSS","BOSS"],"items_purchased_type":["Card","Card","Relic","Card","Relic"],"build_version":"2020-12-13","purchased_purges":0,"victory":true,"max_hp_per_floor":[78,78,78,78,78,78,78,78,78,78,78,78,78,78,78,78,78,78,78,78,78,39,39,39,39,39,41,41,43,43,43,43,43,43,43,50,50,50,50,50,52,52,52,52,54,56,58,58,58,58,58],"relic_stats":{"Lee\u0027s Waffle":18,"Mark of the Bloom":17,"Singing Bowl":12,"counters":[26,142],"Shuriken":[11],"PreservedInsect":394,"Art of War":[18],"obtain_stats":[{"Lantern":12,"Lee\u0027s Waffle":36,"Mark of the Bloom":48,"Singing Bowl":27,"Velvet Choker":17,"Oddly Smooth Stone":47,"PreservedInsect":4,"The Courier":43,"Omamori":9,"White Beast Statue":26,"Akabeko":38,"Cables":29,"DataDisk":11,"Shuriken":31,"Orrery":20,"Art of War":13,"Red Mask":37,"Bag of Marbles":41,"Cracked Core":0,"StrikeDummy":24,"InkBottle":6,"Runic Pyramid":34},{"Lantern":7,"Lee\u0027s Waffle":19,"Mark of the Bloom":24,"Singing Bowl":14,"Velvet Choker":10,"Oddly Smooth Stone":24,"PreservedInsect":2,"The Courier":20,"Omamori":5,"White Beast Statue":13,"Akabeko":19,"Cables":15,"DataDisk":7,"Shuriken":17,"Orrery":11,"Art of War":8,"Red Mask":19,"Bag of Marbles":20,"Cracked Core":0,"StrikeDummy":12,"InkBottle":4,"Runic Pyramid":18},{"Lantern":23,"Lee\u0027s Waffle":90,"Mark of the Bloom":121,"Singing Bowl":59,"Velvet Choker":37,"Oddly Smooth Stone":121,"PreservedInsect":7,"The Courier":100,"Omamori":17,"White Beast Statue":54,"Akabeko":90,"Cables":66,"DataDisk":23,"Shuriken":76,"Orrery":41,"Art of War":26,"Red Mask":90,"Bag of Marbles":100,"Cracked Core":0,"StrikeDummy":45,"InkBottle":14,"Runic Pyramid":86}],"InkBottle":[46],"Cables":[67,27,31,9,0]},"card_choices":[{"not_picked":["Steam Power","Hologram"],"picked":"Go for the Eyes","floor":1.0},{"not_picked":["Stack","Skim"],"picked":"Compile Driver","floor":2.0},{"not_picked":["Go for the Eyes","Fusion"],"picked":"Doom and Gloom","floor":5.0},{"not_picked":["Scrape","Force Field","Stack"],"picked":"SKIP","floor":6.0},{"not_picked":["Hologram","Hello World"],"picked":"White Noise","floor":7.0},{"not_picked":["Compile Driver","Thunder Strike"],"picked":"Steam","floor":10.0},{"not_picked":["Rebound","Static Discharge","Steam Power"],"picked":"SKIP","floor":11.0},{"not_picked":["Capacitor","Gash"],"picked":"Coolheaded","floor":13.0},{"not_picked":["Stack","Coolheaded"],"picked":"Ball Lightning","floor":14.0},{"not_picked":["Buffer","Multi-Cast"],"picked":"Fission","floor":16.0},{"not_picked":["Streamline+1","Ball Lightning"],"picked":"Coolheaded","floor":18.0},{"not_picked":["Hologram","Steam"],"picked":"Fission","floor":20.0},{"not_picked":["Ball Lightning","Gash"],"picked":"Double Energy+1","floor":20.0},{"not_picked":["Darkness","Ball Lightning","Streamline"],"picked":"SKIP","floor":21.0},{"not_picked":["Hello World","Turbo"],"picked":"Genetic Algorithm","floor":25.0},{"not_picked":["Hyperbeam","Compile Driver","Hologram"],"picked":"Singing Bowl","floor":27.0},{"not_picked":["Cold Snap","Redo","Compile Driver"],"picked":"Singing Bowl","floor":29.0},{"not_picked":["Compile Driver","Cold Snap+1"],"picked":"Reinforced Body+1","floor":30.0},{"not_picked":["Static Discharge","Leap"],"picked":"Capacitor","floor":31.0},{"not_picked":["Creative AI","Machine Learning"],"picked":"Rainbow","floor":33.0},{"not_picked":["Steam+1","Turbo"],"picked":"Consume+1","floor":35.0},{"not_picked":["Redo","Stack","Gash+1"],"picked":"Singing Bowl","floor":41.0},{"not_picked":["Chaos","Turbo"],"picked":"Barrage","floor":44.0},{"not_picked":["Beam Cell","Aggregate","Recycle"],"picked":"Singing Bowl","floor":45},{"not_picked":["Beam Cell","Aggregate","Go for the Eyes+1"],"picked":"Singing Bowl","floor":46},{"not_picked":["Undo+1","Sunder","Reinforced Body"],"picked":"Singing Bowl","floor":47}],"player_experience":2545687,"relics_obtained":[{"floor":4.0,"key":"PreservedInsect"},{"floor":6.0,"key":"InkBottle"},{"floor":9.0,"key":"Omamori"},{"floor":11.0,"key":"DataDisk"},{"floor":13.0,"key":"Art of War"},{"floor":26.0,"key":"White Beast Statue"},{"floor":27.0,"key":"Singing Bowl"},{"floor":29.0,"key":"Cables"},{"floor":31.0,"key":"Shuriken"},{"floor":38.0,"key":"Akabeko"},{"floor":41.0,"key":"Bag of Marbles"},{"floor":43.0,"key":"The Courier"},{"floor":47,"key":"Oddly Smooth Stone"}],"event_choices":[{"damage_healed":0.0,"max_hp_gain":0.0,"max_hp_loss":0.0,"gold_gain":0.0,"event_name":"Big Fish","player_choice":"Box","floor":12.0,"gold_loss":0.0,"damage_taken":0.0,"relics_obtained":["Lantern"],"cards_obtained":["Regret"]},{"damage_healed":0.0,"max_hp_gain":0.0,"max_hp_loss":0.0,"gold_gain":0.0,"event_name":"The Library","player_choice":"Read","floor":19.0,"gold_loss":0.0,"damage_taken":0.0,"cards_obtained":["Capacitor"]},{"damage_healed":0.0,"max_hp_gain":0.0,"max_hp_loss":39.0,"gold_gain":0.0,"event_name":"Ghosts","player_choice":"Became a Ghost","floor":22.0,"gold_loss":0.0,"damage_taken":0.0,"cards_obtained":["Ghostly","Ghostly","Ghostly"]},{"damage_healed":0.0,"max_hp_gain":0.0,"max_hp_loss":0.0,"gold_gain":0.0,"event_name":"The Mausoleum","player_choice":"Opened","floor":24.0,"gold_loss":0.0,"damage_taken":0.0,"relics_obtained":["StrikeDummy"],"cards_obtained":["Writhe"]},{"damage_healed":0.0,"max_hp_gain":0.0,"max_hp_loss":0.0,"gold_gain":0.0,"event_name":"Tomb of Lord Red Mask","player_choice":"Paid","floor":37.0,"gold_loss":105.0,"damage_taken":0.0,"relics_obtained":["Red Mask"]},{"damage_healed":0.0,"max_hp_gain":0.0,"max_hp_loss":0.0,"gold_gain":0.0,"event_name":"Upgrade Shrine","player_choice":"Upgraded","floor":39.0,"gold_loss":0.0,"damage_taken":0.0,"cards_upgraded":["Ghostly"]},{"damage_healed":0,"gold_gain":0,"player_choice":"Upgrade","damage_taken":0,"relics_obtained":["Mark of the Bloom"],"max_hp_gain":0,"max_hp_loss":0,"event_name":"MindBloom","floor":48,"gold_loss":0,"cards_upgraded":["Strike_B","Strike_B","Strike_B","Strike_B","Defend_B","Defend_B","Defend_B","Defend_B","Zap","Dualcast","Go for the Eyes","Compile Driver","Loop","Cold Snap","White Noise","Steam","Coolheaded","Ball Lightning","Coolheaded","Capacitor","Fission","Defragment","Genetic Algorithm","Capacitor","Rainbow","Barrage"]}],"is_beta":false,"boss_relics":[{"not_picked":["Philosopher\u0027s Stone","Black Star"],"picked":"Velvet Choker"},{"not_picked":["SlaversCollar","Fusion Hammer"],"picked":"Runic Pyramid"}],"items_purged_floors":[],"is_endless":false,"potions_floor_spawned":[2,5,10,11,16,18,25,27,29,30,31,33,35,41,44,45,46,47],"ascension_level":20}}