{"host":"jk8wop44dq7uc7ar","time":1608156277,"event":{"mods":["AchievementEnabler","BaseMod","Colored Map","Colored Powertips","Downfall","Hermit","Hubris","Infinite Spire","Marisa????????","Minty Spire (QoL Compilation)","StSLib","The Bug Knight","The Construct","The Cursed","The Disciple","The Mystic","The Necromancer","The Runesmith","The Servant 0.9.4"],"gold_per_floor":[113,38,38,38,49,81,81,81,81,106,116,136,136,162,174,284,296,323,335,347,274,286,298,337,349,386,20,20,55,69,87,87,183,183,193,205,216,70,85,85,117,128,155,184,184,229,279,324,324,324,324,324,64,93,93,93],"floor_reached":55,"playtime":4960,"items_purged":["Strike_G","Strike_G","Strike_G"],"score":972,"play_id":"0d88a6ff-8b2a-4a9c-877e-e03f9e1a5349","local_time":"20201216170437","is_ascension_mode":true,"campfire_choices":[{"data":"Infinite Blades","floor":8.0,"key":"SMITH"},{"floor":13.0,"key":"REST"},{"data":"Phantasmal Killer","floor":15.0,"key":"SMITH"},{"data":"Storm of Steel","floor":23.0,"key":"SMITH"},{"data":"Tools of the Trade","floor":25.0,"key":"SMITH"},{"data":"Ghostly","floor":28.0,"key":"SMITH"},{"floor":32,"key":"REST"},{"floor":40,"key":"RECALL"},{"floor":49,"key":"REST"},{"data":"Tactician","floor":52,"key":"SMITH"}],"circlet_count":0,"master_deck":["Strike_G+1","Defend_G","Defend_G","Defend_G","Defend_G","Survivor","Neutralize","Reflex","Infinite Blades+1","Quick Slash+1","Calculated Gamble","Tactician+1","hubris:Sniper","Concentrate","Expertise","Prepared","Phantasmal Killer+1","Storm of Steel+1","Blade Dance","infinitespire:Collect","infinitespire:TheBestDefense","Ghostly+1","Ghostly","Ghostly","Ghostly","Ghostly","Tools of the Trade+1","Calculated Gamble+1","Acrobatics","hubris:SlightOfHand","Blade Dance","Doppelganger","Distraction+1","Tactician","Reflex+1","Blade Dance+1","Underhanded Strike","Heel Hook","Underhanded Strike","Masterful Stab","Outmaneuver+1","Infinite Blades+1","Blade Dance+1","Slice+1","Blade Dance"],"relics":["Ring of the Snake","NeowsBlessing","infinitespire:WardingShard","infinitespire:Beetle Shell","Dream Catcher","MawBank","Sozu","OrangePellets","Omamori","Bronze Scales","hubris:AncientText","Shuriken","Boot","Calling Bell","Juzu Bracelet","HollowMod:StagPassRelic","Turnip","Centennial Puzzle","Whetstone","Frozen Egg 2","Dead Branch","infinitespire:Joker Card","CatCart","infinitespire:PuzzleCube"],"acts_visited":["Exordium","TheCity","TheBeyond","TheEnding"],"potions_floor_usage":[50],"damage_taken":[{"damage":0.0,"enemies":"2 Louse","floor":1.0,"turns":1.0},{"damage":0.0,"enemies":"Jaw Worm","floor":5.0,"turns":1.0},{"damage":0.0,"enemies":"Lagavulin","floor":6.0,"turns":1.0},{"damage":15.0,"enemies":"3 Sentries","floor":10.0,"turns":8.0},{"damage":0.0,"enemies":"Cultist","floor":11.0,"turns":4.0},{"damage":6.0,"enemies":"Blue Slaver","floor":12.0,"turns":4.0},{"damage":20.0,"enemies":"Gremlin Nob","floor":14.0,"turns":5.0},{"damage":26.0,"enemies":"The Guardian","floor":16.0,"turns":7.0},{"damage":0.0,"enemies":"Chosen","floor":18.0,"turns":4.0},{"damage":9.0,"enemies":"Book of Stabbing","floor":24.0,"turns":6.0},{"damage":8.0,"enemies":"Slavers","floor":29.0,"turns":6.0},{"damage":0,"enemies":"Spheric Guardian","floor":30,"turns":2},{"damage":1,"enemies":"Snecko","floor":31,"turns":3},{"damage":0,"enemies":"Champ","floor":33,"turns":6},{"damage":0,"enemies":"3 Shapes","floor":35,"turns":4},{"damage":6,"enemies":"3 Darklings","floor":36,"turns":3},{"damage":0,"enemies":"Writhing Mass","floor":37,"turns":3},{"damage":4,"enemies":"Sphere and 2 Shapes","floor":39,"turns":4},{"damage":3,"enemies":"HollowMod:StalkingDevout","floor":41,"turns":2},{"damage":0,"enemies":"4 Shapes","floor":42,"turns":4},{"damage":1,"enemies":"Nemesis","floor":44,"turns":5},{"damage":3,"enemies":"2 Orb Walkers","floor":46,"turns":4},{"damage":0,"enemies":"Mind Bloom Boss Battle","floor":47,"turns":2},{"damage":2,"enemies":"Orin","floor":48,"turns":6},{"damage":3,"enemies":"hubris:GrandSnecko","floor":50,"turns":4},{"damage":0,"enemies":"Shield and Spear","floor":54,"turns":3},{"damage":63,"enemies":"The Heart","floor":55,"turns":5}],"seed_played":"6270707666565896584","potions_obtained":[{"floor":5.0,"key":"Block Potion"},{"floor":6.0,"key":"Fire Potion"},{"floor":12.0,"key":"ColorlessPotion"},{"floor":16.0,"key":"Block Potion"}],"is_trial":false,"path_per_floor":["M","$","?","?","M","E","T","R","T","E","M","M","R","E","R","B",null,"M","AVR","?","?","?","R","E","R","T","$","R","E","M","M","R","B",null,"M","M","M","$","M","R","E","M","T","E","?","?","?","?","R","B",null,"R","$","E","B"],"character_chosen":"THE_SILENT","items_purchased":["Infinite Blades","Shuriken","Slice","Blade Dance","Infinite Blades+1","Blade Dance","Slice"],"campfire_rested":3,"item_purchase_floors":[2,27,27,38,53,53,53],"current_hp_per_floor":[70,70,63,63,63,63,63,63,63,48,48,42,63,43,43,17,70,70,70,35,35,35,35,26,26,26,26,26,18,18,17,27,27,35,35,29,29,29,25,25,22,22,22,21,21,18,18,16,26,23,35,35,35,35,0,0],"gold":93,"neow_bonus":"THREE_ENEMY_KILL","is_daily":false,"chose_seed":false,"campfire_upgraded":6,"win_rate":0.0,"timestamp":1608156277,"path_taken":["M","$","?","?","M","E","?","R","T","E","?","M","R","E","R","BOSS","M","AVR","?","?","?","R","E","R","T","$","R","E","M","M","R","BOSS","M","M","M","$","M","R","E","M","T","E","?","?","?","?","R","BOSS","R","$","E","BOSS"],"items_purchased_type":["Card","Relic","Card","Card","Card","Card","Card"],"build_version":"2020-12-13","purchased_purges":3,"victory":false,"max_hp_per_floor":[70,70,70,70,70,70,70,70,70,70,70,70,70,70,70,70,70,70,70,35,35,35,35,35,35,35,35,35,35,35,35,35,35,35,35,35,35,35,35,35,35,35,35,35,35,35,35,35,35,35,35,35,35,35,35,35],"card_choices":[{"not_picked":["Crippling Poison","Heel Hook"],"picked":"Reflex","floor":1.0},{"not_picked":["hubris:SlightOfHand","Dagger Throw"],"picked":"Calculated Gamble","floor":5.0},{"not_picked":["Outmaneuver","Acrobatics"],"picked":"Tactician","floor":6.0},{"not_picked":["Storm of Steel","Distraction"],"picked":"hubris:Sniper","floor":10.0},{"not_picked":["Dagger Spray","Backflip"],"picked":"Concentrate","floor":11.0},{"not_picked":["Dagger Spray","Flying Knee"],"picked":"Expertise","floor":12.0},{"not_picked":["Bane","Backflip"],"picked":"Prepared","floor":13.0},{"not_picked":["Deadly Poison","Infinite Blades"],"picked":"Phantasmal Killer","floor":14.0},{"not_picked":["Burst","infinitespire:Neurotoxin"],"picked":"Storm of Steel","floor":16.0},{"not_picked":["Dagger Spray","Crippling Poison"],"picked":"Blade Dance","floor":18.0},{"not_picked":["Well Laid Plans","Dagger Spray+1"],"picked":"Tools of the Trade","floor":24.0},{"not_picked":["Expertise","Underhanded Strike+1"],"picked":"Calculated Gamble+1","floor":29.0},{"not_picked":["Sucker Punch","Flying Knee"],"picked":"Acrobatics","floor":30},{"not_picked":["Dagger Spray+1","Deadly Poison"],"picked":"hubris:SlightOfHand","floor":31},{"not_picked":["Bouncing Flask+1","Deflect+1"],"picked":"Blade Dance","floor":32},{"not_picked":["Corpse Explosion","infinitespire:Neurotoxin"],"picked":"Doppelganger","floor":33},{"not_picked":["Bane","Sucker Punch+1"],"picked":"Distraction+1","floor":35},{"not_picked":["Leg Sweep","Slice+1"],"picked":"Tactician","floor":36},{"not_picked":["Bullet Time","Sucker Punch"],"picked":"Reflex+1","floor":37},{"not_picked":["PiercingWail+1","Expertise+1","Well Laid Plans+1"],"picked":"SKIP","floor":39},{"not_picked":["Doppelganger","Slice"],"picked":"Underhanded Strike","floor":41},{"not_picked":["Bouncing Flask","Bane+1","Poisoned Stab"],"picked":"SKIP","floor":42},{"not_picked":["Bouncing Flask","Bane+1","Poisoned Stab"],"picked":"SKIP","floor":42},{"not_picked":["Poisoned Stab+1","Sucker Punch+1","Flying Knee"],"picked":"SKIP","floor":44},{"not_picked":["Quick Slash+1","PiercingWail"],"picked":"Heel Hook","floor":46},{"not_picked":["Heel Hook+1","Dagger Throw"],"picked":"Underhanded Strike","floor":47},{"not_picked":["Dodge and Roll","Cloak And Dagger"],"picked":"Masterful Stab","floor":48},{"not_picked":["Heel Hook","Backflip"],"picked":"Outmaneuver+1","floor":49},{"not_picked":["Quick Slash+1","Bane"],"picked":"Blade Dance","floor":54}],"player_experience":378271,"relics_obtained":[{"floor":6.0,"key":"infinitespire:WardingShard"},{"floor":9.0,"key":"infinitespire:Beetle Shell"},{"floor":10.0,"key":"Dream Catcher"},{"floor":14.0,"key":"MawBank"},{"floor":24.0,"key":"Bronze Scales"},{"floor":26.0,"key":"hubris:AncientText"},{"floor":29.0,"key":"Boot"},{"floor":34,"key":"Juzu Bracelet"},{"floor":34,"key":"HollowMod:StagPassRelic"},{"floor":34,"key":"Turnip"},{"floor":41,"key":"Centennial Puzzle"},{"floor":43,"key":"Whetstone"},{"floor":44,"key":"Frozen Egg 2"},{"floor":46,"key":"Dead Branch"},{"floor":47,"key":"infinitespire:Joker Card"},{"floor":48,"key":"CatCart"},{"floor":54,"key":"infinitespire:PuzzleCube"}],"event_choices":[{"cards_removed":["Defend_G"],"damage_healed":0.0,"max_hp_gain":0.0,"max_hp_loss":0.0,"gold_gain":0.0,"event_name":"Golden Wing","player_choice":"Card Removal","floor":3.0,"gold_loss":0.0,"damage_taken":7.0},{"damage_healed":0.0,"max_hp_gain":0.0,"max_hp_loss":0.0,"gold_gain":0.0,"cards_transformed":["Strike_G"],"event_name":"Living Wall","player_choice":"Change","floor":4.0,"gold_loss":0.0,"damage_taken":0.0,"cards_obtained":["Quick Slash"]},{"damage_healed":0.0,"max_hp_gain":0.0,"max_hp_loss":35.0,"gold_gain":0.0,"event_name":"Ghosts","player_choice":"Became a Ghost","floor":20.0,"gold_loss":0.0,"damage_taken":0.0,"cards_obtained":["Ghostly","Ghostly","Ghostly","Ghostly","Ghostly"]},{"damage_healed":0.0,"max_hp_gain":0.0,"max_hp_loss":0.0,"gold_gain":0.0,"event_name":"Addict","player_choice":"Obtained Relic","floor":21.0,"gold_loss":85.0,"damage_taken":0.0,"relics_obtained":["Omamori"]},{"damage_healed":0.0,"max_hp_gain":0.0,"max_hp_loss":0.0,"gold_gain":0.0,"event_name":"Vampires","player_choice":"Ignored","floor":22.0,"gold_loss":0.0,"damage_taken":0.0},{"cards_removed":["Slice"],"damage_healed":0,"gold_gain":0,"player_choice":"Removed Attack","damage_taken":0,"max_hp_gain":0,"max_hp_loss":0,"event_name":"Falling","floor":45,"gold_loss":0},{"damage_healed":0,"gold_gain":0,"player_choice":"Fight","damage_taken":0,"max_hp_gain":0,"max_hp_loss":0,"event_name":"Mysterious Sphere","floor":46,"gold_loss":0},{"damage_healed":0,"gold_gain":0,"player_choice":"Fight","damage_taken":0,"max_hp_gain":0,"max_hp_loss":0,"event_name":"MindBloom","floor":47,"gold_loss":0},{"damage_healed":0,"gold_gain":0,"player_choice":"Fight","damage_taken":0,"max_hp_gain":0,"max_hp_loss":0,"event_name":"OrinTheCat","floor":48,"gold_loss":0}],"is_beta":false,"boss_relics":[{"not_picked":["hubris:Backtick","hubris:VirtuousBlindfold"],"picked":"Sozu"},{"not_picked":["Runic Pyramid","Velvet Choker"],"picked":"Calling Bell"}],"items_purged_floors":[27,38,53],"is_endless":false,"potions_floor_spawned":[5,6,12,16,18,24,31,37,39,41,46,47,54],"killed_by":"The Heart","ascension_level":1}}