{"host":"951sez6ulsv0fw1i","time":1608143375,"event":{"mods":["2.2 Compatiblity","Aspiration","BaseMod","Better Third Choice","BetterRewards","CCEM","CapriCore","Conspire","Downfall","Googly Eyes","Hermit","Infinite Spire","JesterMod","Luminous","Mari Mod (Legacy)","Mari\u0027s V1 Patch","Marisa????????","Minty Spire (QoL Compilation)","Potionbrewer","Reimu??????","Shade Mod","StSLib","The Bug Knight","The Cursed","The Forsaken","The Immortal","The Mystic","The Poker Player","The Runesmith","The Servant 0.9.4","TheBandit","TheSwordswoman"],"gold_per_floor":[109,122,137,137,150,182,196,222,222,256,114,142,142,154,154,256,256,271,271,541,81,91,119,137,150,177,190,225,225,256,283,283,381,381,391,391,140,362,379,414,414,425,470,317,334,334,334,351,351,351,351,351,45,74,74,74],"floor_reached":55,"playtime":5104,"items_purged":["Normality"],"score":837,"play_id":"9ec7e42a-bd31-43a3-8884-60ce7420ef0b","local_time":"20201216192935","is_ascension_mode":false,"campfire_choices":[{"data":"theForsaken:TearsOfSunlight","floor":13,"key":"SMITH"},{"data":"theForsaken:DarkBargain","floor":15,"key":"SMITH"},{"floor":29,"key":"RECALL"},{"data":"theForsaken:HymnOfPatience","floor":32,"key":"SMITH"},{"data":"theForsaken:HymnOfPatience","floor":52,"key":"SMITH"}],"circlet_count":0,"master_deck":["theForsaken:TheForsaken_Strike","theForsaken:TheForsaken_Strike","theForsaken:TheForsaken_Defend","theForsaken:TheForsaken_Defend","theForsaken:TheForsaken_Defend","theForsaken:Smite","theForsaken:Penitence","theForsaken:Prudence","theForsaken:RainingSunlight","theForsaken:StoreUp","theForsaken:SolarFlare","theForsaken:FatRoll","theForsaken:CleansingLight","theForsaken:LightRoll","theForsaken:PanicDive","theForsaken:DarkBargain+1","theForsaken:DivineGuidance","theForsaken:TearsOfSunlight+1","theForsaken:NobleSacrifice","theForsaken:TearsOfSunlight","theForsaken:NobleSacrifice","expansioncontent:Flail","expansioncontent:ChargeUp","theForsaken:DivineGuidance","expansioncontent:DashGenerateEvil","theForsaken:Eulogy+1","theForsaken:AncientWords+1","theForsaken:FuryStrikes+1","theForsaken:WrathOfGod","theForsaken:Terrorize","theForsaken:DesperatePlea","theForsaken:HymnOfPatience+1","theForsaken:WordsOfMight","theForsaken:Mantra","theForsaken:FuryStrikes+1","Finesse","Impatience","expansioncontent:PrepareCrush","theForsaken:PanicDive+1","theForsaken:QuickAttack+1","theForsaken:NobleSacrifice","theForsaken:HymnOfPatience+1","theForsaken:HymnOfPatience","theForsaken:BountifulSunlight+1"],"relics":["theForsaken:JudgementScales","theForsaken:Gavel","Eternal Feather","potionbrewer:WarMedal","Strawberry","theForsaken:ScaryMask","Philosopher\u0027s Stone","Frozen Eye","Chemical X","Ancient Tea Set","White Beast Statue","Red Mask","aspiration:Stabinomicon","conspire:SpecialSausage","Mummified Hand","aspiration:ArtOfWarUpgrade","Omamori","Bag of Marbles","Runesmith:AutoHammer","TentaclePot:ReiMu","Anchor"],"acts_visited":["Exordium","TheCity","TheBeyond","TheEnding"],"potions_floor_usage":[6,8,22,31,42,54,54,54,55],"damage_taken":[{"damage":0,"enemies":"2 Louse","floor":1,"turns":3},{"damage":5,"enemies":"Cultist","floor":2,"turns":4},{"damage":0,"enemies":"Jaw Worm","floor":3,"turns":4},{"damage":12,"enemies":"Large Slime","floor":5,"turns":8},{"damage":14,"enemies":"Gremlin Nob","floor":6,"turns":5},{"damage":3,"enemies":"Blue Slaver","floor":7,"turns":7},{"damage":4,"enemies":"Lagavulin","floor":8,"turns":10},{"damage":22,"enemies":"Gremlin Nob","floor":10,"turns":7},{"damage":12,"enemies":"3 Sentries","floor":12,"turns":4},{"damage":0,"enemies":"3 Louse","floor":14,"turns":1},{"damage":45,"enemies":"Slime Boss","floor":16,"turns":15},{"damage":41,"enemies":"Chosen","floor":18,"turns":13},{"damage":0,"enemies":"2 Thieves","floor":22,"turns":2},{"damage":0,"enemies":"Slavers","floor":23,"turns":2},{"damage":12,"enemies":"Snecko","floor":24,"turns":10},{"damage":0,"enemies":"Snake Plant","floor":25,"turns":3},{"damage":7,"enemies":"Cultist and Chosen","floor":27,"turns":5},{"damage":34,"enemies":"Gremlin Leader","floor":28,"turns":11},{"damage":21,"enemies":"Masked Bandits","floor":30,"turns":5},{"damage":15,"enemies":"Book of Stabbing","floor":31,"turns":8},{"damage":35,"enemies":"Automaton","floor":33,"turns":10},{"damage":23,"enemies":"Orb Walker","floor":35,"turns":5},{"damage":7,"enemies":"3 Darklings","floor":39,"turns":10},{"damage":22,"enemies":"Nemesis","floor":40,"turns":5},{"damage":16,"enemies":"Spire Growth","floor":42,"turns":5},{"damage":29,"enemies":"4 Shapes","floor":45,"turns":14},{"damage":17,"enemies":"3 Darklings","floor":48,"turns":3},{"damage":4,"enemies":"Donu and Deca","floor":50,"turns":8},{"damage":102,"enemies":"Shield and Spear","floor":54,"turns":21},{"damage":109,"enemies":"The Heart","floor":55,"turns":5}],"seed_played":"2421542246544804607","potions_obtained":[{"floor":2,"key":"Weak Potion"},{"floor":4,"key":"BlessingOfTheForge"},{"floor":4,"key":"champ:CounterPotion"},{"floor":6,"key":"Guardian:BlockOnCardUsePotion"},{"floor":7,"key":"PowerPotion"},{"floor":8,"key":"Explosive Potion"},{"floor":16,"key":"potionbrewer:BarricadePotion"},{"floor":23,"key":"theForsaken:FearPotion"},{"floor":31,"key":"FearPotion"},{"floor":33,"key":"potionbrewer:ToxicPotion"},{"floor":42,"key":"SkillPotion"},{"floor":54,"key":"PowerPotion"}],"is_trial":false,"path_per_floor":["M","M","M","?","M","E","M","E","T","E","$","E","R","M","R","B",null,"M","AVR","?","$","M","E","M","M","T","M","E","R","?","E","R","B",null,"M","?","$","?","M","E","?","M","T","$","M","R","?","M","R","B",null,"R","$","E","B"],"character_chosen":"THE_FORSAKEN","items_purchased":["theForsaken:DivineGuidance","theForsaken:DivineGuidance","expansioncontent:DashGenerateEvil","Chemical X","Mummified Hand","Bag of Marbles","Runesmith:AutoHammer","TentaclePot:ReiMu"],"campfire_rested":0,"item_purchase_floors":[11,21,21,21,37,44,53,53],"current_hp_per_floor":[65,61,64,64,60,49,51,53,53,44,44,35,47,47,59,72,72,68,68,28,28,28,28,71,71,71,70,67,72,59,44,65,72,72,59,49,49,49,72,56,56,43,43,43,57,72,72,55,72,72,72,72,72,72,0,0],"gold":74,"neow_bonus":"TRANSFORM_TWO_CARDS","is_daily":false,"chose_seed":false,"campfire_upgraded":4,"win_rate":0.0,"timestamp":1608143375,"path_taken":["M","M","M","?","?","E","M","E","T","E","$","E","R","M","R","BOSS","M","AVR","?","$","?","E","M","M","T","M","E","R","?","E","R","BOSS","M","?","$","?","M","E","?","M","T","$","M","R","?","M","R","BOSS","R","$","E","BOSS"],"items_purchased_type":["Card","Card","Card","Relic","Relic","Relic","Relic","Relic"],"build_version":"2020-12-13","purchased_purges":1,"victory":false,"max_hp_per_floor":[65,65,65,65,65,65,65,65,65,72,72,72,72,72,72,72,72,72,72,72,72,72,72,72,72,72,72,72,72,72,72,72,72,72,72,72,72,72,72,72,72,72,72,72,72,72,72,72,72,72,72,72,72,72,72,72],"card_choices":[{"not_picked":["theForsaken:FatRoll","theForsaken:HorrifyingStrike"],"picked":"theForsaken:RainingSunlight","floor":1},{"not_picked":["theForsaken:PowerUp","theForsaken:HorrifyingStrike"],"picked":"theForsaken:StoreUp","floor":2},{"not_picked":["theForsaken:BlindFaith","theForsaken:QuickAttack"],"picked":"theForsaken:SolarFlare","floor":3},{"not_picked":["theForsaken:BlessedWeapon","theForsaken:CorruptedWord"],"picked":"theForsaken:FatRoll","floor":5},{"not_picked":["theForsaken:Preservation","theForsaken:ScorchingSunlight"],"picked":"theForsaken:CleansingLight","floor":6},{"not_picked":["theForsaken:RainingSunlight","theForsaken:Parry"],"picked":"theForsaken:LightRoll","floor":7},{"not_picked":["theForsaken:BlessedWeapon","theForsaken:HorrifyingStrike"],"picked":"theForsaken:PanicDive","floor":8},{"not_picked":["theForsaken:RainingSunlight","theForsaken:SolarFlare"],"picked":"theForsaken:DarkBargain","floor":10},{"not_picked":["theForsaken:PanicDive","theForsaken:NobleSacrifice"],"picked":"theForsaken:TearsOfSunlight","floor":12},{"not_picked":["theForsaken:HorrifyingStrike","theForsaken:BlightOfFamine"],"picked":"theForsaken:NobleSacrifice","floor":14},{"not_picked":["theForsaken:SpreadingPlague","theForsaken:Purification"],"picked":"theForsaken:TearsOfSunlight","floor":16},{"not_picked":["theForsaken:BountifulSunlight+1","theForsaken:Parry"],"picked":"theForsaken:NobleSacrifice","floor":18},{"not_picked":["theForsaken:AncientWords","theForsaken:Enfeeble"],"picked":"theForsaken:Eulogy+1","floor":22},{"not_picked":["theForsaken:BlessedWeapon","theForsaken:PowerUp"],"picked":"theForsaken:AncientWords+1","floor":23},{"not_picked":["theForsaken:HorrifyingStrike","theForsaken:DarkBargain"],"picked":"theForsaken:FuryStrikes+1","floor":24},{"not_picked":["theForsaken:CleansingLight","theForsaken:FatRoll"],"picked":"theForsaken:WrathOfGod","floor":25},{"not_picked":["theForsaken:WordsOfPestilence","theForsaken:FatRoll"],"picked":"theForsaken:Terrorize","floor":27},{"not_picked":["theForsaken:ChargeAttack+1","theForsaken:Eulogy"],"picked":"theForsaken:DesperatePlea","floor":28},{"not_picked":["theForsaken:BountifulSunlight+1","theForsaken:HorrifyingStrike"],"picked":"theForsaken:HymnOfPatience","floor":30},{"not_picked":["theForsaken:Terrorize+1","theForsaken:RainingSunlight"],"picked":"theForsaken:WordsOfMight","floor":31},{"not_picked":["theForsaken:DarkRift","theForsaken:TearsOfSunlight"],"picked":"theForsaken:Mantra","floor":33},{"not_picked":["theForsaken:RainingSunlight","theForsaken:SolarFlare"],"picked":"theForsaken:FuryStrikes+1","floor":35},{"not_picked":["expansioncontent:TimeRipple","HandOfGreed"],"picked":"Finesse","floor":36},{"not_picked":["expansioncontent:Chronoboost","expansioncontent:DefensiveMode"],"picked":"Impatience","floor":36},{"not_picked":["expansioncontent:Torchfire","expansioncontent:FaceSlap"],"picked":"expansioncontent:PrepareCrush","floor":36},{"not_picked":["theForsaken:CowardsBrand","theForsaken:Eulogy"],"picked":"theForsaken:PanicDive+1","floor":39},{"not_picked":["theForsaken:Enfeeble","theForsaken:DivineGuidance"],"picked":"theForsaken:QuickAttack+1","floor":40},{"not_picked":["theForsaken:BattleHymn+1","theForsaken:Backlash"],"picked":"theForsaken:NobleSacrifice","floor":42},{"not_picked":["theForsaken:Backlash+1","theForsaken:Tranquility+1"],"picked":"theForsaken:HymnOfPatience","floor":45},{"not_picked":["theForsaken:PowerUp+1","theForsaken:CleansingLight+1"],"picked":"theForsaken:HymnOfPatience","floor":48},{"not_picked":["theForsaken:Bolster","theForsaken:ScorchingSunlight"],"picked":"theForsaken:BountifulSunlight+1","floor":54}],"player_experience":514976,"relics_obtained":[{"floor":6,"key":"theForsaken:Gavel"},{"floor":8,"key":"Eternal Feather"},{"floor":9,"key":"potionbrewer:WarMedal"},{"floor":10,"key":"Strawberry"},{"floor":12,"key":"theForsaken:ScaryMask"},{"floor":23,"key":"Ancient Tea Set"},{"floor":28,"key":"White Beast Statue"},{"floor":30,"key":"Red Mask"},{"floor":31,"key":"aspiration:Stabinomicon"},{"floor":40,"key":"Art of War"},{"floor":43,"key":"Omamori"},{"floor":54,"key":"Anchor"}],"event_choices":[{"damage_healed":0,"gold_gain":0,"player_choice":"Got Potions","damage_taken":0,"max_hp_gain":0,"max_hp_loss":0,"event_name":"Lab","floor":4,"gold_loss":0},{"damage_healed":0,"gold_gain":270,"player_choice":"GOLD CARD CARD GOLD GOLD ","damage_taken":40,"max_hp_gain":0,"max_hp_loss":0,"event_name":"Knowing Skull","floor":20,"potions_obtained":[],"gold_loss":0,"cards_obtained":["expansioncontent:Flail","expansioncontent:ChargeUp"]},{"damage_healed":0,"gold_gain":0,"player_choice":"Fought Bandits","damage_taken":0,"max_hp_gain":0,"max_hp_loss":0,"event_name":"Masked Bandits","floor":30,"gold_loss":0},{"damage_healed":0,"gold_gain":0,"player_choice":"Memory 3","damage_taken":10,"max_hp_gain":0,"max_hp_loss":0,"event_name":"SensoryStone","floor":36,"gold_loss":0},{"damage_healed":0,"gold_gain":222,"player_choice":"Wore Mask","damage_taken":0,"max_hp_gain":0,"max_hp_loss":0,"event_name":"Tomb of Lord Red Mask","floor":38,"gold_loss":0},{"cards_removed":["theForsaken:ShieldBash"],"damage_healed":0,"gold_gain":0,"player_choice":"Removed Attack","damage_taken":0,"max_hp_gain":0,"max_hp_loss":0,"event_name":"Falling","floor":41,"gold_loss":0},{"cards_removed":["theForsaken:TheForsaken_Strike"],"damage_healed":0,"gold_gain":0,"player_choice":"Purged","damage_taken":0,"max_hp_gain":0,"max_hp_loss":0,"event_name":"Purifier","floor":47,"gold_loss":0}],"is_beta":false,"boss_relics":[{"not_picked":["aspiration:MobileForge","conspire:RoyalGoblet"],"picked":"Philosopher\u0027s Stone"},{"not_picked":["Empty Cage","conspire:SlowCooker"],"picked":"conspire:SpecialSausage"}],"items_purged_floors":[19],"is_endless":false,"potions_floor_spawned":[2,6,7,8,16,18,23,28,30,31,33,35,39,40,42,45,48,54],"killed_by":"The Heart","ascension_level":0}}