{"host":"vi6th7e8dilnaeg0","time":1608149942,"event":{"mods":["BaseMod","Minty Spire (QoL Compilation)","Relic Stats","StSLib"],"gold_per_floor":[113,133,153,153,173,173,202,220,269,304,304,314,314,22,22,22,22],"floor_reached":16,"playtime":638,"items_purged":["Strike_G"],"score":199,"play_id":"2bca520e-7cd8-4088-b62d-353ba69a02b6","local_time":"20201216211902","is_ascension_mode":true,"campfire_choices":[{"data":"Riddle With Holes","floor":6.0,"key":"SMITH"},{"data":"Neutralize","floor":11,"key":"SMITH"},{"floor":15,"key":"REST"}],"circlet_count":0,"master_deck":["AscendersBane","Strike_G","Strike_G","Strike_G","Strike_G","Defend_G","Defend_G","Defend_G","Defend_G","Defend_G","Survivor","Neutralize+1","Riddle With Holes+1","Skewer","Backstab","Deflect","Deflect","Deadly Poison"],"relics":["Busted Crown","Odd Mushroom","Oddly Smooth Stone","Pear","Snake Skull","Chemical X"],"acts_visited":["Exordium"],"potions_floor_usage":[10,16],"damage_taken":[{"damage":2.0,"enemies":"Jaw Worm","floor":1.0,"turns":6.0},{"damage":1.0,"enemies":"Cultist","floor":2.0,"turns":3.0},{"damage":8.0,"enemies":"2 Louse","floor":3.0,"turns":2.0},{"damage":3.0,"enemies":"Blue Slaver","floor":5.0,"turns":3.0},{"damage":7.0,"enemies":"The Mushroom Lair","floor":7.0,"turns":4.0},{"damage":0.0,"enemies":"Exordium Wildlife","floor":8.0,"turns":3.0},{"damage":7,"enemies":"3 Sentries","floor":10,"turns":8},{"damage":0,"enemies":"Large Slime","floor":12,"turns":5},{"damage":45,"enemies":"Hexaghost","floor":16,"turns":12}],"seed_played":"1118138988609184614","potions_obtained":[{"floor":1.0,"key":"FearPotion"},{"floor":4.0,"key":"EssenceOfSteel"},{"floor":10,"key":"Regen Potion"}],"is_trial":false,"path_per_floor":["M","M","M","?","M","R","?","M","T","E","R","M","?","$","R","B"],"character_chosen":"THE_SILENT","items_purchased":["Chemical X","Deadly Poison"],"campfire_rested":1,"item_purchase_floors":[14,14],"current_hp_per_floor":[57,56,48,48,45,45,38,38,38,41,41,41,6,6,28,0,0],"gold":22,"neow_bonus":"BOSS_RELIC","is_daily":false,"chose_seed":false,"campfire_upgraded":2,"win_rate":0.0,"timestamp":1608149942,"path_taken":["M","M","M","?","?","R","?","M","T","E","R","M","?","$","R","BOSS"],"items_purchased_type":["Relic","Card"],"build_version":"2020-12-13","purchased_purges":1,"victory":false,"max_hp_per_floor":[66,66,66,66,66,66,66,66,66,76,76,76,76,76,76,76,76],"relic_stats":{"Busted Crown":16,"counters":[9,46],"Snake Skull":[2],"Chemical X":[3],"obtain_stats":[{"Busted Crown":0,"Pear":10,"Oddly Smooth Stone":9,"Snake Skull":13,"Chemical X":14,"Odd Mushroom":7,"Ring of the Snake":0},{"Busted Crown":0,"Pear":7,"Oddly Smooth Stone":6,"Snake Skull":8,"Chemical X":8,"Odd Mushroom":5,"Ring of the Snake":0},{"Busted Crown":0,"Pear":29,"Oddly Smooth Stone":21,"Snake Skull":34,"Chemical X":34,"Odd Mushroom":18,"Ring of the Snake":0}]},"card_choices":[{"not_picked":[],"picked":"Riddle With Holes","floor":1.0},{"not_picked":["Bane"],"picked":"SKIP","floor":2.0},{"not_picked":[],"picked":"Skewer","floor":3.0},{"not_picked":[],"picked":"Backstab","floor":5.0},{"not_picked":["Slice"],"picked":"SKIP","floor":8.0},{"not_picked":[],"picked":"Deflect","floor":10},{"not_picked":[],"picked":"Deflect","floor":12}],"player_experience":612279,"relics_obtained":[{"floor":7.0,"key":"Odd Mushroom"},{"floor":9.0,"key":"Oddly Smooth Stone"},{"floor":10,"key":"Pear"}],"event_choices":[{"damage_healed":0.0,"max_hp_gain":0.0,"max_hp_loss":0.0,"gold_gain":0.0,"event_name":"Lab","player_choice":"Got Potions","floor":4.0,"gold_loss":0.0,"damage_taken":0.0},{"damage_healed":0.0,"max_hp_gain":0.0,"max_hp_loss":0.0,"gold_gain":0.0,"event_name":"Mushrooms","player_choice":"Fought Mushrooms","floor":7.0,"gold_loss":0.0,"damage_taken":0.0},{"damage_healed":0,"gold_gain":0,"player_choice":"Success","damage_taken":35,"relics_obtained":["Snake Skull"],"max_hp_gain":0,"max_hp_loss":0,"event_name":"Scrap Ooze","floor":13,"gold_loss":0}],"is_beta":false,"boss_relics":[],"items_purged_floors":[14],"is_endless":false,"potions_floor_spawned":[1,10],"killed_by":"Hexaghost","ascension_level":19}}