{"host":"f7mgfv1rcbv6ir5v","time":1608108940,"event":{"mods":["BaseMod","Bestiary","Colored Map","Colored Powertips","Highlight Path","Minty Spire (QoL Compilation)","Relic Stats","StSLib"],"gold_per_floor":[119,44,44,9,9,9,42,42,68,87,105,132,132,152,152,249,249,261,279,279,0,15,15,41,41,94,94,129,147,166,14,14,114,114,131,150,7,7,18,128,128,213,213,213,48,97,97,160,160,160,160,160,11,41,41,41],"floor_reached":55,"playtime":6883,"items_purged":["Strike_P","Strike_P+1","Defend_P+1"],"score":1002,"play_id":"f19e3cbe-7c0e-4288-a6c9-b87f6fa0b544","local_time":"20201216005539","is_ascension_mode":true,"campfire_choices":[{"data":"CarveReality","floor":6.0,"key":"SMITH"},{"data":"EmptyFist","floor":13.0,"key":"SMITH"},{"floor":15.0,"key":"REST"},{"data":"Vigilance","floor":23.0,"key":"SMITH"},{"floor":25.0,"key":"REST"},{"floor":32.0,"key":"REST"},{"floor":41,"key":"REST"},{"floor":44,"key":"RECALL"},{"floor":49,"key":"REST"},{"floor":52,"key":"REST"}],"circlet_count":0,"master_deck":["Defend_P+1","Defend_P+1","Eruption+1","Vigilance+1","CarveReality+1","Collect+1","EmptyFist+1","BowlingBash+1","MentalFortress+1","LessonLearned+1","CutThroughFate+1","EmptyBody+1","Wireheading+1","Conclude+1","EmptyMind+1","Omniscience+1","Ragnarok+1","WreathOfFlame+1","PanicButton+1","Dark Shackles+1","Wish+1","Protect+1","Meditate+1","Wallop+1","Blasphemy+1","Ragnarok"],"relics":["Snecko Eye","Vajra","War Paint","PreservedInsect","Velvet Choker","Toy Ornithopter","GoldenEye","Juzu Bracelet","Nilry\u0027s Codex","Toxic Egg 2","Empty Cage","Membership Card","Torii","Happy Flower","Smiling Mask","Anchor","Mummified Hand"],"acts_visited":["Exordium","TheCity","TheBeyond","TheEnding"],"potions_floor_usage":[39,42,50,55,55,55],"damage_taken":[{"damage":7.0,"enemies":"Jaw Worm","floor":1.0,"turns":3.0},{"damage":12.0,"enemies":"3 Sentries","floor":7.0,"turns":5.0},{"damage":0.0,"enemies":"Small Slimes","floor":10.0,"turns":2.0},{"damage":6.0,"enemies":"2 Louse","floor":11.0,"turns":3.0},{"damage":16.0,"enemies":"Gremlin Nob","floor":12.0,"turns":3.0},{"damage":8.0,"enemies":"Blue Slaver","floor":14.0,"turns":4.0},{"damage":26.0,"enemies":"Slime Boss","floor":16.0,"turns":5.0},{"damage":4.0,"enemies":"Chosen","floor":18.0,"turns":4.0},{"damage":10.0,"enemies":"Shell Parasite","floor":19.0,"turns":5.0},{"damage":4.0,"enemies":"Centurion and Healer","floor":22.0,"turns":5.0},{"damage":0.0,"enemies":"Gremlin Leader","floor":24.0,"turns":5.0},{"damage":8.0,"enemies":"Slavers","floor":28.0,"turns":4.0},{"damage":4.0,"enemies":"Cultist and Chosen","floor":29.0,"turns":4.0},{"damage":2.0,"enemies":"Snake Plant","floor":30.0,"turns":4.0},{"damage":45.0,"enemies":"Champ","floor":33.0,"turns":11.0},{"damage":0,"enemies":"Orb Walker","floor":35,"turns":3},{"damage":21,"enemies":"3 Darklings","floor":36,"turns":3},{"damage":0,"enemies":"Jaw Worm Horde","floor":39,"turns":5},{"damage":0,"enemies":"Mind Bloom Boss Battle","floor":40,"turns":6},{"damage":1,"enemies":"Nemesis","floor":42,"turns":3},{"damage":17,"enemies":"Transient","floor":46,"turns":5},{"damage":0,"enemies":"Giant Head","floor":48,"turns":6},{"damage":43,"enemies":"Donu and Deca","floor":50,"turns":8},{"damage":10,"enemies":"Shield and Spear","floor":54,"turns":3},{"damage":86,"enemies":"The Heart","floor":55,"turns":9}],"seed_played":"-9223302134214914049","potions_obtained":[{"floor":1.0,"key":"BottledMiracle"},{"floor":7.0,"key":"CultistPotion"},{"floor":14.0,"key":"Strength Potion"},{"floor":22.0,"key":"ColorlessPotion"},{"floor":30.0,"key":"EntropicBrew"},{"floor":33.0,"key":"SteroidPotion"},{"floor":36,"key":"Dexterity Potion"},{"floor":39,"key":"Fruit Juice"},{"floor":42,"key":"SneckoOil"}],"is_trial":false,"path_per_floor":["M","$","?","?","?","R","E","$","T","M","M","E","R","M","R","B",null,"M","M","?","$","M","R","E","R","T","?","E","M","M","$","R","B",null,"M","M","$","?","M","?","R","E","T","R","$","M","?","E","R","B",null,"R","$","E","B"],"character_chosen":"WATCHER","items_purchased":["Toy Ornithopter","EssenceOfSteel","FearPotion","Omniscience+1","Membership Card","Wallop","Blasphemy+1","SkillPotion","Anchor"],"campfire_rested":6,"item_purchase_floors":[21,21,21,31,37,45,45,53,53],"current_hp_per_floor":[58,58,58,72,58,58,46,46,46,46,40,24,24,16,37,11,57,53,43,43,43,44,44,44,65,65,49,46,47,45,45,66,26,61,61,40,40,30,35,35,56,65,65,65,65,48,48,48,71,33,66,77,77,67,0,0],"gold":41,"neow_bonus":"BOSS_RELIC","is_daily":false,"chose_seed":false,"campfire_upgraded":3,"win_rate":0.0,"timestamp":1608108939,"path_taken":["M","$","?","?","?","R","E","?","T","M","M","E","R","M","R","BOSS","M","M","?","$","M","R","E","R","T","?","E","M","M","?","R","BOSS","M","M","$","?","M","?","R","E","T","R","?","M","?","E","R","BOSS","R","$","E","BOSS"],"items_purchased_type":["Relic","Potion","Potion","Card","Relic","Card","Card","Potion","Relic"],"build_version":"2020-12-13","purchased_purges":3,"victory":false,"max_hp_per_floor":[72,72,72,72,72,72,72,72,72,72,72,72,72,72,72,72,72,72,72,72,72,72,72,72,72,72,72,72,72,72,72,72,72,72,72,72,72,72,72,72,72,77,77,77,77,77,77,77,77,77,77,77,77,77,77,77],"relic_stats":{"Torii":27,"Happy Flower":[10],"counters":[25,118],"Mummified Hand":[5],"Snecko Eye":[211,215,210,203],"PreservedInsect":326,"Juzu Bracelet":1,"War Paint":["Collect","Defend_P"],"GoldenEye":[82],"Smiling Mask":13,"obtain_stats":[{"Torii":40,"Happy Flower":42,"Nilry\u0027s Codex":27,"Vajra":7,"Velvet Choker":17,"PreservedInsect":12,"Juzu Bracelet":26,"War Paint":9,"GoldenEye":24,"Empty Cage":34,"Smiling Mask":48,"Anchor":53,"Mummified Hand":54,"Snecko Eye":0,"Membership Card":37,"PureWater":0,"Toxic Egg 2":28,"Toy Ornithopter":21},{"Torii":19,"Happy Flower":20,"Nilry\u0027s Codex":11,"Vajra":2,"Velvet Choker":7,"PreservedInsect":5,"Juzu Bracelet":11,"War Paint":2,"GoldenEye":11,"Empty Cage":15,"Smiling Mask":22,"Anchor":23,"Mummified Hand":24,"Snecko Eye":0,"Membership Card":17,"PureWater":0,"Toxic Egg 2":12,"Toy Ornithopter":9},{"Torii":84,"Happy Flower":87,"Nilry\u0027s Codex":44,"Vajra":8,"Velvet Choker":25,"PreservedInsect":16,"Juzu Bracelet":44,"War Paint":8,"GoldenEye":44,"Empty Cage":67,"Smiling Mask":98,"Anchor":106,"Mummified Hand":109,"Snecko Eye":0,"Membership Card":73,"PureWater":0,"Toxic Egg 2":48,"Toy Ornithopter":34}],"Toy Ornithopter":50},"card_choices":[{"not_picked":["Protect","WaveOfTheHand"],"picked":"CarveReality","floor":1.0},{"not_picked":["JustLucky","Study"],"picked":"Collect","floor":7.0},{"not_picked":["FollowUp","InnerPeace"],"picked":"EmptyFist","floor":10.0},{"not_picked":["FlyingSleeves","JustLucky","Study"],"picked":"SKIP","floor":11.0},{"not_picked":["CrushJoints","Perseverance"],"picked":"BowlingBash","floor":12.0},{"not_picked":["EmptyFist","FlyingSleeves"],"picked":"MentalFortress","floor":14.0},{"not_picked":["Alpha","Brilliance"],"picked":"LessonLearned","floor":16.0},{"not_picked":["JustLucky","Evaluate","Crescendo"],"picked":"SKIP","floor":18.0},{"not_picked":["EmptyBody","Perseverance"],"picked":"CutThroughFate","floor":19.0},{"not_picked":["Crescendo","Nirvana"],"picked":"EmptyBody","floor":22.0},{"not_picked":["Prostrate","PathToVictory+1"],"picked":"Wireheading","floor":24.0},{"not_picked":["Evaluate+1","FollowUp+1"],"picked":"Conclude+1","floor":28.0},{"not_picked":["EmptyFist","Halt+1"],"picked":"EmptyMind+1","floor":29.0},{"not_picked":["FollowUp","Evaluate+1","CutThroughFate+1"],"picked":"SKIP","floor":30.0},{"not_picked":["Devotion","DevaForm"],"picked":"Ragnarok","floor":33.0},{"not_picked":["LikeWater+1","SashWhip","FlurryOfBlows"],"picked":"SKIP","floor":35},{"not_picked":["EmptyBody+1","EmptyFist"],"picked":"WreathOfFlame+1","floor":36},{"not_picked":["Deep Breath+1","Impatience+1"],"picked":"PanicButton+1","floor":38},{"not_picked":["Forethought+1","Trip+1"],"picked":"Dark Shackles+1","floor":38},{"not_picked":["Nirvana+1","PathToVictory+1"],"picked":"Wish+1","floor":39},{"not_picked":["PathToVictory+1","ClearTheMind+1"],"picked":"Protect+1","floor":40},{"not_picked":["JustLucky+1","CutThroughFate"],"picked":"Meditate+1","floor":42},{"not_picked":["SignatureMove+1","Brilliance","Collect+1"],"picked":"SKIP","floor":46},{"not_picked":["WindmillStrike+1","Collect+1","Crescendo+1"],"picked":"SKIP","floor":48},{"not_picked":["PathToVictory+1","Collect+1"],"picked":"Ragnarok","floor":54}],"player_experience":339932,"relics_obtained":[{"floor":7.0,"key":"Vajra"},{"floor":9.0,"key":"War Paint"},{"floor":12.0,"key":"PreservedInsect"},{"floor":24.0,"key":"GoldenEye"},{"floor":26.0,"key":"Juzu Bracelet"},{"floor":27.0,"key":"Nilry\u0027s Codex"},{"floor":28.0,"key":"Toxic Egg 2"},{"floor":40,"key":"Torii"},{"floor":42,"key":"Happy Flower"},{"floor":48,"key":"Smiling Mask"},{"floor":54,"key":"Mummified Hand"}],"event_choices":[{"cards_removed":["Strike_P"],"damage_healed":0.0,"max_hp_gain":0.0,"max_hp_loss":0.0,"gold_gain":0.0,"event_name":"Living Wall","player_choice":"Forget","floor":3.0,"gold_loss":0.0,"damage_taken":0.0},{"damage_healed":18.0,"max_hp_gain":0.0,"max_hp_loss":0.0,"gold_gain":0.0,"event_name":"The Cleric","player_choice":"Healed","floor":4.0,"gold_loss":35.0,"damage_taken":0.0},{"damage_healed":0.0,"max_hp_gain":0.0,"max_hp_loss":0.0,"gold_gain":0.0,"event_name":"Shining Light","player_choice":"Entered Light","floor":5.0,"gold_loss":0.0,"damage_taken":14.0,"cards_upgraded":["Strike_P","Eruption"]},{"damage_healed":0.0,"max_hp_gain":0.0,"max_hp_loss":0.0,"gold_gain":0.0,"event_name":"Vampires","player_choice":"Ignored","floor":20.0,"gold_loss":0.0,"damage_taken":0.0},{"damage_healed":0.0,"max_hp_gain":0.0,"max_hp_loss":0.0,"gold_gain":0.0,"event_name":"Cursed Tome","player_choice":"Obtained Book","floor":27.0,"gold_loss":0.0,"damage_taken":16.0},{"damage_healed":0,"gold_gain":0,"player_choice":"Memory 3","damage_taken":10,"max_hp_gain":0,"max_hp_loss":0,"event_name":"SensoryStone","floor":38,"gold_loss":0},{"damage_healed":0,"gold_gain":0,"player_choice":"Fight","damage_taken":0,"max_hp_gain":0,"max_hp_loss":0,"event_name":"MindBloom","floor":40,"gold_loss":0},{"damage_healed":0,"gold_gain":0,"player_choice":"Ignored","damage_taken":0,"max_hp_gain":0,"max_hp_loss":0,"event_name":"Tomb of Lord Red Mask","floor":47,"gold_loss":0}],"is_beta":false,"boss_relics":[{"not_picked":["Astrolabe","Philosopher\u0027s Stone"],"picked":"Velvet Choker"},{"not_picked":["Cursed Key","Busted Crown"],"picked":"Empty Cage"}],"items_purged_floors":[2,45,53],"is_endless":false,"potions_floor_spawned":[1,7,14,22,30,33,36,39,42,46],"killed_by":"The Heart","ascension_level":6}}