{"host":"9i65z0zqo49crzwy","time":1608146221,"event":{"mods":["AchievementEnabler","Aspiration","Bard","BaseMod","Beaked The Cultist","Bestiary","Better Altar","Better Match","Better Note","Better Sensory Stone","Better Skull","Better Third Choice","BetterRewards","CCEM","Clawfect","Colored Map","Conspire","Downfall","GifTheSpireLib","Halation","Hermit","Highlight Path","Hubris","Hunter ??","Infinite Spire","Jedi Mod","Jorbs\u0027s Wanderer Trilogy","Mad Scientist","Marisa????????","Mimic Mod","Minty Spire (QoL Compilation)","Permanent Neow","Replay The Spire","Shade Mod","Shop Mod","Spicy Shops","StSLib","Stuff the Spire","The Administrix","The Blackbeard","The Bug Knight","The Construct","The Cursed","The Disciple","The Gatherer","The Hierophant","The IronCluck","The Jungle","The Mystic","The Necromancer","The Problem Sleuth","The Runesmith","The Servant 0.9.4","The Spell Scribe","The Witch","Unceasing Turn Reminder","everything is the same but u backflip on backflip"],"gold_per_floor":[111,122,50,50,65,97,97,129,207,159,159,159,39,66,66,66,66,85,99,114,74,174,174,124,142,142,171,171,203,203,217,217,315,315,327,346,346,346,346,378,393,424,424,424,450,450,450,155,155,255,255,256,256,247,172,172,172,160,154,154,161,167,167,167,167,167,247,247,222,222,222,172,150,150,132,132],"floor_reached":75,"playtime":6112,"items_purged":["Regret","beaked:Replenish","beaked:Strike_Y","beaked:Strike_Y"],"score":1341,"play_id":"4981d310-1267-4af2-9ce5-4a9fd76abc61","local_time":"20201216111701","is_ascension_mode":false,"campfire_choices":[{"floor":7,"key":"DIG"},{"data":"beaked:MaddeningMurmurs","floor":11,"key":"SMITH"},{"data":"beaked:Ceremony","floor":15,"key":"SMITH"},{"floor":23,"key":"RECALL"},{"data":"beaked:AwakenedForm","floor":30,"key":"SMITH"},{"data":"beaked:BraceForImpact","floor":32,"key":"SMITH"},{"data":"hubris:DuctTapeCard","floor":46,"key":"SMITH"},{"floor":49,"key":"DIG"},{"floor":57,"key":"DIG"},{"floor":63,"key":"DIG"},{"data":"beaked:CrazyRituals","floor":66,"key":"SMITH"}],"circlet_count":0,"master_deck":["beaked:Strike_Y","beaked:Strike_Y","beaked:Strike_Y","beaked:Defend_Y","beaked:Defend_Y","beaked:Defend_Y","beaked:Defend_Y","beaked:Ceremony","beaked:Ceremony+1","beaked:Ceremony+1","beaked:MaddeningMurmurs+1","beaked:Struggle","ReplayTheSpireMod:Prepare the Ceremony","beaked:Foresight","beaked:Evade","beaked:Insight","beaked:ScreechingChant","beaked:Insight+1","beaked:Tweet","jedi:forcepush+1","expansioncontent:CaCaw+1","beaked:BraceForImpact+1","beaked:Foresight","beaked:LiftOff","Madness","hubris:DuctTapeCard+2","beaked:ShadowFade","beaked:CrazyRituals+1","infinitespire:Collect"],"relics":["beaked:MendingPlumage","Shovel","HornCleat","ReplayFunnel","aspiration:ChemicalBlood","jedi:crownofsimplicity","betterThird:SlimedRelic","jedi:HeartOfTheCards","Smiling Mask","Replay:Fungal Core","hubris:CrystalStatue","hubris:MysteriousPyramids","Gambling Chip","hubris:TerracottaHorce","halation:PinkSoulGem","hubris:Potato","CCEMRelics:DerglesHeadphones","Chameleon Ring","infinitespire:CheckeredPen","hubris:Towel","hubris:DuctTape","halation:PromiseList","Runesmith:AutoHammer","aspiration:Lifesprig","aspiration:IroncladSkillbook","StuffTheSpire:CocoNut","Mummified Hand","infinitespire:PuzzleCube","Golden Egg","CCEMRelics:Barrel","conspire:Boomerang","CCEMRelics:SpiritsEdge","beaked:FlawlessSticks","theJungle:BirthdayCakeSlice","Bottled Flame"],"acts_visited":["Exordium","TheCity","TheBeyond","Exordium","Exordium"],"potions_floor_usage":[8,16,16,27,27,27,33,50,50,75],"damage_taken":[{"damage":14,"enemies":"2 Louse","floor":1,"turns":7},{"damage":11,"enemies":"Jaw Worm","floor":2,"turns":4},{"damage":6,"enemies":"Cultist","floor":5,"turns":4},{"damage":22,"enemies":"Lagavulin","floor":6,"turns":7},{"damage":35,"enemies":"Gremlin Nob","floor":8,"turns":6},{"damage":11,"enemies":"Lagavulin","floor":14,"turns":6},{"damage":18,"enemies":"Fading Forest","floor":16,"turns":11},{"damage":22,"enemies":"3 Byrds","floor":18,"turns":8},{"damage":3,"enemies":"Centurion and Healer","floor":19,"turns":7},{"damage":41,"enemies":"3 Cultists","floor":20,"turns":7},{"damage":14,"enemies":"conspire:HollyBat","floor":25,"turns":7},{"damage":14,"enemies":"conspire:SneckoGhost","floor":27,"turns":7},{"damage":0,"enemies":"Nightmare","floor":29,"turns":8},{"damage":15,"enemies":"Centurion and Healer","floor":31,"turns":6},{"damage":43,"enemies":"Automaton","floor":33,"turns":9},{"damage":14,"enemies":"3 Shapes","floor":35,"turns":7},{"damage":26,"enemies":"3 Darklings","floor":36,"turns":9},{"damage":48,"enemies":"Nightmare","floor":40,"turns":9},{"damage":0,"enemies":"Maw","floor":41,"turns":10},{"damage":0,"enemies":"Giant Head","floor":42,"turns":7},{"damage":0,"enemies":"R_Hoarder","floor":45,"turns":9},{"damage":10,"enemies":"Donu and Deca","floor":50,"turns":9},{"damage":0,"enemies":"Small Slimes","floor":52,"turns":4},{"damage":0,"enemies":"Cultist","floor":54,"turns":3},{"damage":0,"enemies":"Lagavulin","floor":58,"turns":5},{"damage":14,"enemies":"2 Louse","floor":59,"turns":3},{"damage":0,"enemies":"Looter","floor":61,"turns":2},{"damage":0,"enemies":"Gremlin Nob","floor":62,"turns":4},{"damage":2,"enemies":"Blue Slaver","floor":65,"turns":3},{"damage":19,"enemies":"Slime Boss","floor":67,"turns":5},{"damage":0,"enemies":"theJungle:GiantWrat","floor":69,"turns":5},{"damage":30,"enemies":"theJungle:MUSHROOMGANG","floor":73,"turns":5},{"damage":76,"enemies":"theJungle:MamaSnecko","floor":75,"turns":4}],"seed_played":"5604514196639819772","potions_obtained":[{"floor":1,"key":"SteroidPotion"},{"floor":6,"key":"Block Potion"},{"floor":8,"key":"PowerPotion"},{"floor":8,"key":"jedi:StrikingPotion"},{"floor":16,"key":"SkillPotion"},{"floor":18,"key":"EntropicBrew"},{"floor":27,"key":"Adrenaline Potion"},{"floor":27,"key":"BlessingOfTheForge"},{"floor":33,"key":"Dexterity Potion"},{"floor":59,"key":"SneckoOil"},{"floor":73,"key":"Languid Potion"},{"floor":73,"key":"EssenceOfSteel"},{"floor":75,"key":"infinitespire:BlackPotion"}],"is_trial":false,"path_per_floor":["M","M","$","?","M","E","R","E","T","?","R","?","$","E","R","B",null,"M","M","M","?","?","R","$","M","T","E","?","NM","R","M","R","B",null,"M","M","?","?","AVR","NM","M","E","T","?","E","R","?","$","R","B",null,"M","?","M","?","?","R","E","M","T","M","E","R","T","M","R","B",null,"M","?","?","$","M","AVR","E"],"character_chosen":"BEAKED_THE_CULTIST","items_purchased":["Shovel","beaked:Insight","halation:PromiseList","Runesmith:AutoHammer"],"campfire_rested":0,"item_purchase_floors":[3,13,48,48],"current_hp_per_floor":[46,45,45,45,46,38,38,22,22,11,11,11,11,30,30,46,50,50,50,50,50,50,50,50,50,50,50,50,50,50,50,50,48,50,50,50,50,44,44,43,50,50,50,50,51,51,51,51,51,51,51,51,58,58,58,58,58,58,56,56,58,58,58,58,58,58,52,57,58,44,49,49,55,55,0,0],"gold":132,"neow_bonus":"TRANSFORM_CARD","is_daily":false,"chose_seed":false,"campfire_upgraded":6,"win_rate":0.0,"timestamp":1608146221,"path_taken":["M","M","$","?","M","E","R","E","T","?","R","?","$","E","R","BOSS","M","?","M","?","?","R","$","M","T","E","?","NM","R","M","R","BOSS","M","?","?","?","AVR","NM","?","E","T","?","E","R","?","$","R","BOSS","M","?","?","?","?","R","E","M","T","?","E","R","?","M","R","BOSS","M","?","?","$","?","AVR","E"],"items_purchased_type":["Relic","Card","Relic","Relic"],"build_version":"2020-12-13","purchased_purges":4,"victory":false,"max_hp_per_floor":[50,50,50,50,50,50,50,50,50,50,50,50,50,50,50,50,50,50,50,50,50,50,50,50,50,50,50,50,50,50,50,50,50,50,50,50,50,50,50,50,50,50,50,50,51,51,51,51,51,51,51,51,58,58,58,58,58,58,58,58,58,58,58,58,58,58,58,58,58,58,63,63,63,63,63,63],"card_choices":[{"not_picked":["beaked:MaddeningMurmurs","beaked:MimicMachine"],"picked":"beaked:Foresight","floor":1},{"not_picked":["beaked:Flinch","beaked:Tradeoff"],"picked":"beaked:Struggle","floor":2},{"not_picked":["beaked:CursingBlood","beaked:Tweet"],"picked":"ReplayTheSpireMod:Prepare the Ceremony","floor":5},{"not_picked":["beaked:MaddeningMurmurs","beaked:TuckingFeathers"],"picked":"beaked:Foresight","floor":6},{"not_picked":["ReplayTheSpireMod:Wings of Steel","beaked:Negation"],"picked":"beaked:Evade","floor":8},{"not_picked":["beaked:Daydream","beaked:WildInstinct"],"picked":"beaked:Replenish","floor":14},{"not_picked":["beaked:FullHouse","beaked:Brainwash"],"picked":"beaked:ScreechingChant","floor":16},{"not_picked":["beaked:Molting","beaked:Flinch","beaked:Recite"],"picked":"SKIP","floor":18},{"not_picked":["beaked:WarriorSpirit","beaked:Redirect+1"],"picked":"beaked:Insight+1","floor":19},{"not_picked":["beaked:WindBringer","beaked:Recite+1"],"picked":"beaked:Tweet","floor":20},{"not_picked":["beaked:BloodForTheGods+1","beaked:Cower","beaked:Resilience+1"],"picked":"SKIP","floor":25},{"not_picked":["beaked:RuinSticks","beaked:Negation"],"picked":"beaked:AwakenedForm","floor":27},{"not_picked":["expansioncontent:LastStand+1","expansioncontent:Collect+1"],"picked":"jedi:forcepush+1","floor":28},{"not_picked":["expansioncontent:Hexaburn+1","Good Instincts+1"],"picked":"expansioncontent:CaCaw+1","floor":28},{"not_picked":["beaked:BarbedWire","beaked:WindBringer"],"picked":"beaked:BraceForImpact","floor":29},{"not_picked":["beaked:Cower+1","beaked:StunningBlow"],"picked":"beaked:Foresight","floor":31},{"not_picked":["beaked:WildInstinct","beaked:CheekyTricks"],"picked":"beaked:LiftOff","floor":33},{"not_picked":["beaked:SurvivalInstinct+1","beaked:Flinch+1"],"picked":"beaked:Insight","floor":35},{"not_picked":["beaked:Overpower+1","beaked:CursingBlood","beaked:Tradeoff+1"],"picked":"SKIP","floor":36},{"not_picked":["beaked:Cower+1","beaked:Overpower","beaked:MimicHuntress"],"picked":"SKIP","floor":40},{"not_picked":["beaked:CursingBlood","beaked:Poke+1","beaked:Molting"],"picked":"SKIP","floor":41},{"not_picked":["beaked:Molting+1","beaked:Cower+1","beaked:WarriorSpirit+1"],"picked":"SKIP","floor":42},{"not_picked":["beaked:MimicHuntress+1","beaked:WarriorSpirit+1","beaked:Foresight+1"],"picked":"SKIP","floor":45},{"not_picked":["beaked:ScreechingChant","beaked:LiftOff"],"picked":"beaked:ShadowFade","floor":50},{"not_picked":["beaked:TuckingFeathers","Body Slam","Sword Boomerang","ReplayTheSpireMod:Prepare the Ceremony"],"picked":"SKIP","floor":52},{"not_picked":["beaked:TuckingFeathers","Flex","Eclipse","Sever Soul"],"picked":"SKIP","floor":54},{"not_picked":["beaked:WarriorSpirit","Sword Boomerang","beaked:StickSmack","conspire:Charge"],"picked":"SKIP","floor":58},{"not_picked":["beaked:Mantra","beaked:WarriorSpirit","True Grit"],"picked":"beaked:CrazyRituals","floor":59},{"not_picked":["conspire:Charge","beaked:Evade","ReplayTheSpireMod:Corrosion Curse","beaked:Tweet"],"picked":"SKIP","floor":61},{"not_picked":["beaked:SurvivalInstinct","Ghostly Armor","beaked:Cower","beaked:FeelMyPain"],"picked":"SKIP","floor":62},{"not_picked":["Twin Strike","StuffTheSpire:RockThrow","beaked:WarriorSpirit","Havoc"],"picked":"SKIP","floor":65},{"not_picked":["jedi:fear+1","Replay:Undeath\u0027s Touch","beaked:Roost","beaked:Resilience"],"picked":"SKIP","floor":69},{"not_picked":["infinitespire:NeuralNetwork","infinitespire:UltimateForm"],"picked":"infinitespire:Collect","floor":70},{"not_picked":["beaked:Flinch","beaked:Windmill","beaked:SacrificialAttack","beaked:BloodForTheGods+1"],"picked":"SKIP","floor":73}],"player_experience":92300,"relics_obtained":[{"floor":6,"key":"ReplayFunnel"},{"floor":7,"key":"aspiration:ChemicalBlood"},{"floor":8,"key":"jedi:crownofsimplicity"},{"floor":14,"key":"Smiling Mask"},{"floor":26,"key":"hubris:CrystalStatue"},{"floor":27,"key":"hubris:MysteriousPyramids"},{"floor":29,"key":"Gambling Chip"},{"floor":40,"key":"CCEMRelics:DerglesHeadphones"},{"floor":42,"key":"Chameleon Ring"},{"floor":43,"key":"infinitespire:CheckeredPen"},{"floor":45,"key":"hubris:DuctTape"},{"floor":49,"key":"aspiration:Lifesprig"},{"floor":57,"key":"Mummified Hand"},{"floor":58,"key":"infinitespire:PuzzleCube"},{"floor":60,"key":"Golden Egg"},{"floor":62,"key":"CCEMRelics:Barrel"},{"floor":63,"key":"conspire:Boomerang"},{"floor":64,"key":"CCEMRelics:SpiritsEdge"}],"event_choices":[{"damage_healed":0,"gold_gain":0,"player_choice":"Box","damage_taken":0,"relics_obtained":["HornCleat"],"max_hp_gain":0,"max_hp_loss":0,"event_name":"Big Fish","floor":4,"gold_loss":0,"cards_obtained":["Regret"]},{"damage_healed":0,"gold_gain":0,"player_choice":"Slimed","damage_taken":11,"max_hp_gain":0,"max_hp_loss":0,"event_name":"betterThird:BetterGoop","floor":10,"gold_loss":48},{"damage_healed":0,"gold_gain":0,"player_choice":"Gave Potion","damage_taken":0,"relics_obtained":["jedi:HeartOfTheCards"],"max_hp_gain":0,"max_hp_loss":0,"event_name":"WeMeetAgain","floor":12,"gold_loss":0},{"damage_healed":0,"gold_gain":0,"player_choice":"Upgrade","damage_taken":0,"max_hp_gain":0,"max_hp_loss":0,"event_name":"Designer","floor":21,"gold_loss":40,"cards_upgraded":["beaked:Ceremony"]},{"damage_healed":0,"gold_gain":100,"player_choice":"Pray","damage_taken":0,"max_hp_gain":0,"max_hp_loss":0,"event_name":"Golden Shrine","floor":22,"gold_loss":0},{"damage_healed":0,"gold_gain":0,"player_choice":"3","damage_taken":0,"max_hp_gain":0,"max_hp_loss":0,"event_name":"betterMatch:BetterMatch","floor":28,"gold_loss":0,"cards_obtained":["betterMatch:ColorlessUncommonCard"]},{"damage_healed":0,"gold_gain":0,"player_choice":"Embrace Madness","damage_taken":6,"max_hp_gain":0,"max_hp_loss":0,"event_name":"Winding Halls","floor":38,"gold_loss":0,"cards_obtained":["Madness","Madness"]},{"cards_removed":["Madness"],"damage_healed":0,"gold_gain":0,"player_choice":"Removed Skill","damage_taken":0,"max_hp_gain":0,"max_hp_loss":0,"event_name":"Falling","floor":47,"gold_loss":0},{"cards_removed":["beaked:Foresight"],"damage_healed":0,"gold_gain":0,"player_choice":"Gave Card","damage_taken":0,"relics_obtained":["StuffTheSpire:CocoNut"],"max_hp_gain":0,"max_hp_loss":0,"event_name":"WeMeetAgain","floor":53,"gold_loss":0},{"damage_healed":0,"gold_gain":0,"player_choice":"2","damage_taken":0,"max_hp_gain":0,"max_hp_loss":0,"event_name":"betterMatch:BetterMatch","floor":55,"gold_loss":0,"cards_obtained":["betterMatch:CommonCard"]},{"damage_healed":0,"gold_gain":0,"player_choice":"Bought 0 Potions","damage_taken":0,"max_hp_gain":0,"max_hp_loss":0,"event_name":"The Woman in Blue","floor":56,"gold_loss":0}],"is_beta":false,"boss_relics":[{"not_picked":["aspiration:DefectSkillbook","Snecko Eye"],"picked":"Replay:Fungal Core"},{"not_picked":["halation:PinkAlligatorPlush","beaked:SacrificeDoll"],"picked":"hubris:TerracottaHorce"},{"not_picked":["halation:Yufonium","Astrolabe"],"picked":"aspiration:IroncladSkillbook"},{"not_picked":["Snecko Eye","beaked:SacrificeDoll"],"picked":"beaked:FlawlessSticks"}],"items_purged_floors":[13,24,39,72],"is_endless":true,"potions_floor_spawned":[1,6,8,14,16,18,20,27,31,36,41,42,52,58,59,65,73],"killed_by":"theJungle:MamaSnecko","ascension_level":0}}