{"host":"szp1d6dso4pv7ddl","time":1608083862,"event":{"mods":["AchievementEnabler","Alarm Clock","BaseMod","Bestiary","Block Reminder","Colored Map","Colored Powertips","Curses Come First","Displayed Cursed Tome","Highlight Path","Minty Spire (QoL Compilation)","Permanent Neow","Quick Restart","Relic Stats","StSLib"],"gold_per_floor":[116,116,116,126,144,178,178,178,178,178,178],"floor_reached":10,"playtime":359,"items_purged":[],"score":102,"play_id":"d4c79a3c-130f-44b3-a920-a4ee71a94877","local_time":"20201215175742","is_ascension_mode":true,"campfire_choices":[{"floor":7.0,"key":"REST"}],"circlet_count":0,"master_deck":["AscendersBane","Strike_R","Strike_R","Strike_R","Strike_R","Defend_R","Defend_R","Defend_R","Defend_R","Bash","Flame Barrier","Body Slam","Armaments","Demon Form"],"relics":["Burning Blood","NeowsBlessing","Calipers","Pantograph"],"acts_visited":[],"potions_floor_usage":[10],"damage_taken":[{"damage":0.0,"enemies":"Jaw Worm","floor":1.0,"turns":1.0},{"damage":0.0,"enemies":"2 Louse","floor":4.0,"turns":2.0},{"damage":0.0,"enemies":"Cultist","floor":5.0,"turns":1.0},{"damage":77.0,"enemies":"Lagavulin","floor":6.0,"turns":12.0},{"damage":44,"enemies":"3 Sentries","floor":10,"turns":6}],"seed_played":"-605321584345029083","potions_obtained":[{"floor":3.0,"key":"BloodPotion"},{"floor":3.0,"key":"Strength Potion"}],"is_trial":false,"path_per_floor":["M","?","?","M","M","E","R","?","T","E"],"character_chosen":"IRONCLAD","items_purchased":[],"campfire_rested":1,"item_purchase_floors":[],"current_hp_per_floor":[78,78,78,80,80,25,49,42,42,0,0],"gold":178,"neow_bonus":"THREE_ENEMY_KILL","is_daily":false,"chose_seed":false,"campfire_upgraded":0,"win_rate":0.0,"timestamp":1608083862,"path_taken":["M","?","?","M","?","E","R","?","T","E"],"items_purchased_type":[],"build_version":"2020-12-13","purchased_purges":0,"victory":false,"max_hp_per_floor":[80,80,80,80,80,80,80,80,80,80,80],"relic_stats":{"counters":[5,22],"Pantograph":0,"obtain_stats":[{"Calipers":6,"NeowsBlessing":0,"Pantograph":9,"Burning Blood":0},{"Calipers":4,"NeowsBlessing":0,"Pantograph":4,"Burning Blood":0},{"Calipers":16,"NeowsBlessing":0,"Pantograph":16,"Burning Blood":0}],"Burning Blood":14},"card_choices":[{"not_picked":["Flex","Iron Wave"],"picked":"Flame Barrier","floor":1.0},{"not_picked":["Flex","Wild Strike"],"picked":"Body Slam","floor":4.0},{"not_picked":["Heavy Blade","Body Slam"],"picked":"Armaments","floor":5.0},{"not_picked":["Hemokinesis","Carnage"],"picked":"Demon Form","floor":6.0}],"player_experience":951539,"relics_obtained":[{"floor":6.0,"key":"Calipers"},{"floor":9.0,"key":"Pantograph"}],"event_choices":[{"damage_healed":0.0,"max_hp_gain":0.0,"max_hp_loss":0.0,"gold_gain":0.0,"event_name":"Liars Game","player_choice":"Ignored","floor":2.0,"gold_loss":0.0,"damage_taken":0.0},{"damage_healed":0.0,"max_hp_gain":0.0,"max_hp_loss":0.0,"gold_gain":0.0,"event_name":"Lab","player_choice":"Got Potions","floor":3.0,"gold_loss":0.0,"damage_taken":0.0},{"cards_removed":["Strike_R"],"damage_healed":0.0,"max_hp_gain":0.0,"max_hp_loss":0.0,"gold_gain":0.0,"event_name":"Golden Wing","player_choice":"Card Removal","floor":8.0,"gold_loss":0.0,"damage_taken":7.0}],"is_beta":false,"boss_relics":[],"items_purged_floors":[],"is_endless":false,"potions_floor_spawned":[],"killed_by":"3 Sentries","ascension_level":11}}