{"host":"dwyzfvnzfcqffr30","time":1608120263,"event":{"mods":["2.2 Compatiblity","Act Like it!","BaseMod","Beaked The Cultist","Better Altar","Better Sensory Stone","Better Third Choice","Clockwork Mod","Colored Map","Colored Powertips","Conspire","Elementarium","GifTheSpireLib","Halation","Hubris","Jedi Mod","Menagerie","Mimic Mod","Minty Spire (QoL Compilation)","Permanent Neow","Random Character Button","Replay The Spire","Spicy Shops","StSLib","Stuff the Spire","The Construct","The Druid","TheFirefly","Trackpad","vexMod"],"gold_per_floor":[209,226,226,246,246,274,274,305,328,355,369,395,395,96,96,197,197,216,232,75,75,5,31,31,65,142,168,179,179,179,211,211,308,308,322,322,340,340,33,33,33,33],"floor_reached":41,"playtime":3318,"items_purged":["Strike_B+1","Regret"],"score":775,"play_id":"1aafa3d4-c99d-461b-8daa-79288244375f","local_time":"20201216040423","is_ascension_mode":true,"campfire_choices":[{"floor":13,"key":"REST"},{"floor":15,"key":"RECALL"},{"floor":30,"key":"REST"},{"floor":32,"key":"REST"},{"floor":40,"key":"REST"}],"circlet_count":0,"master_deck":["Strike_B+1","Strike_B+1","Strike_B+1","Defend_B+1","Defend_B+1","Defend_B+1","Defend_B+1","Zap+1","MasterReality+1","Hologram+1","Cold Snap+1","Chaos+1","Pot Of Greed+1","Pot Of Greed+1","jedi:overflow+1","Menagerie:RelicOfProgenitus+1","ReplayTheSpireMod:Reroute Power+1","Defragment+1","Barrage+1","Defragment+1","ReplayRNGCard+1","StuffTheSpire:Synthwave+1","Pot Of Greed+1","Lockon+1","Conserve Battery+1","jedi:meditation+2","Biased Cognition+1","StuffTheSpire:Ambrosia"],"relics":["Cracked Core","Juzu Bracelet","Black Star","Molten Egg 2","Toxic Egg 2","Frozen Egg 2","Quantum Egg","Bottled Tornado","Calipers","Grinning Jar","StuffTheSpire:Barrel","StuffTheSpire:Gunfinga","Replay:Multitool","hubris:Potato","halation:PenCase","StuffTheSpire:Mouthbags","trackpad:Compendium","halation:Prosthetics","halation:Jellyphish","halation:EternalFortune","hubris:MedicalManual","Potion Belt","hubris:SlimyHat","hubris:DuctTape","Iron Hammer","halation:AfternoonTea","Boot","vexMod:BarristanHead","Elementarium:ElementariumTrophy","construct:WeddingRing","hubris:BallOfYels","Medical Kit","halation:BlackBeret"],"acts_visited":["Menagerie:Menagerie","Elementarium:Elementarium","TheBeyond"],"potions_floor_usage":[12,21,25,31,33],"damage_taken":[{"damage":1,"enemies":"Menagerie:MonstrousExperiment","floor":1,"turns":4},{"damage":0,"enemies":"Menagerie:2_RABBITS","floor":2,"turns":3},{"damage":0,"enemies":"Menagerie:WhisperingWraith","floor":4,"turns":3},{"damage":7,"enemies":"Menagerie:VoidReaper","floor":6,"turns":4},{"damage":6,"enemies":"Menagerie:MaskedSummoner","floor":8,"turns":11},{"damage":0,"enemies":"Menagerie:Hydra","floor":10,"turns":4},{"damage":0,"enemies":"Menagerie:MENAGERIE_WILDLIFE","floor":11,"turns":2},{"damage":0,"enemies":"Menagerie:VoidReaper","floor":12,"turns":4},{"damage":21,"enemies":"Menagerie:Suneater","floor":16,"turns":4},{"damage":5,"enemies":"Elementarium:MUD_AND_TAR_GOLEMS","floor":18,"turns":3},{"damage":0,"enemies":"Elementarium:VoidCorruption","floor":19,"turns":3},{"damage":0,"enemies":"Elementarium:WarGolem","floor":23,"turns":4},{"damage":17,"enemies":"Elementarium:FIRE_NOBILITY","floor":25,"turns":3},{"damage":21,"enemies":"Elementarium:WarGolem","floor":27,"turns":5},{"damage":10,"enemies":"Elementarium:CYCLONE_AND_LIVING_STORMCLOUD","floor":28,"turns":7},{"damage":9,"enemies":"Elementarium:FIRE_NOBILITY","floor":31,"turns":7},{"damage":37,"enemies":"Elementarium:GolemEmperor","floor":33,"turns":8},{"damage":0,"enemies":"3 Darklings","floor":35,"turns":5},{"damage":24,"enemies":"Orb Walker","floor":37,"turns":4},{"damage":53,"enemies":"Nemesis","floor":41,"turns":4}],"seed_played":"9053359260330672775","potions_obtained":[{"floor":8,"key":"Swift Potion"},{"floor":19,"key":"jedi:mysterypotion"},{"floor":23,"key":"Dexterity Potion"},{"floor":24,"key":"Cursed Concoction"},{"floor":24,"key":"Weak Potion"}],"is_trial":false,"path_per_floor":["M","M","?","M","?","E","?","E","T","E","M","E","R","$","R_BF","B",null,"M","M","$","?","$","E","R","E","T","E","M","?","R","E","R","B",null,"M","?","M","?","$","R","E"],"character_chosen":"DEFECT","items_purchased":["trackpad:Compendium","Defragment+1","hubris:PowerSurge+1","halation:Jellyphish","Lockon+1","hubris:BallOfYels","Medical Kit"],"campfire_rested":4,"item_purchase_floors":[14,14,20,20,22,39,39],"current_hp_per_floor":[67,67,67,67,67,60,60,54,54,54,54,54,75,75,75,54,40,35,35,35,38,38,43,43,34,34,13,3,3,15,21,33,11,35,43,43,19,19,19,34,0,0],"gold":33,"neow_bonus":"HUNDRED_GOLD","is_daily":false,"chose_seed":false,"campfire_upgraded":0,"win_rate":0.0,"timestamp":1608120263,"path_taken":["M","M","?","M","?","E","?","E","T","E","M","E","R","$","R_BF","BOSS","M","M","$","?","?","E","R","E","T","E","M","?","R","E","R","BOSS","M","?","M","?","$","R","E"],"items_purchased_type":["Relic","Card","Card","Relic","Card","Relic","Relic"],"build_version":"2020-12-13","purchased_purges":2,"victory":false,"max_hp_per_floor":[75,75,75,75,75,75,75,75,75,75,75,75,75,75,75,75,40,40,40,40,43,43,43,43,43,43,43,43,43,43,43,43,43,43,51,51,51,51,51,51,52,52],"card_choices":[{"not_picked":["Redo+1","StuffTheSpire:CleanHardDrive+1"],"picked":"Hologram+1","floor":1},{"not_picked":["Coolheaded+1","ReplayTheSpireMod:Dual Polarity+1"],"picked":"hubris:PowerSurge+1","floor":2},{"not_picked":["Sweeping Beam+1","Hologram+1"],"picked":"Cold Snap+1","floor":4},{"not_picked":["hubris:DoWhile+1","Recycle+1"],"picked":"jedi:overflow+1","floor":6},{"not_picked":["ReplayGash+1","Leap+1"],"picked":"Barrage+1","floor":8},{"not_picked":["Auto Shields+1","Reinforced Body+1","StuffTheSpire:SnapShoot+1"],"picked":"SKIP","floor":10},{"not_picked":["Cold Snap+1","Sweeping Beam+1"],"picked":"ReplayTheSpireMod:Reroute Power+1","floor":11},{"not_picked":["Time Bomb+1","Echo Form+1"],"picked":"Defragment+1","floor":12},{"not_picked":["jedi:readyaimfire+1","ReplayTheSpireMod:Omega Cannon+1"],"picked":"ReplayRNGCard+1","floor":16},{"not_picked":["Gash+1","Compile Driver+1","Streamline+1"],"picked":"SKIP","floor":18},{"not_picked":["Stack+1","Chill+1"],"picked":"StuffTheSpire:Synthwave+1","floor":19},{"not_picked":["Panic Button+1","StuffTheSpire:Rend+1","Beam Cell+1"],"picked":"SKIP","floor":23},{"not_picked":["Heatsinks+1","Cold Snap+1"],"picked":"Conserve Battery+1","floor":25},{"not_picked":["ReplayTheSpireMod:GoodbyeWorld+1","Double Energy+1","ReplayTheSpireMod:Repulse+1"],"picked":"SKIP","floor":27},{"not_picked":["ReplayTheSpireMod:GoodbyeWorld+1","Double Energy+1","ReplayTheSpireMod:Repulse+1"],"picked":"SKIP","floor":27},{"not_picked":["jedi:BurstLightning+1","Barrage+1","conspire:Rain+1"],"picked":"SKIP","floor":28},{"not_picked":["Coolheaded+1","Chill+1","Rainbow+1"],"picked":"SKIP","floor":31},{"not_picked":["jedi:gatheringstorm+1","StuffTheSpire:EventHorizon+1"],"picked":"Biased Cognition+1","floor":33},{"not_picked":["jedi:locknload+1","Auto Shields+1","Gash+1"],"picked":"SKIP","floor":35},{"not_picked":["Steam+1","Conserve Battery+1","StuffTheSpire:LoadUp+1"],"picked":"SKIP","floor":37},{"not_picked":["StuffTheSpire:Brawn","StuffTheSpire:Harmony"],"picked":"StuffTheSpire:Ambrosia","floor":38}],"player_experience":1232584,"relics_obtained":[{"floor":6,"key":"Calipers"},{"floor":6,"key":"Grinning Jar"},{"floor":8,"key":"StuffTheSpire:Barrel"},{"floor":8,"key":"StuffTheSpire:Gunfinga"},{"floor":9,"key":"Replay:Antivirus Software"},{"floor":10,"key":"Replay:Multitool"},{"floor":10,"key":"hubris:Potato"},{"floor":12,"key":"halation:PenCase"},{"floor":12,"key":"StuffTheSpire:Mouthbags"},{"floor":23,"key":"hubris:MedicalManual"},{"floor":23,"key":"Potion Belt"},{"floor":25,"key":"hubris:SlimyHat"},{"floor":25,"key":"hubris:DuctTape"},{"floor":27,"key":"Iron Hammer"},{"floor":27,"key":"halation:AfternoonTea"},{"floor":31,"key":"Boot"},{"floor":31,"key":"vexMod:BarristanHead"}],"event_choices":[{"damage_healed":0,"gold_gain":0,"player_choice":"Simplicity","damage_taken":0,"max_hp_gain":0,"max_hp_loss":8,"event_name":"betterThird:BetterWriting","floor":0,"gold_loss":0},{"damage_healed":0,"gold_gain":0,"player_choice":"Upgraded","damage_taken":0,"max_hp_gain":0,"max_hp_loss":0,"event_name":"Upgrade Shrine","floor":0,"gold_loss":0,"cards_upgraded":["Zap"]},{"damage_healed":0,"gold_gain":0,"player_choice":"Upgraded","damage_taken":0,"max_hp_gain":0,"max_hp_loss":0,"event_name":"Upgrade Shrine","floor":0,"gold_loss":0,"cards_upgraded":["Dualcast"]},{"damage_healed":0,"gold_gain":0,"cards_transformed":["Dualcast"],"player_choice":"Grasp","damage_taken":0,"max_hp_gain":0,"max_hp_loss":0,"event_name":"Menagerie:MagesHand","floor":7,"gold_loss":0,"cards_obtained":["Menagerie:RelicOfProgenitus"]},{"damage_healed":0,"gold_gain":0,"player_choice":"Leave","damage_taken":0,"max_hp_gain":0,"max_hp_loss":0,"event_name":"conspire:Investor","floor":29,"gold_loss":0}],"is_beta":false,"boss_relics":[{"not_picked":["Velvet Choker","vexMod:RockOfEvil"],"picked":"halation:Prosthetics"},{"not_picked":["Coffee Dripper","Astrolabe"],"picked":"construct:WeddingRing"}],"items_purged_floors":[14,39],"is_endless":false,"potions_floor_spawned":[8,12,19,23,31],"killed_by":"Nemesis","ascension_level":7}}