{"host":"aukiz5jlacd3g5yc","time":1608090047,"event":{"mods":["2.2 Compatiblity","BaseMod","Bestiary","Colored Map","Colored Powertips","Downfall","GifTheSpireLib","Highlight Path","Hubris","Infinite Spire","Marisa????????","Minty Spire (QoL Compilation)","Permanent Neow","Quick Restart","Random Character Button","Rare Cards Sparkle","Relic Sorter","Relic Stats","Replay The Spire","StSLib","Unknown Chances","everything is the same but u backflip on backflip","slay the spire mod where everything is the same but ironclad has a cowboy hat"],"gold_per_floor":[99,117,143,162,174,217,217,217,258,258,278,287,301,345,360,360,360],"floor_reached":16,"playtime":753,"items_purged":[],"score":190,"play_id":"5fc54893-f351-420e-8868-5c2111f36c8f","local_time":"20201215214047","daily_mods":["SealedDeck","Red Cards","DeadlyEvents","Elite Swarm"],"is_ascension_mode":true,"campfire_choices":[{"data":"Heavy Blade","floor":1,"key":"SMITH"},{"floor":8,"key":"REST"},{"data":"Feed","floor":10,"key":"SMITH"},{"data":"Rage","floor":10,"key":"SMITH"}],"circlet_count":0,"master_deck":["Anger","champ:RageSigil","Intimidate","champ:BerserkersShout","Rupture","Heavy Blade+1","Inflame","ReplayTheSpireMod:Muscle Training","champ:BerserkersShout","champ:BerserkersShout","Rage+1","Feed+1","champ:BerserkerStyle","champ:EnchantSword","champ:SteelEdge","Fasting2","champ:BringItOn","Limit Break"],"relics":["Burning Blood","hubris:BottledRain","CeramicFish","hubris:DisguiseKit","Replay:Arrowhead","Replay:Bottled Snecko"],"acts_visited":["Exordium"],"potions_floor_usage":[6],"damage_taken":[{"damage":33,"enemies":"Jaw Worm","floor":2,"turns":3},{"damage":60,"enemies":"Lagavulin","floor":3,"turns":5},{"damage":52,"enemies":"Cultist","floor":4,"turns":4},{"damage":59,"enemies":"Small Slimes","floor":5,"turns":4},{"damage":38,"enemies":"Gremlin Nob","floor":6,"turns":3},{"damage":62,"enemies":"Lagavulin","floor":9,"turns":5},{"damage":24,"enemies":"3 Louse","floor":11,"turns":3},{"damage":20,"enemies":"2 Fungi Beasts","floor":13,"turns":4},{"damage":46,"enemies":"Gremlin Nob","floor":14,"turns":4},{"damage":46,"enemies":"Lots of Slimes","floor":15,"turns":5},{"damage":29,"enemies":"downfall:Ironclad","floor":16,"turns":2}],"seed_played":"5314855820585731594","potions_obtained":[{"floor":3,"key":"Weak Potion"},{"floor":6,"key":"SpeedPotion"}],"is_trial":true,"path_per_floor":["R","M","E","M","M","E","T","R","E","R","M","?","M","E","M","B"],"character_chosen":"IRONCLAD","items_purchased":[],"campfire_rested":1,"item_purchase_floors":[],"current_hp_per_floor":[80,77,71,64,44,42,42,66,55,55,57,57,47,29,10,0,0],"gold":360,"neow_bonus":"","is_daily":false,"chose_seed":false,"campfire_upgraded":3,"win_rate":0.0,"timestamp":1608090047,"path_taken":["R","M","E","M","M","E","T","R","E","R","M","?","?","?","M","BOSS"],"items_purchased_type":[],"build_version":"2020-12-13","purchased_purges":0,"victory":false,"max_hp_per_floor":[80,80,80,83,83,83,83,83,86,86,90,90,94,94,98,98,98],"relic_stats":{"counters":[11,42],"CeramicFish":45,"obtain_stats":[{"hubris:DisguiseKit":7,"CeramicFish":6,"Replay:Bottled Snecko":14,"Burning Blood":0,"Replay:Arrowhead":9,"hubris:BottledRain":3},{"hubris:DisguiseKit":5,"CeramicFish":5,"Replay:Bottled Snecko":9,"Burning Blood":0,"Replay:Arrowhead":6,"hubris:BottledRain":2},{"hubris:DisguiseKit":19,"CeramicFish":19,"Replay:Bottled Snecko":35,"Burning Blood":0,"Replay:Arrowhead":24,"hubris:BottledRain":8}],"Burning Blood":60},"card_choices":[{"not_picked":["Iron Wave","champ:Circumvent"],"picked":"Rage","floor":2},{"not_picked":["Impervious","champ:PerfectForm"],"picked":"Feed","floor":3},{"not_picked":["champ:EnGarde","Carnage","Havoc"],"picked":"SKIP","floor":4},{"not_picked":["champ:PerfectedStrike","Dropkick"],"picked":"champ:BerserkerStyle","floor":5},{"not_picked":["Eclipse","Double Tap"],"picked":"champ:EnchantSword","floor":6},{"not_picked":["Feed","champ:IgnorePain","Vault"],"picked":"champ:SteelEdge","floor":9},{"not_picked":["champ:Haymaker","champ:HeartStrike","Battle Trance"],"picked":"Fasting2","floor":11},{"not_picked":["Heavy Blade","Dark Embrace","champ:GladiatorsShout","BowlingBash"],"picked":"SKIP","floor":13},{"not_picked":["champ:CheapShot","Reaper","DevaForm"],"picked":"Limit Break","floor":14},{"not_picked":["Run Through","champ:ShieldSigil","hubris:CleavingFinish","ClearTheMind"],"picked":"SKIP","floor":15}],"player_experience":367200,"relics_obtained":[{"floor":3,"key":"hubris:BottledRain"},{"floor":6,"key":"CeramicFish"},{"floor":7,"key":"hubris:DisguiseKit"},{"floor":9,"key":"Replay:Arrowhead"},{"floor":14,"key":"Replay:Bottled Snecko"}],"event_choices":[],"is_beta":false,"boss_relics":[],"items_purged_floors":[],"is_endless":false,"potions_floor_spawned":[3,6],"killed_by":"downfall:Ironclad","ascension_level":1}}