{"host":"lctcqud4f9t1q6q5","time":1608114306,"event":{"mods":["BaseMod","Better Vampires","Block Reminder","Colored Map","Colored Powertips","Downfall","Highlight Path","KinomotoSakuraMod(木之本樱)","Lobotomy","LobotomyExtend","Marisa（F雨　魔理沙）","Minty Spire (QoL Compilation)","Quick Restart","Reimu（博丽灵梦）","Relic Stats","Replay The Spire","RumiaBox-露米娅的神秘盒子","Shop Mod","Spicy Shops","StSLib","TestMod","The Bug Knight","Thieving Mod","WarShipGirlsR/战舰少女R mod","vexMod","【功能Mod】混沌之环修复补丁","篝火指南"],"gold_per_floor":[458,216,176,176,187,204,235,235,251,333,73,99,99,134,149,149,245,245,262,262,262,276,276,305,322,322,372,372,372,372,372],"floor_reached":29,"playtime":1097,"items_purged":[],"score":300,"play_id":"051d419c-e213-4566-ba1b-72308ee751af","local_time":"20201216182506","is_ascension_mode":true,"campfire_choices":[{"floor":7.0,"key":"REST"},{"floor":12.0,"key":"REST"},{"floor":15,"key":"REST"},{"floor":25,"key":"REST"}],"circlet_count":0,"master_deck":["Strike_P","Strike_P","Strike_P","Defend_P","Defend_P","Defend_P","Defend_P","Eruption+1","Vigilance","FlurryOfBlows","Consecrate","Replay:Vibes+1","ReachHeaven+1","Perseverance+1","Replay:AllIn+1","Establishment+1","Parasite","FollowUp+1","Replay:ManipulateFuture+1","Decay"],"relics":["testmod-TestBox","testmod-Déjàvu","LetterFromLob","PaintedHorse:ReiMu","ChaoDraw","MagicDraw1","MerchantsRug","PreservedInsect","MealTicket","Pen Nib","vexMod:RedPlottingStone","vexMod:ImprovementManual","ShedSkin_r","Meat on the Bone","ZombieArmy","RedMistMask","Moonlight_r","Incense Burner"],"acts_visited":["Exordium","TheCity"],"potions_floor_usage":[16,23,23,29],"damage_taken":[{"damage":1.0,"enemies":"Jaw Worm","floor":1.0,"turns":4.0},{"damage":8.0,"enemies":"2 Louse","floor":4.0,"turns":4.0},{"damage":0.0,"enemies":"Cultist","floor":5.0,"turns":3.0},{"damage":45.0,"enemies":"Lagavulin","floor":6.0,"turns":9.0},{"damage":10.0,"enemies":"3 Louse","floor":8.0,"turns":2.0},{"damage":20.0,"enemies":"3 Sentries","floor":11.0,"turns":3.0},{"damage":10,"enemies":"Gremlin Nob","floor":13,"turns":3},{"damage":3,"enemies":"Blue Slaver","floor":14,"turns":2},{"damage":19,"enemies":"Hexaghost","floor":16,"turns":4},{"damage":0,"enemies":"Spheric Guardian","floor":18,"turns":2},{"damage":14,"enemies":"Chosen","floor":21,"turns":3},{"damage":9,"enemies":"Book of Stabbing","floor":23,"turns":3},{"damage":0,"enemies":"Snecko","floor":24,"turns":2},{"damage":19,"enemies":"Centurion and Healer","floor":29,"turns":2}],"seed_played":"-3703577915283398273","potions_obtained":[{"floor":11.0,"key":"BottledMiracle"},{"floor":13,"key":"BottledMiracle"},{"floor":14,"key":"PowerPotion"},{"floor":16,"key":"ThievingMod:ThievingPotion"},{"floor":18,"key":"Strength Potion"},{"floor":23,"key":"SkillPotion"}],"is_trial":false,"path_per_floor":["M","?","?","M","M","E","R","M","T","R","E","R","E","M","R","B",null,"M","?","?","M","T","E","M","R","T","E","?","M"],"character_chosen":"WATCHER","items_purchased":["MerchantsRug","PreservedInsect","MealTicket"],"campfire_rested":4,"item_purchase_floors":[10,10,10],"current_hp_per_floor":[65,71,71,71,63,63,18,39,29,29,29,9,30,20,17,38,19,72,72,59,33,19,19,22,34,57,57,12,12,0,0],"gold":372,"neow_bonus":"BOSS_RELIC","is_daily":false,"chose_seed":false,"campfire_upgraded":0,"win_rate":0.0,"timestamp":1608114306,"path_taken":["M","?","?","M","?","E","R","M","T","R","E","R","E","M","R","BOSS","M","?","?","M","?","E","?","R","T","E","?","M"],"items_purchased_type":["Relic","Relic","Relic"],"build_version":"2020-12-13","purchased_purges":0,"victory":false,"max_hp_per_floor":[78,72,72,72,72,72,72,72,72,72,72,72,72,72,72,72,72,72,72,77,77,77,77,77,77,77,77,77,77,77,77],"relic_stats":{"counters":[14,46],"MealTicket":0,"PreservedInsect":95,"Pen Nib":[5],"obtain_stats":[{"MerchantsRug":10,"testmod-TestBox":0,"PreservedInsect":10,"Pen Nib":11,"Incense Burner":28,"ChaoDraw":6,"MagicDraw1":9,"Replay:Wanted Poster":0,"Moonlight_r":27,"PaintedHorse:ReiMu":2,"vexMod:RedPlottingStone":13,"MealTicket":10,"testmod-Déjàvu":0,"RedMistMask":24,"LetterFromLob":1,"PureWater":0,"vexMod:ImprovementManual":17,"ShedSkin_r":20,"Meat on the Bone":22,"ZombieArmy":23},{"MerchantsRug":5,"testmod-TestBox":0,"PreservedInsect":5,"Pen Nib":6,"Incense Burner":13,"ChaoDraw":4,"MagicDraw1":5,"Replay:Wanted Poster":0,"Moonlight_r":13,"PaintedHorse:ReiMu":1,"vexMod:RedPlottingStone":7,"MealTicket":5,"testmod-Déjàvu":0,"RedMistMask":13,"LetterFromLob":1,"PureWater":0,"vexMod:ImprovementManual":9,"ShedSkin_r":10,"Meat on the Bone":11,"ZombieArmy":12},{"MerchantsRug":22,"testmod-TestBox":0,"PreservedInsect":22,"Pen Nib":25,"Incense Burner":44,"ChaoDraw":20,"MagicDraw1":22,"Replay:Wanted Poster":0,"Moonlight_r":44,"PaintedHorse:ReiMu":4,"vexMod:RedPlottingStone":28,"MealTicket":22,"testmod-Déjàvu":0,"RedMistMask":44,"LetterFromLob":4,"PureWater":0,"vexMod:ImprovementManual":34,"ShedSkin_r":36,"Meat on the Bone":39,"ZombieArmy":42}],"Meat on the Bone":24},"card_choices":[{"not_picked":["Replay:AtTheReady","JustLucky"],"picked":"FlurryOfBlows","floor":1.0},{"not_picked":["Halt","Crescendo"],"picked":"Consecrate","floor":4.0},{"not_picked":["Collect","Prostrate"],"picked":"Replay:Vibes","floor":5.0},{"not_picked":["Replay:AtTheReady","Halt"],"picked":"ReachHeaven","floor":6.0},{"not_picked":["Replay:BluntJabs","Collect"],"picked":"Perseverance","floor":8.0},{"not_picked":["FlyingSleeves","EmptyBody"],"picked":"Replay:AllIn","floor":11.0},{"not_picked":["CutThroughFate","Sanctity"],"picked":"Establishment","floor":13},{"not_picked":["FlyingSleeves","Pray","Crescendo"],"picked":"SKIP","floor":14},{"not_picked":["Consecrate","CutThroughFate","Prostrate"],"picked":"SKIP","floor":18},{"not_picked":["Halt","LessonLearned"],"picked":"FollowUp+1","floor":21},{"not_picked":["CrushJoints","Replay:BluntJabs"],"picked":"Replay:ManipulateFuture+1","floor":23},{"not_picked":["EmptyFist","Worship","Prostrate"],"picked":"SKIP","floor":24}],"player_experience":328445,"relics_obtained":[{"floor":1.0,"key":"LetterFromLob"},{"floor":6.0,"key":"ChaoDraw"},{"floor":9.0,"key":"MagicDraw1"},{"floor":11.0,"key":"Pen Nib"},{"floor":13,"key":"vexMod:RedPlottingStone"},{"floor":22,"key":"Meat on the Bone"},{"floor":23,"key":"ZombieArmy"},{"floor":24,"key":"RedMistMask"}],"event_choices":[{"damage_healed":0.0,"max_hp_gain":0.0,"max_hp_loss":0.0,"gold_gain":0.0,"event_name":"yidonshenshe","player_choice":"塞钱","floor":2.0,"gold_loss":40.0,"damage_taken":0.0,"relics_obtained":["PaintedHorse:ReiMu"]},{"damage_healed":0.0,"max_hp_gain":0.0,"max_hp_loss":0.0,"gold_gain":0.0,"event_name":"NoteForYourself","player_choice":"Ignored","floor":3.0,"gold_loss":0.0,"damage_taken":0.0},{"damage_healed":0,"gold_gain":0,"player_choice":"Shed Blood","damage_taken":18,"max_hp_gain":5,"max_hp_loss":0,"event_name":"Forgotten Altar","floor":19,"gold_loss":0}],"is_beta":false,"boss_relics":[{"not_picked":["Abe\u0027s Treasure","Replay:Bronze Core"],"picked":"vexMod:ImprovementManual"}],"items_purged_floors":[],"is_endless":false,"potions_floor_spawned":[11,13,14,16,18,23],"killed_by":"Centurion and Healer","ascension_level":3}}