{"host":"kda2p2afd6bvz6qo","time":1608084871,"event":{"mods":["BaseMod","Colored Map","Minty Spire (QoL Compilation)","Relic Stats"],"gold_per_floor":[111,111,111,39,49,79,95,95,95,46,73,73,88,120,120,218,218,233,233,47,58,58,92,92,117,169,195,205,239,266,366,366,461,461,478,489,543,543,543,571,571,596,651,678,284,284,284,296,296,296],"floor_reached":51,"playtime":3361,"items_purged":["Strike_G","Writhe"],"score":1720,"play_id":"84880c36-3f94-4c96-9d13-fb0a94a93bab","local_time":"20201216021431","is_ascension_mode":true,"campfire_choices":[{"data":"Wraith Form v2","floor":8,"key":"SMITH"},{"data":"Envenom","floor":12,"key":"SMITH"},{"data":"Cloak And Dagger","floor":15,"key":"SMITH"},{"data":"Adrenaline","floor":24,"key":"SMITH"},{"data":"Blade Dance","floor":32,"key":"SMITH"},{"data":"Noxious Fumes","floor":41,"key":"SMITH"},{"data":"Acrobatics","floor":47,"key":"SMITH"},{"data":"Leg Sweep","floor":49,"key":"SMITH"}],"circlet_count":0,"master_deck":["AscendersBane","Defend_G","Defend_G","Defend_G","Defend_G","Defend_G","Survivor","Neutralize+1","Blade Dance+1","Wraith Form v2+1","After Image","Flying Knee+1","Acrobatics+1","Cloak And Dagger+1","Envenom+1","After Image","Adrenaline+1","Backflip+1","After Image","Bane","Noxious Fumes+1","Leg Sweep+1","Cloak And Dagger+1","Shame","After Image","Blade Dance+1","Injury","Terror+1","Blur","Finisher+1","Storm of Steel+1","Backflip+1","Panacea"],"relics":["Ring of the Snake","NeowsBlessing","Matryoshka","PreservedInsect","Pocketwatch","Pen Nib","Tough Bandages","Cursed Key","Tingsha","WingedGreaves","Letter Opener","Juzu Bracelet","Whetstone","White Beast Statue","Anchor","Eternal Feather","Unceasing Top","Pear","Philosopher\u0027s Stone","CaptainsWheel","MealTicket","Mercury Hourglass","Potion Belt","Incense Burner","Strawberry","Bronze Scales"],"acts_visited":["Exordium","TheCity","TheBeyond"],"potions_floor_usage":[11,16,25,31,50,50,50,50],"damage_taken":[{"damage":0,"enemies":"Jaw Worm","floor":1,"turns":1},{"damage":0,"enemies":"Small Slimes","floor":5,"turns":1},{"damage":0,"enemies":"Gremlin Nob","floor":6,"turns":1},{"damage":3,"enemies":"2 Louse","floor":7,"turns":4},{"damage":2,"enemies":"3 Sentries","floor":11,"turns":7},{"damage":9,"enemies":"Exordium Wildlife","floor":13,"turns":6},{"damage":1,"enemies":"Lagavulin","floor":14,"turns":5},{"damage":3,"enemies":"The Guardian","floor":16,"turns":13},{"damage":0,"enemies":"3 Byrds","floor":18,"turns":5},{"damage":0,"enemies":"Spheric Guardian","floor":21,"turns":6},{"damage":0,"enemies":"Book of Stabbing","floor":23,"turns":5},{"damage":5,"enemies":"Slavers","floor":25,"turns":8},{"damage":1,"enemies":"Gremlin Leader","floor":27,"turns":7},{"damage":4,"enemies":"Snake Plant","floor":28,"turns":5},{"damage":0,"enemies":"Book of Stabbing","floor":29,"turns":5},{"damage":0,"enemies":"Gremlin Leader","floor":30,"turns":5},{"damage":0,"enemies":"Colosseum Slavers","floor":31,"turns":5},{"damage":2,"enemies":"Colosseum Nobs","floor":31,"turns":5},{"damage":27,"enemies":"Automaton","floor":33,"turns":9},{"damage":0,"enemies":"Orb Walker","floor":35,"turns":2},{"damage":0,"enemies":"3 Shapes","floor":36,"turns":4},{"damage":15,"enemies":"2 Orb Walkers","floor":37,"turns":5},{"damage":0,"enemies":"Giant Head","floor":40,"turns":6},{"damage":0,"enemies":"Nemesis","floor":42,"turns":7},{"damage":0,"enemies":"Giant Head","floor":44,"turns":4},{"damage":10,"enemies":"3 Darklings","floor":48,"turns":4},{"damage":0,"enemies":"Awakened One","floor":50,"turns":9}],"seed_played":"2915952234313836956","potions_obtained":[{"floor":6,"key":"FearPotion"},{"floor":11,"key":"Explosive Potion"},{"floor":14,"key":"LiquidMemories"},{"floor":18,"key":"SteroidPotion"},{"floor":27,"key":"Poison Potion"},{"floor":28,"key":"Fire Potion"},{"floor":31,"key":"Strength Potion"},{"floor":44,"key":"Block Potion"},{"floor":48,"key":"Energy Potion"}],"is_trial":false,"path_per_floor":["M","?","?","$","M","E","M","R","T","$","E","R","M","E","R","B",null,"M","?","$","M","?","E","R","E","T","E","M","E","E","?","R","B",null,"M","M","?","?","?","E","R","E","T","E","$","?","R","M","R","B",null],"character_chosen":"THE_SILENT","items_purchased":["CunningPotion","Cloak And Dagger","Noxious Fumes","Leg Sweep","Strawberry","Bronze Scales"],"campfire_rested":0,"item_purchase_floors":[4,10,20,20,45,45],"current_hp_per_floor":[63,56,56,56,56,56,53,53,53,53,51,51,42,41,41,38,62,62,62,62,62,62,62,62,57,57,56,52,52,52,60,78,51,73,73,73,58,58,58,58,76,76,76,76,83,73,83,73,83,83],"gold":296,"neow_bonus":"THREE_ENEMY_KILL","is_daily":false,"chose_seed":false,"campfire_upgraded":8,"win_rate":0.0,"timestamp":1608084871,"path_taken":["M","?","?","$","M","E","M","R","T","$","E","R","M","E","R","BOSS","M","?","$","M","?","E","R","E","T","E","M","E","E","?","R","BOSS","M","M","?","?","?","E","R","E","T","E","$","?","R","M","R","BOSS"],"items_purchased_type":["Potion","Card","Card","Card","Relic","Relic"],"build_version":"2020-12-13","purchased_purges":2,"victory":true,"max_hp_per_floor":[70,70,70,70,70,70,70,70,70,70,70,70,70,70,70,70,70,70,70,70,70,70,70,70,70,70,70,70,70,70,80,80,80,80,80,80,80,76,76,76,76,76,76,76,83,83,83,83,83,83],"relic_stats":{"counters":[27,144],"Tingsha":[151],"Eternal Feather":56,"PreservedInsect":632,"Pen Nib":[44],"Juzu Bracelet":1,"Letter Opener":[373],"Whetstone":["Neutralize","Flying Knee"],"Cursed Key":2,"Mercury Hourglass":[84],"Tough Bandages":[183],"Bronze Scales":[66],"MealTicket":0,"obtain_stats":[{"Juzu Bracelet":26,"Incense Burner":44,"Whetstone":26,"Cursed Key":17,"Tough Bandages":14,"Matryoshka":6,"Strawberry":45,"Philosopher\u0027s Stone":34,"MealTicket":40,"WingedGreaves":23,"Ring of the Snake":0,"Potion Belt":43,"Pear":31,"NeowsBlessing":0,"Tingsha":22,"Eternal Feather":30,"PreservedInsect":9,"Pen Nib":11,"Letter Opener":25,"White Beast Statue":27,"Mercury Hourglass":42,"Anchor":29,"CaptainsWheel":37,"Bronze Scales":45,"Unceasing Top":31,"Pocketwatch":9},{"Juzu Bracelet":12,"Incense Burner":25,"Whetstone":12,"Cursed Key":8,"Tough Bandages":7,"Matryoshka":3,"Strawberry":25,"Philosopher\u0027s Stone":19,"MealTicket":23,"WingedGreaves":11,"Ring of the Snake":0,"Potion Belt":24,"Pear":18,"NeowsBlessing":0,"Tingsha":10,"Eternal Feather":16,"PreservedInsect":4,"Pen Nib":5,"Letter Opener":12,"White Beast Statue":13,"Mercury Hourglass":24,"Anchor":15,"CaptainsWheel":22,"Bronze Scales":25,"Unceasing Top":18,"Pocketwatch":4},{"Juzu Bracelet":62,"Incense Burner":131,"Whetstone":62,"Cursed Key":38,"Tough Bandages":25,"Matryoshka":3,"Strawberry":131,"Philosopher\u0027s Stone":103,"MealTicket":120,"WingedGreaves":54,"Ring of the Snake":0,"Potion Belt":127,"Pear":94,"NeowsBlessing":0,"Tingsha":49,"Eternal Feather":84,"PreservedInsect":7,"Pen Nib":14,"Letter Opener":62,"White Beast Statue":69,"Mercury Hourglass":127,"Anchor":79,"CaptainsWheel":114,"Bronze Scales":131,"Unceasing Top":94,"Pocketwatch":7}],"Unceasing Top":[27],"Ring of the Snake":[54],"Pocketwatch":[54]},"card_choices":[{"not_picked":["Deflect","Deadly Poison"],"picked":"Blade Dance","floor":1},{"not_picked":["Sucker Punch","Reflex"],"picked":"After Image","floor":5},{"not_picked":["Slice","Underhanded Strike"],"picked":"Flying Knee","floor":6},{"not_picked":["Quick Slash","Dodge and Roll"],"picked":"Acrobatics","floor":7},{"not_picked":["Outmaneuver","Deadly Poison"],"picked":"Envenom","floor":11},{"not_picked":["Sucker Punch","Poisoned Stab","Quick Slash"],"picked":"SKIP","floor":13},{"not_picked":["Setup","All Out Attack"],"picked":"After Image","floor":14},{"not_picked":["Bullet Time","Grand Finale"],"picked":"Adrenaline","floor":16},{"not_picked":["Poisoned Stab","Deadly Poison"],"picked":"Backflip+1","floor":18},{"not_picked":["Prepared","Well Laid Plans"],"picked":"Cloak And Dagger+1","floor":21},{"not_picked":["Skewer+1","Cloak And Dagger"],"picked":"After Image","floor":23},{"not_picked":["Dagger Throw","Noxious Fumes"],"picked":"Blade Dance+1","floor":25},{"not_picked":["Bane","Footwork","Venomology"],"picked":"SKIP","floor":27},{"not_picked":["Setup","Dodge and Roll+1"],"picked":"Terror+1","floor":28},{"not_picked":["Blur","Sucker Punch+1","Underhanded Strike+1"],"picked":"SKIP","floor":29},{"not_picked":["Sucker Punch+1","Underhanded Strike+1"],"picked":"Blur","floor":29},{"not_picked":["Slice","Concentrate","Cloak And Dagger"],"picked":"SKIP","floor":30},{"not_picked":["Backflip+1","Glass Knife"],"picked":"Finisher+1","floor":31},{"not_picked":["Glass Knife","Malaise"],"picked":"Storm of Steel","floor":33},{"not_picked":["Dodge and Roll+1","Slice"],"picked":"Backflip+1","floor":35},{"not_picked":["Underhanded Strike","Cloak And Dagger+1","Heel Hook+1"],"picked":"SKIP","floor":36},{"not_picked":["Footwork","Bane","Slice"],"picked":"SKIP","floor":40},{"not_picked":["Storm of Steel","Infinite Blades+1","Skewer"],"picked":"SKIP","floor":42},{"not_picked":["Quick Slash","Escape Plan","Tactician"],"picked":"SKIP","floor":44},{"not_picked":["Swift Strike","Deep Breath"],"picked":"Panacea","floor":46},{"not_picked":["Noxious Fumes","Footwork+1","Backstab"],"picked":"SKIP","floor":48}],"player_experience":66550,"relics_obtained":[{"floor":6,"key":"Matryoshka"},{"floor":9,"key":"PreservedInsect"},{"floor":9,"key":"Pocketwatch"},{"floor":11,"key":"Pen Nib"},{"floor":14,"key":"Tough Bandages"},{"floor":23,"key":"WingedGreaves"},{"floor":25,"key":"Letter Opener"},{"floor":26,"key":"Juzu Bracelet"},{"floor":26,"key":"Whetstone"},{"floor":27,"key":"White Beast Statue"},{"floor":29,"key":"Anchor"},{"floor":30,"key":"Eternal Feather"},{"floor":31,"key":"Unceasing Top"},{"floor":31,"key":"Pear"},{"floor":37,"key":"CaptainsWheel"},{"floor":40,"key":"MealTicket"},{"floor":42,"key":"Mercury Hourglass"},{"floor":43,"key":"Potion Belt"},{"floor":44,"key":"Incense Burner"}],"event_choices":[{"cards_removed":["Strike_G"],"damage_healed":0,"gold_gain":0,"player_choice":"Card Removal","damage_taken":7,"max_hp_gain":0,"max_hp_loss":0,"event_name":"Golden Wing","floor":2,"gold_loss":0},{"damage_healed":0,"gold_gain":0,"cards_transformed":["Strike_G"],"player_choice":"Change","damage_taken":0,"max_hp_gain":0,"max_hp_loss":0,"event_name":"Living Wall","floor":3,"gold_loss":0,"cards_obtained":["Wraith Form v2"]},{"damage_healed":0,"gold_gain":0,"cards_transformed":["Strike_G","Strike_G"],"player_choice":"Became Test Subject","damage_taken":0,"max_hp_gain":0,"max_hp_loss":0,"event_name":"Drug Dealer","floor":19,"gold_loss":0,"cards_obtained":["After Image","Bane"]},{"damage_healed":0,"gold_gain":0,"player_choice":"Stole Relic","damage_taken":0,"relics_obtained":["Tingsha"],"max_hp_gain":0,"max_hp_loss":0,"event_name":"Addict","floor":22,"gold_loss":0,"cards_obtained":["Shame"]},{"damage_healed":0,"gold_gain":0,"player_choice":"Fight","damage_taken":0,"max_hp_gain":0,"max_hp_loss":0,"event_name":"Colosseum","floor":31,"gold_loss":0},{"damage_healed":0,"gold_gain":0,"player_choice":"Fought Nobs","damage_taken":0,"max_hp_gain":0,"max_hp_loss":0,"event_name":"Colosseum","floor":31,"gold_loss":0},{"damage_healed":0,"gold_gain":0,"player_choice":"Fight","damage_taken":0,"max_hp_gain":0,"max_hp_loss":0,"event_name":"Mysterious Sphere","floor":37,"gold_loss":0},{"damage_healed":0,"gold_gain":0,"player_choice":"Max HP","damage_taken":0,"max_hp_gain":0,"max_hp_loss":4,"event_name":"Winding Halls","floor":38,"gold_loss":0},{"damage_healed":0,"gold_gain":0,"player_choice":"Upgraded","damage_taken":0,"max_hp_gain":0,"max_hp_loss":0,"event_name":"Upgrade Shrine","floor":39,"gold_loss":0,"cards_upgraded":["Storm of Steel"]},{"damage_healed":0,"gold_gain":0,"player_choice":"Memory 3","damage_taken":10,"max_hp_gain":0,"max_hp_loss":0,"event_name":"SensoryStone","floor":46,"gold_loss":0}],"is_beta":false,"boss_relics":[{"not_picked":["Tiny House","Busted Crown"],"picked":"Cursed Key"},{"not_picked":["Runic Pyramid","Sozu"],"picked":"Philosopher\u0027s Stone"}],"items_purged_floors":[20,45],"is_endless":false,"potions_floor_spawned":[6,11,14,18,23,27,28,29,30,31,31,33,35,36,37,40,42,44,48],"ascension_level":11}}