{"host":"qwttrqaysb380yri","time":1608143097,"event":{"mods":["BaseMod","Custom Start","Minty Spire (QoL Compilation)","Puzzle Mod","Relic Stats","StSLib","The Cursed","The Hierophant"],"gold_per_floor":[116,135,161,236,260,260,252,278,278,309,336,364,364,380,380,441,441,462,485,246,254,254,273,273,290,290,326,326,77,131,164,164,322,322,408,585,757,757,757,757,915,1052,1052,572,707,707,881,881,881,851],"floor_reached":51,"playtime":2664,"items_purged":["hierophant:Strike_Hierophant","hierophant:Strike_Hierophant"],"score":1930,"play_id":"61943677-9239-43fe-99f8-26befec36ebd","local_time":"20201216192457","is_ascension_mode":true,"campfire_choices":[{"data":"hierophant:Remorse","floor":6.0,"key":"SMITH"},{"data":"hierophant:Remorse","floor":13.0,"key":"SMITH"},{"floor":15.0,"key":"REST"},{"floor":28.0,"key":"REST"},{"floor":32,"key":"REST"},{"floor":40,"key":"REST"},{"floor":46,"key":"REST"},{"data":"hierophant:RustyCrate","floor":49,"key":"PURGE"}],"circlet_count":0,"master_deck":["AscendersBane","hierophant:Strike_Hierophant","hierophant:Strike_Hierophant","hierophant:Punish","hierophant:Defend_Hierophant","hierophant:Defend_Hierophant","hierophant:Defend_Hierophant","hierophant:Defend_Hierophant","hierophant:ChurchCoffers","hierophant:ThreeLashes","hierophant:Doubloon+1","hierophant:Remorse+1","hierophant:MintersHammer","hierophant:Doubloon+1","hierophant:Remorse+1","hierophant:ThreeLashes","hierophant:HolyVerse","hierophant:Empathy+1","hierophant:Batter","hierophant:OrnateBuckler","hierophant:DeathKnell","hierophant:FieryStrike","hierophant:SealAway","Apotheosis","hierophant:Shelter","Necronomicurse","hierophant:Doubloon+1","hierophant:Doubloon","Flash of Steel","hierophant:Doubloon+1","hierophant:Cornucopia","hierophant:RustyCrate","hierophant:Doubloon+1","hierophant:Doubloon","hierophant:Encroach","hierophant:HammerAndAnvil+1","hierophant:Levitation","hierophant:MorningPrayer","hierophant:Glossolalia","hierophant:Alms"],"relics":["hierophant:PropheticMaskRelic","Anchor","Mango","Gambling Chip","Mercury Hourglass","Unceasing Top","Sozu","Juzu Bracelet","Necronomicon","Pocketwatch","Letter Opener","Kunai","Dream Catcher","Cursed Key","Peace Pipe","Membership Card","Prayer Wheel","Lantern","Bag of Marbles","Pen Nib"],"acts_visited":["Exordium","TheCity","TheBeyond"],"potions_floor_usage":[42],"damage_taken":[{"damage":2.0,"enemies":"Jaw Worm","floor":1.0,"turns":3.0},{"damage":0.0,"enemies":"2 Louse","floor":2.0,"turns":2.0},{"damage":0.0,"enemies":"Small Slimes","floor":3.0,"turns":2.0},{"damage":2.0,"enemies":"Exordium Wildlife","floor":5.0,"turns":4.0},{"damage":25.0,"enemies":"Lagavulin","floor":7.0,"turns":5.0},{"damage":8.0,"enemies":"Blue Slaver","floor":8.0,"turns":3.0},{"damage":16.0,"enemies":"Gremlin Nob","floor":10.0,"turns":3.0},{"damage":0.0,"enemies":"2 Fungi Beasts","floor":11.0,"turns":2.0},{"damage":0.0,"enemies":"3 Sentries","floor":12.0,"turns":4.0},{"damage":0.0,"enemies":"Looter","floor":14.0,"turns":1.0},{"damage":24.0,"enemies":"Hexaghost","floor":16.0,"turns":8.0},{"damage":0.0,"enemies":"3 Byrds","floor":18.0,"turns":3.0},{"damage":2.0,"enemies":"Chosen","floor":19.0,"turns":4.0},{"damage":2.0,"enemies":"Shelled Parasite and Fungi","floor":21.0,"turns":3.0},{"damage":8.0,"enemies":"Gremlin Leader","floor":23.0,"turns":5.0},{"damage":19.0,"enemies":"Book of Stabbing","floor":25.0,"turns":5.0},{"damage":3.0,"enemies":"Gremlin Leader","floor":27.0,"turns":3.0},{"damage":2.0,"enemies":"Centurion and Healer","floor":30.0,"turns":5.0},{"damage":0,"enemies":"Chosen and Byrds","floor":31,"turns":3},{"damage":21,"enemies":"Automaton","floor":33,"turns":6},{"damage":0,"enemies":"Orb Walker","floor":35,"turns":2},{"damage":7,"enemies":"3 Shapes","floor":36,"turns":3},{"damage":55,"enemies":"Writhing Mass","floor":37,"turns":4},{"damage":4,"enemies":"Giant Head","floor":41,"turns":6},{"damage":20,"enemies":"Transient","floor":42,"turns":5},{"damage":11,"enemies":"Nemesis","floor":45,"turns":7},{"damage":20,"enemies":"Giant Head","floor":47,"turns":6},{"damage":23,"enemies":"Donu and Deca","floor":50,"turns":7}],"seed_played":"5035311278899312681","potions_obtained":[{"floor":2.0,"key":"DuplicationPotion"},{"floor":10.0,"key":"EntropicBrew"},{"floor":11.0,"key":"Block Potion"}],"is_trial":false,"path_per_floor":["M","M","M","?","M","R","E","M","T","E","M","E","R","M","R","B",null,"M","M","$","M","$","E","?","E","T","E","R","$","M","M","R","B",null,"M","M","M","?","?","R","E","M","T","$","E","R","E","?","R","B",null],"character_chosen":"HIEROPHANT","items_purchased":["Apotheosis","hierophant:RustyCrate","Dream Catcher","Flash of Steel","Membership Card","Prayer Wheel","Lantern","hierophant:Glossolalia","hierophant:Alms"],"campfire_rested":5,"item_purchase_floors":[20,29,29,29,44,44,44,44,44],"current_hp_per_floor":[66,66,66,55,53,53,42,34,34,18,18,18,18,18,44,20,72,72,70,70,68,68,60,39,20,20,17,43,43,41,41,67,46,78,78,71,16,16,16,42,38,18,18,18,7,33,13,99,99,76],"gold":851,"neow_bonus":"RANDOM_COMMON_RELIC","is_daily":false,"chose_seed":false,"campfire_upgraded":2,"win_rate":0.0,"timestamp":1608143097,"path_taken":["M","M","M","?","M","R","E","M","T","E","M","E","R","M","R","BOSS","M","M","$","M","$","E","?","E","T","E","R","$","M","M","R","BOSS","M","M","M","?","?","R","E","M","T","$","E","R","E","?","R","BOSS"],"items_purchased_type":["Card","Card","Relic","Card","Relic","Relic","Relic","Card","Card"],"build_version":"2020-12-13","purchased_purges":2,"victory":true,"max_hp_per_floor":[75,75,75,75,75,75,89,89,89,89,89,89,89,89,89,89,89,89,89,89,89,89,89,89,89,89,89,89,89,89,89,89,89,89,89,89,89,89,89,89,89,89,89,89,89,89,89,99,99,99],"relic_stats":{"counters":[28,114],"Pen Nib":[1],"Juzu Bracelet":2,"Letter Opener":[191],"Cursed Key":0,"Mercury Hourglass":[342],"Sozu":5,"Peace Pipe":1,"Dream Catcher":3,"Gambling Chip":[68],"Prayer Wheel":0,"Necronomicon":[10],"Kunai":[21],"obtain_stats":[{"Lantern":44,"hierophant:PropheticMaskRelic":0,"Mango":7,"Pen Nib":47,"Juzu Bracelet":23,"Letter Opener":26,"Cursed Key":34,"Mercury Hourglass":10,"Sozu":17,"Peace Pipe":41,"Anchor":0,"Dream Catcher":29,"Gambling Chip":9,"Prayer Wheel":44,"Necronomicon":24,"Bag of Marbles":45,"Kunai":27,"Membership Card":44,"Unceasing Top":12,"Pocketwatch":25},{"Lantern":25,"hierophant:PropheticMaskRelic":0,"Mango":5,"Pen Nib":27,"Juzu Bracelet":15,"Letter Opener":16,"Cursed Key":20,"Mercury Hourglass":7,"Sozu":11,"Peace Pipe":24,"Anchor":0,"Dream Catcher":17,"Gambling Chip":6,"Prayer Wheel":25,"Necronomicon":15,"Bag of Marbles":26,"Kunai":17,"Membership Card":25,"Unceasing Top":9,"Pocketwatch":16},{"Lantern":94,"hierophant:PropheticMaskRelic":0,"Mango":16,"Pen Nib":107,"Juzu Bracelet":52,"Letter Opener":57,"Cursed Key":74,"Mercury Hourglass":22,"Sozu":37,"Peace Pipe":89,"Anchor":0,"Dream Catcher":60,"Gambling Chip":19,"Prayer Wheel":94,"Necronomicon":52,"Bag of Marbles":101,"Kunai":60,"Membership Card":94,"Unceasing Top":28,"Pocketwatch":57}],"Unceasing Top":[3],"Pocketwatch":[54]},"card_choices":[{"not_picked":["hierophant:Remorse","hierophant:Encroach"],"picked":"hierophant:ThreeLashes","floor":1.0},{"not_picked":["hierophant:Shelter","hierophant:DisplayOfPower"],"picked":"hierophant:Remorse","floor":2.0},{"not_picked":["hierophant:MorningPrayer","hierophant:ThreeLashes"],"picked":"hierophant:MintersHammer","floor":3.0},{"not_picked":["hierophant:AuricShield","hierophant:ThreeLashes"],"picked":"hierophant:Remorse","floor":5.0},{"not_picked":["hierophant:AuricBeam","hierophant:MirrorShield"],"picked":"hierophant:ThreeLashes","floor":7.0},{"not_picked":["hierophant:Community","hierophant:AuricShield"],"picked":"hierophant:HolyVerse","floor":8.0},{"not_picked":["hierophant:Zeal","hierophant:AuricBeam"],"picked":"hierophant:Empathy","floor":10.0},{"not_picked":["hierophant:Mercenaries","hierophant:ThreeLashes"],"picked":"hierophant:Batter","floor":11.0},{"not_picked":["hierophant:Patience","hierophant:CursedGold","hierophant:Exaltation"],"picked":"SKIP","floor":12.0},{"not_picked":["hierophant:HolyVerse","hierophant:Empathy"],"picked":"hierophant:OrnateBuckler","floor":14.0},{"not_picked":["hierophant:Levitation","hierophant:WrathOfGod"],"picked":"hierophant:DeathKnell","floor":16.0},{"not_picked":["hierophant:Zeal","hierophant:FaithHealing"],"picked":"hierophant:FieryStrike","floor":18.0},{"not_picked":["hierophant:Sermon+1","hierophant:Purify"],"picked":"hierophant:SealAway","floor":19.0},{"not_picked":["hierophant:MintersHammer","hierophant:Zeal"],"picked":"hierophant:Shelter","floor":21.0},{"not_picked":["hierophant:OrnateJavelin","hierophant:HolyVerse","hierophant:Mercenaries"],"picked":"SKIP","floor":23.0},{"not_picked":["hierophant:SealAway","hierophant:CursedGold","hierophant:Upheaval"],"picked":"SKIP","floor":25.0},{"not_picked":["hierophant:Flagellation","hierophant:SealAway","hierophant:RepressedViolence"],"picked":"SKIP","floor":27.0},{"not_picked":["hierophant:Encroach","hierophant:Refuge"],"picked":"hierophant:Doubloon","floor":30.0},{"not_picked":["hierophant:Alms","hierophant:FaithHealing"],"picked":"hierophant:BulkyChest","floor":31},{"not_picked":["hierophant:Levitation","hierophant:Batter"],"picked":"hierophant:Cornucopia","floor":33},{"not_picked":["hierophant:ThreeLashes+1","hierophant:Sermon"],"picked":"hierophant:RustyCrate","floor":35},{"not_picked":["hierophant:CursedGold+1","hierophant:Zeal"],"picked":"hierophant:Encroach","floor":36},{"not_picked":["hierophant:ThreeLashes","hierophant:AuricBeam"],"picked":"hierophant:HammerAndAnvil+1","floor":37},{"not_picked":["hierophant:Prophecy","hierophant:Cornucopia"],"picked":"hierophant:MorningPrayer","floor":41},{"not_picked":["hierophant:Purify+1","hierophant:ThreeLashes","hierophant:Smite"],"picked":"SKIP","floor":42},{"not_picked":["hierophant:Embezzle","hierophant:Refuge","hierophant:Encroach"],"picked":"SKIP","floor":45},{"not_picked":["hierophant:SealAway","hierophant:Empathy","hierophant:FlamingChariot"],"picked":"SKIP","floor":47}],"player_experience":1866582,"relics_obtained":[{"floor":7.0,"key":"Mango"},{"floor":9.0,"key":"Gambling Chip"},{"floor":10.0,"key":"Mercury Hourglass"},{"floor":12.0,"key":"Unceasing Top"},{"floor":23.0,"key":"Juzu Bracelet"},{"floor":24.0,"key":"Necronomicon"},{"floor":25.0,"key":"Pocketwatch"},{"floor":26.0,"key":"Letter Opener"},{"floor":27.0,"key":"Kunai"},{"floor":41,"key":"Peace Pipe"},{"floor":45,"key":"Bag of Marbles"},{"floor":47,"key":"Pen Nib"}],"event_choices":[{"damage_healed":0.0,"max_hp_gain":0.0,"max_hp_loss":0.0,"gold_gain":75.0,"event_name":"World of Goop","player_choice":"Gather Gold","floor":4.0,"gold_loss":0.0,"damage_taken":11.0},{"damage_healed":0.0,"max_hp_gain":0.0,"max_hp_loss":0.0,"gold_gain":0.0,"event_name":"Cursed Tome","player_choice":"Obtained Book","floor":24.0,"gold_loss":0.0,"damage_taken":21.0},{"damage_healed":0,"gold_gain":0,"player_choice":"Upgraded","damage_taken":0,"max_hp_gain":0,"max_hp_loss":0,"event_name":"Upgrade Shrine","floor":38,"gold_loss":0,"cards_upgraded":["hierophant:Empathy"]},{"damage_healed":0,"gold_gain":0,"player_choice":"1 cards matched","damage_taken":0,"max_hp_gain":0,"max_hp_loss":0,"event_name":"Match and Keep!","floor":39,"gold_loss":0,"cards_obtained":["hierophant:Levitation"]},{"cards_removed":["hierophant:BulkyChest"],"damage_healed":76,"gold_gain":0,"player_choice":"Offered Rare","damage_taken":0,"max_hp_gain":10,"max_hp_loss":0,"event_name":"Bonfire Elementals","floor":48,"gold_loss":0}],"is_beta":false,"boss_relics":[{"not_picked":["Runic Dome","Black Star"],"picked":"Sozu"},{"not_picked":["Runic Pyramid","Tiny House"],"picked":"Cursed Key"}],"items_purged_floors":[20,44],"is_endless":false,"potions_floor_spawned":[2,10,11,14,18,19,35,37,41],"ascension_level":15}}