{"host":"5cyixbtuml7aoyg5","time":1608108981,"event":{"mods":["Act Like it!","BaseMod","Gensokyo","Hallownest","Marisa£®ÏF”Í°°ƒß¿Ì…≥£©","Minty Spire (QoL Compilation)","Pale of the Ancients","Quick Restart","Reimu£®≤©¿ˆ¡È√Œ£©","StSLib","The Administrix","The Bug Knight","Yuyuko"],"gold_per_floor":[109,34,34,34,51,80,80,80,80,93,106,125,125,25,25,25,25],"floor_reached":16,"playtime":582,"items_purged":["Strike_Lin:ReiMu","Strike_Lin:ReiMu"],"score":125,"play_id":"62b01bb8-d184-44b2-9fc9-517c228f48df","local_time":"20201216165621","is_ascension_mode":false,"campfire_choices":[{"data":"NB:ReiMu","floor":7,"key":"SMITH"},{"floor":15,"key":"RECALL"}],"circlet_count":0,"master_deck":["Strike_Lin:ReiMu","Defend_Lin:ReiMu","Defend_Lin:ReiMu","Defend_Lin:ReiMu","Defend_Lin:ReiMu","NB:ReiMu+1","Stagnation:ReiMu","Enchanting:ReiMu","FantasyMoon:ReiMu","CareerPray:ReiMu","AlertArray:ReiMu","AirStrike:ReiMu","RainPray2:ReiMu+1","Intuition:ReiMu+1","Shading:ReiMu+1"],"relics":["FlyPower:ReiMu","NeowsBlessing","Mercury Hourglass","InkBottle","Toxic Egg 2","Gensokyo:NagashiBinaDoll"],"acts_visited":["Exordium"],"potions_floor_usage":[16,16,16],"damage_taken":[{"damage":0,"enemies":"Gensokyo:3_Fairies","floor":1,"turns":2},{"damage":0,"enemies":"Gensokyo:2_Kodama","floor":5,"turns":1},{"damage":0,"enemies":"Gensokyo:Aya","floor":6,"turns":1},{"damage":0,"enemies":"Gensokyo:Python","floor":10,"turns":4},{"damage":2,"enemies":"Gensokyo:Gryphon_and_Rabbit","floor":11,"turns":4},{"damage":6,"enemies":"Gensokyo:2_Rabbits","floor":12,"turns":4},{"damage":60,"enemies":"Gensokyo:Reimu","floor":16,"turns":9}],"seed_played":"-7978626561481787392","potions_obtained":[{"floor":1,"key":"Explosive Potion"},{"floor":10,"key":"SkillPotion"},{"floor":11,"key":"ColorlessPotion"}],"is_trial":false,"path_per_floor":["M","$","?","T","M","E","R","?","T","M","M","M","?","$","R","B"],"character_chosen":"REIMU","items_purchased":[],"campfire_rested":0,"item_purchase_floors":[],"current_hp_per_floor":[65,65,65,65,65,65,65,65,65,65,63,57,57,57,57,0,0],"gold":25,"neow_bonus":"THREE_ENEMY_KILL","is_daily":false,"chose_seed":false,"campfire_upgraded":1,"win_rate":0.0,"timestamp":1608108981,"path_taken":["M","$","?","?","?","E","R","?","T","M","M","M","?","?","R","BOSS"],"items_purchased_type":[],"build_version":"2020-12-13","purchased_purges":2,"victory":false,"max_hp_per_floor":[65,65,65,65,65,65,65,65,65,65,65,65,65,65,65,65,65],"card_choices":[{"not_picked":["LearningPray:ReiMu","Intuition:ReiMu"],"picked":"Enchanting:ReiMu","floor":1},{"not_picked":["WonderfulDomain:ReiMu","Meditation:ReiMu"],"picked":"FantasyMoon:ReiMu","floor":5},{"not_picked":["Dreaming2:ReiMu","FoulBorder2:ReiMu"],"picked":"CareerPray:ReiMu","floor":6},{"not_picked":["Intuition:ReiMu","Enchanting:ReiMu"],"picked":"AlertArray:ReiMu","floor":8},{"not_picked":["SubcavityInstant:ReiMu","SpringWay:ReiMu"],"picked":"AirStrike:ReiMu","floor":8},{"not_picked":["Gathering:ReiMu","DoubleButterfly:ReiMu"],"picked":"RainPray2:ReiMu+1","floor":10},{"not_picked":["ManaGlint:ReiMu","FantasyBorder:ReiMu+1"],"picked":"Intuition:ReiMu+1","floor":11},{"not_picked":["Conquer:ReiMu","InherentArray:ReiMu"],"picked":"Shading:ReiMu+1","floor":12}],"player_experience":140978,"relics_obtained":[{"floor":4,"key":"Mercury Hourglass"},{"floor":6,"key":"InkBottle"},{"floor":9,"key":"Toxic Egg 2"}],"event_choices":[],"is_beta":false,"boss_relics":[],"items_purged_floors":[2,14],"is_endless":false,"potions_floor_spawned":[1,10,11],"killed_by":"Gensokyo:Reimu","ascension_level":0}}