{"host":"dd2mx3pm3ovi0t1n","time":1608114017,"event":{"mods":["2.2 Compatiblity","AchievementEnabler","Aspiration","BaseMod","Beaked The Cultist","Better Altar","Better Match","Better Note","Better Sensory Stone","Better Skull","Better Third Choice","BetterRewards","Colored Map","Colored Powertips","Conspire","Defuse TimeMaze Blight","Downfall","Energized Spire","Friendly Minions","GifTheSpireLib","Halation","Highlight Path","HololiveMod","Hubris","Infinite Spire","Jedi Mod","Minty Spire (QoL Compilation)","Permanent Neow","Quick Restart","Replay The Spire","Shop Mod","Spicy Shops","Spikes Relics","StSLib","Stuff the Spire","TestMod","The Construct","Wandering Minibosses","vexMod"],"gold_per_floor":[99,11,37,37,37,69,95,118,118,144,163,189,27,27,40,135,135,135,161,161,161,177,177,177,177,177,210,228,248,14,32,47,146,146,146,156,156,156],"floor_reached":37,"playtime":1535,"items_purged":[],"score":446,"play_id":"e946e32e-d2b8-48dc-b944-a38cd0ebb5c4","local_time":"20201216022017","is_ascension_mode":true,"campfire_choices":[{"data":"hexamod:Float","floor":1,"key":"SMITH"},{"data":"hexamod:EtherealExpedition","floor":9,"key":"SMITH"},{"floor":18,"key":"DIG"},{"data":"hexamod:GhostOfSpirePast","floor":20,"key":"SMITH"},{"data":"hexamod:BurningTouch","floor":20,"key":"SMITH"},{"data":"hexamod:GhostflameInferno","floor":23,"key":"SMITH"},{"data":"hexamod:Hexaguard","floor":23,"key":"SMITH"},{"data":"hexamod:SpectersWail","floor":26,"key":"SMITH"},{"data":"hexamod:Hexaguard","floor":26,"key":"SMITH"},{"floor":35,"key":"DIG"}],"circlet_count":0,"master_deck":["hexamod:Strike","hexamod:Strike","hexamod:Strike","hexamod:Strike","hexamod:Defend","hexamod:Defend","hexamod:Defend","hexamod:Defend","hexamod:Sear","hexamod:Float+1","hexamod:HauntingEcho","hexamod:Hexaguard+1","hexamod:EtherealExpedition+1","hexamod:SoulSteal","hexamod:Hexaguard+1","hexamod:SpectersWail+1","hexamod:GhostOfSpirePast+1","hexamod:SpectralAdrenaline","hexamod:WildfireWeapon","hexamod:HexaLevel","hexamod:UnleashSpirits","hexamod:BurningTouch+1","hexamod:GhostflameInferno+1","White Noise+1","hexamod:GhostShield+1","hexamod:BurningTouch","hexamod:BurningTouch+1","hexamod:VolcanoVisage","hexamod:Firestarter","hexamod:SpectersWail+1","hexamod:SearingWound","hexamod:StepThrough+1"],"relics":["testmod-TestBox","testmod-ConstraintPeriapt","StuffTheSpire:ModemDavis","jedi:firstaidkit","Tiny Chest","Mirror","MerchantsRug","Pear","halation:PlatinumPhoenix","BrokenLever","Replay:Arrowhead","hexamod:Sixitude","Potion Belt","vexMod:Spyglass","Meat on the Bone","halation:Prosthetics","testmod-OneHitWonder"],"acts_visited":["Exordium","TheCity","TheBeyond"],"potions_floor_usage":[10,16],"damage_taken":[{"damage":7,"enemies":"downfall:FleeingMerchant","floor":2,"turns":4},{"damage":1,"enemies":"3 Sentries","floor":3,"turns":2},{"damage":15,"enemies":"Gremlin Nob","floor":6,"turns":3},{"damage":0,"enemies":"Small Slimes","floor":8,"turns":2},{"damage":10,"enemies":"Lagavulin","floor":10,"turns":3},{"damage":0,"enemies":"2 Louse","floor":11,"turns":1},{"damage":0,"enemies":"infinitespire:Voidling","floor":12,"turns":2},{"damage":0,"enemies":"downfall:FleeingMerchant","floor":13,"turns":4},{"damage":0,"enemies":"2 Fungi Beasts","floor":15,"turns":1},{"damage":3,"enemies":"downfall:Watcher","floor":16,"turns":5},{"damage":17,"enemies":"Gremlin Leader","floor":19,"turns":4},{"damage":21,"enemies":"Shell Parasite","floor":22,"turns":3},{"damage":7,"enemies":"conspire:SneckoGhost","floor":27,"turns":4},{"damage":0,"enemies":"Spheric Guardian","floor":28,"turns":2},{"damage":21,"enemies":"Snake Plant","floor":29,"turns":2},{"damage":20,"enemies":"downfall:FleeingMerchant","floor":30,"turns":3},{"damage":2,"enemies":"Sentry and Sphere","floor":31,"turns":2},{"damage":2,"enemies":"Snecko","floor":32,"turns":3},{"damage":67,"enemies":"downfall:Ironclad","floor":33,"turns":7},{"damage":24,"enemies":"Orb Walker","floor":36,"turns":5},{"damage":83,"enemies":"Nemesis","floor":37,"turns":5}],"seed_played":"6484369209394794156","potions_obtained":[{"floor":3,"key":"testmod-TimePotion"},{"floor":6,"key":"Swift Potion"},{"floor":15,"key":"jedi:hoardpotion"},{"floor":22,"key":"jedi:mysterypotion"},{"floor":29,"key":"construct:ShiftPotion"},{"floor":31,"key":"SkillPotion"}],"is_trial":false,"path_per_floor":["R","$","E","?","?","E","T","M","R","E","M","M","$","T","M","B",null,"R_BF","E","R","?","M","R","T","?","R","E","M","M","$","M","M","B",null,"R_BF","M","E"],"character_chosen":"THE_SPIRIT","items_purchased":["jedi:firstaidkit","MerchantsRug","hexamod:GhostOfSpirePast","vexMod:Spyglass","Meat on the Bone","hexamod:VolcanoVisage"],"campfire_rested":0,"item_purchase_floors":[2,13,13,30,30,30],"current_hp_per_floor":[70,70,70,63,68,57,57,60,60,63,66,70,70,80,80,80,80,80,75,75,63,57,57,57,57,57,68,75,62,52,57,70,41,45,45,44,0,0],"gold":156,"neow_bonus":"BOSS_RELIC","is_daily":false,"chose_seed":false,"campfire_upgraded":8,"win_rate":0.0,"timestamp":1608114017,"path_taken":["R","$","E","?","?","E","T","M","R","E","?","M","$","?","M","BOSS","R_BF","E","R","?","M","R","T","?","R","E","M","M","$","M","M","BOSS","R_BF","M","E"],"items_purchased_type":["Relic","Relic","Card","Relic","Relic","Card"],"build_version":"2020-12-13","purchased_purges":0,"victory":false,"max_hp_per_floor":[70,70,70,70,70,70,70,70,70,70,70,70,70,80,80,80,80,80,80,80,80,80,80,80,80,80,80,80,80,80,80,80,80,45,45,45,45,45],"card_choices":[{"not_picked":["hexamod:HeatShield","hexamod:NecessarySacrifice"],"picked":"hexamod:HauntingEcho","floor":2},{"not_picked":["hexamod:HeatCrush","hexamod:AdvancingGuard"],"picked":"hexamod:ShieldOfDarkness","floor":3},{"not_picked":["hexamod:FastForward","hexamod:Incineration"],"picked":"hexamod:Hexaguard","floor":6},{"not_picked":["hexamod:AdvancingGuard","hexamod:BacktrackSmack"],"picked":"hexamod:EtherealExpedition","floor":8},{"not_picked":["hexamod:BurningTouch","hexamod:FastForward","hexamod:Firestarter"],"picked":"SKIP","floor":10},{"not_picked":["hexamod:UnlimitedPower","hexamod:AdvancingGuard"],"picked":"hexamod:SoulSteal","floor":11},{"not_picked":["hexamod:GhostLash","hexamod:FirstSeal"],"picked":"hexamod:Hexaguard","floor":12},{"not_picked":["hexamod:GhostflameBarrier","hexamod:BacktrackSmack"],"picked":"hexamod:SpectersWail","floor":13},{"not_picked":["hexamod:PhantomCloak","hexamod:HauntingEcho"],"picked":"hexamod:SpectralAdrenaline","floor":15},{"not_picked":["hexamod:ShieldOfDarkness+1","hexamod:ThermalTransfer"],"picked":"hexamod:BurningTouch","floor":19},{"not_picked":["hexamod:HeatShield","hexamod:BurningTouch"],"picked":"hexamod:GhostflameInferno","floor":22},{"not_picked":["hexamod:SwordOfDarkness","hexamod:NightmareGuise"],"picked":"hexamod:GhostShield+1","floor":27},{"not_picked":["hexamod:FourthSeal","hexamod:ExtraCrispy"],"picked":"hexamod:BurningTouch","floor":28},{"not_picked":["hexamod:RecurringNightmare","hexamod:NightmareGuise","hexamod:BacktrackSmack"],"picked":"SKIP","floor":29},{"not_picked":["hexamod:Haunt","hexamod:HauntingEcho"],"picked":"hexamod:BurningTouch+1","floor":30},{"not_picked":["hexamod:UnleashSpirits","hexamod:HeatShield"],"picked":"hexamod:Firestarter","floor":31},{"not_picked":["hexamod:SuperheatedStrike","hexamod:EtherealExpedition"],"picked":"hexamod:SpectersWail+1","floor":32},{"not_picked":["hexamod:EmpoweringStance","hexamod:HexaLevel"],"picked":"hexamod:SearingWound","floor":33},{"not_picked":["hexamod:CatchUp","hexamod:SwordOfDarkness"],"picked":"hexamod:StepThrough+1","floor":36}],"player_experience":423653,"relics_obtained":[{"floor":3,"key":"Tiny Chest"},{"floor":6,"key":"Mirror"},{"floor":7,"key":"CeramicFish"},{"floor":10,"key":"HornCleat"},{"floor":14,"key":"Pear"},{"floor":18,"key":"BrokenLever"},{"floor":19,"key":"Replay:Arrowhead"},{"floor":24,"key":"hexamod:Sixitude"},{"floor":27,"key":"Potion Belt"},{"floor":35,"key":"testmod-OneHitWonder"}],"event_choices":[{"damage_healed":0,"gold_gain":0,"player_choice":"Ignored","damage_taken":7,"max_hp_gain":0,"max_hp_loss":0,"event_name":"Plate Of N\u0027loth","floor":4,"gold_loss":0},{"cards_removed":["hexamod:ShieldOfDarkness"],"damage_healed":5,"gold_gain":0,"player_choice":"Offered Common","damage_taken":0,"max_hp_gain":0,"max_hp_loss":0,"event_name":"Bonfire Elementals","floor":5,"gold_loss":0},{"cards_removed":["hexamod:ShieldOfDarkness"],"damage_healed":5,"gold_gain":0,"player_choice":"Offered Special","damage_taken":0,"max_hp_gain":0,"max_hp_loss":0,"event_name":"Bonfire Elementals","floor":5,"gold_loss":0},{"cards_removed":["hexamod:UnleashSpirits"],"damage_healed":0,"gold_gain":0,"player_choice":"Take \u0026 Give","damage_taken":0,"max_hp_gain":0,"max_hp_loss":0,"event_name":"betterNote:BetterNote","floor":25,"gold_loss":0,"cards_obtained":["White Noise"]}],"is_beta":false,"boss_relics":[{"not_picked":["construct:ClawGrip","vexMod:RockOfEvil"],"picked":"halation:PlatinumPhoenix"},{"not_picked":["hubris:GrandSneckoEye","testmod-IncinerationGenerator"],"picked":"halation:Prosthetics"}],"items_purged_floors":[],"is_endless":false,"potions_floor_spawned":[3,6,8,15,22,29,31,32,33],"killed_by":"Nemesis","ascension_level":1}}