{"host":"q9718omregw4er46","time":1608150671,"event":{"mods":["BaseMod","Bestiary","Colored Powertips","Custom Start","Highlight Path","Minty Spire (QoL Compilation)","Practice Mode","Quick Restart","Relic Stats"],"gold_per_floor":[112,112,112,2,12,12,12],"floor_reached":6,"playtime":146,"items_purged":[],"score":66,"play_id":"eff557d3-884f-4637-a914-dfdd41aaa154","local_time":"20201217013111","is_ascension_mode":true,"campfire_choices":[],"circlet_count":0,"master_deck":["AscendersBane","Strike_P","Strike_P","Strike_P","Strike_P","Defend_P+1","Defend_P","Defend_P","Defend_P","Eruption+1","Vigilance","Metamorphosis","Consecrate","EmptyFist"],"relics":["PureWater","Eternal Feather"],"acts_visited":["Exordium"],"potions_floor_usage":[6],"damage_taken":[{"damage":9,"enemies":"Jaw Worm","floor":1,"turns":5},{"damage":0,"enemies":"Small Slimes","floor":5,"turns":3},{"damage":10,"enemies":"Lagavulin","floor":6,"turns":4}],"seed_played":"6513694838185823763","potions_obtained":[{"floor":1,"key":"Explosive Potion"}],"is_trial":false,"path_per_floor":["M","?","?","$","M","E"],"character_chosen":"WATCHER","items_purchased":["EmptyFist","Block Potion"],"campfire_rested":0,"item_purchase_floors":[4,4],"current_hp_per_floor":[34,29,9,9,9,0,0],"gold":12,"neow_bonus":"RANDOM_COLORLESS_2","is_daily":false,"chose_seed":false,"campfire_upgraded":0,"win_rate":0.0,"timestamp":1608150671,"path_taken":["M","?","?","$","M","E"],"items_purchased_type":["Card","Potion"],"build_version":"2020-12-13","purchased_purges":0,"victory":false,"max_hp_per_floor":[68,68,68,68,68,68,68],"relic_stats":{"counters":[3,12],"Eternal Feather":0,"obtain_stats":[{"Eternal Feather":2,"PureWater":0},{"Eternal Feather":1,"PureWater":0},{"Eternal Feather":5,"PureWater":0}]},"card_choices":[{"not_picked":["Mayhem","Chrysalis"],"picked":"Metamorphosis","floor":0},{"not_picked":["FlurryOfBlows","ThirdEye"],"picked":"Consecrate","floor":1},{"not_picked":["EmptyBody","BowlingBash","PathToVictory"],"picked":"SKIP","floor":5}],"player_experience":1024571,"relics_obtained":[],"event_choices":[{"damage_healed":0,"gold_gain":0,"player_choice":"Success","damage_taken":5,"relics_obtained":["Eternal Feather"],"max_hp_gain":0,"max_hp_loss":0,"event_name":"Scrap Ooze","floor":2,"gold_loss":0},{"damage_healed":0,"gold_gain":0,"player_choice":"Entered Light","damage_taken":20,"max_hp_gain":0,"max_hp_loss":0,"event_name":"Shining Light","floor":3,"gold_loss":0,"cards_upgraded":["Eruption","Defend_P"]}],"is_beta":false,"boss_relics":[],"items_purged_floors":[],"is_endless":false,"potions_floor_spawned":[1,5],"killed_by":"Lagavulin","ascension_level":19}}