{"host":"a5y02gvi04tqovpl","time":1608086418,"event":{"mods":["Act Like it!","BaseMod","Better Third Choice","Colored Map","Downfall","Minty Spire (QoL Compilation)","StSLib"],"gold_per_floor":[99,133,133,133,58,83,158,172,197,122,122,141,26,50,70,70,70],"floor_reached":16,"playtime":882,"items_purged":["Guardian:Strike_Guardian","Guardian:Strike_Guardian"],"score":131,"play_id":"a57a40a0-83e7-4275-8fac-65ec09ffbf6f","local_time":"20201216131018","is_ascension_mode":false,"campfire_choices":[{"data":"Guardian:CurlUp","floor":1,"key":"SMITH"},{"floor":3,"key":"RECALL"},{"data":"Guardian:TwinSlam","floor":10,"key":"SMITH"}],"circlet_count":0,"master_deck":["Guardian:Strike_Guardian","Guardian:Strike_Guardian","Guardian:Defend_Guardian","Guardian:Defend_Guardian","Guardian:Defend_Guardian","Guardian:Defend_Guardian","Guardian:CurlUp+1","Guardian:TwinSlam+1","Guardian:StasisField","Guardian:Gem_Red","Guardian:RefractedBeam","Guardian:Gem_Purple"],"relics":["Guardian:ModeShifter","downfall:HeartsMalice","PreservedInsect","Orichalcum","Meat on the Bone","Dream Catcher","downfall:HeartBlessingRed","downfall:BrokenWingStatue","Lantern"],"acts_visited":["Exordium"],"potions_floor_usage":[],"damage_taken":[{"damage":0,"enemies":"Lagavulin","floor":2,"turns":1},{"damage":0,"enemies":"Cultist","floor":4,"turns":1},{"damage":0,"enemies":"downfall:FleeingMerchant","floor":5,"turns":1},{"damage":0,"enemies":"Jaw Worm","floor":8,"turns":6},{"damage":19,"enemies":"3 Sentries","floor":9,"turns":9},{"damage":0,"enemies":"2 Louse","floor":12,"turns":2},{"damage":0,"enemies":"downfall:FleeingMerchant","floor":13,"turns":4},{"damage":2,"enemies":"Lots of Slimes","floor":15,"turns":5},{"damage":62,"enemies":"downfall:Ironclad","floor":16,"turns":13}],"seed_played":"-8091223190927034386","potions_obtained":[{"floor":8,"key":"DistilledChaos"},{"floor":9,"key":"Guardian:AcceleratePotion"},{"floor":12,"key":"Guardian:DefensiveModePotion"}],"is_trial":false,"path_per_floor":["R","E","R","M","$","T","T","M","E","R","?","M","$","T","M","B"],"character_chosen":"GUARDIAN","items_purchased":[],"campfire_rested":0,"item_purchase_floors":[],"current_hp_per_floor":[80,80,80,80,80,80,80,80,61,61,61,61,61,61,59,0,0],"gold":70,"neow_bonus":"THREE_ENEMY_KILL","is_daily":false,"chose_seed":false,"campfire_upgraded":2,"win_rate":0.0,"timestamp":1608086418,"path_taken":["R","E","R","M","?","?","T","M","E","R","?","M","$","?","M","BOSS"],"items_purchased_type":[],"build_version":"2020-12-13","purchased_purges":2,"victory":false,"max_hp_per_floor":[80,80,80,80,80,80,80,80,80,80,80,80,80,80,80,80,80],"card_choices":[{"not_picked":["Guardian:WalkerClaw","Guardian:Gem_Cyan"],"picked":"Guardian:StasisField","floor":2},{"not_picked":["Guardian:PiercingHide","Guardian:TemporalStrike"],"picked":"Guardian:Gem_Green","floor":4},{"not_picked":["Guardian:Preprogram","Guardian:ChargeCore","Guardian:PrimingBeam"],"picked":"SKIP","floor":5},{"not_picked":["Guardian:GuardianWhirl","Guardian:Incinerate","Guardian:Harden"],"picked":"SKIP","floor":8},{"not_picked":["Guardian:RollAttack","Guardian:TimeBomb","Guardian:Harden"],"picked":"SKIP","floor":9},{"not_picked":["Guardian:WalkerClaw","Guardian:FloatingOrbs"],"picked":"Guardian:Gem_Red","floor":12},{"not_picked":["Guardian:CrystalBeam","Guardian:RevengeProtocol"],"picked":"Guardian:RefractedBeam","floor":13},{"not_picked":["Guardian:Gem_Red","Guardian:TemporalStrike"],"picked":"Guardian:Gem_Purple","floor":15}],"player_experience":1426,"relics_obtained":[{"floor":2,"key":"PreservedInsect"},{"floor":6,"key":"Orichalcum"},{"floor":7,"key":"Meat on the Bone"},{"floor":9,"key":"Dream Catcher"},{"floor":14,"key":"Lantern"}],"event_choices":[],"is_beta":false,"boss_relics":[],"items_purged_floors":[5,13],"is_endless":false,"potions_floor_spawned":[8,9,12],"killed_by":"downfall:Ironclad","ascension_level":0}}