{"host":"2e3z4r48quhw80cc","time":1608118058,"event":{"mods":["BaseMod","Minty Spire (QoL Compilation)","Quick Restart","StSLib","SuperFastMode"],"gold_per_floor":[109,126,126,126,126,155,169,169,216,73,103,118,134,134,134,253,553,576,591,22,22,22,62,85,99,179,179,222,222,222,243,243,368,368,384,384,453,453,478,478,492,507,507,507,551,30,30,43,43,43],"floor_reached":51,"playtime":2006,"items_purged":["Pain"],"score":1125,"play_id":"4fc84947-23b6-45fd-8a71-b0085b9b2568","local_time":"20201216202738","is_ascension_mode":true,"campfire_choices":[{"data":"Storm","floor":8.0,"key":"SMITH"},{"floor":15.0,"key":"REST"},{"data":"Creative AI","floor":27.0,"key":"SMITH"},{"data":"Self Repair","floor":30.0,"key":"SMITH"},{"data":"Thunder Strike","floor":32.0,"key":"SMITH"},{"data":"Fission","floor":40,"key":"SMITH"},{"data":"Madness","floor":44,"key":"SMITH"},{"data":"White Noise","floor":47,"key":"SMITH"},{"data":"Force Field","floor":49,"key":"SMITH"}],"circlet_count":0,"master_deck":["Strike_B","Strike_B+1","Strike_B","Strike_B","Defend_B+1","Defend_B","Defend_B","Defend_B","Zap+1","Dualcast+1","Storm+1","BootSequence","Heatsinks","Leap","Creative AI+1","Conserve Battery","FTL","Steam","Buffer+1","CurseOfTheBell","Capacitor+1","Force Field+1","Ball Lightning","Thunder Strike+1","Self Repair+1","Storm+1","Fission+1","Barrage+1","Madness+1","Defragment+1","White Noise+1","Biased Cognition"],"relics":["Cracked Core","NeowsBlessing","WarpedTongs","Dream Catcher","PreservedInsect","Runic Capacitor","Letter Opener","Golden Idol","Calling Bell","Bag of Preparation","Mercury Hourglass","Old Coin","Mummified Hand","Lee\u0027s Waffle","Incense Burner","HornCleat","Centennial Puzzle","Nunchaku","Black Star","TungstenRod","The Courier","Strawberry","Lantern","Membership Card","Pen Nib","Shuriken","Vajra","War Paint","Calipers"],"acts_visited":["Exordium","TheCity","TheBeyond"],"potions_floor_usage":[50,50],"damage_taken":[{"damage":0.0,"enemies":"Small Slimes","floor":1.0,"turns":1.0},{"damage":0.0,"enemies":"Cultist","floor":2.0,"turns":1.0},{"damage":0.0,"enemies":"Gremlin Nob","floor":6.0,"turns":1.0},{"damage":2.0,"enemies":"Jaw Worm","floor":7.0,"turns":3.0},{"damage":8.0,"enemies":"3 Sentries","floor":11.0,"turns":6.0},{"damage":5.0,"enemies":"Exordium Wildlife","floor":12.0,"turns":5.0},{"damage":12.0,"enemies":"Exordium Thugs","floor":13.0,"turns":5.0},{"damage":30.0,"enemies":"Hexaghost","floor":16.0,"turns":10.0},{"damage":13.0,"enemies":"2 Thieves","floor":18.0,"turns":4.0},{"damage":18.0,"enemies":"3 Byrds","floor":19.0,"turns":5.0},{"damage":0.0,"enemies":"Gremlin Leader","floor":23.0,"turns":5.0},{"damage":0.0,"enemies":"Cultist and Chosen","floor":24.0,"turns":4.0},{"damage":24.0,"enemies":"Snake Plant","floor":25.0,"turns":4.0},{"damage":1.0,"enemies":"Slavers","floor":28.0,"turns":3.0},{"damage":0.0,"enemies":"Sentry and Sphere","floor":31.0,"turns":2.0},{"damage":9.0,"enemies":"Champ","floor":33.0,"turns":5.0},{"damage":0.0,"enemies":"Orb Walker","floor":35.0,"turns":2.0},{"damage":6,"enemies":"2 Orb Walkers","floor":37,"turns":3},{"damage":0,"enemies":"3 Shapes","floor":39,"turns":3},{"damage":0,"enemies":"3 Darklings","floor":41,"turns":2},{"damage":12,"enemies":"4 Shapes","floor":42,"turns":2},{"damage":0,"enemies":"Giant Head","floor":45,"turns":3},{"damage":10,"enemies":"Jaw Worm Horde","floor":48,"turns":2},{"damage":18,"enemies":"Donu and Deca","floor":50,"turns":4}],"seed_played":"-3266546407073690816","potions_obtained":[{"floor":6.0,"key":"DuplicationPotion"},{"floor":7.0,"key":"Fruit Juice"},{"floor":11.0,"key":"Block Potion"},{"floor":24.0,"key":"LiquidMemories"},{"floor":25.0,"key":"AttackPotion"},{"floor":33.0,"key":"PotionOfCapacity"},{"floor":35.0,"key":"Energy Potion"},{"floor":38,"key":"DuplicationPotion"},{"floor":38,"key":"Ancient Potion"}],"is_trial":false,"path_per_floor":["M","M","?","?","?","E","M","R","T","$","E","M","M","?","R","B",null,"M","M","$","?","$","E","M","M","T","R","E","?","R","M","R","B",null,"M","?","?","?","M","R","M","M","T","R","E","$","R","M","R","B",null],"character_chosen":"DEFECT","items_purchased":["Runic Capacitor","Mummified Hand","Lee\u0027s Waffle","Force Field","Membership Card","Pen Nib","Shuriken","Vajra","War Paint","Calipers"],"campfire_rested":1,"item_purchase_floors":[10,20,20,20,46,46,46,46,46,46],"current_hp_per_floor":[68,68,53,58,58,58,61,61,61,61,53,48,36,36,59,29,67,54,36,86,86,86,86,86,62,62,62,68,68,68,68,68,69,82,86,86,86,86,86,86,86,84,84,84,93,93,93,83,83,65],"gold":43,"neow_bonus":"THREE_ENEMY_KILL","is_daily":false,"chose_seed":false,"campfire_upgraded":8,"win_rate":0.0,"timestamp":1608118058,"path_taken":["M","M","?","?","?","E","?","R","T","$","E","M","M","?","R","BOSS","M","M","$","?","?","E","M","M","T","R","E","?","R","?","R","BOSS","M","?","?","?","M","R","?","M","T","R","E","$","R","M","R","BOSS"],"items_purchased_type":["Relic","Relic","Relic","Card","Relic","Relic","Relic","Relic","Relic","Relic"],"build_version":"2020-12-13","purchased_purges":1,"victory":true,"max_hp_per_floor":[75,75,75,80,80,80,85,85,85,85,85,85,85,79,79,79,79,79,79,86,86,86,86,86,86,86,86,86,86,86,86,86,86,86,86,86,86,86,86,86,86,86,86,86,93,93,93,93,93,93],"card_choices":[{"not_picked":["Hologram","Go for the Eyes"],"picked":"Storm","floor":1.0},{"not_picked":["Steam Power","Compile Driver"],"picked":"BootSequence","floor":2.0},{"not_picked":["Redo","Conserve Battery"],"picked":"Heatsinks","floor":6.0},{"not_picked":["Stack","Barrage"],"picked":"Leap","floor":7.0},{"not_picked":["Skim","Chill"],"picked":"Creative AI","floor":11.0},{"not_picked":["Chill","Scrape"],"picked":"Conserve Battery","floor":12.0},{"not_picked":["Rip and Tear","Hello World"],"picked":"FTL","floor":13.0},{"not_picked":["Compile Driver","Heatsinks"],"picked":"Steam","floor":15.0},{"not_picked":["Hyperbeam","Multi-Cast"],"picked":"Buffer","floor":16.0},{"not_picked":["Conserve Battery+1","Go for the Eyes","Redo"],"picked":"SKIP","floor":18.0},{"not_picked":["Go for the Eyes","Rip and Tear"],"picked":"Capacitor+1","floor":19.0},{"not_picked":["Chill","Tempest"],"picked":"Ball Lightning","floor":23.0},{"not_picked":["Steam","Redo"],"picked":"Thunder Strike","floor":24.0},{"not_picked":["Barrage","Go for the Eyes"],"picked":"Self Repair","floor":25.0},{"not_picked":["Beam Cell","Double Energy"],"picked":"Storm+1","floor":28.0},{"not_picked":["Melter+1","Fusion","Gash"],"picked":"SKIP","floor":31.0},{"not_picked":["Creative AI","Seek"],"picked":"Fission","floor":33.0},{"not_picked":["Conserve Battery+1","Steam Power+1"],"picked":"Barrage+1","floor":35.0},{"not_picked":["Deep Breath","Purity"],"picked":"Madness","floor":36},{"not_picked":["Steam","Go for the Eyes+1"],"picked":"Defragment+1","floor":39},{"not_picked":["Rebound+1","Undo+1"],"picked":"White Noise","floor":41},{"not_picked":["Force Field+1","Melter","Blizzard+1"],"picked":"SKIP","floor":42},{"not_picked":["Skim+1","Sunder+1"],"picked":"Biased Cognition","floor":45},{"not_picked":["Blizzard+1","BootSequence","Scrape+1"],"picked":"SKIP","floor":48}],"player_experience":62810,"relics_obtained":[{"floor":6.0,"key":"Dream Catcher"},{"floor":9.0,"key":"PreservedInsect"},{"floor":11.0,"key":"Letter Opener"},{"floor":17.0,"key":"Bag of Preparation"},{"floor":17.0,"key":"Mercury Hourglass"},{"floor":17.0,"key":"Old Coin"},{"floor":23.0,"key":"Incense Burner"},{"floor":26.0,"key":"HornCleat"},{"floor":28.0,"key":"Centennial Puzzle"},{"floor":37,"key":"TungstenRod"},{"floor":43,"key":"The Courier"},{"floor":45,"key":"Strawberry"},{"floor":45,"key":"Lantern"}],"event_choices":[{"damage_healed":0.0,"max_hp_gain":0.0,"max_hp_loss":0.0,"gold_gain":0.0,"event_name":"Shining Light","player_choice":"Entered Light","floor":3.0,"gold_loss":0.0,"damage_taken":15.0,"cards_upgraded":["Zap","Strike_B"]},{"damage_healed":0.0,"max_hp_gain":5.0,"max_hp_loss":0.0,"gold_gain":0.0,"event_name":"Big Fish","player_choice":"Donut","floor":4.0,"gold_loss":0.0,"damage_taken":0.0},{"damage_healed":0.0,"max_hp_gain":0.0,"max_hp_loss":0.0,"gold_gain":0.0,"event_name":"Accursed Blacksmith","player_choice":"Rummage","floor":5.0,"gold_loss":0.0,"damage_taken":0.0,"relics_obtained":["WarpedTongs"],"cards_obtained":["Pain"]},{"damage_healed":0.0,"max_hp_gain":0.0,"max_hp_loss":6.0,"gold_gain":0.0,"event_name":"Golden Idol","player_choice":"Lose Max HP","floor":14.0,"gold_loss":0.0,"damage_taken":0.0,"relics_obtained":["Golden Idol"]},{"damage_healed":0.0,"max_hp_gain":0.0,"max_hp_loss":0.0,"gold_gain":0.0,"event_name":"Upgrade Shrine","player_choice":"Upgraded","floor":21.0,"gold_loss":0.0,"damage_taken":0.0,"cards_upgraded":["Buffer"]},{"damage_healed":0.0,"max_hp_gain":0.0,"max_hp_loss":0.0,"gold_gain":0.0,"event_name":"WeMeetAgain","player_choice":"Gave Potion","floor":29.0,"gold_loss":0.0,"damage_taken":0.0,"relics_obtained":["Nunchaku"]},{"damage_healed":0,"gold_gain":0,"player_choice":"Memory 1","damage_taken":0,"max_hp_gain":0,"max_hp_loss":0,"event_name":"SensoryStone","floor":36,"gold_loss":0},{"damage_healed":0,"gold_gain":0,"player_choice":"Fight","damage_taken":0,"max_hp_gain":0,"max_hp_loss":0,"event_name":"Mysterious Sphere","floor":37,"gold_loss":0},{"damage_healed":0,"gold_gain":0,"player_choice":"Got Potions","damage_taken":0,"max_hp_gain":0,"max_hp_loss":0,"event_name":"Lab","floor":38,"gold_loss":0}],"is_beta":false,"boss_relics":[{"not_picked":["Snecko Eye","Runic Dome"],"picked":"Calling Bell"},{"not_picked":["Inserter","Tiny House"],"picked":"Black Star"}],"items_purged_floors":[20],"is_endless":false,"potions_floor_spawned":[6,7,11,24,25,33,35,39,42,45,48],"ascension_level":6}}