{"host":"uv231blk40vjdojr","time":1608157115,"event":{"mods":["BaseMod","Minty Spire (QoL Compilation)","Relic Stats"],"gold_per_floor":[111,61,79,79,1,1,34,34,34,34,49,59,92,102,102,199,199,213,227,227,246,11,11,44,44,44,54,69,9,9,25,25,122,122,142,26,26,0,16,48,48,68,144,91,103,136,136,165,165,165],"floor_reached":51,"playtime":3896,"items_purged":["Strike_G"],"score":1026,"play_id":"c2108d6f-3d71-4fa9-b87c-aa511484b373","local_time":"20201216231835","is_ascension_mode":true,"campfire_choices":[{"data":"Predator","floor":6.0,"key":"SMITH"},{"data":"Crippling Poison","floor":8.0,"key":"SMITH"},{"data":"Neutralize","floor":10.0,"key":"SMITH"},{"floor":15.0,"key":"REST"},{"data":"Apotheosis","floor":23.0,"key":"SMITH"},{"data":"Wraith Form v2","floor":25.0,"key":"SMITH"},{"floor":32.0,"key":"REST"},{"data":"Well Laid Plans","floor":41.0,"key":"SMITH"},{"data":"Envenom","floor":47,"key":"SMITH"},{"data":"Noxious Fumes","floor":49,"key":"SMITH"}],"circlet_count":0,"master_deck":["Strike_G","Strike_G","Strike_G","Strike_G","Defend_G","Defend_G+1","Defend_G","Defend_G","Survivor+1","Neutralize+1","Backflip","Riddle With Holes+1","Predator+1","Crippling Poison+1","Noxious Fumes+1","Flying Knee","Wraith Form v2+1","Skewer+1","Apotheosis+1","Well Laid Plans+1","Backflip+1","Bane+1","Tools of the Trade","Caltrops","Adrenaline","Deadly Poison+1","Envenom+1"],"relics":["Ring of the Snake","Bag of Preparation","Snake Skull","Mango","Singing Bowl","Velvet Choker","MutagenicStrength","War Paint","The Courier","Philosopher\u0027s Stone","HandDrill","Red Mask","Anchor","Pantograph","Toy Ornithopter","PreservedInsect","Molten Egg 2"],"acts_visited":["Exordium","TheCity","TheBeyond"],"potions_floor_usage":[42,45,50,50],"damage_taken":[{"damage":4.0,"enemies":"2 Louse","floor":1.0,"turns":3.0},{"damage":1.0,"enemies":"Jaw Worm","floor":3.0,"turns":4.0},{"damage":30.0,"enemies":"Lagavulin","floor":7.0,"turns":6.0},{"damage":0.0,"enemies":"Cultist","floor":11.0,"turns":3.0},{"damage":9.0,"enemies":"Exordium Thugs","floor":12.0,"turns":4.0},{"damage":12.0,"enemies":"3 Sentries","floor":13.0,"turns":5.0},{"damage":1.0,"enemies":"3 Louse","floor":14.0,"turns":2.0},{"damage":9.0,"enemies":"The Guardian","floor":16.0,"turns":10.0},{"damage":0.0,"enemies":"3 Byrds","floor":18.0,"turns":3.0},{"damage":4.0,"enemies":"2 Thieves","floor":19.0,"turns":4.0},{"damage":8.0,"enemies":"Cultist and Chosen","floor":21.0,"turns":5.0},{"damage":16.0,"enemies":"Gremlin Leader","floor":24.0,"turns":5.0},{"damage":3.0,"enemies":"Centurion and Healer","floor":27.0,"turns":5.0},{"damage":18.0,"enemies":"Snecko","floor":28.0,"turns":4.0},{"damage":22.0,"enemies":"Shelled Parasite and Fungi","floor":31.0,"turns":4.0},{"damage":15.0,"enemies":"Champ","floor":33.0,"turns":11.0},{"damage":1.0,"enemies":"Orb Walker","floor":35.0,"turns":4.0},{"damage":1.0,"enemies":"3 Darklings","floor":39.0,"turns":5.0},{"damage":9.0,"enemies":"Giant Head","floor":40.0,"turns":9.0},{"damage":1,"enemies":"Jaw Worm Horde","floor":42,"turns":3},{"damage":2,"enemies":"Spire Growth","floor":45,"turns":4},{"damage":3,"enemies":"Nemesis","floor":46,"turns":7},{"damage":1,"enemies":"Giant Head","floor":48,"turns":6},{"damage":46,"enemies":"Donu and Deca","floor":50,"turns":9}],"seed_played":"3332256396850673074","potions_obtained":[{"floor":7.0,"key":"Weak Potion"},{"floor":11.0,"key":"Explosive Potion"},{"floor":12.0,"key":"Swift Potion"},{"floor":13.0,"key":"GamblersBrew"},{"floor":24.0,"key":"Strength Potion"},{"floor":27.0,"key":"FearPotion"},{"floor":33.0,"key":"DuplicationPotion"},{"floor":42,"key":"FearPotion"}],"is_trial":false,"path_per_floor":["M","?","M","?","$","R","E","R","T","R","M","M","E","M","R","B",null,"M","M","?","M","$","R","E","R","T","M","M","$","?","M","R","B",null,"M","$","?","?","M","E","R","M","T","?","M","E","R","E","R","B",null],"character_chosen":"THE_SILENT","items_purchased":["Predator","Apotheosis","Swift Potion","HandDrill"],"campfire_rested":2,"item_purchase_floors":[5,22,22,36],"current_hp_per_floor":[59,59,58,58,58,58,28,28,42,42,42,33,23,24,50,41,76,76,74,74,68,68,68,54,54,54,51,33,33,64,42,70,55,84,85,85,85,85,86,77,77,76,76,76,79,76,76,77,77,54],"gold":165,"neow_bonus":"RANDOM_COMMON_RELIC","is_daily":false,"chose_seed":false,"campfire_upgraded":8,"win_rate":0.0,"timestamp":1608157115,"path_taken":["M","?","M","?","$","R","E","R","T","R","M","?","E","M","R","BOSS","M","?","?","M","$","R","E","R","T","M","M","$","?","M","R","BOSS","M","$","?","?","M","E","R","M","T","?","?","E","R","E","R","BOSS"],"items_purchased_type":["Card","Card","Potion","Relic"],"build_version":"2020-12-13","purchased_purges":1,"victory":true,"max_hp_per_floor":[70,70,70,70,70,70,70,70,84,84,84,84,86,88,88,88,88,88,90,90,92,92,92,94,94,94,94,94,94,94,94,94,94,94,96,96,91,91,93,93,93,93,93,93,93,93,93,95,95,95],"relic_stats":{"Singing Bowl":16,"counters":[24,125],"Pantograph":18,"Snake Skull":[183],"PreservedInsect":130,"Bag of Preparation":[48],"HandDrill":[14],"War Paint":["Defend_G","Survivor"],"obtain_stats":[{"Singing Bowl":13,"Velvet Choker":17,"Mango":9,"Snake Skull":7,"The Courier":26,"PreservedInsect":46,"Bag of Preparation":0,"War Paint":24,"Anchor":40,"MutagenicStrength":20,"Pantograph":43,"Philosopher\u0027s Stone":34,"Molten Egg 2":48,"HandDrill":36,"Red Mask":38,"Toy Ornithopter":44,"Ring of the Snake":0},{"Singing Bowl":6,"Velvet Choker":8,"Mango":3,"Snake Skull":3,"The Courier":12,"PreservedInsect":22,"Bag of Preparation":0,"War Paint":12,"Anchor":19,"MutagenicStrength":10,"Pantograph":20,"Philosopher\u0027s Stone":16,"Molten Egg 2":23,"HandDrill":17,"Red Mask":17,"Toy Ornithopter":20,"Ring of the Snake":0},{"Singing Bowl":25,"Velvet Choker":37,"Mango":13,"Snake Skull":13,"The Courier":54,"PreservedInsect":110,"Bag of Preparation":0,"War Paint":54,"Anchor":96,"MutagenicStrength":44,"Pantograph":99,"Philosopher\u0027s Stone":78,"Molten Egg 2":116,"HandDrill":82,"Red Mask":82,"Toy Ornithopter":99,"Ring of the Snake":0}],"Toy Ornithopter":10,"Ring of the Snake":[48]},"card_choices":[{"not_picked":["Dodge and Roll","Acrobatics"],"picked":"Backflip","floor":1.0},{"not_picked":["Flechettes","Bane"],"picked":"Riddle With Holes","floor":3.0},{"not_picked":["Calculated Gamble","Backflip"],"picked":"Crippling Poison","floor":7.0},{"not_picked":["Burst","Concentrate"],"picked":"Noxious Fumes","floor":11.0},{"not_picked":["Cloak And Dagger","Outmaneuver"],"picked":"Flying Knee","floor":12.0},{"not_picked":["Prepared","Accuracy","Backflip"],"picked":"Singing Bowl","floor":13.0},{"not_picked":["Acrobatics","Underhanded Strike","Cloak And Dagger"],"picked":"Singing Bowl","floor":14.0},{"not_picked":["Die Die Die","A Thousand Cuts"],"picked":"Wraith Form v2","floor":16.0},{"not_picked":["Concentrate","Blade Dance"],"picked":"Skewer+1","floor":18.0},{"not_picked":["Blade Dance+1","Finisher","Cloak And Dagger"],"picked":"Singing Bowl","floor":19.0},{"not_picked":["Heel Hook","Poisoned Stab","PiercingWail+1"],"picked":"Singing Bowl","floor":21.0},{"not_picked":["Dagger Throw+1","Backflip","Flechettes+1"],"picked":"Singing Bowl","floor":24.0},{"not_picked":["Grand Finale","Reflex"],"picked":"Well Laid Plans","floor":27.0},{"not_picked":["Finisher","Blade Dance+1"],"picked":"Backflip+1","floor":28.0},{"not_picked":["Dagger Spray","Backflip"],"picked":"Bane+1","floor":31.0},{"not_picked":["Storm of Steel","Unload"],"picked":"Tools of the Trade","floor":33.0},{"not_picked":["All Out Attack","Prepared","Reflex"],"picked":"Singing Bowl","floor":35.0},{"not_picked":["Dagger Spray+1","Well Laid Plans","Accuracy"],"picked":"Singing Bowl","floor":39.0},{"not_picked":["Cloak And Dagger","Predator+1"],"picked":"Caltrops","floor":40.0},{"not_picked":["Quick Slash+1","Poisoned Stab"],"picked":"Adrenaline","floor":42},{"not_picked":["Dodge and Roll+1","Blur+1"],"picked":"Deadly Poison+1","floor":45},{"not_picked":["Prepared+1","Poisoned Stab+1"],"picked":"Envenom","floor":46},{"not_picked":["Escape Plan+1","Caltrops","Sucker Punch+1"],"picked":"Singing Bowl","floor":48}],"player_experience":483782,"relics_obtained":[{"floor":7.0,"key":"Snake Skull"},{"floor":9.0,"key":"Mango"},{"floor":13.0,"key":"Singing Bowl"},{"floor":24.0,"key":"War Paint"},{"floor":26.0,"key":"The Courier"},{"floor":40.0,"key":"Anchor"},{"floor":43,"key":"Pantograph"},{"floor":46,"key":"PreservedInsect"},{"floor":48,"key":"Molten Egg 2"}],"event_choices":[{"cards_removed":["Defend_G"],"damage_healed":0.0,"max_hp_gain":0.0,"max_hp_loss":0.0,"gold_gain":0.0,"event_name":"The Cleric","player_choice":"Card Removal","floor":2.0,"gold_loss":50.0,"damage_taken":0.0},{"damage_healed":0.0,"max_hp_gain":0.0,"max_hp_loss":0.0,"gold_gain":0.0,"event_name":"Living Wall","player_choice":"Grow","floor":4.0,"gold_loss":0.0,"damage_taken":0.0,"cards_upgraded":["Riddle With Holes"]},{"damage_healed":0.0,"max_hp_gain":0.0,"max_hp_loss":0.0,"gold_gain":0.0,"event_name":"Drug Dealer","player_choice":"Inject Mutagens","floor":20.0,"gold_loss":0.0,"damage_taken":0.0,"relics_obtained":["MutagenicStrength"]},{"damage_healed":31.0,"max_hp_gain":0.0,"max_hp_loss":0.0,"gold_gain":0.0,"event_name":"The Library","player_choice":"Heal","floor":30.0,"gold_loss":0.0,"damage_taken":0.0},{"damage_healed":0.0,"max_hp_gain":0.0,"max_hp_loss":5.0,"gold_gain":0.0,"event_name":"Winding Halls","player_choice":"Max HP","floor":37.0,"gold_loss":0.0,"damage_taken":0.0},{"damage_healed":0.0,"max_hp_gain":0.0,"max_hp_loss":0.0,"gold_gain":0.0,"event_name":"Tomb of Lord Red Mask","player_choice":"Paid","floor":38.0,"gold_loss":26.0,"damage_taken":0.0,"relics_obtained":["Red Mask"]},{"damage_healed":0,"gold_gain":0,"player_choice":"Paid Gold","damage_taken":0,"relics_obtained":["Toy Ornithopter"],"max_hp_gain":0,"max_hp_loss":0,"event_name":"WeMeetAgain","floor":44,"gold_loss":53}],"is_beta":false,"boss_relics":[{"not_picked":["Empty Cage","WristBlade"],"picked":"Velvet Choker"},{"not_picked":["Coffee Dripper","Cursed Key"],"picked":"Philosopher\u0027s Stone"}],"items_purged_floors":[29],"is_endless":false,"potions_floor_spawned":[7,11,12,13,24,27,28,33,40,42],"ascension_level":8}}