{"host":"2ttsipbxjlhedj1t","time":1608154085,"event":{"mods":["2.2 Compatiblity","Act Like it!","BaseMod","Card Forge","Colored Map","Colored Powertips","Highlight Path","Minty Spire (QoL Compilation)","Quick Restart","Shop Mod","StSLib"],"gold_per_floor":[110,110,110,110,122,122,151,6,6,6,18,52,71,87,87,184,184,202,221,235,261,281,281,313,403,403,433,344,344,344,358,358,457,457,467,467,206,232,251,261,106,33,58,58,89,89],"floor_reached":45,"playtime":3642,"items_purged":[],"score":841,"play_id":"10bb5d66-8fee-48cd-b37b-2149135bc790","local_time":"20201216162805","daily_mods":["Vintage","Colorless Cards","Heirloom","Time Dilation","Flight","DeadlyEvents"],"is_ascension_mode":false,"campfire_choices":[{"data":"Ghostly Armor","floor":6.0,"key":"SMITH"},{"data":"Hemokinesis","floor":15.0,"key":"SMITH"},{"floor":23.0,"key":"REST"},{"data":"Searing Blow+1","floor":30.0,"key":"SMITH"},{"data":"Searing Blow+2","floor":32.0,"key":"SMITH"},{"floor":44.0,"key":"DIG"}],"circlet_count":0,"master_deck":["Blood for Blood+1","Offering+1","Rupture+1","Flame Barrier+1","Blood for Blood+1","Reaper+1","Rupture+1","Bandage Up+1","Bandage Up+1","Hemokinesis+1","Hemokinesis+1","Brutality+1","Bloodletting+1","Bloodletting+1","Ghostly Armor+1","Ghostly Armor+1","Ghostly Armor+1","Hemokinesis+1","Combust+1","Combust+1"],"relics":["Black Blood","Hammer of Thor","Seething Fire","Anvil of the Gods","Peace Pipe","Prayer Wheel","Eternal Feather","Toxic Egg 2","HornCleat","MerchantsRug","Omamori","Toy Ornithopter","Dream Catcher","Ancient Tea Set","White Beast Statue","Meat on the Bone","Blood Vial","Oddly Smooth Stone","Kunai","Sundial","Membership Card","PreservedInsect","Shuriken","Red Skull","ClockworkSouvenir","Mummified Hand","Question Card","Boot","Pen Nib","Thread and Needle","Shovel","Vajra","Singing Bowl","Lantern"],"acts_visited":["Exordium","TheCity","TheBeyond"],"potions_floor_usage":[],"damage_taken":[{"damage":2.0,"enemies":"Small Slimes","floor":1.0,"turns":2.0},{"damage":6.0,"enemies":"2 Louse","floor":5.0,"turns":2.0},{"damage":14.0,"enemies":"Gremlin Nob","floor":7.0,"turns":1.0},{"damage":2.0,"enemies":"Cultist","floor":11.0,"turns":2.0},{"damage":14.0,"enemies":"3 Sentries","floor":12.0,"turns":3.0},{"damage":6.0,"enemies":"Gremlin Gang","floor":13.0,"turns":3.0},{"damage":0.0,"enemies":"Red Slaver","floor":14.0,"turns":3.0},{"damage":33.0,"enemies":"Hexaghost","floor":16.0,"turns":3.0},{"damage":14.0,"enemies":"3 Byrds","floor":18.0,"turns":1.0},{"damage":16.0,"enemies":"Shell Parasite","floor":19.0,"turns":2.0},{"damage":14.0,"enemies":"Snake Plant","floor":20.0,"turns":1.0},{"damage":16.0,"enemies":"Gremlin Leader","floor":21.0,"turns":1.0},{"damage":10.0,"enemies":"Cultist and Chosen","floor":22.0,"turns":3.0},{"damage":12.0,"enemies":"Slavers","floor":24.0,"turns":3.0},{"damage":21.0,"enemies":"Book of Stabbing","floor":27.0,"turns":2.0},{"damage":20.0,"enemies":"3 Cultists","floor":31.0,"turns":3.0},{"damage":27.0,"enemies":"Champ","floor":33.0,"turns":5.0},{"damage":21.0,"enemies":"3 Shapes","floor":35.0,"turns":2.0},{"damage":22.0,"enemies":"Giant Head","floor":38.0,"turns":3.0},{"damage":16.0,"enemies":"3 Darklings","floor":39.0,"turns":3.0},{"damage":19.0,"enemies":"Sphere and 2 Shapes","floor":40.0,"turns":4.0},{"damage":9,"enemies":"Nemesis","floor":45,"turns":3}],"seed_played":"3414530618038393131","potions_obtained":[{"floor":1.0,"key":"FearPotion"},{"floor":11.0,"key":"Weak Potion"},{"floor":13.0,"key":"LiquidBronze"},{"floor":19.0,"key":"Regen Potion"},{"floor":20.0,"key":"LiquidMemories"},{"floor":24.0,"key":"LiquidMemories"},{"floor":35.0,"key":"Fire Potion"},{"floor":40.0,"key":"PowerPotion"}],"is_trial":true,"path_per_floor":["M","?","?","?","M","R","E","$","T","$","M","E","M","M","R","B",null,"M","M","M","E","M","R","E","?","T","E","$","?","R","M","R","B",null,"M","?","$","E","M","M","$","$","T","R","E"],"character_chosen":"IRONCLAD","items_purchased":["MerchantsRug","Membership Card","Pear","PreservedInsect","Red Skull","ClockworkSouvenir","Mummified Hand","Thread and Needle","Shovel"],"campfire_rested":1,"item_purchase_floors":[8,28,28,28,37,37,37,41,42],"current_hp_per_floor":[80,80,85,73,84,85,77,77,77,77,81,85,85,85,85,70,85,85,85,85,85,85,85,85,73,73,83,93,93,95,92,95,80,95,109,109,109,109,109,109,109,109,109,109,109,109],"gold":89,"neow_bonus":"","is_daily":false,"chose_seed":false,"campfire_upgraded":4,"win_rate":0.0,"timestamp":1608154085,"path_taken":["M","?","?","?","M","R","?","$","T","?","?","?","M","M","R","BOSS","M","M","?","?","M","R","E","?","T","?","$","?","R","M","R","BOSS","M","?","$","?","M","M","$","$","T","R","E"],"items_purchased_type":["Relic","Relic","Relic","Relic","Relic","Relic","Relic","Relic","Relic"],"build_version":"2020-12-13","purchased_purges":0,"victory":false,"max_hp_per_floor":[80,80,85,85,85,85,85,85,85,85,85,85,85,85,85,85,85,85,85,85,85,85,85,85,85,85,85,95,95,95,95,95,95,95,109,109,109,109,109,109,109,109,109,109,109,109],"card_choices":[{"not_picked":["Good Instincts+1","Clothesline","Wild Strike"],"picked":"SKIP","floor":7.0},{"not_picked":["Flex+1","Good Instincts+1","Forethought+1"],"picked":"SKIP","floor":12.0},{"not_picked":["Clothesline","Warcry+1","Swift Strike"],"picked":"SKIP","floor":21.0},{"not_picked":["Heavy Blade","Headbutt"],"picked":"Dramatic Entrance","floor":23.0},{"not_picked":["Impatience+1","Cleave","Anger+1"],"picked":"SKIP","floor":24.0},{"not_picked":["Cleave","Havoc+1","Good Instincts+1"],"picked":"SKIP","floor":27.0},{"not_picked":["Corruption","Apotheosis+1"],"picked":"Demon Form","floor":33.0},{"not_picked":["Clothesline+1","Cleave+1","Mind Blast"],"picked":"SKIP","floor":38.0}],"player_experience":339382,"relics_obtained":[{"floor":1.0,"key":"Prayer Wheel"},{"floor":5.0,"key":"Toxic Egg 2"},{"floor":7.0,"key":"HornCleat"},{"floor":9.0,"key":"Blue Candle"},{"floor":11.0,"key":"Omamori"},{"floor":12.0,"key":"Toy Ornithopter"},{"floor":13.0,"key":"Dream Catcher"},{"floor":14.0,"key":"Ancient Tea Set"},{"floor":18.0,"key":"White Beast Statue"},{"floor":19.0,"key":"Du-Vu Doll"},{"floor":20.0,"key":"Meat on the Bone"},{"floor":21.0,"key":"Darkstone Periapt"},{"floor":22.0,"key":"Blood Vial"},{"floor":24.0,"key":"Oddly Smooth Stone"},{"floor":26.0,"key":"Kunai"},{"floor":27.0,"key":"Sundial"},{"floor":31.0,"key":"Shuriken"},{"floor":35.0,"key":"Mango"},{"floor":38.0,"key":"Question Card"},{"floor":39.0,"key":"Boot"},{"floor":40.0,"key":"Pen Nib"},{"floor":43.0,"key":"Vajra"},{"floor":44.0,"key":"Singing Bowl"},{"floor":45,"key":"Lantern"}],"event_choices":[{"damage_healed":0.0,"max_hp_gain":0.0,"max_hp_loss":0.0,"gold_gain":0.0,"event_name":"Shining Light","player_choice":"Ignored","floor":2.0,"gold_loss":0.0,"damage_taken":0.0},{"damage_healed":0.0,"max_hp_gain":5.0,"max_hp_loss":0.0,"gold_gain":0.0,"event_name":"Big Fish","player_choice":"Donut","floor":3.0,"gold_loss":0.0,"damage_taken":0.0},{"damage_healed":0.0,"max_hp_gain":0.0,"max_hp_loss":0.0,"gold_gain":0.0,"event_name":"Scrap Ooze","player_choice":"Success","floor":4.0,"gold_loss":0.0,"damage_taken":12.0,"relics_obtained":["Eternal Feather"]},{"damage_healed":0.0,"max_hp_gain":0.0,"max_hp_loss":0.0,"gold_gain":90.0,"event_name":"Knowing Skull","player_choice":"GOLD ","floor":25.0,"potions_obtained":[],"gold_loss":0.0,"damage_taken":12.0,"cards_obtained":[]},{"damage_healed":0.0,"max_hp_gain":0.0,"max_hp_loss":0.0,"gold_gain":0.0,"event_name":"Vampires","player_choice":"Ignored","floor":29.0,"gold_loss":0.0,"damage_taken":0.0},{"damage_healed":0.0,"max_hp_gain":0.0,"max_hp_loss":0.0,"gold_gain":0.0,"event_name":"Golden Shrine","player_choice":"Ignored","floor":36.0,"gold_loss":0.0,"damage_taken":0.0}],"is_beta":false,"boss_relics":[{"not_picked":["Snecko Eye","Ectoplasm"],"picked":"Pandora\u0027s Box"},{"not_picked":["Runic Pyramid","Empty Cage"],"picked":"Black Blood"}],"items_purged_floors":[],"is_endless":false,"potions_floor_spawned":[1,11,13,18,19,20,21,22,24,27,31,33,35,38,39,40,45],"killed_by":"Nemesis","ascension_level":0}}