{"host":"rcanb95qz4o6v6pp","time":1608122884,"event":{"mods":["AchievementEnabler","BaseMod","Better Third Choice","Colored Map","Downfall","Minty Spire (QoL Compilation)","Replay The Spire","Spicy Shops","StSLib"],"gold_per_floor":[114,64,64,77,152,186,203,203,203,220,239,595,595,1,1,99,99,117,135,75,75,85,113,132,132,159,176,193,209,232,273,273,377,377,400,435,450,459,459,503,557,566,566,608,608,658,694,715,715,715],"floor_reached":51,"playtime":64446,"items_purged":[],"score":1402,"play_id":"93423ea5-fe49-4c9f-a703-13eb431292fd","local_time":"20201216074804","daily_mods":["SealedDeck","Hoarder","Heirloom","Time Dilation"],"is_ascension_mode":false,"campfire_choices":[{"data":"Chill","floor":8.0,"key":"SMITH"},{"data":"Chill","floor":13.0,"key":"SMITH"},{"floor":15.0,"key":"REST"},{"floor":25,"key":"REST"},{"floor":45,"key":"REST"},{"floor":49,"key":"REST"}],"circlet_count":0,"master_deck":["Coolheaded","Coolheaded","Loop","Loop","Loop","Barrage","Barrage+1","Barrage","Conserve Battery","Conserve Battery","Conserve Battery","Conserve Battery","Conserve Battery","Conserve Battery","Cold Snap","Cold Snap","Cold Snap","Cold Snap","Cold Snap","Cold Snap","Coolheaded","Coolheaded","Chill+1","Chill","Chill+1","Steam","Steam","Steam","Cold Snap","Cold Snap","Cold Snap","Capacitor","Capacitor","Capacitor","BootSequence","BootSequence","BootSequence","Conserve Battery","Conserve Battery","Conserve Battery","Crystallizer+1","Crystallizer+1","Mirror Shield","Mirror Shield","Mirror Shield","Loop+1","Loop+1","Loop+1","Consume+1","Consume+1","Consume+1","Writhe","Writhe","Writhe","Hello World+1","Hello World+1","Hello World+1","Blizzard","Blizzard","Blizzard","Languid","Languid","Languid","Tempest+1","Tempest+1","Tempest+1","Barrage","Barrage","Barrage","Capacitor+1","Capacitor+1","Capacitor+1"],"relics":["Cracked Core","Dead Branch","Symbiotic Virus","PreservedInsect","Pocketwatch","CeramicFish","SlaversCollar","Nloth\u0027s Gift","Frozen Egg 2","Regal Pillow","Toy Ornithopter","Inserter","Torii","Blood Vial","Mango","Ring of Peace","ReplayTheSpireMod:Ring of Exchange","Shuriken","Ginger","Emotion Chip","FossilizedHelix"],"acts_visited":["TheCity","TheBeyond"],"potions_floor_usage":[33,40,50,50,50],"damage_taken":[{"damage":0.0,"enemies":"Cultist","floor":1.0,"turns":3.0},{"damage":0.0,"enemies":"Jaw Worm","floor":4.0,"turns":4.0},{"damage":0.0,"enemies":"Gremlin Nob","floor":6.0,"turns":5.0},{"damage":0.0,"enemies":"Small Slimes","floor":7.0,"turns":2.0},{"damage":0.0,"enemies":"Exordium Thugs","floor":10.0,"turns":4.0},{"damage":0.0,"enemies":"Gremlin Gang","floor":11.0,"turns":5.0},{"damage":10.0,"enemies":"Gremlin Nob","floor":12.0,"turns":4.0},{"damage":0.0,"enemies":"Slime Boss","floor":16.0,"turns":12.0},{"damage":0,"enemies":"Shell Parasite","floor":18,"turns":7},{"damage":0,"enemies":"Chosen","floor":19,"turns":5},{"damage":0,"enemies":"Centurion and Healer","floor":22,"turns":10},{"damage":6,"enemies":"Book of Stabbing","floor":23,"turns":5},{"damage":12,"enemies":"Chosen and Byrds","floor":24,"turns":10},{"damage":0,"enemies":"Snecko","floor":27,"turns":3},{"damage":8,"enemies":"Snake Plant","floor":28,"turns":7},{"damage":0,"enemies":"Sentry and Sphere","floor":29,"turns":5},{"damage":14,"enemies":"Snecko","floor":30,"turns":6},{"damage":0,"enemies":"Gremlin Leader","floor":31,"turns":4},{"damage":0,"enemies":"Champ","floor":33,"turns":12},{"damage":0,"enemies":"Orb Walker","floor":35,"turns":4},{"damage":50,"enemies":"3 Shapes","floor":37,"turns":13},{"damage":0,"enemies":"Giant Head","floor":40,"turns":10},{"damage":1,"enemies":"2 Orb Walkers","floor":41,"turns":7},{"damage":0,"enemies":"Reptomancer","floor":44,"turns":6},{"damage":24,"enemies":"Mind Bloom Boss Battle","floor":46,"turns":6},{"damage":0,"enemies":"Nemesis","floor":47,"turns":9},{"damage":0,"enemies":"Writhing Mass","floor":48,"turns":8},{"damage":0,"enemies":"Donu and Deca","floor":50,"turns":9}],"seed_played":"3234659381260440002","potions_obtained":[{"floor":1.0,"key":"PowerPotion"},{"floor":10.0,"key":"FocusPotion"},{"floor":16.0,"key":"EssenceOfSteel"},{"floor":18,"key":"Weak Potion"},{"floor":30,"key":"DistilledChaos"},{"floor":33,"key":"AttackPotion"},{"floor":40,"key":"Adrenaline Potion"}],"is_trial":true,"path_per_floor":["M","?","?","M","?","E","M","R","T","M","M","?","R","$","R","B",null,"M","M","?","?","M","E","M","R","T","M","M","M","M","E","R_BF","B",null,"M","?","M","?","?","E","?","?","T","E","R","?","E","M","R","B",null],"character_chosen":"DEFECT","items_purchased":["BootSequence","Pocketwatch","CeramicFish","CultistPotion"],"campfire_rested":4,"item_purchase_floors":[14,14,14,14],"current_hp_per_floor":[75,75,75,75,64,64,64,64,64,64,64,54,54,54,75,75,75,75,75,75,75,75,69,57,75,75,75,67,67,53,53,75,75,75,75,75,25,44,44,49,64,64,64,66,89,65,67,69,89,89],"gold":715,"neow_bonus":"","is_daily":false,"chose_seed":false,"campfire_upgraded":2,"win_rate":0.0,"timestamp":1608122884,"path_taken":["M","?","?","?","?","E","M","R","T","M","M","?","R","?","R","BOSS","M","M","?","?","?","E","M","R","T","M","?","M","M","E","R_BF","BOSS","M","?","M","?","?","E","?","?","T","E","R","?","E","M","R","BOSS"],"items_purchased_type":["Card","Relic","Relic","Potion"],"build_version":"2020-12-13","purchased_purges":0,"victory":true,"max_hp_per_floor":[75,75,75,75,75,75,75,75,75,75,75,75,75,75,75,75,75,75,75,75,75,75,75,75,75,75,75,75,75,75,75,75,75,75,75,75,75,75,75,75,89,89,89,89,89,89,89,89,89,89],"card_choices":[{"not_picked":["Doom and Gloom","Rebound","Leap"],"picked":"SKIP","floor":1.0},{"not_picked":["Streamline","Genetic Algorithm","Rebound"],"picked":"SKIP","floor":4.0},{"not_picked":["Compile Driver","Ball Lightning"],"picked":"Cold Snap","floor":6.0},{"not_picked":["Gash","Stack"],"picked":"Capacitor","floor":7.0},{"not_picked":["Heatsinks","Fusion","Scrape"],"picked":"SKIP","floor":10.0},{"not_picked":["Compile Driver","Loop","Steam"],"picked":"SKIP","floor":11.0},{"not_picked":["Beam Cell","Turbo+1","Redo"],"picked":"SKIP","floor":18},{"not_picked":["Redo","BasicCrystalCard","Chaos+1"],"picked":"SKIP","floor":19},{"not_picked":["Reprogram","Glacier+1","Reinforced Body"],"picked":"SKIP","floor":22},{"not_picked":["Doom and Gloom","Lockon","Darkness"],"picked":"SKIP","floor":23},{"not_picked":["ReplayRNGCard","Redo","Panic Button"],"picked":"SKIP","floor":24},{"not_picked":["Scrape","Panic Button","Electrodynamics+1"],"picked":"SKIP","floor":27},{"not_picked":["Biased Cognition+1","Steam","Panic Button+1"],"picked":"SKIP","floor":28},{"not_picked":["ReplaySort","Electrodynamics+1","Sweeping Beam"],"picked":"SKIP","floor":29},{"not_picked":["Hello World+1","Rip and Tear"],"picked":"Conserve Battery","floor":30},{"not_picked":["Amplify","ReplayTheSpireMod:Omega Cannon"],"picked":"Crystallizer+1","floor":31},{"not_picked":["Core Surge","Amplify"],"picked":"Mirror Shield","floor":33},{"not_picked":["Steam Power","Cold Snap"],"picked":"Loop+1","floor":35},{"not_picked":["BasicCrystalCard","Redo+1"],"picked":"Consume+1","floor":36},{"not_picked":["Panic Button+1","Static Discharge+1","Creative AI+1"],"picked":"SKIP","floor":37},{"not_picked":["Skim+1","Cold Snap+1"],"picked":"Hello World+1","floor":40},{"not_picked":["Reprogram","Barrage+1"],"picked":"Blizzard","floor":41},{"not_picked":["Reinforced Body","Darkness+1"],"picked":"Tempest+1","floor":44},{"not_picked":["Steam+1","ReplayTheSpireMod:Reroute Power+1"],"picked":"Barrage","floor":47},{"not_picked":["Core Surge","Skim"],"picked":"Capacitor+1","floor":48}],"player_experience":1214735,"relics_obtained":[{"floor":6.0,"key":"Symbiotic Virus"},{"floor":9.0,"key":"PreservedInsect"},{"floor":12.0,"key":"Old Coin"},{"floor":23,"key":"Frozen Egg 2"},{"floor":26,"key":"Regal Pillow"},{"floor":31,"key":"Toy Ornithopter"},{"floor":36,"key":"Torii"},{"floor":40,"key":"Blood Vial"},{"floor":41,"key":"Mango"},{"floor":42,"key":"Ring of Peace"},{"floor":42,"key":"ReplayTheSpireMod:Ring of Exchange"},{"floor":43,"key":"Shuriken"},{"floor":44,"key":"Ginger"},{"floor":46,"key":"Emotion Chip"},{"floor":47,"key":"FossilizedHelix"}],"event_choices":[{"cards_removed":["Coolheaded"],"damage_healed":0.0,"max_hp_gain":0.0,"max_hp_loss":0.0,"gold_gain":0.0,"event_name":"The Cleric","player_choice":"Card Removal","floor":2.0,"gold_loss":50.0,"damage_taken":0.0},{"cards_removed":["Coolheaded"],"damage_healed":0.0,"max_hp_gain":0.0,"max_hp_loss":0.0,"gold_gain":0.0,"event_name":"Purifier","player_choice":"Purged","floor":3.0,"gold_loss":0.0,"damage_taken":0.0},{"damage_healed":0.0,"max_hp_gain":0.0,"max_hp_loss":0.0,"gold_gain":75.0,"event_name":"World of Goop","player_choice":"Gather Gold","floor":5.0,"gold_loss":0.0,"damage_taken":11.0},{"damage_healed":0.0,"max_hp_gain":0.0,"max_hp_loss":0.0,"gold_gain":0.0,"event_name":"Dead Adventurer","player_choice":"Searched \u00272\u0027 times","floor":12.0,"gold_loss":0.0,"damage_taken":0.0},{"damage_healed":0,"gold_gain":0,"player_choice":"Traded Relic","damage_taken":0,"relics_obtained":["Nloth\u0027s Gift"],"max_hp_gain":0,"max_hp_loss":0,"event_name":"N\u0027loth","floor":21,"relics_lost":["Old Coin"],"gold_loss":0},{"damage_healed":19,"gold_gain":0,"player_choice":"Writhe","damage_taken":0,"max_hp_gain":0,"max_hp_loss":0,"event_name":"Winding Halls","floor":38,"gold_loss":0,"cards_obtained":["Writhe"]},{"cards_removed":["Crystallizer"],"damage_healed":0,"gold_gain":0,"player_choice":"Removed Power","damage_taken":0,"max_hp_gain":0,"max_hp_loss":0,"event_name":"Falling","floor":39,"gold_loss":0},{"damage_healed":0,"gold_gain":0,"player_choice":"Fight","damage_taken":0,"max_hp_gain":0,"max_hp_loss":0,"event_name":"Mysterious Sphere","floor":41,"gold_loss":0},{"damage_healed":0,"gold_gain":0,"player_choice":"Fight","damage_taken":0,"max_hp_gain":0,"max_hp_loss":0,"event_name":"MindBloom","floor":46,"gold_loss":0}],"is_beta":false,"boss_relics":[{"not_picked":["Cursed Key","Sozu"],"picked":"SlaversCollar"},{"not_picked":["Runic Pyramid","SacredBark"],"picked":"Inserter"}],"items_purged_floors":[],"is_endless":false,"potions_floor_spawned":[1,10,16,18,19,24,30,33,40,41,47,48],"ascension_level":0}}