{"host":"m6aaltr68g9tvoay","time":1608078801,"event":{"mods":["AchievementEnabler","BaseMod","Colored Map","Minty Spire (QoL Compilation)","StSLib"],"gold_per_floor":[119,131,131,431,441,441,455,483,561,573,573,584,584,598,598,672,672,682,694,175,175,186,186,186,201,227,237,237,251,251,266,266,266,266],"floor_reached":33,"playtime":1410,"items_purged":["Pain"],"score":532,"play_id":"e6e6a3af-4d65-4670-a492-adea9fafecbb","local_time":"20201215163321","is_ascension_mode":true,"campfire_choices":[{"floor":6,"key":"REST"},{"data":"Choke","floor":13,"key":"SMITH"},{"data":"Leg Sweep","floor":15,"key":"SMITH"},{"floor":24,"key":"REST"},{"floor":28,"key":"REST"},{"floor":32,"key":"REST"}],"circlet_count":0,"master_deck":["AscendersBane","Strike_G","Strike_G","Strike_G","Strike_G","Strike_G","Defend_G","Defend_G","Defend_G","Defend_G","Defend_G","Survivor","Neutralize","Blade Dance","Bouncing Flask+1","Choke+1","Leg Sweep+1","PiercingWail","PiercingWail","Bane","Crippling Poison","Envenom","Backstab","Accuracy+1","Dark Shackles","Malaise","Flying Knee","Dagger Spray","Escape Plan+1"],"relics":["Ring of the Snake","FossilizedHelix","Old Coin","Centennial Puzzle","Ninja Scroll","WarpedTongs","Busted Crown","Membership Card","Art of War","Ancient Tea Set"],"acts_visited":["Exordium","TheCity"],"potions_floor_usage":[7,12,16,22,23,33,33],"damage_taken":[{"damage":0,"enemies":"Small Slimes","floor":1,"turns":4},{"damage":0,"enemies":"2 Louse","floor":2,"turns":3},{"damage":0,"enemies":"Cultist","floor":5,"turns":3},{"damage":0,"enemies":"3 Louse","floor":7,"turns":2},{"damage":18,"enemies":"3 Sentries","floor":8,"turns":11},{"damage":0,"enemies":"Gremlin Gang","floor":10,"turns":5},{"damage":0,"enemies":"Large Slime","floor":12,"turns":4},{"damage":0,"enemies":"3 Louse","floor":14,"turns":2},{"damage":18,"enemies":"Hexaghost","floor":16,"turns":9},{"damage":15,"enemies":"2 Thieves","floor":18,"turns":4},{"damage":21,"enemies":"Shell Parasite","floor":19,"turns":5},{"damage":0,"enemies":"Shelled Parasite and Fungi","floor":22,"turns":5},{"damage":10,"enemies":"Gremlin Leader","floor":23,"turns":5},{"damage":0,"enemies":"Snake Plant","floor":25,"turns":5},{"damage":0,"enemies":"Chosen and Byrds","floor":27,"turns":4},{"damage":8,"enemies":"Shelled Parasite and Fungi","floor":29,"turns":4},{"damage":6,"enemies":"Snecko","floor":31,"turns":4},{"damage":59,"enemies":"Collector","floor":33,"turns":5}],"seed_played":"4873233350012995438","potions_obtained":[{"floor":5,"key":"Block Potion"},{"floor":8,"key":"GhostInAJar"},{"floor":10,"key":"Fire Potion"},{"floor":12,"key":"Dexterity Potion"},{"floor":25,"key":"Swift Potion"},{"floor":27,"key":"Block Potion"}],"is_trial":false,"path_per_floor":["M","M","?","?","M","R","M","E","T","M","?","M","R","M","R","B",null,"M","M","$","?","M","E","R","M","T","M","R","M","?","M","R","B"],"character_chosen":"THE_SILENT","items_purchased":["Membership Card","SmokeBomb","Backstab","Accuracy","Art of War","Dark Shackles","Malaise"],"campfire_rested":4,"item_purchase_floors":[20,20,20,20,20,20,20],"current_hp_per_floor":[59,59,59,48,48,60,60,42,42,42,42,42,42,42,42,24,51,36,15,15,15,15,5,23,23,23,23,41,33,33,27,45,0,0],"gold":266,"neow_bonus":"ONE_RARE_RELIC","is_daily":false,"chose_seed":false,"campfire_upgraded":2,"win_rate":0.0,"timestamp":1608078801,"path_taken":["M","M","?","?","M","R","M","E","T","M","?","?","R","M","R","BOSS","M","M","$","?","M","E","R","?","T","M","R","M","?","M","R","BOSS"],"items_purchased_type":["Relic","Potion","Card","Card","Relic","Card","Card"],"build_version":"2020-12-13","purchased_purges":1,"victory":false,"max_hp_per_floor":[60,60,60,60,60,60,60,60,60,60,60,60,60,60,60,60,60,60,60,60,60,60,60,60,60,60,60,60,60,60,60,60,60,60],"card_choices":[{"not_picked":["Flechettes","Acrobatics"],"picked":"Blade Dance","floor":1},{"not_picked":["Bane","Deadly Poison"],"picked":"Bouncing Flask","floor":2},{"not_picked":["Grand Finale","Reflex"],"picked":"Choke","floor":5},{"not_picked":["Crippling Poison","Slice"],"picked":"Leg Sweep","floor":7},{"not_picked":["All Out Attack","Blur"],"picked":"PiercingWail","floor":8},{"not_picked":["Slice","Sucker Punch"],"picked":"PiercingWail","floor":10},{"not_picked":["Prepared","Poisoned Stab"],"picked":"Bane","floor":12},{"not_picked":["Underhanded Strike","Masterful Stab"],"picked":"Crippling Poison","floor":14},{"not_picked":["Tools of the Trade","Malaise"],"picked":"Envenom","floor":16},{"not_picked":["Quick Slash"],"picked":"SKIP","floor":18},{"not_picked":["Prepared"],"picked":"SKIP","floor":19},{"not_picked":[],"picked":"Flying Knee","floor":22},{"not_picked":[],"picked":"Dagger Spray","floor":25},{"not_picked":["Dagger Spray"],"picked":"SKIP","floor":27},{"not_picked":[],"picked":"Escape Plan+1","floor":29},{"not_picked":["Blade Dance"],"picked":"SKIP","floor":31}],"player_experience":1237271,"relics_obtained":[{"floor":8,"key":"Centennial Puzzle"},{"floor":9,"key":"Ninja Scroll"},{"floor":26,"key":"Ancient Tea Set"}],"event_choices":[{"damage_healed":0,"gold_gain":0,"player_choice":"Grow","damage_taken":0,"max_hp_gain":0,"max_hp_loss":0,"event_name":"Living Wall","floor":3,"gold_loss":0,"cards_upgraded":["Bouncing Flask"]},{"damage_healed":0,"gold_gain":0,"player_choice":"Success","damage_taken":11,"relics_obtained":["Old Coin"],"max_hp_gain":0,"max_hp_loss":0,"event_name":"Scrap Ooze","floor":4,"gold_loss":0},{"damage_healed":0,"gold_gain":0,"player_choice":"Rummage","damage_taken":0,"relics_obtained":["WarpedTongs"],"max_hp_gain":0,"max_hp_loss":0,"event_name":"Accursed Blacksmith","floor":11,"gold_loss":0,"cards_obtained":["Pain"]},{"damage_healed":0,"gold_gain":0,"player_choice":"Upgraded","damage_taken":0,"max_hp_gain":0,"max_hp_loss":0,"event_name":"Upgrade Shrine","floor":21,"gold_loss":0,"cards_upgraded":["Accuracy"]},{"damage_healed":0,"gold_gain":0,"player_choice":"Ignored","damage_taken":0,"max_hp_gain":0,"max_hp_loss":0,"event_name":"Vampires","floor":30,"gold_loss":0}],"is_beta":false,"boss_relics":[{"not_picked":["Cursed Key","Runic Pyramid"],"picked":"Busted Crown"}],"items_purged_floors":[20],"is_endless":false,"potions_floor_spawned":[5,8,10,12,23,25,27],"killed_by":"Collector","ascension_level":19}}