{"host":"tbhNathan","time":1608112365,"event":{"mods":["AchievementEnabler","BaseMod","Better Third Choice","Highlight Path","Minty Spire (QoL Compilation)","StSLib","The Hierophant"],"gold_per_floor":[110,110,37,37,86,117,117,155,155,190,190,45,84,98,98,224,224,245,19,19,44,44,87,112,112,112,136,160,160,193,163,163,289,289,305,305,305,330,330,330],"floor_reached":39,"playtime":6582,"items_purged":[],"score":470,"play_id":"d74cac0d-a39d-41d2-af22-bcb8b1d76d9e","local_time":"20201216095245","is_ascension_mode":false,"campfire_choices":[{"floor":7,"key":"REST"},{"floor":11,"key":"REST"},{"floor":15,"key":"REST"},{"floor":25,"key":"REST"},{"floor":29,"key":"REST"},{"floor":32,"key":"REST"}],"circlet_count":0,"master_deck":["Strike_G","Strike_G","Strike_G","Strike_G","Strike_G","Defend_G","Defend_G","Defend_G","Defend_G","Defend_G","Survivor","Neutralize","Noxious Fumes","Regret","Terror","Blade Dance","Poisoned Stab","Outmaneuver","Corpse Explosion","Bane","Quick Slash","Die Die Die","Cloak And Dagger","Bullet Time","PiercingWail","Bouncing Flask+1","Phantasmal Killer","Catalyst","Blade Dance","Poisoned Stab","Flying Knee","Deadly Poison","Deadly Poison","Sucker Punch+1","Burst","Cloak And Dagger+1","Flying Knee+1","Flying Knee+1","Distraction"],"relics":["Ring of the Serpent","Eternal Feather","Golden Idol","PreservedInsect","Lizard Tail","Ornamental Fan","Bottled Flame","Prayer Wheel","Happy Flower","Ninja Scroll","Bag of Marbles","betterThird:NestCultRelic","The Courier","MealTicket","Letter Opener","Fusion Hammer"],"acts_visited":["Exordium","TheCity","TheBeyond"],"potions_floor_usage":[16,16,23,30,33,33,36,38,39],"damage_taken":[{"damage":0,"enemies":"2 Louse","floor":1,"turns":3},{"damage":41,"enemies":"Gremlin Nob","floor":6,"turns":5},{"damage":28,"enemies":"3 Sentries","floor":8,"turns":6},{"damage":14,"enemies":"Gremlin Nob","floor":10,"turns":3},{"damage":12,"enemies":"3 Sentries","floor":13,"turns":6},{"damage":0,"enemies":"Jaw Worm","floor":14,"turns":2},{"damage":35,"enemies":"Hexaghost","floor":16,"turns":9},{"damage":0,"enemies":"Chosen","floor":18,"turns":3},{"damage":4,"enemies":"3 Byrds","floor":21,"turns":4},{"damage":39,"enemies":"Slavers","floor":23,"turns":4},{"damage":23,"enemies":"Snake Plant","floor":24,"turns":5},{"damage":14,"enemies":"Centurion and Healer","floor":27,"turns":5},{"damage":22,"enemies":"Shelled Parasite and Fungi","floor":28,"turns":4},{"damage":40,"enemies":"Book of Stabbing","floor":30,"turns":4},{"damage":74,"enemies":"Collector","floor":33,"turns":9},{"damage":19,"enemies":"3 Shapes","floor":35,"turns":4},{"damage":3,"enemies":"3 Darklings","floor":36,"turns":2},{"damage":46,"enemies":"Spire Growth","floor":38,"turns":4},{"damage":43,"enemies":"Writhing Mass","floor":39,"turns":2}],"seed_played":"-7223301223771706260","potions_obtained":[{"floor":10,"key":"SpeedPotion"},{"floor":14,"key":"LiquidMemories"},{"floor":16,"key":"DuplicationPotion"},{"floor":18,"key":"FairyPotion"},{"floor":24,"key":"CultistPotion"},{"floor":30,"key":"ColorlessPotion"},{"floor":31,"key":"Dexterity Potion"},{"floor":31,"key":"SmokeBomb"},{"floor":33,"key":"Regen Potion"},{"floor":38,"key":"Swift Potion"}],"is_trial":false,"path_per_floor":["M","?","$","?","T","E","R","E","T","E","R","$","E","M","R","B",null,"M","$","?","M","?","E","M","R","T","M","M","R","E","?","R","B",null,"M","M","?","M","M"],"character_chosen":"THE_SILENT","items_purchased":["Terror","Happy Flower","Bag of Marbles","Bullet Time"],"campfire_rested":6,"item_purchase_floors":[3,12,19,19],"current_hp_per_floor":[77,77,77,58,58,17,49,21,21,7,39,39,27,27,62,27,77,77,77,77,73,59,20,24,63,63,49,27,69,29,29,71,41,82,63,60,60,23,0,0],"gold":330,"neow_bonus":"TEN_PERCENT_HP_BONUS","is_daily":false,"chose_seed":false,"campfire_upgraded":0,"win_rate":0.0,"timestamp":1608112365,"path_taken":["M","?","$","?","?","E","R","E","T","E","R","?","E","M","R","BOSS","M","$","?","M","?","E","M","R","T","M","M","R","E","?","R","BOSS","M","?","?","M","M"],"items_purchased_type":["Card","Relic","Relic","Card"],"build_version":"2020-12-07","purchased_purges":0,"victory":false,"max_hp_per_floor":[77,77,77,77,77,77,77,77,77,77,77,77,77,77,77,77,77,77,77,77,77,82,82,82,82,82,82,82,82,82,82,82,82,82,82,82,82,82,82,82],"card_choices":[{"not_picked":["Slice","Calculated Gamble"],"picked":"Noxious Fumes","floor":1},{"not_picked":["Slice","Flechettes"],"picked":"Blade Dance","floor":6},{"not_picked":["Quick Slash","Reflex"],"picked":"Poisoned Stab","floor":8},{"not_picked":["Quick Slash","Dagger Spray"],"picked":"Outmaneuver","floor":10},{"not_picked":["Corpse Explosion","Skewer","All Out Attack"],"picked":"SKIP","floor":13},{"not_picked":["Skewer","All Out Attack"],"picked":"Corpse Explosion","floor":13},{"not_picked":["Backflip","Dodge and Roll"],"picked":"Bane","floor":14},{"not_picked":["Underhanded Strike","Envenom"],"picked":"Quick Slash","floor":14},{"not_picked":["Doppelganger","Venomology"],"picked":"Die Die Die","floor":16},{"not_picked":["Bane","Eviscerate"],"picked":"Cloak And Dagger","floor":18},{"not_picked":["Blade Dance","Slice","Footwork+1"],"picked":"SKIP","floor":18},{"not_picked":["Caltrops","Dodge and Roll"],"picked":"PiercingWail","floor":21},{"not_picked":["Dagger Throw+1","Sucker Punch+1"],"picked":"Bouncing Flask+1","floor":21},{"not_picked":["Blade Dance","Underhanded Strike"],"picked":"Phantasmal Killer","floor":23},{"not_picked":["Backflip","PiercingWail"],"picked":"Catalyst","floor":24},{"not_picked":["Cloak And Dagger","Dagger Spray"],"picked":"Blade Dance","floor":24},{"not_picked":["Masterful Stab","Leg Sweep"],"picked":"Poisoned Stab","floor":27},{"not_picked":["Eviscerate","Dagger Spray"],"picked":"Flying Knee","floor":27},{"not_picked":["Finisher","After Image"],"picked":"Deadly Poison","floor":28},{"not_picked":["Skewer","Escape Plan"],"picked":"Deadly Poison","floor":28},{"not_picked":["Accuracy","Setup+1"],"picked":"Sucker Punch+1","floor":30},{"not_picked":["Envenom","Doppelganger"],"picked":"Burst","floor":33},{"not_picked":["Choke","Quick Slash"],"picked":"Cloak And Dagger+1","floor":35},{"not_picked":["Cloak And Dagger+1","Infinite Blades"],"picked":"Flying Knee+1","floor":35},{"not_picked":["Cloak And Dagger","Bane+1"],"picked":"Flying Knee+1","floor":38},{"not_picked":["Heel Hook","Slice"],"picked":"Distraction","floor":38}],"player_experience":164374,"relics_obtained":[{"floor":5,"key":"PreservedInsect"},{"floor":6,"key":"Lizard Tail"},{"floor":8,"key":"Ornamental Fan"},{"floor":9,"key":"Bottled Flame"},{"floor":10,"key":"Prayer Wheel"},{"floor":13,"key":"Ninja Scroll"},{"floor":23,"key":"The Courier"},{"floor":26,"key":"MealTicket"},{"floor":30,"key":"Letter Opener"}],"event_choices":[{"damage_healed":0,"gold_gain":0,"player_choice":"Box","damage_taken":0,"relics_obtained":["Eternal Feather"],"max_hp_gain":0,"max_hp_loss":0,"event_name":"Big Fish","floor":2,"gold_loss":0,"cards_obtained":["Regret"]},{"damage_healed":0,"gold_gain":0,"player_choice":"Take Damage","damage_taken":19,"relics_obtained":["Golden Idol"],"max_hp_gain":0,"max_hp_loss":0,"event_name":"Golden Idol","floor":4,"gold_loss":0},{"damage_healed":0,"gold_gain":0,"player_choice":"Madness","damage_taken":0,"relics_obtained":["betterThird:NestCultRelic"],"max_hp_gain":0,"max_hp_loss":0,"event_name":"betterThird:BetterNest","floor":20,"gold_loss":0},{"damage_healed":0,"gold_gain":0,"player_choice":"Shed Blood","damage_taken":19,"max_hp_gain":5,"max_hp_loss":0,"event_name":"Forgotten Altar","floor":22,"gold_loss":0},{"damage_healed":0,"gold_gain":0,"player_choice":"Bought 2 Potions","damage_taken":0,"max_hp_gain":0,"max_hp_loss":0,"event_name":"The Woman in Blue","floor":31,"gold_loss":0},{"damage_healed":0,"gold_gain":0,"player_choice":"Ignored","damage_taken":0,"max_hp_gain":0,"max_hp_loss":0,"event_name":"Tomb of Lord Red Mask","floor":37,"gold_loss":0}],"is_beta":true,"boss_relics":[{"not_picked":["Tiny House","Philosopher\u0027s Stone"],"picked":"Ring of the Serpent"},{"not_picked":["HoveringKite","WristBlade"],"picked":"Fusion Hammer"}],"items_purged_floors":[],"is_endless":false,"potions_floor_spawned":[10,14,16,18,24,30,33,38],"killed_by":"Writhing Mass","ascension_level":0}}