{"host":"85dtmvttrcbdj5h5","time":1608153875,"event":{"mods":["AchievementEnabler","BaseMod","Bestiary","Colored Map","Colored Powertips","Filter the Spire","Minty Spire (QoL Compilation)","RNG Fix","Relic Stats"],"gold_per_floor":[109,109,109,127,6,6,40,53,53,72,96,96,140,165,165,285,285,303,318,318,339,339,370,370,390,390,400,428,447,4,15,15,118,118,132,142,160,160,210,210,242,44,44,44,64,64,74,100,100,100,100,100,1,28,28],"floor_reached":56,"playtime":9591,"items_purged":["Strike_G","Strike_G","Normality"],"score":1311,"play_id":"9b4794a2-746f-44e9-beb0-8880dd0ddcea","local_time":"20201216162435","is_ascension_mode":false,"campfire_choices":[{"data":"Neutralize","floor":6.0,"key":"SMITH"},{"data":"Dash","floor":12.0,"key":"SMITH"},{"data":"PiercingWail","floor":15.0,"key":"SMITH"},{"floor":24,"key":"REST"},{"data":"Tools of the Trade","floor":32,"key":"SMITH"},{"data":"Adrenaline","floor":40,"key":"SMITH"},{"floor":44,"key":"RECALL"},{"data":"Malaise","floor":46,"key":"SMITH"},{"data":"Blade Dance","floor":49,"key":"SMITH"},{"data":"PiercingWail","floor":52,"key":"SMITH"}],"circlet_count":0,"master_deck":["Strike_G","Defend_G","Defend_G","Defend_G","Defend_G","Survivor","Neutralize+1","Impatience","Masterful Stab","All Out Attack","Flying Knee","Infinite Blades","Quick Slash","Dash+1","Blade Dance+1","PiercingWail+1","Riddle With Holes+1","Corpse Explosion","PiercingWail+1","J.A.X.","Slice+1","Terror+1","Sucker Punch+1","Heel Hook+1","Tools of the Trade+1","Heel Hook+1","Dagger Spray+1","Backflip+1","Sucker Punch+1","Finisher+1","Adrenaline+1","Outmaneuver+1","Dash+1","Unload+1","Backstab+1","Leg Sweep+1","Calculated Gamble+1","Well Laid Plans+1","Malaise+1","Pain","Backflip","Prepared+1"],"relics":["Ring of the Snake","Bloody Idol","Du-Vu Doll","Paper Crane","Molten Egg 2","Cursed Key","Shuriken","Prayer Wheel","InkBottle","Blood Vial","Toolbox","Astrolabe","FossilizedHelix","Mercury Hourglass","Dream Catcher","Bag of Preparation"],"acts_visited":["Exordium","TheCity","TheBeyond","TheEnding"],"potions_floor_usage":[16,16,25,31,33,35,37,41,50,50,55,55],"damage_taken":[{"damage":0.0,"enemies":"2 Louse","floor":1.0,"turns":5.0},{"damage":0.0,"enemies":"Small Slimes","floor":4.0,"turns":3.0},{"damage":10.0,"enemies":"Gremlin Nob","floor":7.0,"turns":4.0},{"damage":0.0,"enemies":"Cultist","floor":8.0,"turns":3.0},{"damage":0.0,"enemies":"Red Slaver","floor":10.0,"turns":2.0},{"damage":0.0,"enemies":"3 Louse","floor":11.0,"turns":3.0},{"damage":0.0,"enemies":"3 Sentries","floor":13.0,"turns":7.0},{"damage":0.0,"enemies":"Looter","floor":14.0,"turns":3.0},{"damage":2,"enemies":"Hexaghost","floor":16,"turns":7},{"damage":15,"enemies":"2 Thieves","floor":18,"turns":3},{"damage":5,"enemies":"3 Byrds","floor":19,"turns":3},{"damage":3,"enemies":"Centurion and Healer","floor":21,"turns":5},{"damage":28,"enemies":"Gremlin Leader","floor":23,"turns":6},{"damage":4,"enemies":"Snecko","floor":25,"turns":4},{"damage":8,"enemies":"3 Cultists","floor":27,"turns":3},{"damage":1,"enemies":"Book of Stabbing","floor":28,"turns":4},{"damage":1,"enemies":"Cultist and Chosen","floor":29,"turns":3},{"damage":4,"enemies":"Snake Plant","floor":31,"turns":4},{"damage":8,"enemies":"Automaton","floor":33,"turns":5},{"damage":2,"enemies":"Orb Walker","floor":35,"turns":3},{"damage":0,"enemies":"3 Shapes","floor":36,"turns":3},{"damage":0,"enemies":"Maw","floor":37,"turns":4},{"damage":3,"enemies":"Mind Bloom Boss Battle","floor":39,"turns":4},{"damage":0,"enemies":"Reptomancer","floor":41,"turns":2},{"damage":0,"enemies":"4 Shapes","floor":45,"turns":4},{"damage":3,"enemies":"Transient","floor":47,"turns":5},{"damage":0,"enemies":"Giant Head","floor":48,"turns":4},{"damage":39,"enemies":"Donu and Deca","floor":50,"turns":3},{"damage":4,"enemies":"Shield and Spear","floor":54,"turns":2},{"damage":60,"enemies":"The Heart","floor":55,"turns":8}],"seed_played":"-730830792133329145","potions_obtained":[{"floor":1.0,"key":"EssenceOfSteel"},{"floor":4.0,"key":"PowerPotion"},{"floor":10.0,"key":"EntropicBrew"},{"floor":13.0,"key":"CultistPotion"},{"floor":23,"key":"Weak Potion"},{"floor":25,"key":"SneckoOil"},{"floor":28,"key":"Explosive Potion"},{"floor":31,"key":"Weak Potion"},{"floor":33,"key":"SteroidPotion"},{"floor":35,"key":"Swift Potion"},{"floor":39,"key":"FearPotion"},{"floor":45,"key":"Explosive Potion"}],"is_trial":false,"path_per_floor":["M","?","?","M","$","R","E","M","T","M","M","R","E","M","R","B",null,"M","M","?","M","?","E","R","M","T","M","E","M","$","M","R","B",null,"M","M","M","?","?","R","E","$","T","R","M","R","M","E","R","B",null,"R","$","E","B",null],"character_chosen":"THE_SILENT","items_purchased":["Flying Knee","Blood Vial","Toolbox","Block Potion","Malaise","Strength Potion","Backflip"],"campfire_rested":1,"item_purchase_floors":[5,30,30,30,42,53,53],"current_hp_per_floor":[70,70,53,53,53,53,43,43,43,43,43,43,43,43,43,41,70,55,50,50,47,47,24,45,46,46,43,47,51,51,54,54,53,70,70,70,70,70,70,70,70,70,70,70,70,70,70,70,70,31,70,70,70,70,10],"gold":28,"neow_bonus":"RANDOM_COLORLESS","is_daily":false,"chose_seed":false,"campfire_upgraded":8,"win_rate":0.0,"timestamp":1608153875,"path_taken":["M","?","?","?","$","R","E","M","T","M","M","R","E","M","R","BOSS","M","M","?","M","?","E","R","M","T","M","E","M","$","M","R","BOSS","M","M","M","?","?","R","E","$","T","R","?","R","?","E","R","BOSS","R","$","E","BOSS"],"items_purchased_type":["Card","Relic","Relic","Potion","Card","Potion","Card"],"build_version":"2020-12-13","purchased_purges":3,"victory":true,"max_hp_per_floor":[70,70,70,70,70,70,70,70,70,70,70,70,70,70,70,70,70,70,70,70,70,70,70,70,70,70,70,70,70,70,70,70,70,70,70,70,70,70,70,70,70,70,70,70,70,70,70,70,70,70,70,70,70,70,70],"relic_stats":{"counters":[30,119],"Astrolabe":["Outmaneuver","Dash","Unload"],"Bag of Preparation":[2],"Cursed Key":2,"Mercury Hourglass":[102],"Blood Vial":4,"Dream Catcher":0,"Shuriken":[54],"Bloody Idol":47,"Prayer Wheel":8,"obtain_stats":[{"Golden Idol":3,"Astrolabe":34,"Bag of Preparation":54,"Paper Crane":9,"Cursed Key":17,"Mercury Hourglass":41,"Du-Vu Doll":7,"Blood Vial":30,"Dream Catcher":48,"Shuriken":23,"Bloody Idol":22,"Toolbox":30,"Molten Egg 2":13,"Prayer Wheel":26,"InkBottle":28,"FossilizedHelix":39,"Ring of the Snake":0},{"Golden Idol":1,"Astrolabe":19,"Bag of Preparation":29,"Paper Crane":4,"Cursed Key":9,"Mercury Hourglass":24,"Du-Vu Doll":3,"Blood Vial":17,"Dream Catcher":27,"Shuriken":13,"Bloody Idol":12,"Toolbox":17,"Molten Egg 2":7,"Prayer Wheel":14,"InkBottle":16,"FossilizedHelix":23,"Ring of the Snake":0},{"Golden Idol":5,"Astrolabe":77,"Bag of Preparation":111,"Paper Crane":15,"Cursed Key":37,"Mercury Hourglass":93,"Du-Vu Doll":12,"Blood Vial":68,"Dream Catcher":106,"Shuriken":54,"Bloody Idol":48,"Toolbox":68,"Molten Egg 2":27,"Prayer Wheel":58,"InkBottle":65,"FossilizedHelix":91,"Ring of the Snake":0}],"InkBottle":[33],"Ring of the Snake":[60]},"card_choices":[{"not_picked":["Purity","Mind Blast"],"picked":"Impatience","floor":0.0},{"not_picked":["Acrobatics","Blur"],"picked":"Masterful Stab","floor":1.0},{"not_picked":["Flying Knee","Escape Plan"],"picked":"All Out Attack","floor":4.0},{"not_picked":["Bane","Reflex"],"picked":"Infinite Blades","floor":7.0},{"not_picked":["Deadly Poison","Reflex"],"picked":"Quick Slash","floor":8.0},{"not_picked":["Poisoned Stab","Flechettes"],"picked":"Dash","floor":10.0},{"not_picked":["Backstab","Deflect"],"picked":"Blade Dance","floor":11.0},{"not_picked":["Deflect","All Out Attack+1"],"picked":"PiercingWail","floor":13.0},{"not_picked":["Eviscerate+1","Bane+1"],"picked":"Riddle With Holes+1","floor":14.0},{"not_picked":["Tools of the Trade","Wraith Form v2"],"picked":"Corpse Explosion","floor":16},{"not_picked":["Acrobatics","Bouncing Flask"],"picked":"Dodge and Roll","floor":18},{"not_picked":["Backstab+1","Flying Knee+1"],"picked":"PiercingWail","floor":19},{"not_picked":["Flying Knee+1","PiercingWail"],"picked":"Slice+1","floor":21},{"not_picked":["Eviscerate+1","Deadly Poison"],"picked":"Terror+1","floor":23},{"not_picked":["Slice+1","Bane+1"],"picked":"Sucker Punch+1","floor":25},{"not_picked":["Blade Dance","Riddle With Holes+1"],"picked":"Heel Hook+1","floor":27},{"not_picked":["Dodge and Roll","Prepared"],"picked":"Tools of the Trade","floor":27},{"not_picked":["Prepared","Infinite Blades"],"picked":"Heel Hook+1","floor":28},{"not_picked":["Poisoned Stab+1","Outmaneuver"],"picked":"Dagger Spray+1","floor":29},{"not_picked":["Wraith Form v2","Backflip+1","Dagger Spray+1"],"picked":"SKIP","floor":29},{"not_picked":["Wraith Form v2","Dagger Spray+1"],"picked":"Backflip+1","floor":29},{"not_picked":["Bane+1","Deadly Poison"],"picked":"Sucker Punch+1","floor":31},{"not_picked":["Terror+1","Deadly Poison"],"picked":"Finisher+1","floor":31},{"not_picked":["A Thousand Cuts","After Image"],"picked":"Adrenaline","floor":33},{"not_picked":["Crippling Poison+1","All Out Attack+1"],"picked":"Backstab+1","floor":35},{"not_picked":["Reflex","Dash+1","Dagger Spray+1"],"picked":"SKIP","floor":35},{"not_picked":["Sucker Punch+1","Caltrops+1"],"picked":"Leg Sweep+1","floor":36},{"not_picked":["Underhanded Strike+1","Deadly Poison","Sucker Punch+1"],"picked":"SKIP","floor":36},{"not_picked":["Masterful Stab+1","Slice+1"],"picked":"Calculated Gamble+1","floor":37},{"not_picked":["Deflect","Caltrops","Leg Sweep+1"],"picked":"SKIP","floor":37},{"not_picked":["Underhanded Strike+1","Outmaneuver"],"picked":"Well Laid Plans+1","floor":41},{"not_picked":["Deflect","Catalyst","Backflip"],"picked":"SKIP","floor":45},{"not_picked":["Sucker Punch+1","Deflect+1","Prepared"],"picked":"SKIP","floor":45},{"not_picked":["Backflip","Deflect+1","Prepared"],"picked":"SKIP","floor":47},{"not_picked":["Quick Slash+1","PiercingWail","Tactician"],"picked":"SKIP","floor":47},{"not_picked":["Unload+1","Caltrops","Prepared"],"picked":"SKIP","floor":48},{"not_picked":["Finisher+1","Deadly Poison"],"picked":"Prepared+1","floor":54}],"player_experience":55677,"relics_obtained":[{"floor":7.0,"key":"Du-Vu Doll"},{"floor":9.0,"key":"Paper Crane"},{"floor":13.0,"key":"Molten Egg 2"},{"floor":23,"key":"Shuriken"},{"floor":26,"key":"Prayer Wheel"},{"floor":28,"key":"InkBottle"},{"floor":39,"key":"FossilizedHelix"},{"floor":41,"key":"Mercury Hourglass"},{"floor":48,"key":"Dream Catcher"},{"floor":54,"key":"Bag of Preparation"}],"event_choices":[{"damage_healed":0.0,"max_hp_gain":0.0,"max_hp_loss":0.0,"gold_gain":0.0,"event_name":"Wheel of Change","player_choice":"Full Heal","floor":2.0,"gold_loss":0.0,"damage_taken":0.0},{"damage_healed":0.0,"max_hp_gain":0.0,"max_hp_loss":0.0,"gold_gain":0.0,"event_name":"Golden Idol","player_choice":"Take Damage","floor":3.0,"gold_loss":0.0,"damage_taken":17.0,"relics_obtained":["Golden Idol"]},{"damage_healed":0,"gold_gain":0,"player_choice":"Obtain J.A.X.","damage_taken":0,"max_hp_gain":0,"max_hp_loss":0,"event_name":"Drug Dealer","floor":20,"gold_loss":0,"cards_obtained":["J.A.X."]},{"damage_healed":0,"gold_gain":0,"player_choice":"Gave Idol","damage_taken":0,"relics_obtained":["Bloody Idol"],"max_hp_gain":0,"max_hp_loss":0,"event_name":"Forgotten Altar","floor":22,"relics_lost":["Golden Idol"],"gold_loss":0},{"cards_removed":["Dodge and Roll"],"damage_healed":0,"gold_gain":0,"player_choice":"Removed Skill","damage_taken":0,"max_hp_gain":0,"max_hp_loss":0,"event_name":"Falling","floor":38,"gold_loss":0},{"damage_healed":0,"gold_gain":0,"player_choice":"Fight","damage_taken":0,"max_hp_gain":0,"max_hp_loss":0,"event_name":"MindBloom","floor":39,"gold_loss":0}],"is_beta":false,"boss_relics":[{"not_picked":["SacredBark","Tiny House"],"picked":"Cursed Key"},{"not_picked":["Philosopher\u0027s Stone","Velvet Choker"],"picked":"Astrolabe"}],"items_purged_floors":[5,30,42],"is_endless":false,"potions_floor_spawned":[1,4,10,13,23,25,28,31,33,35,39,45,48],"ascension_level":0}}