{"host":"vpa65ctvwhttzxlr","time":1608160868,"event":{"mods":["BaseMod","GifTheSpireLib","Minty Spire (QoL Compilation)","StSLib","The Hierophant","everything is the same but u backflip on backflip"],"gold_per_floor":[116,191,208,137,137,137,312,371,396,436,436,486,534,393,393,361,361],"floor_reached":16,"playtime":597,"items_purged":[],"score":150,"play_id":"7668c2a3-d2b6-4d56-bd15-2146421a9bd4","local_time":"20201216172108","is_ascension_mode":false,"campfire_choices":[{"floor":6,"key":"RECALL"},{"data":"hierophant:RustyCrate","floor":11,"key":"SMITH"},{"data":"hierophant:CursedGold","floor":15,"key":"SMITH"}],"circlet_count":0,"master_deck":["hierophant:Strike_Hierophant","hierophant:Strike_Hierophant","hierophant:Strike_Hierophant","hierophant:Punish","hierophant:Defend_Hierophant","hierophant:Defend_Hierophant","hierophant:Defend_Hierophant","hierophant:Defend_Hierophant","hierophant:ChurchCoffers","hierophant:OrnateBuckler","hierophant:MintersHammer","hierophant:RustyCrate+1","hierophant:Doubloon+1","hierophant:Doubloon+1","hierophant:HammerAndAnvil","Doubt","hierophant:Bribe","hierophant:PassingBell","hierophant:DisplayOfPower","hierophant:CursedGold+1","hierophant:Doubloon","hierophant:Doubloon","hierophant:OrnateBuckler","hierophant:Doubloon","hierophant:Dazzle","hierophant:Zeal","hierophant:RustyCrate","hierophant:Doubloon","hierophant:Doubloon"],"relics":["hierophant:PropheticMaskRelic","NeowsBlessing","The Courier","Orrery"],"acts_visited":["Exordium"],"potions_floor_usage":[4,16],"damage_taken":[{"damage":0,"enemies":"Small Slimes","floor":1,"turns":1},{"damage":0,"enemies":"Cultist","floor":3,"turns":1},{"damage":0,"enemies":"Gremlin Nob","floor":8,"turns":1},{"damage":0,"enemies":"2 Louse","floor":10,"turns":2},{"damage":11,"enemies":"Blue Slaver","floor":12,"turns":6},{"damage":0,"enemies":"Gremlin Gang","floor":13,"turns":1},{"damage":61,"enemies":"The Guardian","floor":16,"turns":8}],"seed_played":"-5092068198234414917","potions_obtained":[{"floor":3,"key":"Fruit Juice"},{"floor":12,"key":"Energy Potion"}],"is_trial":false,"path_per_floor":["M","?","M","$","?","R","?","E","T","M","R","M","M","$","R","B"],"character_chosen":"HIEROPHANT","items_purchased":["hierophant:RustyCrate","hierophant:HammerAndAnvil","hierophant:CursedGold","Orrery"],"campfire_rested":0,"item_purchase_floors":[4,4,14,14],"current_hp_per_floor":[75,68,68,73,66,66,66,66,66,66,66,55,55,55,55,0,0],"gold":361,"neow_bonus":"THREE_ENEMY_KILL","is_daily":false,"chose_seed":false,"campfire_upgraded":2,"win_rate":0.0,"timestamp":1608160868,"path_taken":["M","?","?","?","?","R","?","E","T","M","R","M","M","$","R","BOSS"],"items_purchased_type":["Card","Card","Card","Relic"],"build_version":"2020-12-13","purchased_purges":0,"victory":false,"max_hp_per_floor":[75,75,75,80,80,80,80,80,80,80,80,80,80,80,80,80,80],"card_choices":[{"not_picked":["hierophant:Smite","hierophant:Rebuild"],"picked":"hierophant:OrnateBuckler","floor":1},{"not_picked":["hierophant:Rebuild","hierophant:Shelter"],"picked":"hierophant:MintersHammer","floor":3},{"not_picked":["hierophant:PristineSoul","hierophant:SolarFlare"],"picked":"hierophant:Bribe","floor":8},{"not_picked":["hierophant:TollTheBells","hierophant:Sermon"],"picked":"hierophant:PassingBell","floor":10},{"not_picked":["hierophant:SolarFlare","hierophant:Charity","hierophant:Prophecy"],"picked":"SKIP","floor":12},{"not_picked":["hierophant:RepressedViolence","hierophant:SealAway"],"picked":"hierophant:DisplayOfPower","floor":13},{"not_picked":["hierophant:FlamingChariot","hierophant:Prophecy"],"picked":"hierophant:Doubloon","floor":14},{"not_picked":["hierophant:Remorse","hierophant:ArchangelShield"],"picked":"hierophant:OrnateBuckler","floor":14},{"not_picked":["hierophant:Refuge","hierophant:HammerAndAnvil"],"picked":"hierophant:Dazzle","floor":14},{"not_picked":["hierophant:Remorse","hierophant:Encroach"],"picked":"hierophant:Zeal","floor":14},{"not_picked":["hierophant:MintersHammer","hierophant:Rebuild"],"picked":"hierophant:RustyCrate","floor":14}],"player_experience":272957,"relics_obtained":[{"floor":8,"key":"The Courier"}],"event_choices":[{"damage_healed":0,"gold_gain":75,"player_choice":"Touch","damage_taken":7,"max_hp_gain":0,"max_hp_loss":0,"event_name":"FaceTrader","floor":2,"gold_loss":0},{"cards_removed":["hierophant:Strike_Hierophant"],"damage_healed":0,"gold_gain":0,"player_choice":"Card Removal","damage_taken":7,"max_hp_gain":0,"max_hp_loss":0,"event_name":"Golden Wing","floor":5,"gold_loss":0},{"damage_healed":0,"gold_gain":175,"player_choice":"AGREE","damage_taken":0,"max_hp_gain":0,"max_hp_loss":0,"event_name":"Liars Game","floor":7,"gold_loss":0,"cards_obtained":["Doubt"]}],"is_beta":false,"boss_relics":[],"items_purged_floors":[],"is_endless":false,"potions_floor_spawned":[3,12],"killed_by":"The Guardian","ascension_level":0}}