{"host":"u8v3smlhv612t412","time":1608139488,"event":{"mods":["BaseMod","Better Altar","Better Match","Better Note","Better Skull","Better Third Choice","BetterRewards","Colored Powertips","DeckTracker","Minty Spire (QoL Compilation)","Quick Restart","Rare Cards Sparkle","Relic Stats","Spicy Shops","StSLib","slay the spire mod where everything is the same but ironclad has a cowboy hat"],"gold_per_floor":[124,124,144,156,237,265,309,221,221,221,241,260,260,284,284,393,393,412,160,183,183,203,203,223,252,327,369,25,25,59,158,158,264,264,281,294,310,319,319,319],"floor_reached":39,"playtime":1702,"items_purged":["Defend_P","Strike_P"],"score":465,"play_id":"6507ddee-ebf2-4ce7-ba02-46aa656ad50d","local_time":"20201216122448","is_ascension_mode":true,"campfire_choices":[{"data":"ClearTheMind","floor":10.0,"key":"SMITH"},{"data":"Crescendo","floor":13.0,"key":"SMITH"},{"data":"Eruption","floor":15.0,"key":"SMITH"},{"data":"Establishment","floor":23.0,"key":"SMITH"},{"data":"Panache","floor":29.0,"key":"SMITH"},{"floor":32.0,"key":"REST"}],"circlet_count":0,"master_deck":["Strike_P","Strike_P","Strike_P","Defend_P","Defend_P","Defend_P","Eruption+1","Vigilance","MentalFortress","ReachHeaven","ClearTheMind+1","FlurryOfBlows","Crescendo+1","Indignation","Evaluate+1","SandsOfTime","CrushJoints","Tantrum","Halt","CarveReality","Establishment+1","BowlingBash+1","Protect+1","EmptyMind","Consecrate","InnerPeace","Panache+1","FlyingSleeves","MasterReality","ReachHeaven"],"relics":["PureWater","CeramicFish","Torii","TeardropLocket","Blue Candle","Bottled Flame","Letter Opener","VioletLotus","Omamori","Art of War","Ginger","InkBottle","War Paint","Sundial","SacredBark"],"acts_visited":["Exordium","TheCity","TheBeyond"],"potions_floor_usage":[39,39,39],"damage_taken":[{"damage":0.0,"enemies":"2 Louse","floor":1.0,"turns":2.0},{"damage":0.0,"enemies":"Cultist","floor":3.0,"turns":3.0},{"damage":0.0,"enemies":"Small Slimes","floor":4.0,"turns":2.0},{"damage":0.0,"enemies":"3 Louse","floor":6.0,"turns":4.0},{"damage":11.0,"enemies":"Lagavulin","floor":7.0,"turns":4.0},{"damage":0.0,"enemies":"2 Fungi Beasts","floor":11.0,"turns":2.0},{"damage":0.0,"enemies":"Red Slaver","floor":12.0,"turns":2.0},{"damage":12.0,"enemies":"3 Louse","floor":14.0,"turns":3.0},{"damage":1.0,"enemies":"The Guardian","floor":16.0,"turns":5.0},{"damage":1.0,"enemies":"2 Thieves","floor":18.0,"turns":3.0},{"damage":1.0,"enemies":"Chosen","floor":20.0,"turns":3.0},{"damage":10.0,"enemies":"3 Cultists","floor":22.0,"turns":4.0},{"damage":3.0,"enemies":"Cultist and Chosen","floor":24.0,"turns":5.0},{"damage":25.0,"enemies":"Book of Stabbing","floor":25.0,"turns":5.0},{"damage":35.0,"enemies":"Slavers","floor":27.0,"turns":4.0},{"damage":13.0,"enemies":"Book of Stabbing","floor":30.0,"turns":4.0},{"damage":19.0,"enemies":"Collector","floor":33.0,"turns":5.0},{"damage":18.0,"enemies":"3 Shapes","floor":35.0,"turns":3.0},{"damage":21.0,"enemies":"3 Darklings","floor":36.0,"turns":3.0},{"damage":14.0,"enemies":"Jaw Worm Horde","floor":37.0,"turns":4.0},{"damage":38,"enemies":"Writhing Mass","floor":39,"turns":3}],"seed_played":"-2490104605899834736","potions_obtained":[{"floor":3.0,"key":"Ancient Potion"},{"floor":6.0,"key":"FairyPotion"},{"floor":12.0,"key":"BlessingOfTheForge"},{"floor":16.0,"key":"Fire Potion"},{"floor":18.0,"key":"BlessingOfTheForge"},{"floor":25.0,"key":"BottledMiracle"},{"floor":30.0,"key":"SteroidPotion"},{"floor":36.0,"key":"Block Potion"},{"floor":37.0,"key":"SpeedPotion"}],"is_trial":false,"path_per_floor":["M","?","M","M","T","M","E","$","T","R","M","M","R","M","R","B",null,"M","$","M","?","M","R","M","E","T","E","$","R","E","?","R","B",null,"M","M","M","?","M"],"character_chosen":"WATCHER","items_purchased":["MentalFortress","CeramicFish","ReachHeaven","Torii","TeardropLocket","ClearTheMind","FlurryOfBlows","CrushJoints","Omamori","Panache","EssenceOfSteel"],"campfire_rested":1,"item_purchase_floors":[0,0,0,0,0,0,0,8,19,28,28],"current_hp_per_floor":[40,72,72,72,72,72,61,61,61,61,61,61,61,49,49,48,72,71,71,70,70,60,60,57,32,32,21,21,21,8,8,29,10,72,54,33,19,19,0,0],"gold":319,"neow_bonus":"","is_daily":false,"chose_seed":false,"campfire_upgraded":5,"win_rate":0.0,"timestamp":1608139488,"path_taken":["M","?","?","M","?","M","E","$","T","R","M","M","R","M","R","BOSS","M","$","M","?","M","R","M","E","T","E","$","R","E","?","R","BOSS","M","M","M","?","M"],"items_purchased_type":["Card","Relic","Card","Relic","Relic","Card","Card","Card","Relic","Card","Potion"],"build_version":"2020-12-13","purchased_purges":2,"victory":false,"max_hp_per_floor":[72,72,72,72,72,72,72,72,72,72,72,72,72,72,72,72,72,72,72,72,72,72,72,72,72,72,72,72,72,72,72,72,72,72,72,72,72,72,72,72],"relic_stats":{"Torii":31,"counters":[37,143],"Sundial":[0],"CeramicFish":189,"Blue Candle":[0],"VioletLotus":[16],"Art of War":[3],"Letter Opener":[145],"Ginger":[7],"War Paint":["Evaluate","Protect"],"obtain_stats":[{"Lantern":0,"Tiny House":17,"Torii":0,"CeramicFish":0,"Blue Candle":5,"SacredBark":34,"Omamori":19,"TeardropLocket":9,"Letter Opener":10,"Ginger":25,"War Paint":27,"Anchor":24,"Bottled Flame":7,"Sundial":30,"VioletLotus":17,"Art of War":21,"PureWater":0,"Toxic Egg 2":13,"InkBottle":26},{"Lantern":0,"Tiny House":10,"Torii":16,"CeramicFish":16,"Blue Candle":19,"SacredBark":33,"Omamori":26,"TeardropLocket":6,"Letter Opener":7,"Ginger":30,"War Paint":31,"Anchor":15,"Bottled Flame":21,"Sundial":32,"VioletLotus":25,"Art of War":27,"PureWater":0,"Toxic Egg 2":8,"InkBottle":30},{"Lantern":0,"Tiny House":38,"Torii":70,"CeramicFish":70,"Blue Candle":77,"SacredBark":130,"Omamori":100,"TeardropLocket":22,"Letter Opener":28,"Ginger":117,"War Paint":121,"Anchor":65,"Bottled Flame":85,"Sundial":125,"VioletLotus":97,"Art of War":103,"PureWater":0,"Toxic Egg 2":31,"InkBottle":117}],"InkBottle":[14]},"card_choices":[{"not_picked":["JustLucky","ClearTheMind"],"picked":"Crescendo","floor":1.0},{"not_picked":["WheelKick","EmptyBody"],"picked":"Indignation","floor":3.0},{"not_picked":["EmptyBody","ThirdEye","Wireheading"],"picked":"SKIP","floor":4.0},{"not_picked":["ClearTheMind","Prostrate"],"picked":"Evaluate","floor":6.0},{"not_picked":["ForeignInfluence","Omniscience"],"picked":"SandsOfTime","floor":7.0},{"not_picked":["PathToVictory","Evaluate"],"picked":"Tantrum","floor":11.0},{"not_picked":["ThirdEye","Prostrate"],"picked":"Halt","floor":12.0},{"not_picked":["EmptyFist","JustLucky"],"picked":"CarveReality","floor":14.0},{"not_picked":["Judgement","Scrawl"],"picked":"Establishment","floor":16.0},{"not_picked":["Indignation","WaveOfTheHand"],"picked":"BowlingBash+1","floor":18.0},{"not_picked":["PathToVictory+1","CrushJoints"],"picked":"Protect","floor":20.0},{"not_picked":["CutThroughFate+1","CrushJoints"],"picked":"EmptyMind","floor":22.0},{"not_picked":["Perseverance+1","Wireheading"],"picked":"Consecrate","floor":24.0},{"not_picked":["Consecrate","SashWhip","Wallop+1"],"picked":"SKIP","floor":25.0},{"not_picked":["CrushJoints","Tantrum"],"picked":"InnerPeace","floor":27.0},{"not_picked":["Brilliance","ClearTheMind"],"picked":"FlyingSleeves","floor":30.0},{"not_picked":["Scrawl","Wish"],"picked":"MasterReality","floor":33.0},{"not_picked":["Weave","EmptyFist","Evaluate+1"],"picked":"SKIP","floor":35.0},{"not_picked":["ThirdEye+1","Worship","ClearTheMind+1"],"picked":"SKIP","floor":36.0},{"not_picked":["ReachHeaven","Meditate","Nirvana"],"picked":"SKIP","floor":37.0}],"player_experience":467585,"relics_obtained":[{"floor":5.0,"key":"Blue Candle"},{"floor":7.0,"key":"Bottled Flame"},{"floor":9.0,"key":"Letter Opener"},{"floor":25.0,"key":"Ginger"},{"floor":26.0,"key":"InkBottle"},{"floor":27.0,"key":"War Paint"},{"floor":30.0,"key":"Sundial"}],"event_choices":[{"damage_healed":32.0,"max_hp_gain":0.0,"max_hp_loss":0.0,"gold_gain":0.0,"event_name":"Wheel of Change","player_choice":"Full Heal","floor":2.0,"gold_loss":0.0,"damage_taken":0.0},{"damage_healed":0.0,"max_hp_gain":0.0,"max_hp_loss":0.0,"gold_gain":0.0,"event_name":"The Mausoleum","player_choice":"Opened","floor":21.0,"gold_loss":0.0,"damage_taken":0.0,"relics_obtained":["Art of War"],"cards_obtained":["Writhe"]},{"damage_healed":0.0,"max_hp_gain":0.0,"max_hp_loss":0.0,"gold_gain":99.0,"event_name":"betterThird:BetterNest","player_choice":"Steal","floor":31.0,"gold_loss":0.0,"damage_taken":0.0},{"damage_healed":0.0,"max_hp_gain":0.0,"max_hp_loss":0.0,"gold_gain":0.0,"event_name":"Duplicator","player_choice":"Copied","floor":38.0,"gold_loss":0.0,"damage_taken":0.0,"cards_obtained":["ReachHeaven"]}],"is_beta":false,"boss_relics":[{"not_picked":["Velvet Choker","Runic Dome"],"picked":"VioletLotus"},{"not_picked":["Snecko Eye","Fusion Hammer"],"picked":"SacredBark"}],"items_purged_floors":[8,19],"is_endless":false,"potions_floor_spawned":[3,6,12,16,18,25,30,36,37],"killed_by":"Writhing Mass","ascension_level":1}}