{"host":"8u7tvcybuv0u72fd","time":1608080580,"event":{"mods":["BaseMod","BetterRewards","Colored Map","Colored Powertips","Minty Spire (QoL Compilation)","Quick Restart","Shop Mod"],"gold_per_floor":[118,118,135,135,146,146,163,163,163,190,202,216,231,262,262,366,366,384,384,384,401,339,339,372,387,412,412,512,539,557,570,570,671,671,687,687,687,703,160,160,173,192,192,192,192,210,210,228,228,228,228,228,47,82,82],"floor_reached":56,"playtime":4157,"items_purged":["Strike_R"],"score":1476,"play_id":"0321a5d1-56ae-4f14-86d1-2ca93f445d71","local_time":"20201215200300","is_ascension_mode":false,"campfire_choices":[{"data":"Bash","floor":6.0,"key":"SMITH"},{"floor":8.0,"key":"RECALL"},{"data":"Shrug It Off","floor":15.0,"key":"SMITH"},{"data":"Body Slam","floor":23.0,"key":"SMITH"},{"data":"Offering","floor":27.0,"key":"SMITH"},{"data":"Dropkick","floor":32.0,"key":"SMITH"},{"data":"Double Tap","floor":40.0,"key":"SMITH"},{"data":"Madness","floor":45.0,"key":"SMITH"},{"data":"Madness","floor":47.0,"key":"SMITH"},{"data":"True Grit","floor":49.0,"key":"SMITH"},{"data":"Panacea","floor":52.0,"key":"SMITH"}],"circlet_count":0,"master_deck":["Strike_R+1","Strike_R+1","Strike_R+1","Defend_R+1","Defend_R+1","Defend_R+1","Defend_R+1","Bash+1","Headbutt","Flex","Shrug It Off+1","Dropkick+1","Offering+1","Body Slam+1","Battle Trance+1","Double Tap+1","CurseOfTheBell","Panacea+1","Uppercut+1","Heavy Blade+1","Madness+1","Madness+1","Entrench+1","True Grit+1","Iron Wave+1"],"relics":["Black Blood","HornCleat","Magic Flower","The Courier","Bird Faced Urn","Strawberry","MerchantsRug","Art of War","Lizard Tail","Pear","Eternal Feather","Turnip","Pen Nib","PreservedInsect","Molten Egg 2","Shuriken","Mercury Hourglass","Bronze Scales"],"acts_visited":["Exordium","TheCity","TheBeyond","TheEnding"],"potions_floor_usage":[55,55,55,55,55,55],"damage_taken":[{"damage":0.0,"enemies":"2 Louse","floor":1.0,"turns":2.0},{"damage":0.0,"enemies":"Small Slimes","floor":3.0,"turns":4.0},{"damage":9.0,"enemies":"Jaw Worm","floor":5.0,"turns":4.0},{"damage":2.0,"enemies":"Looter","floor":7.0,"turns":3.0},{"damage":6.0,"enemies":"Gremlin Nob","floor":10.0,"turns":5.0},{"damage":12.0,"enemies":"Exordium Thugs","floor":11.0,"turns":5.0},{"damage":0.0,"enemies":"3 Louse","floor":12.0,"turns":5.0},{"damage":2.0,"enemies":"Blue Slaver","floor":13.0,"turns":3.0},{"damage":6.0,"enemies":"Lagavulin","floor":14.0,"turns":6.0},{"damage":52.0,"enemies":"The Guardian","floor":16.0,"turns":12.0},{"damage":8.0,"enemies":"3 Byrds","floor":18.0,"turns":6.0},{"damage":6.0,"enemies":"Spheric Guardian","floor":21.0,"turns":4.0},{"damage":7.0,"enemies":"Book of Stabbing","floor":24.0,"turns":3.0},{"damage":7.0,"enemies":"Snecko","floor":25.0,"turns":3.0},{"damage":15.0,"enemies":"Colosseum Slavers","floor":28.0,"turns":2.0},{"damage":6.0,"enemies":"Colosseum Nobs","floor":28.0,"turns":4.0},{"damage":6.0,"enemies":"Gremlin Leader","floor":29.0,"turns":4.0},{"damage":7.0,"enemies":"3 Cultists","floor":30.0,"turns":5.0},{"damage":6.0,"enemies":"Centurion and Healer","floor":31.0,"turns":3.0},{"damage":75.0,"enemies":"Automaton","floor":33.0,"turns":12.0},{"damage":10.0,"enemies":"Orb Walker","floor":35.0,"turns":2.0},{"damage":13.0,"enemies":"3 Shapes","floor":38.0,"turns":5.0},{"damage":10.0,"enemies":"Sphere and 2 Shapes","floor":41.0,"turns":4.0},{"damage":14.0,"enemies":"3 Darklings","floor":42.0,"turns":5.0},{"damage":18.0,"enemies":"Spire Growth","floor":46.0,"turns":3.0},{"damage":24.0,"enemies":"Jaw Worm Horde","floor":48.0,"turns":4.0},{"damage":60.0,"enemies":"Awakened One","floor":50.0,"turns":11.0},{"damage":31.0,"enemies":"Shield and Spear","floor":54.0,"turns":5.0},{"damage":88,"enemies":"The Heart","floor":55,"turns":8}],"seed_played":"4241744093466771425","potions_obtained":[{"floor":3.0,"key":"SpeedPotion"},{"floor":5.0,"key":"ElixirPotion"},{"floor":10.0,"key":"SpeedPotion"},{"floor":12.0,"key":"SkillPotion"},{"floor":16.0,"key":"DuplicationPotion"},{"floor":18.0,"key":"FearPotion"},{"floor":24.0,"key":"DistilledChaos"},{"floor":28.0,"key":"AttackPotion"},{"floor":30.0,"key":"BloodPotion"},{"floor":33.0,"key":"DuplicationPotion"},{"floor":41.0,"key":"Dexterity Potion"}],"is_trial":false,"path_per_floor":["M","?","M","?","M","R","M","R","T","E","M","M","M","E","R","B",null,"M","?","?","M","$","R","E","M","T","R","?","E","M","M","R","B",null,"M","?","?","M","$","R","M","M","T","?","R","M","R","M","R","B",null,"R","$","E","B",null],"character_chosen":"IRONCLAD","items_purchased":["HornCleat","War Paint","Headbutt","Body Slam","MerchantsRug","PreservedInsect","Molten Egg 2","Shuriken","Uppercut+1","Weak Potion","EntropicBrew","Mercury Hourglass","Iron Wave+1"],"campfire_rested":0,"item_purchase_floors":[0,0,0,22,22,39,39,39,39,53,53,53,53],"current_hp_per_floor":[57,57,66,59,59,59,66,66,66,69,66,75,80,87,87,44,87,87,87,87,87,87,87,87,87,87,87,97,97,97,97,97,40,97,97,97,97,97,97,97,97,97,97,85,97,97,97,91,97,73,97,97,97,84,86],"gold":82,"neow_bonus":"","is_daily":false,"chose_seed":false,"campfire_upgraded":10,"win_rate":0.0,"timestamp":1608080580,"path_taken":["M","?","M","?","M","R","M","R","T","E","M","M","M","E","R","BOSS","M","?","?","M","$","R","E","M","T","R","?","E","M","M","R","BOSS","M","?","?","?","$","R","M","M","T","?","R","M","R","M","R","BOSS","R","$","E","BOSS"],"items_purchased_type":["Relic","Relic","Card","Card","Relic","Relic","Relic","Relic","Card","Potion","Potion","Relic","Card"],"build_version":"2020-12-13","purchased_purges":1,"victory":true,"max_hp_per_floor":[80,80,80,80,80,80,80,80,80,80,80,80,80,87,87,87,87,87,87,87,87,87,87,87,87,87,87,97,97,97,97,97,97,97,97,97,97,97,97,97,97,97,97,97,97,97,97,97,97,97,97,97,97,97,97],"card_choices":[{"not_picked":["True Grit","Anger","Entrench"],"picked":"SKIP","floor":1.0},{"not_picked":["Armaments","Entrench","Clothesline"],"picked":"SKIP","floor":3.0},{"not_picked":["Clothesline","Shockwave","Whirlwind"],"picked":"SKIP","floor":5.0},{"not_picked":["Entrench","Brutality","Armaments"],"picked":"SKIP","floor":7.0},{"not_picked":["Havoc","Evolve","Metallicize"],"picked":"SKIP","floor":10.0},{"not_picked":["Bloodletting","Heavy Blade"],"picked":"Flex","floor":11.0},{"not_picked":["Cleave","Twin Strike"],"picked":"Shrug It Off","floor":12.0},{"not_picked":["Shrug It Off","True Grit","Anger"],"picked":"SKIP","floor":13.0},{"not_picked":["True Grit","Sentinel"],"picked":"Dropkick","floor":14.0},{"not_picked":["Bludgeon","Exhume"],"picked":"Offering","floor":16.0},{"not_picked":["Iron Wave","Uppercut"],"picked":"Clash+1","floor":18.0},{"not_picked":["Disarm","Rupture+1","Wild Strike"],"picked":"SKIP","floor":21.0},{"not_picked":["Pommel Strike","Wild Strike","Intimidate"],"picked":"SKIP","floor":24.0},{"not_picked":["Clothesline","Pommel Strike","Sword Boomerang"],"picked":"SKIP","floor":25.0},{"not_picked":["Shrug It Off","Pummel","Warcry"],"picked":"SKIP","floor":29.0},{"not_picked":["Demon Form","Fire Breathing"],"picked":"Battle Trance+1","floor":30.0},{"not_picked":["Sever Soul+1","Shrug It Off","Anger+1"],"picked":"SKIP","floor":31.0},{"not_picked":["Offering","Impervious"],"picked":"Double Tap","floor":33.0},{"not_picked":["Dark Embrace","Heavy Blade","Feel No Pain"],"picked":"SKIP","floor":35.0},{"not_picked":["Thinking Ahead","Magnetism"],"picked":"Panacea","floor":36.0},{"not_picked":["Dark Embrace+1","True Grit","Heavy Blade+1"],"picked":"SKIP","floor":38.0},{"not_picked":["Perfected Strike+1","Cleave+1","Anger+1"],"picked":"SKIP","floor":41.0},{"not_picked":["Flex","Armaments"],"picked":"Heavy Blade+1","floor":42.0},{"not_picked":["Double Tap","Pommel Strike+1"],"picked":"Entrench+1","floor":46.0},{"not_picked":["Entrench+1","Twin Strike+1"],"picked":"True Grit","floor":48.0},{"not_picked":["Cleave+1","Sentinel+1","True Grit+1"],"picked":"SKIP","floor":54.0}],"player_experience":1152252,"relics_obtained":[{"floor":9.0,"key":"The Courier"},{"floor":10.0,"key":"Bird Faced Urn"},{"floor":14.0,"key":"Strawberry"},{"floor":24.0,"key":"Art of War"},{"floor":28.0,"key":"Lizard Tail"},{"floor":28.0,"key":"Pear"},{"floor":29.0,"key":"Eternal Feather"},{"floor":34.0,"key":"Turnip"},{"floor":34.0,"key":"Darkstone Periapt"},{"floor":34.0,"key":"Pen Nib"},{"floor":43.0,"key":"Meat on the Bone"},{"floor":54.0,"key":"Bronze Scales"}],"event_choices":[{"damage_healed":0.0,"max_hp_gain":0.0,"max_hp_loss":0.0,"gold_gain":0.0,"event_name":"Liars Game","player_choice":"Ignored","floor":2.0,"gold_loss":0.0,"damage_taken":0.0},{"cards_removed":["Strike_R"],"damage_healed":0.0,"max_hp_gain":0.0,"max_hp_loss":0.0,"gold_gain":0.0,"event_name":"Golden Wing","player_choice":"Card Removal","floor":4.0,"gold_loss":0.0,"damage_taken":7.0},{"damage_healed":0.0,"max_hp_gain":0.0,"max_hp_loss":0.0,"gold_gain":0.0,"event_name":"Vampires","player_choice":"Ignored","floor":19.0,"gold_loss":0.0,"damage_taken":0.0},{"damage_healed":0.0,"max_hp_gain":0.0,"max_hp_loss":0.0,"gold_gain":0.0,"event_name":"Back to Basics","player_choice":"Simplicity","floor":20.0,"gold_loss":0.0,"damage_taken":0.0,"cards_upgraded":["Strike_R","Strike_R","Strike_R","Defend_R","Defend_R"]},{"damage_healed":0.0,"max_hp_gain":0.0,"max_hp_loss":0.0,"gold_gain":0.0,"event_name":"Colosseum","player_choice":"Fight","floor":28.0,"gold_loss":0.0,"damage_taken":0.0},{"damage_healed":0.0,"max_hp_gain":0.0,"max_hp_loss":0.0,"gold_gain":0.0,"event_name":"Colosseum","player_choice":"Fought Nobs","floor":28.0,"gold_loss":0.0,"damage_taken":0.0},{"damage_healed":0.0,"max_hp_gain":0.0,"max_hp_loss":0.0,"gold_gain":0.0,"event_name":"SensoryStone","player_choice":"Memory 1","floor":36.0,"gold_loss":0.0,"damage_taken":0.0},{"cards_removed":["Clash"],"damage_healed":0.0,"max_hp_gain":0.0,"max_hp_loss":0.0,"gold_gain":0.0,"event_name":"Falling","player_choice":"Removed Attack","floor":37.0,"gold_loss":0.0,"damage_taken":0.0},{"damage_healed":0.0,"max_hp_gain":0.0,"max_hp_loss":0.0,"gold_gain":0.0,"event_name":"Winding Halls","player_choice":"Embrace Madness","floor":44.0,"gold_loss":0.0,"damage_taken":12.0,"cards_obtained":["Madness","Madness"]}],"is_beta":false,"boss_relics":[{"not_picked":["Astrolabe","Runic Pyramid"],"picked":"Black Blood"},{"not_picked":["Black Star","SacredBark"],"picked":"Calling Bell"}],"items_purged_floors":[0],"is_endless":false,"potions_floor_spawned":[3,5,10,12,13,16,18,24,28,30,33,41,42,48,54],"ascension_level":0}}