{"host":"fo1pcjb7ykmk7tjo","time":1608142076,"event":{"mods":["BaseMod","Colored Map","Downfall","Hermit","Hubris","Infinite Spire","Marisa????????","Minty Spire (QoL Compilation)","Replay The Spire","StSLib","The Disciple","The Servant 0.9.4"],"gold_per_floor":[19,19,33,53,53,53,83,83,83,109,109,121,154,166,166,269,269,287,287,287,159,179,210,210,226,226,226,258,272,272,272,272,369,369,383,383,383,383,403,430,430,65,92,112,112,112],"floor_reached":45,"playtime":2399,"items_purged":["hermit:Snapshot"],"score":499,"play_id":"2e66258a-8f31-4efe-ab14-aa8e34c06eda","local_time":"20201216190756","is_ascension_mode":false,"campfire_choices":[{"data":"hermit:Shortfuse","floor":6.0,"key":"SMITH"},{"data":"hermit:FlashPowder","floor":8.0,"key":"SMITH"},{"data":"hermit:FullyLoaded","floor":11.0,"key":"SMITH"},{"data":"hermit:Shortfuse","floor":15.0,"key":"SMITH"},{"data":"hermit:HighNoon","floor":24.0,"key":"SMITH"},{"data":"hermit:Showdown","floor":30.0,"key":"SMITH"},{"data":"hermit:BodyArmor","floor":32.0,"key":"SMITH"}],"circlet_count":0,"master_deck":["hermit:Strike_Hermit+1","hermit:Strike_Hermit+1","hermit:Strike_Hermit+1","hermit:Strike_Hermit+1","hermit:Defend_Hermit+1","hermit:Defend_Hermit+1","hermit:Defend_Hermit+1","hermit:Defend_Hermit+1","hermit:Covet+1","hermit:Shortfuse+1","hermit:FullyLoaded+1","hermit:EyeOfTheStorm+1","hermit:FlashPowder+1","hermit:TakeCover+1","hermit:Shortfuse+1","hermit:Deadeye+1","hermit:FullyLoaded+1","hermit:Showdown+1","hermit:BodyArmor+1","hermit:HighNoon+1","hermit:Gestalt+1","infinitespire:UltimateForm+1","hermit:Roulette+1","hermit:HighNoon+1","hermit:Snipe+1","hubris:Fate+1","hermit:HighCaliber+1","hermit:TakeAim+1","hermit:Gestalt","hermit:Gestalt","hermit:Shortfuse"],"relics":["hermit:Momento","Mango","infinitespire:Satchel","Sundial","Ornamental Fan","Onion Ring","Replay:Wax Seal","hubris:RunicObelisk","Thread and Needle","Replay:Accelerometer","infinitespire:Lucky Rock","MutagenicStrength","hubris:CrackedHourglass","ReplayFunnel","Mark of the Bloom","Dead Branch","Counterbalance"],"acts_visited":["Exordium","TheCity","TheBeyond"],"potions_floor_usage":[],"damage_taken":[{"damage":1.0,"enemies":"2 Louse","floor":1.0,"turns":3.0},{"damage":0.0,"enemies":"Small Slimes","floor":3.0,"turns":2.0},{"damage":1.0,"enemies":"Jaw Worm","floor":4.0,"turns":3.0},{"damage":5.0,"enemies":"Replay:BlueRogue","floor":7.0,"turns":4.0},{"damage":10.0,"enemies":"Gremlin Nob","floor":10.0,"turns":5.0},{"damage":0.0,"enemies":"2 Fungi Beasts","floor":12.0,"turns":2.0},{"damage":2.0,"enemies":"3 Sentries","floor":13.0,"turns":5.0},{"damage":0.0,"enemies":"Lots of Slimes","floor":14.0,"turns":2.0},{"damage":37.0,"enemies":"Hexaghost","floor":16.0,"turns":8.0},{"damage":5.0,"enemies":"2 Thieves","floor":18.0,"turns":3.0},{"damage":8.0,"enemies":"Spheric Guardian","floor":22.0,"turns":4.0},{"damage":10.0,"enemies":"Book of Stabbing","floor":23.0,"turns":6.0},{"damage":0.0,"enemies":"Snake Plant","floor":25.0,"turns":4.0},{"damage":2.0,"enemies":"Slavers","floor":28.0,"turns":6.0},{"damage":0.0,"enemies":"Centurion and Healer","floor":29.0,"turns":6.0},{"damage":16.0,"enemies":"hubris:MusketHawk","floor":33.0,"turns":8.0},{"damage":1.0,"enemies":"3 Darklings","floor":35.0,"turns":3.0},{"damage":0.0,"enemies":"3 Shapes","floor":39.0,"turns":8.0},{"damage":9.0,"enemies":"Reptomancer","floor":40.0,"turns":5.0},{"damage":2.0,"enemies":"3 Darklings","floor":44.0,"turns":5.0},{"damage":0,"enemies":"R_Hoarder","floor":45,"turns":1}],"seed_played":"-238325970749091900","potions_obtained":[{"floor":3.0,"key":"Guardian:BlockOnCardUsePotion"},{"floor":7.0,"key":"Venom Potion"},{"floor":13.0,"key":"LiquidMemories"},{"floor":14.0,"key":"FearPotion"},{"floor":23.0,"key":"SmokeBomb"},{"floor":28.0,"key":"Regen Potion"},{"floor":29.0,"key":"Toxic Potion"},{"floor":33.0,"key":"Milkshake"}],"is_trial":false,"path_per_floor":["M","$","M","M","?","R","E","R","T","E","R","M","E","M","R","B",null,"M","?","?","$","M","E","R","M","T","?","E","M","R","?","R","B",null,"M","AVR","?","?","M","E","?","$","T","M","E"],"character_chosen":"HERMIT","items_purchased":["hermit:Showdown","hermit:BodyArmor","Counterbalance","hermit:Gestalt"],"campfire_rested":0,"item_purchase_floors":[21,21,42,42],"current_hp_per_floor":[88,88,88,87,87,87,82,82,82,72,72,72,70,70,70,33,89,84,84,84,84,76,66,66,66,66,44,42,42,42,42,42,26,89,88,88,88,88,88,79,79,79,79,77,77,77],"gold":112,"neow_bonus":"ONE_RARE_RELIC","is_daily":false,"chose_seed":false,"campfire_upgraded":7,"win_rate":0.0,"timestamp":1608142076,"path_taken":["M","$","M","M","?","R","E","R","T","E","R","M","E","M","R","BOSS","M","?","?","$","M","E","R","M","T","?","E","M","R","?","R","BOSS","M","AVR","?","?","?","E","?","$","T","M","E"],"items_purchased_type":["Card","Card","Relic","Card"],"build_version":"2020-12-13","purchased_purges":1,"victory":false,"max_hp_per_floor":[89,89,89,89,89,89,89,89,89,89,89,89,89,89,89,89,89,89,89,89,89,89,89,89,89,89,89,89,89,89,89,89,89,89,89,89,89,89,89,89,85,85,85,85,85,85],"card_choices":[{"not_picked":["hermit:Gestalt","hermit:Roulette"],"picked":"hermit:Shortfuse","floor":1.0},{"not_picked":["hermit:Quickdraw","hermit:Glare"],"picked":"hermit:FullyLoaded","floor":3.0},{"not_picked":["hermit:WideOpen","hermit:Virtue"],"picked":"hermit:EyeOfTheStorm","floor":4.0},{"not_picked":["hermit:BodyArmor","hermit:Desperado"],"picked":"hermit:FlashPowder","floor":7.0},{"not_picked":["hermit:Dive","hermit:Manifest"],"picked":"hermit:TakeCover","floor":10.0},{"not_picked":["hermit:Brawl","hermit:Vantage"],"picked":"hermit:Shortfuse","floor":12.0},{"not_picked":["hermit:PistolWhip","hermit:Ricochet","hermit:NoHoldsBarred"],"picked":"SKIP","floor":13.0},{"not_picked":["hermit:Vantage","hermit:Ricochet"],"picked":"hermit:Deadeye","floor":14.0},{"not_picked":["hermit:ItchyTrigger","hermit:HoleUp"],"picked":"hermit:FullyLoaded+1","floor":18.0},{"not_picked":["hermit:Desperado+1","hermit:SprayPray","hermit:BodyArmor"],"picked":"SKIP","floor":22.0},{"not_picked":["hermit:TakeAim","hermit:BodyArmor"],"picked":"hermit:HighNoon","floor":23.0},{"not_picked":["hermit:Desperado+1","hermit:Snipe"],"picked":"hermit:Gestalt+1","floor":25.0},{"not_picked":["ReplayTheSpireMod:Black Plague","infinitespire:TheBestDefense"],"picked":"infinitespire:UltimateForm","floor":27.0},{"not_picked":["hermit:Roulette","hermit:Deadeye","hermit:FromBeyond"],"picked":"SKIP","floor":28.0},{"not_picked":["hermit:SprayPray+1","hermit:BodyArmor"],"picked":"hermit:Roulette+1","floor":29.0},{"not_picked":["hermit:FatalDesire","hermit:RoundhouseKick"],"picked":"hermit:HighNoon","floor":33.0},{"not_picked":["hermit:Coalescence+1","hermit:Dive"],"picked":"hermit:Snipe","floor":35.0},{"not_picked":["hermit:HoleUp+1","hermit:Quickdraw+1"],"picked":"hermit:HighCaliber+1","floor":39.0},{"not_picked":["hermit:LowProfile+1","hermit:RoundhouseKick"],"picked":"hermit:TakeAim+1","floor":40.0},{"not_picked":["hermit:DeadMansHand+1","hermit:LoneWolf"],"picked":"hermit:Shortfuse","floor":44.0}],"player_experience":151058,"relics_obtained":[{"floor":5.0,"key":"infinitespire:Satchel"},{"floor":7.0,"key":"Sundial"},{"floor":9.0,"key":"Ornamental Fan"},{"floor":10.0,"key":"Onion Ring"},{"floor":13.0,"key":"Replay:Wax Seal"},{"floor":23.0,"key":"Thread and Needle"},{"floor":26.0,"key":"Replay:Accelerometer"},{"floor":28.0,"key":"infinitespire:Lucky Rock"},{"floor":40.0,"key":"Dead Branch"}],"event_choices":[{"damage_healed":0.0,"max_hp_gain":0.0,"max_hp_loss":0.0,"gold_gain":0.0,"event_name":"Vampires","player_choice":"Ignored","floor":19.0,"gold_loss":0.0,"damage_taken":0.0},{"damage_healed":0.0,"max_hp_gain":0.0,"max_hp_loss":0.0,"gold_gain":0.0,"event_name":"Drug Dealer","player_choice":"Inject Mutagens","floor":31.0,"gold_loss":0.0,"damage_taken":0.0,"relics_obtained":["MutagenicStrength"]},{"damage_healed":0.0,"max_hp_gain":0.0,"max_hp_loss":0.0,"gold_gain":0.0,"event_name":"MindBloom","player_choice":"Upgrade","floor":37.0,"gold_loss":0.0,"damage_taken":0.0,"cards_upgraded":["hermit:Strike_Hermit","hermit:Strike_Hermit","hermit:Strike_Hermit","hermit:Strike_Hermit","hermit:Defend_Hermit","hermit:Defend_Hermit","hermit:Defend_Hermit","hermit:Defend_Hermit","hermit:Covet","hermit:EyeOfTheStorm","hermit:TakeCover","hermit:Deadeye","infinitespire:UltimateForm","hermit:HighNoon","hermit:Snipe","hubris:Fate"],"relics_obtained":["Mark of the Bloom"]},{"damage_healed":0.0,"max_hp_gain":0.0,"max_hp_loss":0.0,"gold_gain":0.0,"event_name":"NoteForYourself","player_choice":"Ignored","floor":38.0,"gold_loss":0.0,"damage_taken":0.0},{"damage_healed":0.0,"max_hp_gain":0.0,"max_hp_loss":4.0,"gold_gain":0.0,"event_name":"Winding Halls","player_choice":"Max HP","floor":41.0,"gold_loss":0.0,"damage_taken":0.0}],"is_beta":false,"boss_relics":[{"not_picked":["ChewingGum","Snecko Eye"],"picked":"hubris:RunicObelisk"},{"not_picked":["hermit:DentedPlate","Replay:Bronze Core"],"picked":"hubris:CrackedHourglass"}],"items_purged_floors":[36],"is_endless":false,"potions_floor_spawned":[3,7,13,14,23,28,29,33,40,44],"killed_by":"R_Hoarder","ascension_level":0}}