{"host":"j5gdvqtwmxqn6tw6","time":1608122390,"event":{"mods":["BaseMod","Colored Map","Colored Powertips","Downfall","Minty Spire (QoL Compilation)","Replay The Spire","StSLib","SuperFastMode"],"gold_per_floor":[99,24,54,54,68,80,80,80,65,90,105,122,122,142,153,153,153],"floor_reached":16,"playtime":535,"items_purged":["champ:Defend"],"score":137,"play_id":"84ae2c5a-466d-4021-8f92-abc8f52f9fa7","local_time":"20201216133950","is_ascension_mode":false,"campfire_choices":[{"data":"champ:Taunt","floor":1,"key":"SMITH"}],"circlet_count":0,"master_deck":["champ:Strike","champ:Strike","champ:Strike","champ:Strike","champ:Defend","champ:Defend","champ:Defend","champ:Execute","champ:Taunt+1","champ:Circumvent","champ:DeathBlow","champ:EndlessRage","champ:TornadoPunch","champ:RecklessLeap","champ:BladeFlurry"],"relics":["champ:ChampionCrown","downfall:HeartsMalice","Mercury Hourglass","Darkstone Periapt","Juzu Bracelet"],"acts_visited":["Exordium"],"potions_floor_usage":[10,16,16,16],"damage_taken":[{"damage":0,"enemies":"downfall:FleeingMerchant","floor":2,"turns":1},{"damage":0,"enemies":"3 Sentries","floor":3,"turns":1},{"damage":0,"enemies":"Small Slimes","floor":4,"turns":1},{"damage":25,"enemies":"Cultist","floor":5,"turns":3},{"damage":6,"enemies":"2 Louse","floor":6,"turns":2},{"damage":53,"enemies":"downfall:FleeingMerchant","floor":9,"turns":4},{"damage":22,"enemies":"Gremlin Nob","floor":10,"turns":4},{"damage":22,"enemies":"2 Fungi Beasts","floor":11,"turns":3},{"damage":5,"enemies":"Lots of Slimes","floor":12,"turns":2},{"damage":49,"enemies":"Large Slime","floor":14,"turns":4},{"damage":13,"enemies":"3 Louse","floor":15,"turns":3},{"damage":61,"enemies":"downfall:Ironclad","floor":16,"turns":6}],"seed_played":"3313793680997889703","potions_obtained":[{"floor":5,"key":"champ:OpenerPotion"},{"floor":8,"key":"LifebloodPotion"},{"floor":8,"key":"SteroidPotion"},{"floor":11,"key":"SteroidPotion"},{"floor":12,"key":"PowerPotion"},{"floor":15,"key":"Dexterity Potion"}],"is_trial":false,"path_per_floor":["R","$","E","M","M","M","T","?","$","E","M","M","?","M","M","B"],"character_chosen":"THE_CHAMP","items_purchased":[],"campfire_rested":0,"item_purchase_floors":[],"current_hp_per_floor":[90,90,90,90,90,84,84,84,74,72,55,50,80,67,59,0,0],"gold":153,"neow_bonus":"THREE_ENEMY_KILL","is_daily":false,"chose_seed":false,"campfire_upgraded":1,"win_rate":0.0,"timestamp":1608122390,"path_taken":["R","$","E","M","M","M","T","?","?","E","M","M","?","M","M","BOSS"],"items_purchased_type":[],"build_version":"2020-12-13","purchased_purges":1,"victory":false,"max_hp_per_floor":[90,90,90,90,90,90,90,90,90,90,90,90,90,90,90,90,90],"card_choices":[{"not_picked":["champ:Encircle","champ:StanceDance"],"picked":"champ:Circumvent","floor":2},{"not_picked":["champ:BringItOn","champ:RisingSlash"],"picked":"champ:DeathBlow","floor":3},{"not_picked":["champ:StanceDance","champ:Haymaker"],"picked":"champ:EndlessRage","floor":4},{"not_picked":["champ:Encircle","champ:FaceSlap"],"picked":"champ:TornadoPunch","floor":5},{"not_picked":["champ:FocusedDefense","champ:SkillfulDodge"],"picked":"champ:RecklessLeap","floor":6},{"not_picked":["champ:FightOn","champ:DeathBlow","champ:CheapShot"],"picked":"SKIP","floor":9},{"not_picked":["champ:GladiatorStyle","champ:CrookedStrike"],"picked":"champ:BladeFlurry","floor":10},{"not_picked":["champ:StanceDance","champ:GladiatorsShout","champ:TornadoPunch"],"picked":"SKIP","floor":11},{"not_picked":["champ:BringItOn","champ:Circumvent","champ:AdrenalArmor"],"picked":"SKIP","floor":12},{"not_picked":["champ:PerfectedStrike","champ:DefensiveShout","champ:GladiatorsShout"],"picked":"SKIP","floor":14},{"not_picked":["champ:GutPunch","champ:AdrenalArmor","champ:RecklessLeap"],"picked":"SKIP","floor":15}],"player_experience":31239,"relics_obtained":[{"floor":3,"key":"Mercury Hourglass"},{"floor":7,"key":"Darkstone Periapt"},{"floor":10,"key":"Juzu Bracelet"}],"event_choices":[{"damage_healed":0,"gold_gain":0,"player_choice":"Got Potions","damage_taken":0,"max_hp_gain":0,"max_hp_loss":0,"event_name":"Lab","floor":8,"gold_loss":0},{"damage_healed":30,"gold_gain":0,"player_choice":"Banana","damage_taken":0,"max_hp_gain":0,"max_hp_loss":0,"event_name":"Big Fish","floor":13,"gold_loss":0}],"is_beta":false,"boss_relics":[],"items_purged_floors":[2],"is_endless":false,"potions_floor_spawned":[5,11,12,15],"killed_by":"downfall:Ironclad","ascension_level":0}}