{"host":"egyxg9lnjq7g2hmw","time":1608085435,"event":{"mods":["AchievementEnabler","BaseMod","Block Reminder","Colored Map","Colored Powertips","Highlight Path","Minty Spire (QoL Compilation)","Rare Cards Sparkle","StSLib"],"gold_per_floor":[113,38,58,58,78,97,97,129,156,175,14,14,45,61,61,61,61],"floor_reached":16,"playtime":724,"items_purged":[],"score":202,"play_id":"a1396f31-0caf-4260-8a6d-9ee405f3ed58","local_time":"20201215182355","is_ascension_mode":true,"campfire_choices":[{"data":"Eviscerate","floor":7.0,"key":"SMITH"},{"data":"Dagger Spray","floor":15,"key":"SMITH"}],"circlet_count":0,"master_deck":["AscendersBane","Strike_G","Strike_G","Strike_G","Defend_G","Defend_G","Defend_G","Defend_G","Defend_G","Survivor","Neutralize","Eviscerate+1","Dash","Prepared","Dagger Spray+1","Tactician","PiercingWail"],"relics":["Ring of the Snake","MealTicket","Bag of Marbles","Ancient Tea Set","Vajra","Lantern"],"acts_visited":["Exordium"],"potions_floor_usage":[8,13,16],"damage_taken":[{"damage":1.0,"enemies":"Small Slimes","floor":1.0,"turns":5.0},{"damage":0.0,"enemies":"2 Louse","floor":3.0,"turns":3.0},{"damage":1.0,"enemies":"Jaw Worm","floor":5.0,"turns":4.0},{"damage":14.0,"enemies":"Gremlin Gang","floor":6.0,"turns":6.0},{"damage":2,"enemies":"3 Sentries","floor":8,"turns":6},{"damage":1,"enemies":"Looter","floor":10,"turns":4},{"damage":18,"enemies":"Gremlin Nob","floor":13,"turns":4},{"damage":0,"enemies":"Lots of Slimes","floor":14,"turns":4},{"damage":25,"enemies":"Hexaghost","floor":16,"turns":10}],"seed_played":"-6142959754948882287","potions_obtained":[{"floor":1.0,"key":"Weak Potion"},{"floor":3.0,"key":"PowerPotion"},{"floor":13,"key":"BlessingOfTheForge"}],"is_trial":false,"path_per_floor":["M","?","M","?","M","M","R","E","T","M","$","?","E","M","R","B"],"character_chosen":"THE_SILENT","items_purchased":["Vajra"],"campfire_rested":0,"item_purchase_floors":[11],"current_hp_per_floor":[64,64,64,46,45,31,31,29,29,28,43,43,25,25,25,0,0],"gold":61,"neow_bonus":"TEN_PERCENT_HP_BONUS","is_daily":false,"chose_seed":false,"campfire_upgraded":2,"win_rate":0.0,"timestamp":1608085435,"path_taken":["M","?","M","?","M","M","R","E","T","M","$","?","E","?","R","BOSS"],"items_purchased_type":["Relic"],"build_version":"2020-12-13","purchased_purges":0,"victory":false,"max_hp_per_floor":[72,72,72,72,72,72,72,72,72,72,72,72,72,72,72,72,72],"card_choices":[{"not_picked":["PiercingWail","Finisher"],"picked":"Eviscerate","floor":1.0},{"not_picked":["Deadly Poison","Finisher"],"picked":"Dash","floor":3.0},{"not_picked":["Endless Agony","Setup"],"picked":"Prepared","floor":5.0},{"not_picked":["Blade Dance","Expertise"],"picked":"Dagger Spray","floor":6.0},{"not_picked":["Distraction","Quick Slash","Dagger Spray"],"picked":"SKIP","floor":8},{"not_picked":["Choke","Acrobatics"],"picked":"Tactician","floor":10},{"not_picked":["Riddle With Holes","Blur","Blade Dance"],"picked":"SKIP","floor":13},{"not_picked":["Infinite Blades","Catalyst"],"picked":"PiercingWail","floor":14}],"player_experience":470560,"relics_obtained":[{"floor":8,"key":"Bag of Marbles"},{"floor":9,"key":"Ancient Tea Set"},{"floor":13,"key":"Lantern"}],"event_choices":[{"cards_removed":["Strike_G"],"damage_healed":0.0,"max_hp_gain":0.0,"max_hp_loss":0.0,"gold_gain":0.0,"event_name":"The Cleric","player_choice":"Card Removal","floor":2.0,"gold_loss":75.0,"damage_taken":0.0},{"damage_healed":0.0,"max_hp_gain":0.0,"max_hp_loss":0.0,"gold_gain":0.0,"event_name":"Scrap Ooze","player_choice":"Success","floor":4.0,"gold_loss":0.0,"damage_taken":18.0,"relics_obtained":["MealTicket"]},{"cards_removed":["Strike_G"],"damage_healed":0,"gold_gain":0,"player_choice":"Offered Basic","damage_taken":0,"max_hp_gain":0,"max_hp_loss":0,"event_name":"Bonfire Elementals","floor":12,"gold_loss":0}],"is_beta":false,"boss_relics":[],"items_purged_floors":[],"is_endless":false,"potions_floor_spawned":[1,3,5,13],"killed_by":"Hexaghost","ascension_level":16}}