{"host":"ab2s6ezjqdgtrlyf","time":1608120425,"event":{"mods":["BaseMod","Colored Map","Highlight Path","Marked Mod","Minty Spire (QoL Compilation)","Quick Restart","Relic Stats","Replay The Spire","StSLib","Waifu the Spire","vexMod"],"gold_per_floor":[109,109,125,50,50,76,87,87,137,137,137,149,180,180,180,180,180],"floor_reached":16,"playtime":198,"items_purged":[],"score":259,"play_id":"80e0ea97-3b4f-4b2c-bc6c-d218a2452d57","local_time":"20201216200705","is_ascension_mode":true,"campfire_choices":[{"data":"Loop","floor":8,"key":"SMITH"},{"data":"Conserve Battery","floor":11,"key":"SMITH"},{"floor":15,"key":"REST"}],"circlet_count":0,"master_deck":["AscendersBane","Strike_B","Strike_B","Strike_B","Defend_B","Defend_B","Defend_B","Zap","Dualcast","Loop+1","Conserve Battery+1","ReplayTheSpireMod:Omega Cannon","Ball Lightning"],"relics":["Cracked Core","NeowsBlessing","vexMod:BarristanHead","Potion Belt","HornCleat"],"acts_visited":["Exordium"],"potions_floor_usage":[13],"damage_taken":[{"damage":0,"enemies":"Jaw Worm","floor":1,"turns":1},{"damage":0,"enemies":"Small Slimes","floor":3,"turns":1},{"damage":0,"enemies":"Gremlin Nob","floor":6,"turns":1},{"damage":0,"enemies":"2 Louse","floor":7,"turns":1},{"damage":2,"enemies":"Looter","floor":12,"turns":3},{"damage":29,"enemies":"Lagavulin","floor":13,"turns":4},{"damage":0,"enemies":"Fading Forest","floor":16,"turns":1}],"seed_played":"-3208995532688472869","potions_obtained":[{"floor":1,"key":"GamblersBrew"},{"floor":7,"key":"AttackPotion"}],"is_trial":false,"path_per_floor":["M","?","M","?","$","E","M","R","T","?","R","M","E","?","R","B"],"character_chosen":"DEFECT","items_purchased":[],"campfire_rested":1,"item_purchase_floors":[],"current_hp_per_floor":[64,57,57,57,57,57,57,57,57,57,57,55,26,26,47,47,47],"gold":180,"neow_bonus":"THREE_ENEMY_KILL","is_daily":false,"chose_seed":false,"campfire_upgraded":2,"win_rate":0.0,"timestamp":1608120425,"path_taken":["M","?","M","?","$","E","M","R","T","?","R","M","E","?","R","BOSS"],"items_purchased_type":[],"build_version":"2020-12-13","purchased_purges":0,"victory":false,"max_hp_per_floor":[71,71,71,71,71,71,71,71,71,71,71,71,71,71,71,71,71],"relic_stats":{"counters":[6,11],"obtain_stats":[{"Potion Belt":9,"vexMod:BarristanHead":6,"HornCleat":13,"NeowsBlessing":0,"Cracked Core":0},{"Potion Belt":4,"vexMod:BarristanHead":3,"HornCleat":6,"NeowsBlessing":0,"Cracked Core":0},{"Potion Belt":4,"vexMod:BarristanHead":3,"HornCleat":11,"NeowsBlessing":0,"Cracked Core":0}]},"card_choices":[{"not_picked":["Sweeping Beam","Coolheaded"],"picked":"Loop","floor":1},{"not_picked":["Beam Cell","Loop"],"picked":"Conserve Battery","floor":3},{"not_picked":["ReplayTheSpireMod:GoodbyeWorld","Sunder"],"picked":"ReplayTheSpireMod:Omega Cannon","floor":6},{"not_picked":["Rebound","Gash","Force Field"],"picked":"SKIP","floor":7},{"not_picked":["Conserve Battery","Compile Driver","FTL"],"picked":"SKIP","floor":12},{"not_picked":["Fusion","Steam"],"picked":"Ball Lightning","floor":13}],"player_experience":783957,"relics_obtained":[{"floor":6,"key":"vexMod:BarristanHead"},{"floor":9,"key":"Potion Belt"},{"floor":13,"key":"HornCleat"}],"event_choices":[{"cards_removed":["Defend_B"],"damage_healed":0,"gold_gain":0,"player_choice":"Card Removal","damage_taken":7,"max_hp_gain":0,"max_hp_loss":0,"event_name":"Golden Wing","floor":2,"gold_loss":0},{"cards_removed":["Strike_B"],"damage_healed":0,"gold_gain":0,"player_choice":"Card Removal","damage_taken":0,"max_hp_gain":0,"max_hp_loss":0,"event_name":"The Cleric","floor":4,"gold_loss":75},{"damage_healed":0,"gold_gain":0,"player_choice":"Ignored","damage_taken":0,"max_hp_gain":0,"max_hp_loss":0,"event_name":"Shining Light","floor":10,"gold_loss":0},{"damage_healed":0,"gold_gain":0,"player_choice":"Ignored","damage_taken":0,"max_hp_gain":0,"max_hp_loss":0,"event_name":"Liars Game","floor":14,"gold_loss":0}],"is_beta":false,"boss_relics":[],"items_purged_floors":[],"is_endless":false,"potions_floor_spawned":[1,7],"killed_by":"Fading Forest","ascension_level":19}}