{"host":"k6qwgpygxbgz06bg","time":1608144356,"event":{"mods":["BaseMod","Beaked The Cultist","Better Third Choice","BetterRewards","Clockwork Mod","Colored Map","Downfall","Friendly Minions","Infinite Spire","Marisa????????","Minty Spire (QoL Compilation)","Replay The Spire","StSLib","The Administrix","The Bug Knight","The Cursed","The Gatherer","The Mystic","The Witch"],"gold_per_floor":[99,115,115,135,45,45,69,81,81,81,110,110,210,227,246,246,261,365,365,290,390,421,421,42,42,93,93,110,110,176,195,237,287,303,402,402,402,147,160,160,64,83,83,101,141,66,166,166,166,187,202,202],"floor_reached":53,"playtime":4308,"items_purged":["hexamod:Strike","hexamod:Strike","hexamod:Strike"],"score":747,"play_id":"a20aeb20-734e-4842-8c09-bc8138890a44","local_time":"20201216194556","is_ascension_mode":false,"campfire_choices":[{"data":"hexamod:Float","floor":1.0,"key":"SMITH"},{"data":"hexamod:Sear","floor":3.0,"key":"SMITH"},{"data":"hexamod:FlamesFromBeyond","floor":6.0,"key":"SMITH"},{"floor":12.0,"key":"RECALL"},{"data":"hexamod:Hexaguard","floor":20.0,"key":"SMITH"},{"data":"hexamod:RadiantFlame","floor":23.0,"key":"SMITH"},{"data":"hexamod:PhantomFireball","floor":25.0,"key":"SMITH"},{"data":"infinitespire:Gouge","floor":29.0,"key":"SMITH"},{"data":"hexamod:RadiantFlame","floor":37.0,"key":"SMITH"},{"data":"expansioncontent:Corrupt","floor":40.0,"key":"SMITH"},{"data":"hexamod:UnleashSpirits","floor":46,"key":"SMITH"}],"circlet_count":0,"master_deck":["hexamod:Strike","hexamod:Defend","hexamod:Defend","hexamod:Defend","hexamod:Defend","hexamod:Sear+1","hexamod:Float+1","hexamod:PowerFromBeyond","hexamod:FirstSeal","hexamod:FastForward","hexamod:FlamesFromBeyond+1","hexamod:EtherealExpedition","hexamod:FirstSeal","hexamod:HexaLevel","hexamod:Hexaguard+1","hexamod:TimeOfNeed","hexamod:RadiantFlame+1","hexamod:SkipABeat+1","hexamod:Again+1","hexamod:PhantomFireball+1","infinitespire:SealOfDarkness+","infinitespire:Gouge+1","hexamod:RadiantFlame+1","hexamod:FourthSeal","hexamod:SecondSeal","hexamod:GhostOfSpirePast","hexamod:TimeOfNeed","hexamod:UnleashSpirits+1","hexamod:GhostOfSpirePast","expansioncontent:Corrupt+1","hexamod:RainOfEmbers+1","hexamod:TimeOfNeed","Poisoned Strike","hexamod:PhantomCloak+1","hexamod:GiftsFromTheDead+1","hexamod:GhostOfSpirePast+1","hexamod:EmpoweredFlame+1","hexamod:SoulSteal+1","hexamod:FlamesFromBeyond+1"],"relics":["Ring of the Snake","ReplayTheSpireMod:TigerMarble","Vajra","Odd Mushroom","infinitespire:Cubic Diamond","hexamod:IceCube","downfall:HeartBlessingRed","downfall:CloakOfManyFaces","CultistMask","FaceOfCleric","NlothsMask","GremlinMask","SsserpentHead","Bag of Preparation","Quantum Egg","Honey Jar","Frozen Egg 2","Meat on the Bone","Du-Vu Doll","downfall:HeartBlessingGreen","CatCart","Happy Flower"],"acts_visited":["Exordium","TheCity","TheBeyond"],"potions_floor_usage":[42,47,48,52],"damage_taken":[{"damage":0.0,"enemies":"Cultist","floor":2.0,"turns":3.0},{"damage":5.0,"enemies":"Small Slimes","floor":4.0,"turns":4.0},{"damage":0.0,"enemies":"downfall:FleeingMerchant","floor":5.0,"turns":4.0},{"damage":0.0,"enemies":"2 Louse","floor":8.0,"turns":2.0},{"damage":1.0,"enemies":"The Mushroom Lair","floor":11.0,"turns":3.0},{"damage":0.0,"enemies":"2 Fungi Beasts","floor":14.0,"turns":3.0},{"damage":34.0,"enemies":"Exordium Thugs","floor":15.0,"turns":4.0},{"damage":16.0,"enemies":"Lots of Slimes","floor":17.0,"turns":5.0},{"damage":29.0,"enemies":"downfall:Silent","floor":18.0,"turns":5.0},{"damage":13.0,"enemies":"downfall:FaceTrader","floor":21.0,"turns":6.0},{"damage":34.0,"enemies":"Book of Stabbing","floor":22.0,"turns":5.0},{"damage":15.0,"enemies":"downfall:FleeingMerchant","floor":24.0,"turns":4.0},{"damage":0.0,"enemies":"Spheric Guardian","floor":28.0,"turns":3.0},{"damage":17.0,"enemies":"3 Byrds","floor":30.0,"turns":4.0},{"damage":18.0,"enemies":"Shelled Parasite and Fungi","floor":31.0,"turns":4.0},{"damage":12.0,"enemies":"Centurion and Healer","floor":34.0,"turns":5.0},{"damage":11.0,"enemies":"downfall:Defect","floor":35.0,"turns":7.0},{"damage":10.0,"enemies":"downfall:FleeingMerchant","floor":38.0,"turns":4.0},{"damage":1.0,"enemies":"Orb Walker","floor":39.0,"turns":4.0},{"damage":16.0,"enemies":"downfall:FleeingMerchant","floor":41.0,"turns":4.0},{"damage":10,"enemies":"3 Shapes","floor":42,"turns":3},{"damage":21,"enemies":"3 Darklings","floor":44,"turns":6},{"damage":15,"enemies":"Giant Head","floor":45,"turns":7},{"damage":15,"enemies":"Orin","floor":47,"turns":8},{"damage":0,"enemies":"Jaw Worm Horde","floor":48,"turns":2},{"damage":26,"enemies":"Spire Growth","floor":50,"turns":4},{"damage":39,"enemies":"3 Darklings","floor":51,"turns":5},{"damage":22,"enemies":"downfall:Ironclad","floor":52,"turns":7}],"seed_played":"-8549430531982224464","potions_obtained":[{"floor":2.0,"key":"PowerPotion"},{"floor":15.0,"key":"Strength Potion"},{"floor":17.0,"key":"Guardian:BlockOnCardUsePotion"},{"floor":18.0,"key":"EntropicBrew"},{"floor":21.0,"key":"Fire Potion"},{"floor":22.0,"key":"champ:CounterPotion"},{"floor":28.0,"key":"LifebloodPotion"},{"floor":33.0,"key":"PowerPotion"},{"floor":34.0,"key":"CultistPotion"},{"floor":35.0,"key":"Languid Potion"},{"floor":35.0,"key":"Fire Potion"},{"floor":38.0,"key":"Weak Potion"},{"floor":39.0,"key":"PowerPotion"},{"floor":39.0,"key":"Swift Potion"},{"floor":45,"key":"SmokeBomb"},{"floor":47,"key":"sneckomod:MuddlingPotion"},{"floor":51,"key":"Regen Potion"}],"is_trial":false,"path_per_floor":["R","M","R","M","$","R","T","M","PTL","PTL","?","R","?","M","M","?","M","B",null,"R","?","E","R","$","R","T","AVR","M","R","M","M","?","?","M","B",null,"R","$","M","R","$","M","T","M","E","R","?","M","AVR","M","M","B",null],"character_chosen":"THE_SPIRIT","items_purchased":["hexamod:FlamesFromBeyond","Quantum Egg","hexamod:PhantomFireball","hexamod:GhostOfSpirePast","expansioncontent:Corrupt","Frozen Egg 2","Poisoned Strike","hexamod:PhantomCloak+1"],"campfire_rested":0,"item_purchase_floors":[5,24,24,38,38,41,41,41],"current_hp_per_floor":[70,70,70,65,70,70,70,70,70,70,70,70,70,70,50,50,48,19,70,70,64,38,38,38,38,38,38,53,53,51,41,41,41,44,41,77,77,78,79,79,78,76,76,70,70,70,70,71,71,67,55,55],"gold":202,"neow_bonus":"RANDOM_COMMON_RELIC","is_daily":false,"chose_seed":false,"campfire_upgraded":10,"win_rate":0.0,"timestamp":1608144356,"path_taken":["R","M","R","M","$","R","T","M","PTL","PTL","?","R","?","M","M","?","M","BOSS","R","?","E","R","?","R","T","AVR","M","R","?","M","?","?","M","BOSS","R","$","M","R","$","M","T","M","E","R","?","M","AVR","M","M","BOSS"],"items_purchased_type":["Card","Relic","Card","Card","Card","Relic","Card","Card"],"build_version":"2020-12-13","purchased_purges":3,"victory":true,"max_hp_per_floor":[70,70,70,70,70,70,70,70,70,70,70,70,70,70,70,70,70,70,70,70,70,71,71,72,72,72,72,73,73,74,75,75,75,76,77,77,77,78,79,79,80,81,81,82,83,83,84,85,85,86,87,88],"card_choices":[{"not_picked":["hexamod:Rewind","hexamod:Firestarter"],"picked":"hexamod:PowerFromBeyond","floor":2.0},{"not_picked":["hexamod:SoulSteal","hexamod:GhostLash"],"picked":"hexamod:FirstSeal","floor":4.0},{"not_picked":["hexamod:GhostShield","hexamod:FirstSeal"],"picked":"hexamod:FastForward","floor":5.0},{"not_picked":["hexamod:RainOfEmbers","hexamod:SwordOfDarkness"],"picked":"hexamod:EtherealExpedition","floor":8.0},{"not_picked":["hexamod:BacktrackSmack","hexamod:GhostShield"],"picked":"hexamod:FirstSeal","floor":11.0},{"not_picked":["hexamod:GhostLash","hexamod:NightmareStrike"],"picked":"hexamod:HexaLevel","floor":14.0},{"not_picked":["hexamod:GhostLash","hexamod:NightmareStrike","hexamod:RainOfEmbers"],"picked":"SKIP","floor":15.0},{"not_picked":["hexamod:GhostShield","hexamod:BurningTouch"],"picked":"hexamod:Hexaguard","floor":17.0},{"not_picked":["hexamod:UnleashSpirits","hexamod:GiftsFromTheDead"],"picked":"hexamod:TimeOfNeed","floor":18.0},{"not_picked":["hexamod:SwordOfDarkness+1","hexamod:AdvancingGuard+1"],"picked":"hexamod:RadiantFlame","floor":21.0},{"not_picked":["hexamod:ExtraCrispy","hexamod:ThermalTransfer+1"],"picked":"hexamod:SkipABeat+1","floor":22.0},{"not_picked":["hexamod:NightmareStrike+1","hexamod:GhostflameBarrier"],"picked":"hexamod:Again+1","floor":24.0},{"not_picked":["hexamod:InspiringFlames+1","hexamod:SpectersWail"],"picked":"hexamod:RadiantFlame","floor":28.0},{"not_picked":["hexamod:NightmareGuise+1","hexamod:FirstSeal","hexamod:InspiringFlames"],"picked":"SKIP","floor":30.0},{"not_picked":["hexamod:FastForward","hexamod:Haunt"],"picked":"hexamod:FourthSeal","floor":31.0},{"not_picked":["hexamod:EmpoweredFlame","hexamod:BurningTouch"],"picked":"hexamod:GhostOfSpirePast","floor":34.0},{"not_picked":["hexamod:CrushingStance","hexamod:GiftsFromTheDead"],"picked":"hexamod:TimeOfNeed","floor":35.0},{"not_picked":["hexamod:ThermalTransfer","hexamod:SpectersWail","hexamod:RainOfEmbers"],"picked":"hexamod:UnleashSpirits","floor":38.0},{"not_picked":["hexamod:GhostShield+1","hexamod:NightmareStrike+1","hexamod:NightmareGuise+1"],"picked":"hexamod:RainOfEmbers+1","floor":39.0},{"not_picked":["hexamod:PowerFromBeyond+1","hexamod:FirstSeal","hexamod:FastForward"],"picked":"hexamod:TimeOfNeed","floor":41.0},{"not_picked":["hexamod:Firestarter","hexamod:HauntingEcho+1","hexamod:GhostShield","hexamod:NightmareGuise"],"picked":"SKIP","floor":42},{"not_picked":["hexamod:BurningTouch","hexamod:Firestarter+1","hexamod:RainOfEmbers+1"],"picked":"hexamod:GiftsFromTheDead+1","floor":44},{"not_picked":["hexamod:FastForward","hexamod:CatchUp","hexamod:RadiantFlame+1"],"picked":"hexamod:GhostOfSpirePast+1","floor":45},{"not_picked":["hexamod:HauntingEcho","hexamod:ShieldOfDarkness+1","hexamod:Firestarter+1"],"picked":"hexamod:EmpoweredFlame+1","floor":47},{"not_picked":["hexamod:HauntingEcho+1","hexamod:ThermalTransfer+1","hexamod:GhostLash+1"],"picked":"hexamod:SoulSteal+1","floor":50},{"not_picked":["hexamod:SpectersWail","hexamod:AdvancingGuard+1","hexamod:Firestarter+1"],"picked":"hexamod:FlamesFromBeyond+1","floor":51}],"player_experience":210990,"relics_obtained":[{"floor":7.0,"key":"Vajra"},{"floor":11.0,"key":"Odd Mushroom"},{"floor":21.0,"key":"downfall:CloakOfManyFaces"},{"floor":22.0,"key":"Bag of Preparation"},{"floor":43,"key":"Meat on the Bone"},{"floor":45,"key":"Du-Vu Doll"},{"floor":47,"key":"CatCart"}],"event_choices":[{"damage_healed":0.0,"max_hp_gain":0.0,"max_hp_loss":0.0,"gold_gain":0.0,"event_name":"Mushrooms","player_choice":"Fought Mushrooms","floor":11.0,"gold_loss":0.0,"damage_taken":0.0},{"damage_healed":0.0,"max_hp_gain":0.0,"max_hp_loss":0.0,"gold_gain":0.0,"event_name":"Lab","player_choice":"Got Potions","floor":33.0,"gold_loss":0.0,"damage_taken":0.0},{"damage_healed":0,"gold_gain":0,"player_choice":"Fight","damage_taken":0,"max_hp_gain":0,"max_hp_loss":0,"event_name":"OrinTheCat","floor":47,"gold_loss":0}],"is_beta":false,"boss_relics":[{"not_picked":["infinitespire:Cupcake","Replay:Ancient Bell"],"picked":"hexamod:IceCube"},{"not_picked":["ReplayTheSpireMod:SealedPack","Abe\u0027s Treasure"],"picked":"Honey Jar"}],"items_purged_floors":[24,27,49],"is_endless":false,"potions_floor_spawned":[2,11,15,17,18,21,22,28,35,39,48],"ascension_level":0}}