{"host":"r6jigiblrojhp6xe","time":1608161514,"event":{"mods":["AchievementEnabler","BaseMod","DeckTracker","Minty Spire (QoL Compilation)","Quick Restart","Rare Cards Sparkle","Relic Stats","StSLib","SuperFastMode","everything is the same but u backflip on backflip"],"gold_per_floor":[115,128,47,59,59,59,72,72,72,104,104,117,117,137,137,211,211,224,240,165,215,231,231,265,265,265,190,200,200,19,19,19,97,97,110,121,121,132,142,173,173,173,173,173,184,184,196,214,214,214,214,214],"floor_reached":51,"playtime":1255,"items_purged":["Strike_G","Strike_G"],"score":1448,"play_id":"94acd822-44aa-4ac9-b959-7b40b6df7961","local_time":"20201217083154","is_ascension_mode":true,"campfire_choices":[{"data":"Phantasmal Killer","floor":6.0,"key":"SMITH"},{"data":"Terror","floor":8.0,"key":"SMITH"},{"data":"Accuracy","floor":11.0,"key":"SMITH"},{"data":"Infinite Blades","floor":15.0,"key":"SMITH"},{"floor":23.0,"key":"REST"},{"data":"Cloak And Dagger","floor":25.0,"key":"SMITH"},{"data":"Phantasmal Killer","floor":29.0,"key":"SMITH"},{"data":"Neutralize","floor":32.0,"key":"SMITH"},{"data":"Footwork","floor":41.0,"key":"SMITH"},{"data":"Phantasmal Killer","floor":44.0,"key":"SMITH"},{"data":"Cloak And Dagger","floor":46.0,"key":"SMITH"},{"data":"Blade Dance","floor":49.0,"key":"SMITH"}],"circlet_count":0,"master_deck":["AscendersBane","Strike_G","Strike_G","Defend_G","Defend_G","Defend_G","Defend_G","Defend_G","Survivor","Neutralize+1","Phantasmal Killer+1","Accuracy+1","Terror+1","Dagger Throw","Cloak And Dagger+1","Infinite Blades+1","Phantasmal Killer+1","Backflip","Dagger Spray","Backflip","Infinite Blades","Phantasmal Killer+1","Cloak And Dagger+1","Prepared+1","Footwork+1","Blade Dance+1","Accuracy+1"],"relics":["Ring of the Snake","FossilizedHelix","Pocketwatch","Meat on the Bone","Cursed Key","Mercury Hourglass","Runic Pyramid","Oddly Smooth Stone"],"acts_visited":["Exordium","TheCity","TheBeyond"],"potions_floor_usage":[],"damage_taken":[{"damage":2.0,"enemies":"Small Slimes","floor":1.0,"turns":5.0},{"damage":6.0,"enemies":"Jaw Worm","floor":2.0,"turns":5.0},{"damage":6.0,"enemies":"Cultist","floor":4.0,"turns":5.0},{"damage":11.0,"enemies":"2 Fungi Beasts","floor":7.0,"turns":3.0},{"damage":0.0,"enemies":"Gremlin Nob","floor":10.0,"turns":3.0},{"damage":0.0,"enemies":"Red Slaver","floor":12.0,"turns":4.0},{"damage":12.0,"enemies":"Lots of Slimes","floor":14.0,"turns":4.0},{"damage":8.0,"enemies":"Hexaghost","floor":16.0,"turns":7.0},{"damage":12.0,"enemies":"Shell Parasite","floor":18.0,"turns":4.0},{"damage":22.0,"enemies":"3 Byrds","floor":19.0,"turns":3.0},{"damage":36.0,"enemies":"Sentry and Sphere","floor":22.0,"turns":6.0},{"damage":15.0,"enemies":"Book of Stabbing","floor":24.0,"turns":5.0},{"damage":0.0,"enemies":"Snecko","floor":28.0,"turns":4.0},{"damage":25.0,"enemies":"Champ","floor":33.0,"turns":8.0},{"damage":11.0,"enemies":"3 Shapes","floor":35.0,"turns":3.0},{"damage":0.0,"enemies":"Orb Walker","floor":36.0,"turns":3.0},{"damage":17.0,"enemies":"Spire Growth","floor":38.0,"turns":4.0},{"damage":28.0,"enemies":"Transient","floor":39.0,"turns":6.0},{"damage":0.0,"enemies":"Nemesis","floor":40.0,"turns":5.0},{"damage":6.0,"enemies":"Jaw Worm Horde","floor":45.0,"turns":5.0},{"damage":12.0,"enemies":"3 Darklings","floor":47.0,"turns":3.0},{"damage":0.0,"enemies":"Sphere and 2 Shapes","floor":48.0,"turns":4.0},{"damage":61.0,"enemies":"Awakened One","floor":50.0,"turns":6.0},{"damage":0,"enemies":"Time Eater","floor":51,"turns":1}],"seed_played":"7204695322442252109","potions_obtained":[{"floor":4.0,"key":"SpeedPotion"},{"floor":7.0,"key":"PowerPotion"},{"floor":16.0,"key":"SpeedPotion"},{"floor":18.0,"key":"SkillPotion"},{"floor":28.0,"key":"Block Potion"},{"floor":35.0,"key":"Explosive Potion"},{"floor":37.0,"key":"FairyPotion"},{"floor":40.0,"key":"DuplicationPotion"},{"floor":45.0,"key":"ColorlessPotion"},{"floor":47.0,"key":"Strength Potion"}],"is_trial":false,"path_per_floor":["M","M","$","M","?","R","M","R","T","E","R","M","T","M","R","B",null,"M","M","?","?","M","R","E","R","T","$","M","R","$","?","R","B",null,"M","M","?","M","M","E","R","?","T","R","M","R","M","M","R","B","B"],"character_chosen":"THE_SILENT","items_purchased":["Terror","Infinite Blades"],"campfire_rested":1,"item_purchase_floors":[3,30],"current_hp_per_floor":[57,51,51,45,50,50,39,39,39,39,39,39,39,39,39,43,60,48,38,38,38,14,33,30,30,30,30,42,42,42,42,42,29,56,45,45,45,40,24,36,36,36,36,36,42,42,42,42,42,16,16,16],"gold":214,"neow_bonus":"THREE_RARE_CARDS","is_daily":false,"chose_seed":false,"campfire_upgraded":11,"win_rate":0.0,"timestamp":1608161514,"path_taken":["M","M","$","M","?","R","M","R","T","E","R","M","?","M","R","BOSS","M","M","?","?","?","R","E","R","T","$","M","R","$","?","R","BOSS","M","M","?","M","?","E","R","?","T","R","M","R","M","?","R","BOSS","BOSS"],"items_purchased_type":["Card","Card"],"build_version":"2020-12-13","purchased_purges":2,"victory":false,"max_hp_per_floor":[60,60,60,60,65,65,65,65,65,65,65,65,65,65,65,65,65,65,65,65,65,65,65,65,65,65,65,65,65,65,65,65,65,65,65,65,65,65,65,65,65,65,65,65,65,65,65,65,65,65,65,65],"relic_stats":{"counters":[24,106],"Cursed Key":0,"obtain_stats":[{"Oddly Smooth Stone":40,"Cursed Key":17,"FossilizedHelix":9,"Ring of the Snake":0,"Pocketwatch":10,"Meat on the Bone":13,"Mercury Hourglass":24,"Runic Pyramid":34},{"Oddly Smooth Stone":19,"Cursed Key":8,"FossilizedHelix":4,"Ring of the Snake":0,"Pocketwatch":5,"Meat on the Bone":6,"Mercury Hourglass":12,"Runic Pyramid":14},{"Oddly Smooth Stone":87,"Cursed Key":36,"FossilizedHelix":18,"Ring of the Snake":0,"Pocketwatch":21,"Meat on the Bone":25,"Mercury Hourglass":54,"Runic Pyramid":66}],"Ring of the Snake":[48],"Pocketwatch":[15],"Meat on the Bone":156,"Mercury Hourglass":[176]},"card_choices":[{"not_picked":["Adrenaline","Envenom"],"picked":"Phantasmal Killer","floor":0.0},{"not_picked":["Bane","Tactician","Deadly Poison"],"picked":"SKIP","floor":1.0},{"not_picked":["PiercingWail","Endless Agony"],"picked":"Accuracy","floor":2.0},{"not_picked":["Outmaneuver","Catalyst"],"picked":"Dagger Throw","floor":4.0},{"not_picked":["Prepared","Bane"],"picked":"Cloak And Dagger","floor":7.0},{"not_picked":["Dagger Spray","Deadly Poison"],"picked":"Infinite Blades","floor":10.0},{"not_picked":["Outmaneuver","Terror","Predator"],"picked":"SKIP","floor":12.0},{"not_picked":["Acrobatics","Dodge and Roll","Heel Hook"],"picked":"SKIP","floor":14.0},{"not_picked":["Doppelganger","Envenom"],"picked":"Phantasmal Killer","floor":16.0},{"not_picked":["Underhanded Strike+1","Finisher","Slice"],"picked":"SKIP","floor":18.0},{"not_picked":["Slice","Flechettes"],"picked":"Backflip","floor":19.0},{"not_picked":["Setup","Noxious Fumes"],"picked":"Dagger Spray","floor":22.0},{"not_picked":["Tools of the Trade","Dodge and Roll","Dagger Spray"],"picked":"SKIP","floor":24.0},{"not_picked":["Noxious Fumes","Sucker Punch"],"picked":"Backflip","floor":28.0},{"not_picked":["Bullet Time","Tools of the Trade"],"picked":"Phantasmal Killer","floor":33.0},{"not_picked":["Tactician","Dagger Spray+1"],"picked":"Cloak And Dagger","floor":35.0},{"not_picked":["Dagger Throw","Slice","Calculated Gamble"],"picked":"SKIP","floor":36.0},{"not_picked":["Deflect","Underhanded Strike","Distraction"],"picked":"SKIP","floor":38.0},{"not_picked":["Skewer","Escape Plan"],"picked":"Prepared+1","floor":39.0},{"not_picked":["Die Die Die","Wraith Form v2"],"picked":"Footwork","floor":40.0},{"not_picked":["Sucker Punch","All Out Attack"],"picked":"Blade Dance","floor":45.0},{"not_picked":["Dodge and Roll","Endless Agony"],"picked":"Accuracy+1","floor":47.0},{"not_picked":["Slice","Outmaneuver","Deadly Poison"],"picked":"SKIP","floor":48.0}],"player_experience":498858,"relics_obtained":[{"floor":9.0,"key":"FossilizedHelix"},{"floor":10.0,"key":"Pocketwatch"},{"floor":13.0,"key":"Meat on the Bone"},{"floor":24.0,"key":"Mercury Hourglass"},{"floor":40.0,"key":"Oddly Smooth Stone"}],"event_choices":[{"damage_healed":0.0,"max_hp_gain":5.0,"max_hp_loss":0.0,"gold_gain":0.0,"event_name":"Big Fish","player_choice":"Donut","floor":5.0,"gold_loss":0.0,"damage_taken":0.0},{"cards_removed":["Strike_G"],"damage_healed":0.0,"max_hp_gain":0.0,"max_hp_loss":0.0,"gold_gain":0.0,"event_name":"Beggar","player_choice":"Gave Gold","floor":20.0,"gold_loss":75.0,"damage_taken":0.0},{"damage_healed":0.0,"max_hp_gain":0.0,"max_hp_loss":0.0,"gold_gain":100.0,"event_name":"The Joust","player_choice":"Bet on Murderer","floor":21.0,"gold_loss":50.0,"damage_taken":0.0},{"damage_healed":0.0,"max_hp_gain":0.0,"max_hp_loss":0.0,"gold_gain":0.0,"event_name":"N\u0027loth","player_choice":"Ignored","floor":31.0,"gold_loss":0.0,"damage_taken":0.0},{"damage_healed":0.0,"max_hp_gain":0.0,"max_hp_loss":0.0,"gold_gain":0.0,"event_name":"Lab","player_choice":"Got Potions","floor":37.0,"gold_loss":0.0,"damage_taken":0.0},{"damage_healed":0.0,"max_hp_gain":0.0,"max_hp_loss":0.0,"gold_gain":0.0,"event_name":"Match and Keep!","player_choice":"0 cards matched","floor":42.0,"gold_loss":0.0,"damage_taken":0.0,"cards_obtained":[]}],"is_beta":false,"boss_relics":[{"not_picked":["Snecko Eye","Velvet Choker"],"picked":"Cursed Key"},{"not_picked":["Black Star","Runic Dome"],"picked":"Runic Pyramid"}],"items_purged_floors":[27,30],"is_endless":false,"potions_floor_spawned":[4,7,16,18,28,35,40,45,47,48],"killed_by":"Time Eater","ascension_level":20}}