{"host":"6vv0uythevi5qk1w","time":1608100599,"event":{"mods":["Act Like it!","BaseMod","Downfall","Gensokyo","Minty Spire (QoL Compilation)","Remilia£®¿Ÿ√◊¿Ú—«£©","Replay The Spire","StSLib"],"gold_per_floor":[99,130,130,55,55,55,55,55,55,81,91,120,120,133,133,43,54,157,157,157,186,196,196,215,215,269,302,227,257,278,278,278,280,284,284],"floor_reached":34,"playtime":1961,"items_purged":["hexamod:Defend"],"score":411,"play_id":"e9580e3d-a4e5-4c7d-815d-ecd98c5ddbec","local_time":"20201216143639","is_ascension_mode":true,"campfire_choices":[{"floor":1.0,"key":"RECALL"},{"data":"hexamod:RetreatToShadows","floor":4.0,"key":"SMITH"},{"data":"hexamod:Float","floor":8.0,"key":"SMITH"},{"data":"hexamod:SearingWound","floor":20.0,"key":"SMITH"},{"data":"Pot Of Greed","floor":25.0,"key":"SMITH"},{"data":"hexamod:Haunt","floor":28,"key":"SMITH"}],"circlet_count":0,"master_deck":["hexamod:Strike","hexamod:Strike","hexamod:Strike","hexamod:Defend","hexamod:Sear","hexamod:Float+1","hexamod:RetreatToShadows+1","Pot Of Greed+1","hexamod:EmpoweredFlame+1","hexamod:ThirdSeal","Pot Of Greed+1","hexamod:FourthSeal","hexamod:EmpoweringStance+1","hexamod:FirstSeal","hexamod:HexaLevel+1","hexamod:SearingWound+1","AbeCurse","hexamod:BurningTouch","hexamod:Haunt+1","hexamod:RadiantFlame+1","hexamod:TimeWarp","hexamod:TurnItUp"],"relics":["hexamod:SpiritBrand","downfall:HeartsMalice","StrikeDummy","downfall:HeartBlessingRed","Frozen Egg 2","Grinning Jar","Replay:Mystery Machine","Abe\u0027s Treasure","Mirror","PreservedInsect","Replay:Bandana","downfall:HeartBlessingGreen","Tiny Chest"],"acts_visited":["Exordium","TheCity"],"potions_floor_usage":[27,27,27,30,33,33],"damage_taken":[{"damage":0.0,"enemies":"3 Sentries","floor":2.0,"turns":1.0},{"damage":0.0,"enemies":"2 Louse","floor":3.0,"turns":1.0},{"damage":0.0,"enemies":"Lagavulin","floor":10.0,"turns":1.0},{"damage":1.0,"enemies":"Small Slimes","floor":11.0,"turns":3.0},{"damage":12.0,"enemies":"3 Sentries","floor":12.0,"turns":6.0},{"damage":0.0,"enemies":"Cultist","floor":14.0,"turns":3.0},{"damage":0.0,"enemies":"downfall:FleeingMerchant","floor":16.0,"turns":4.0},{"damage":8.0,"enemies":"Exordium Thugs","floor":17.0,"turns":3.0},{"damage":61.0,"enemies":"downfall:Defect","floor":18.0,"turns":6.0},{"damage":18.0,"enemies":"Gremlin Leader","floor":21.0,"turns":7.0},{"damage":33.0,"enemies":"Shell Parasite","floor":22.0,"turns":5.0},{"damage":10.0,"enemies":"Spheric Guardian","floor":24.0,"turns":4.0},{"damage":15,"enemies":"Replay:Snechameleon","floor":27,"turns":4},{"damage":15,"enemies":"Book of Stabbing","floor":29,"turns":4},{"damage":12,"enemies":"Snecko","floor":30,"turns":5},{"damage":0,"enemies":"Chosen and Byrds","floor":33,"turns":1},{"damage":11,"enemies":"Centurion and Healer","floor":34,"turns":2}],"seed_played":"-5868695672918718389","potions_obtained":[{"floor":2.0,"key":"Adrenaline Potion"},{"floor":12.0,"key":"Dexterity Potion"},{"floor":14.0,"key":"Regen Potion"},{"floor":14.0,"key":"Ancient Potion"},{"floor":17.0,"key":"Milkshake"},{"floor":18.0,"key":"Fire Potion"},{"floor":21.0,"key":"BlessingOfTheForge"},{"floor":22.0,"key":"Fire Potion"},{"floor":24.0,"key":"EssenceOfSteel"},{"floor":24.0,"key":"Fire Potion"},{"floor":27,"key":"Milkshake"},{"floor":29,"key":"FearPotion"},{"floor":30,"key":"hexamod:EctoCoolerPotion"},{"floor":30,"key":"SmokeBomb"}],"is_trial":false,"path_per_floor":["R","E","M","R","PTL","PTL","?","R","T","E","M","E","?","M","?","$","M","B",null,"R","E","M","?","M","R","T","E","R","E","M","?","?","M","M"],"character_chosen":"THE_SPIRIT","items_purchased":[],"campfire_rested":0,"item_purchase_floors":[],"current_hp_per_floor":[70,70,70,70,70,70,70,70,70,70,69,57,57,57,57,70,62,8,70,70,59,33,33,30,30,30,22,22,14,9,9,9,9,0,0],"gold":284,"neow_bonus":"THREE_ENEMY_KILL","is_daily":false,"chose_seed":false,"campfire_upgraded":5,"win_rate":0.0,"timestamp":1608100599,"path_taken":["R","E","M","R","PTL","PTL","?","R","T","E","M","E","?","?","?","?","M","BOSS","R","E","M","?","M","R","T","E","R","E","M","?","?","?","M"],"items_purchased_type":[],"build_version":"2020-12-13","purchased_purges":1,"victory":false,"max_hp_per_floor":[70,70,70,70,70,70,70,70,70,70,70,70,70,70,70,70,70,70,70,70,70,70,70,70,70,70,70,70,70,70,70,70,70,70,70],"card_choices":[{"not_picked":["hexamod:HeatShield","hexamod:BacktrackSmack","hexamod:HauntingEcho"],"picked":"SKIP","floor":2.0},{"not_picked":["hexamod:Firestarter","hexamod:PowerFromBeyond"],"picked":"hexamod:RetreatToShadows","floor":3.0},{"not_picked":["hexamod:ShieldOfDarkness","hexamod:GhostShield"],"picked":"hexamod:EmpoweredFlame+1","floor":10.0},{"not_picked":["hexamod:EmpoweredFlame+1","hexamod:Again"],"picked":"hexamod:ThirdSeal","floor":11.0},{"not_picked":["hexamod:NecessarySacrifice","hexamod:GhostOfSpireFuture+1"],"picked":"hexamod:FourthSeal","floor":12.0},{"not_picked":["hexamod:Firestarter","hexamod:NecessarySacrifice","hexamod:RadiantFlame+1"],"picked":"SKIP","floor":12.0},{"not_picked":["hexamod:RetreatToShadows","hexamod:AdvancingGuard","hexamod:HeatMetal"],"picked":"SKIP","floor":14.0},{"not_picked":["hexamod:BacktrackSmack","hexamod:PhantomCloak+1","hexamod:FlamesFromBeyond"],"picked":"SKIP","floor":14.0},{"not_picked":["hexamod:RecurringNightmare","hexamod:SkipABeat"],"picked":"hexamod:EmpoweringStance+1","floor":16.0},{"not_picked":["hexamod:RadiantFlame+1","hexamod:ExtraCrispy+1","hexamod:EtherealExpedition"],"picked":"SKIP","floor":16.0},{"not_picked":["hexamod:PowerFromBeyond","hexamod:InspiringFlames"],"picked":"hexamod:FirstSeal","floor":17.0},{"not_picked":["hexamod:Firestarter","hexamod:BacktrackSmack","hexamod:GhostflameBarrier"],"picked":"SKIP","floor":17.0},{"not_picked":["hexamod:ParanormalForm+1","hexamod:UnlimitedPower"],"picked":"hexamod:HexaLevel+1","floor":18.0},{"not_picked":["hexamod:WildfireWeapon+1","hexamod:GiftsFromTheDead+1"],"picked":"hexamod:SearingWound","floor":18.0},{"not_picked":["hexamod:DynamicBlow","hexamod:NightmareGuise+1"],"picked":"hexamod:BurningTouch","floor":21.0},{"not_picked":["hexamod:HeatMetal+1","hexamod:NightmareStrike","hexamod:SwordOfDarkness"],"picked":"SKIP","floor":21.0},{"not_picked":["hexamod:ThermalTransfer+1","hexamod:SpectersWail"],"picked":"hexamod:Haunt","floor":22.0},{"not_picked":["hexamod:SwordOfDarkness","hexamod:FlamesFromBeyond","hexamod:GhostLash"],"picked":"SKIP","floor":22.0},{"not_picked":["hexamod:SwordOfDarkness+1","hexamod:HauntingEcho","hexamod:Rewind"],"picked":"SKIP","floor":24.0},{"not_picked":["hexamod:ChargedBarrage","hexamod:GhostLash+1","hexamod:PhantomCloak+1"],"picked":"SKIP","floor":24.0},{"not_picked":["hexamod:FirstSeal","hexamod:InspiringFlames","hexamod:Firestarter"],"picked":"SKIP","floor":27},{"not_picked":["hexamod:SuperheatedStrike+1","hexamod:ThermalTransfer+1","hexamod:HeatMetal"],"picked":"SKIP","floor":27},{"not_picked":["hexamod:StepThrough","hexamod:AdvancingGuard"],"picked":"hexamod:RadiantFlame+1","floor":29},{"not_picked":["hexamod:GhostShield","hexamod:GhostLash","hexamod:AdvancingGuard"],"picked":"SKIP","floor":29},{"not_picked":["hexamod:SuperheatedStrike","hexamod:RainOfEmbers"],"picked":"hexamod:TimeWarp","floor":30},{"not_picked":["hexamod:ShieldOfDarkness","hexamod:Hexaguard"],"picked":"hexamod:TurnItUp","floor":30}],"player_experience":363213,"relics_obtained":[{"floor":2.0,"key":"StrikeDummy"},{"floor":9.0,"key":"Frozen Egg 2"},{"floor":10.0,"key":"Grinning Jar"},{"floor":12.0,"key":"Replay:Mystery Machine"},{"floor":21.0,"key":"Mirror"},{"floor":26.0,"key":"PreservedInsect"},{"floor":27,"key":"Replay:Bandana"},{"floor":29,"key":"Tiny Chest"}],"event_choices":[{"damage_healed":0.0,"max_hp_gain":0.0,"max_hp_loss":0.0,"gold_gain":0.0,"event_name":"Upgrade Shrine","player_choice":"Upgraded","floor":15.0,"gold_loss":0.0,"damage_taken":0.0,"cards_upgraded":["Pot Of Greed"]},{"cards_removed":["hexamod:Defend"],"damage_healed":0,"gold_gain":0,"player_choice":"Elegance","damage_taken":0,"max_hp_gain":0,"max_hp_loss":0,"event_name":"Back to Basics","floor":32,"gold_loss":0}],"is_beta":false,"boss_relics":[{"not_picked":["Replay:Grab Bag","Painkiller Herb"],"picked":"Abe\u0027s Treasure"}],"items_purged_floors":[16],"is_endless":false,"potions_floor_spawned":[2,12,14,18,24,30,33],"killed_by":"Centurion and Healer","ascension_level":2}}