{"host":"buuozll9zukolitn","time":1608143912,"event":{"mods":["BaseMod","Googly Eyes","Minty Spire (QoL Compilation)","StSLib","everything is the same but u backflip on backflip","slay the spire mod where everything is the same but ironclad has a cowboy hat"],"gold_per_floor":[116,116,191,191,191,191,76,76,103,7,27,43,43,73,73,174,174,185,185,460,460,460],"floor_reached":21,"playtime":444,"items_purged":["Regret","Strike_R"],"score":251,"play_id":"b92d533a-7dee-401a-b578-ea36639997cc","local_time":"20201216193832","is_ascension_mode":true,"campfire_choices":[{"floor":6,"key":"REST"},{"data":"Armaments","floor":13,"key":"SMITH"},{"data":"Spot Weakness","floor":15,"key":"SMITH"}],"circlet_count":0,"master_deck":["Strike_R+1","Strike_R","Strike_R","Strike_R","Defend_R+1","Defend_R","Defend_R","Defend_R","Bash","Dramatic Entrance","Heavy Blade","Spot Weakness+1","Armaments+1","Headbutt","Thunderclap","Juggernaut+1","Double Tap","Inflame+1","Regret"],"relics":["Burning Blood","MealTicket","Frozen Egg 2","Smiling Mask","Lantern","Mark of Pain"],"acts_visited":["Exordium","TheCity"],"potions_floor_usage":[14,14,14,21],"damage_taken":[{"damage":2,"enemies":"Jaw Worm","floor":1,"turns":3},{"damage":6,"enemies":"2 Louse","floor":11,"turns":2},{"damage":0,"enemies":"Small Slimes","floor":12,"turns":2},{"damage":12,"enemies":"Gremlin Nob","floor":14,"turns":3},{"damage":52,"enemies":"Hexaghost","floor":16,"turns":8},{"damage":19,"enemies":"Spheric Guardian","floor":18,"turns":4},{"damage":38,"enemies":"3 Byrds","floor":21,"turns":3}],"seed_played":"-3736045059589179796","potions_obtained":[{"floor":1,"key":"Weak Potion"},{"floor":8,"key":"BlessingOfTheForge"},{"floor":8,"key":"Energy Potion"},{"floor":14,"key":"Fire Potion"}],"is_trial":false,"path_per_floor":["M","?","?","?","?","R","$","?","T","$","M","M","R","E","R","B",null,"M","?","?","M"],"character_chosen":"IRONCLAD","items_purchased":["Spot Weakness","Armaments"],"campfire_rested":1,"item_purchase_floors":[7,10],"current_hp_per_floor":[76,43,32,16,16,40,55,55,55,70,70,76,76,70,70,24,66,53,38,38,0,0],"gold":460,"neow_bonus":"RANDOM_COLORLESS","is_daily":false,"chose_seed":false,"campfire_upgraded":2,"win_rate":0.0,"timestamp":1608143912,"path_taken":["M","?","?","?","?","R","$","?","T","$","?","M","R","E","R","BOSS","M","?","?","?"],"items_purchased_type":["Card","Card"],"build_version":"2020-12-13","purchased_purges":2,"victory":false,"max_hp_per_floor":[80,80,80,80,80,80,80,80,80,80,80,80,80,80,80,80,80,80,85,85,85,85],"card_choices":[{"not_picked":["Forethought","Discovery"],"picked":"Dramatic Entrance","floor":0},{"not_picked":["Warcry","Combust"],"picked":"Heavy Blade","floor":1},{"not_picked":["Havoc","Wild Strike"],"picked":"Headbutt","floor":11},{"not_picked":["Dark Embrace+1","Warcry"],"picked":"Thunderclap","floor":12},{"not_picked":["Seeing Red","Whirlwind"],"picked":"Juggernaut+1","floor":14},{"not_picked":["Barricade+1","Immolate"],"picked":"Double Tap","floor":16},{"not_picked":["Pommel Strike+1","Shrug It Off"],"picked":"Inflame+1","floor":18}],"player_experience":286782,"relics_obtained":[{"floor":9,"key":"Smiling Mask"},{"floor":14,"key":"Lantern"}],"event_choices":[{"damage_healed":0,"gold_gain":0,"player_choice":"Success","damage_taken":33,"relics_obtained":["MealTicket"],"max_hp_gain":0,"max_hp_loss":0,"event_name":"Scrap Ooze","floor":2,"gold_loss":0},{"damage_healed":0,"gold_gain":75,"player_choice":"Gather Gold","damage_taken":11,"max_hp_gain":0,"max_hp_loss":0,"event_name":"World of Goop","floor":3,"gold_loss":0},{"damage_healed":0,"gold_gain":0,"player_choice":"Entered Light","damage_taken":16,"max_hp_gain":0,"max_hp_loss":0,"event_name":"Shining Light","floor":4,"gold_loss":0,"cards_upgraded":["Defend_R","Strike_R"]},{"damage_healed":0,"gold_gain":0,"player_choice":"Box","damage_taken":0,"relics_obtained":["Frozen Egg 2"],"max_hp_gain":0,"max_hp_loss":0,"event_name":"Big Fish","floor":5,"gold_loss":0,"cards_obtained":["Regret"]},{"damage_healed":0,"gold_gain":0,"player_choice":"Got Potions","damage_taken":0,"max_hp_gain":0,"max_hp_loss":0,"event_name":"Lab","floor":8,"gold_loss":0},{"damage_healed":0,"gold_gain":0,"player_choice":"Shed Blood","damage_taken":20,"max_hp_gain":5,"max_hp_loss":0,"event_name":"Forgotten Altar","floor":19,"gold_loss":0},{"damage_healed":0,"gold_gain":275,"player_choice":"Desecrate","damage_taken":0,"max_hp_gain":0,"max_hp_loss":0,"event_name":"Golden Shrine","floor":20,"gold_loss":0,"cards_obtained":["Regret"]}],"is_beta":false,"boss_relics":[{"not_picked":["Snecko Eye","Fusion Hammer"],"picked":"Mark of Pain"}],"items_purged_floors":[7,10],"is_endless":false,"potions_floor_spawned":[1,14],"killed_by":"3 Byrds","ascension_level":9}}