{"host":"pcbz64t4k17ey4z1","time":1608147340,"event":{"mods":["2.2 Compatiblity","AchievementEnabler","Act Like it!","Aspiration","BaseMod","Beaked The Cultist","Better Match","BetterRewards","Card Forge","Colored Map","Colored Powertips","Conspire","Disable Question Mark Monsters","Fireblade Mod","Friendly Minions","GifTheSpireLib","Glutton Mod","Googly Eyes","Hermit","Hubris","Infinite Spire","Koishi","Marisa????????","Minty Spire (QoL Compilation)","Permanent Neow","Potionbrewer","Quick Restart","Random Character Button","Rare Cards Sparkle","Relic Filter","Replay The Spire","Shade Mod","Shop Mod","Small Relic Pack","StSLib","Stuff the Spire","SuperFastMode","The Animator","The Cursed","The Druid","The Gatherer","The Hierophant","The IronCluck","The Runesmith","Waifu the Spire","Wandering Minibosses","vexMod"],"gold_per_floor":[20,34,49,49,59,59,59],"floor_reached":6,"playtime":195,"items_purged":[],"score":72,"play_id":"866cdaef-8b97-4275-a674-ea5be976cf94","local_time":"20201216193540","is_ascension_mode":true,"campfire_choices":[],"circlet_count":0,"master_deck":["AscendersBane","conspire:GhostlyDefend+1","conspire:GhostlyDefend+1","Eruption+1","Vigilance+1","Alpha+1","Protect","Study","Collect","Nirvana"],"relics":["PureWater","Hammer of Thor","Seething Fire","Anvil of the Gods"],"acts_visited":["Exordium"],"potions_floor_usage":[2],"damage_taken":[{"damage":2,"enemies":"Small Slimes","floor":1,"turns":3},{"damage":8,"enemies":"2 Louse","floor":2,"turns":3},{"damage":0,"enemies":"Cultist","floor":3,"turns":3},{"damage":9,"enemies":"Blue Slaver","floor":5,"turns":4},{"damage":76,"enemies":"Gremlin Nob","floor":6,"turns":4}],"seed_played":"-9065719246747281630","potions_obtained":[{"floor":1,"key":"Weak Potion"},{"floor":3,"key":"potionbrewer:ToxicPotion"}],"is_trial":false,"path_per_floor":["M","M","M","?","M","E"],"character_chosen":"WATCHER","items_purchased":[],"campfire_rested":0,"item_purchase_floors":[],"current_hp_per_floor":[59,51,51,51,42,0,0],"gold":59,"neow_bonus":"THREE_RARE_CARDS","is_daily":false,"chose_seed":false,"campfire_upgraded":0,"win_rate":0.0,"timestamp":1608147340,"path_taken":["M","M","M","?","M","E"],"items_purchased_type":[],"build_version":"2020-12-13","purchased_purges":0,"victory":false,"max_hp_per_floor":[68,68,68,68,68,68,68],"card_choices":[{"not_picked":["Blasphemy","Scrawl"],"picked":"Alpha","floor":0},{"not_picked":["Replay:Vibes","BowlingBash"],"picked":"Protect","floor":1},{"not_picked":["CrushJoints","Crescendo"],"picked":"Study","floor":2},{"not_picked":["Judgement","Replay:Battleflow"],"picked":"Collect","floor":3},{"not_picked":["ThirdEye","DeceiveReality"],"picked":"Nirvana","floor":5}],"player_experience":3724065,"relics_obtained":[],"event_choices":[{"damage_healed":0,"gold_gain":0,"player_choice":"Agree","damage_taken":0,"max_hp_gain":0,"max_hp_loss":0,"event_name":"conspire:LoneGhost","floor":4,"gold_loss":0}],"is_beta":false,"boss_relics":[],"items_purged_floors":[],"is_endless":false,"potions_floor_spawned":[1,3],"killed_by":"Gremlin Nob","ascension_level":18}}