{"host":"p7j7o00jacnw7qzt","time":1608096589,"event":{"mods":["BaseMod","Colored Map","Colored Powertips","DeckTracker","Highlight Path","Minty Spire (QoL Compilation)","Relic Stats"],"gold_per_floor":[116,116,116,140,140,171,171,171,171],"floor_reached":8,"playtime":92,"items_purged":[],"score":158,"play_id":"575a3f22-fd40-4cf1-9b8c-4a03d19ac8d0","local_time":"20201216002949","is_ascension_mode":true,"campfire_choices":[{"data":"Neutralize","floor":7,"key":"SMITH"}],"circlet_count":0,"master_deck":["AscendersBane","Strike_G","Strike_G","Strike_G","Strike_G","Strike_G","Defend_G","Defend_G","Defend_G","Defend_G","Defend_G","Survivor","Neutralize+1","Accuracy","Acrobatics+1"],"relics":["Ring of the Snake","NeowsBlessing","Golden Idol","Blue Candle"],"acts_visited":["Exordium"],"potions_floor_usage":[],"damage_taken":[{"damage":0,"enemies":"Small Slimes","floor":1,"turns":1},{"damage":0,"enemies":"Jaw Worm","floor":4,"turns":1},{"damage":0,"enemies":"Gremlin Nob","floor":6,"turns":1},{"damage":37,"enemies":"Lagavulin","floor":8,"turns":6}],"seed_played":"1070946553947105548","potions_obtained":[{"floor":6,"key":"Explosive Potion"}],"is_trial":false,"path_per_floor":["M","?","?","M","?","E","R","E"],"character_chosen":"THE_SILENT","items_purchased":[],"campfire_rested":0,"item_purchase_floors":[],"current_hp_per_floor":[59,59,59,59,59,59,59,22,22],"gold":171,"neow_bonus":"THREE_ENEMY_KILL","is_daily":false,"chose_seed":false,"campfire_upgraded":1,"win_rate":0.0,"timestamp":1608096589,"path_taken":["M","?","?","M","?","E","R","E"],"items_purchased_type":[],"build_version":"2020-12-13","purchased_purges":0,"victory":false,"max_hp_per_floor":[66,66,60,60,60,60,60,60,60],"relic_stats":{"counters":[4,9],"Golden Idol":11,"Blue Candle":[0],"obtain_stats":[{"NeowsBlessing":0,"Golden Idol":3,"Blue Candle":6,"Ring of the Snake":0},{"NeowsBlessing":0,"Golden Idol":1,"Blue Candle":3,"Ring of the Snake":0},{"NeowsBlessing":0,"Golden Idol":1,"Blue Candle":3,"Ring of the Snake":0}],"Ring of the Snake":[8]},"card_choices":[{"not_picked":["Flying Knee","Deflect"],"picked":"Accuracy","floor":1},{"not_picked":["Cloak And Dagger","Underhanded Strike"],"picked":"Acrobatics","floor":4},{"not_picked":["Leg Sweep","Burst","Sucker Punch"],"picked":"SKIP","floor":6}],"player_experience":879200,"relics_obtained":[{"floor":6,"key":"Blue Candle"}],"event_choices":[{"damage_healed":0,"gold_gain":0,"player_choice":"Ignored","damage_taken":0,"max_hp_gain":0,"max_hp_loss":0,"event_name":"Liars Game","floor":2,"gold_loss":0},{"damage_healed":0,"gold_gain":0,"player_choice":"Lose Max HP","damage_taken":0,"relics_obtained":["Golden Idol"],"max_hp_gain":0,"max_hp_loss":6,"event_name":"Golden Idol","floor":3,"gold_loss":0},{"damage_healed":0,"gold_gain":0,"player_choice":"Upgraded","damage_taken":0,"max_hp_gain":0,"max_hp_loss":0,"event_name":"Upgrade Shrine","floor":5,"gold_loss":0,"cards_upgraded":["Acrobatics"]}],"is_beta":false,"boss_relics":[],"items_purged_floors":[],"is_endless":false,"potions_floor_spawned":[6],"killed_by":"Lagavulin","ascension_level":20}}