{"host":"bxn2em57qlx5u4i0","time":1608086393,"event":{"mods":["BaseMod","Colored Map","Colored Powertips","Highlight Path","Minty Spire (QoL Compilation)","Random Character Button","Relic Sorter","Relic Stats","StSLib","SuperFastMode"],"gold_per_floor":[114,134,134,134,13,13,46,46,46,81,94,19,82,102,102,178,178,197,214,214,233,63,63,63],"floor_reached":23,"playtime":554,"items_purged":["Strike_G"],"score":448,"play_id":"7ce2aee6-d9e5-4d58-810f-b97e1fdf64b2","local_time":"20201215213953","is_ascension_mode":true,"campfire_choices":[{"data":"Noxious Fumes","floor":6.0,"key":"SMITH"},{"data":"Dagger Spray","floor":8.0,"key":"SMITH"},{"data":"All Out Attack","floor":15.0,"key":"SMITH"}],"circlet_count":0,"master_deck":["AscendersBane","Strike_G","Strike_G","Strike_G","Strike_G","Defend_G","Defend_G","Defend_G","Defend_G","Survivor","Neutralize","Dodge and Roll","Dagger Spray+1","Noxious Fumes+1","Catalyst","All Out Attack+1","Blur","Backflip","Adrenaline","Backflip+1","Crippling Poison","Bandage Up"],"relics":["Ring of the Snake","NeowsBlessing","Oddly Smooth Stone","Question Card","Blood Vial","Mercury Hourglass","Singing Bowl","Sozu"],"acts_visited":["Exordium","TheCity"],"potions_floor_usage":[23,23],"damage_taken":[{"damage":0.0,"enemies":"2 Louse","floor":1.0,"turns":1.0},{"damage":0.0,"enemies":"Jaw Worm","floor":2.0,"turns":1.0},{"damage":0.0,"enemies":"3 Sentries","floor":7.0,"turns":2.0},{"damage":14.0,"enemies":"Lagavulin","floor":10.0,"turns":10.0},{"damage":0.0,"enemies":"Cultist","floor":11.0,"turns":4.0},{"damage":9.0,"enemies":"3 Sentries","floor":13.0,"turns":5.0},{"damage":0.0,"enemies":"3 Louse","floor":14.0,"turns":2.0},{"damage":23.0,"enemies":"Slime Boss","floor":16.0,"turns":8.0},{"damage":3.0,"enemies":"3 Byrds","floor":18.0,"turns":3.0},{"damage":5.0,"enemies":"Shell Parasite","floor":19.0,"turns":7.0},{"damage":28.0,"enemies":"Cultist and Chosen","floor":21.0,"turns":6.0},{"damage":21,"enemies":"Gremlin Leader","floor":23,"turns":5}],"seed_played":"6119938973341982544","potions_obtained":[{"floor":2.0,"key":"BlessingOfTheForge"},{"floor":13.0,"key":"EntropicBrew"},{"floor":14.0,"key":"SkillPotion"}],"is_trial":false,"path_per_floor":["M","M","?","?","$","R","E","R","T","E","M","?","?","M","R","B",null,"M","M","?","M","$","E"],"character_chosen":"THE_SILENT","items_purchased":["Noxious Fumes","Catalyst","Bandage Up"],"campfire_rested":0,"item_purchase_floors":[5,5,22],"current_hp_per_floor":[59,59,64,53,53,53,53,53,53,41,43,43,38,42,42,21,62,63,60,38,12,12,0,0],"gold":63,"neow_bonus":"THREE_ENEMY_KILL","is_daily":false,"chose_seed":false,"campfire_upgraded":3,"win_rate":0.0,"timestamp":1608086393,"path_taken":["M","M","?","?","?","R","E","R","T","E","?","?","?","M","R","BOSS","M","M","?","M","$","E"],"items_purchased_type":["Card","Card","Card"],"build_version":"2020-12-13","purchased_purges":1,"victory":false,"max_hp_per_floor":[66,66,71,71,71,71,71,71,71,71,71,71,73,75,75,75,75,77,77,82,82,82,82,82],"relic_stats":{"Blood Vial":18,"Sozu":1,"Singing Bowl":6,"counters":[12,53],"Question Card":8,"obtain_stats":[{"Blood Vial":9,"Sozu":17,"NeowsBlessing":0,"Singing Bowl":13,"Oddly Smooth Stone":4,"Question Card":7,"Ring of the Snake":0,"Mercury Hourglass":10},{"Blood Vial":3,"Sozu":8,"NeowsBlessing":0,"Singing Bowl":6,"Oddly Smooth Stone":2,"Question Card":3,"Ring of the Snake":0,"Mercury Hourglass":4},{"Blood Vial":4,"Sozu":32,"NeowsBlessing":0,"Singing Bowl":23,"Oddly Smooth Stone":2,"Question Card":4,"Ring of the Snake":0,"Mercury Hourglass":14}],"Ring of the Snake":[24],"Mercury Hourglass":[178]},"card_choices":[{"not_picked":["Flechettes","Outmaneuver"],"picked":"Dodge and Roll","floor":1.0},{"not_picked":["Reflex","Outmaneuver"],"picked":"Dagger Spray","floor":2.0},{"not_picked":["Underhanded Strike","Choke"],"picked":"All Out Attack","floor":7.0},{"not_picked":["Distraction","Noxious Fumes","Tactician"],"picked":"Blur","floor":10.0},{"not_picked":["Deflect","Sucker Punch","Venomology"],"picked":"Backflip","floor":11.0},{"not_picked":["Dagger Throw","Prepared","Acrobatics","Flying Knee"],"picked":"Singing Bowl","floor":13.0},{"not_picked":["Deflect","Tactician","Flying Knee","Choke"],"picked":"Singing Bowl","floor":14.0},{"not_picked":["Phantasmal Killer","Venomology","Die Die Die"],"picked":"Adrenaline","floor":16.0},{"not_picked":["Terror","All Out Attack","Underhanded Strike","Flying Knee"],"picked":"Singing Bowl","floor":18.0},{"not_picked":["Sucker Punch+1","Acrobatics","Heel Hook"],"picked":"Backflip+1","floor":19.0},{"not_picked":["Poisoned Stab","Calculated Gamble","Underhanded Strike"],"picked":"Crippling Poison","floor":21.0}],"player_experience":2791526,"relics_obtained":[{"floor":7.0,"key":"Question Card"},{"floor":9.0,"key":"Blood Vial"},{"floor":10.0,"key":"Mercury Hourglass"},{"floor":13.0,"key":"Singing Bowl"}],"event_choices":[{"damage_healed":0.0,"max_hp_gain":5.0,"max_hp_loss":0.0,"gold_gain":0.0,"event_name":"Big Fish","player_choice":"Donut","floor":3.0,"gold_loss":0.0,"damage_taken":0.0},{"damage_healed":0.0,"max_hp_gain":0.0,"max_hp_loss":0.0,"gold_gain":0.0,"event_name":"Scrap Ooze","player_choice":"Success","floor":4.0,"gold_loss":0.0,"damage_taken":11.0,"relics_obtained":["Oddly Smooth Stone"]},{"cards_removed":["Defend_G"],"damage_healed":0.0,"max_hp_gain":0.0,"max_hp_loss":0.0,"gold_gain":0.0,"event_name":"The Cleric","player_choice":"Card Removal","floor":12.0,"gold_loss":75.0,"damage_taken":0.0},{"damage_healed":0.0,"max_hp_gain":0.0,"max_hp_loss":0.0,"gold_gain":0.0,"event_name":"Dead Adventurer","player_choice":"Searched \u00271\u0027 times","floor":13.0,"gold_loss":0.0,"damage_taken":0.0},{"damage_healed":0.0,"max_hp_gain":5.0,"max_hp_loss":0.0,"gold_gain":0.0,"event_name":"Forgotten Altar","player_choice":"Shed Blood","floor":20.0,"gold_loss":0.0,"damage_taken":27.0}],"is_beta":false,"boss_relics":[{"not_picked":["Busted Crown","Runic Pyramid"],"picked":"Sozu"}],"items_purged_floors":[22],"is_endless":false,"potions_floor_spawned":[2,13,14,18],"killed_by":"Gremlin Leader","ascension_level":20}}