{"host":"0jile2yd1dg679g0","time":1608159981,"event":{"mods":["AchievementEnabler","BaseMod","Better Third Choice","Colored Map","Colored Powertips","Minty Spire (QoL Compilation)","Prisma Mod","Random Character Button","Spicy Shops","StSLib","Transform Curses","Waifu the Spire","WarShipGirlsR/????R mod"],"gold_per_floor":[16,16,62,22,36,36,56,56,56,56,46,61,61,81,81,179,179,198,212,37,37,47,47,59,59,59,59,72,72,92,92,92,189,189,201,221,2,0,12,40,40,60,60,60,110,123,45,57,57,57],"floor_reached":51,"playtime":7420,"items_purged":["Defend_P","Strike_P"],"score":798,"play_id":"1fb2a319-40c6-4027-82ec-a8b15add4960","local_time":"20201216180621","is_ascension_mode":true,"campfire_choices":[{"data":"Eruption","floor":6.0,"key":"SMITH"},{"data":"BattleHymn","floor":8.0,"key":"SMITH"},{"data":"Swivel","floor":10.0,"key":"SMITH"},{"data":"WheelKick","floor":13.0,"key":"SMITH"},{"data":"Omniscience","floor":15.0,"key":"SMITH"},{"data":"MasterReality","floor":23.0,"key":"SMITH"},{"data":"Brilliance","floor":25.0,"key":"SMITH"},{"data":"SandsOfTime","floor":27.0,"key":"SMITH"},{"data":"FlurryOfBlows","floor":29.0,"key":"SMITH"},{"floor":32.0,"key":"REST"},{"floor":41.0,"key":"REST"},{"floor":49,"key":"REST"}],"circlet_count":0,"master_deck":["Strike_P","Strike_P","Defend_P+1","Defend_P","Eruption+1","Vigilance","Swivel+1","BattleHymn+1","Prostrate","InnerPeace","FlurryOfBlows+1","Omniscience+1","WheelKick+1","SandsOfTime+1","MasterReality+1","SashWhip","Wallop","Consecrate","Brilliance+1","ClearTheMind+1","Brilliance","Devotion","Consecrate+1","Fasting2","Worship+1","CrushJoints+1","Crescendo+1","DeceiveReality+1"],"relics":["PureWater","TungstenRod","PreservedInsect","Sundial","Philosopher\u0027s Stone","Question Card","Empty Cage","Medical Kit","Strawberry","Red Mask","Pen Nib","Meat on the Bone","Gambling Chip","Centennial Puzzle"],"acts_visited":["Exordium","TheCity","TheBeyond"],"potions_floor_usage":[50],"damage_taken":[{"damage":1.0,"enemies":"Jaw Worm","floor":1.0,"turns":3.0},{"damage":0.0,"enemies":"Cultist","floor":5.0,"turns":3.0},{"damage":0.0,"enemies":"Small Slimes","floor":7.0,"turns":3.0},{"damage":2.0,"enemies":"Looter","floor":12.0,"turns":3.0},{"damage":5.0,"enemies":"3 Louse","floor":14.0,"turns":3.0},{"damage":0.0,"enemies":"Slime Boss","floor":16.0,"turns":4.0},{"damage":0.0,"enemies":"Spheric Guardian","floor":18.0,"turns":1.0},{"damage":6.0,"enemies":"3 Byrds","floor":19.0,"turns":3.0},{"damage":19.0,"enemies":"Centurion and Healer","floor":22.0,"turns":4.0},{"damage":2.0,"enemies":"3 Cultists","floor":24.0,"turns":3.0},{"damage":5.0,"enemies":"Cultist and Chosen","floor":28.0,"turns":4.0},{"damage":0.0,"enemies":"Snake Plant","floor":30.0,"turns":2.0},{"damage":20.0,"enemies":"Automaton","floor":33.0,"turns":6.0},{"damage":24.0,"enemies":"3 Darklings","floor":35.0,"turns":4.0},{"damage":3.0,"enemies":"Orb Walker","floor":36.0,"turns":2.0},{"damage":26.0,"enemies":"Jaw Worm Horde","floor":39.0,"turns":3.0},{"damage":1.0,"enemies":"Giant Head","floor":40.0,"turns":4.0},{"damage":22.0,"enemies":"3 Darklings","floor":42.0,"turns":4.0},{"damage":23.0,"enemies":"Mind Bloom Boss Battle","floor":45.0,"turns":5.0},{"damage":13,"enemies":"Spire Growth","floor":46,"turns":3},{"damage":35,"enemies":"Transient","floor":48,"turns":5},{"damage":38,"enemies":"Time Eater","floor":50,"turns":3}],"seed_played":"-7939384046332468773","potions_obtained":[{"floor":5.0,"key":"BlessingOfTheForge"},{"floor":7.0,"key":"DuplicationPotion"},{"floor":12.0,"key":"StancePotion"},{"floor":14.0,"key":"Strength Potion"},{"floor":19.0,"key":"Energy Potion"},{"floor":24.0,"key":"AttackPotion"},{"floor":35.0,"key":"Fire Potion"},{"floor":36.0,"key":"Energy Potion"},{"floor":46,"key":"CultistPotion"}],"is_trial":false,"path_per_floor":["M","?","T","$","M","R","M","R","T","R","?","M","R","M","R","B",null,"M","M","$","?","M","R","M","R","T","R","M","R","M","?","R","B",null,"M","M","$","?","M","E","R","M","T","?","?","M","$","M","R","B",null],"character_chosen":"WATCHER","items_purchased":["BattleHymn","Medical Kit","Strawberry","Centennial Puzzle"],"campfire_rested":3,"item_purchase_floors":[4,37,37,47],"current_hp_per_floor":[71,58,58,58,58,58,58,58,58,58,58,56,56,51,51,51,72,72,66,66,66,47,47,45,45,45,45,40,40,40,40,61,41,72,48,45,52,52,26,25,48,26,26,69,46,45,45,22,42,16],"gold":57,"neow_bonus":"ONE_RARE_RELIC","is_daily":false,"chose_seed":false,"campfire_upgraded":9,"win_rate":0.0,"timestamp":1608159981,"path_taken":["M","?","?","?","M","R","?","R","T","R","?","?","R","M","R","BOSS","M","M","$","?","?","R","M","R","T","R","M","R","M","?","R","BOSS","M","M","$","?","M","E","R","M","T","?","?","M","$","M","R","BOSS"],"items_purchased_type":["Card","Relic","Relic","Relic"],"build_version":"2020-12-13","purchased_purges":2,"victory":true,"max_hp_per_floor":[72,72,72,72,72,72,72,72,72,72,72,72,72,72,72,72,72,72,72,72,72,72,72,72,72,72,72,72,72,72,72,72,72,72,72,72,79,79,79,79,79,79,79,69,69,69,69,69,69,69],"card_choices":[{"not_picked":["SashWhip","JustLucky"],"picked":"Swivel","floor":1.0},{"not_picked":["Indignation","FollowUp"],"picked":"Prostrate","floor":5.0},{"not_picked":["Weave","Conclude"],"picked":"InnerPeace","floor":7.0},{"not_picked":[],"picked":"FlurryOfBlows","floor":11.0},{"not_picked":[],"picked":"Omniscience","floor":11.0},{"not_picked":["Evaluate","WreathOfFlame"],"picked":"WheelKick","floor":12.0},{"not_picked":["FlurryOfBlows","CrushJoints"],"picked":"SandsOfTime","floor":14.0},{"not_picked":["SpiritShield","DevaForm"],"picked":"MasterReality","floor":16.0},{"not_picked":["JustLucky","PathToVictory"],"picked":"SashWhip","floor":18.0},{"not_picked":["BowlingBash","Sanctity"],"picked":"Wallop","floor":19.0},{"not_picked":["Worship","CrushJoints"],"picked":"Consecrate","floor":22.0},{"not_picked":["Evaluate+1","Wireheading"],"picked":"Brilliance","floor":24.0},{"not_picked":["EmptyFist","Evaluate+1","ThirdEye"],"picked":"ClearTheMind+1","floor":28.0},{"not_picked":["Consecrate+1","Weave+1","CrushJoints"],"picked":"Brilliance","floor":30.0},{"not_picked":["Blasphemy","Alpha","Establishment"],"picked":"Devotion","floor":33.0},{"not_picked":["BowlingBash+1","CrushJoints","FlyingSleeves"],"picked":"Consecrate+1","floor":35.0},{"not_picked":["Wallop+1","PathToVictory","EmptyBody"],"picked":"Fasting2","floor":36.0},{"not_picked":["EmptyMind","SpiritShield","ReachHeaven"],"picked":"Worship+1","floor":39.0},{"not_picked":["Meditate","Study+1","BowlingBash"],"picked":"CrushJoints+1","floor":40.0},{"not_picked":["Halt","Evaluate","WaveOfTheHand","PathToVictory+1"],"picked":"SKIP","floor":42.0},{"not_picked":["Fasting2+1","SashWhip","CutThroughFate+1"],"picked":"Crescendo+1","floor":45},{"not_picked":["ConjureBlade","Tantrum","CutThroughFate"],"picked":"DeceiveReality+1","floor":46},{"not_picked":["ThirdEye+1","CrushJoints","CutThroughFate+1","FlyingSleeves"],"picked":"SKIP","floor":48}],"player_experience":186939,"relics_obtained":[{"floor":3.0,"key":"PreservedInsect"},{"floor":9.0,"key":"Sundial"},{"floor":26.0,"key":"Question Card"},{"floor":40.0,"key":"Pen Nib"},{"floor":43.0,"key":"Meat on the Bone"},{"floor":45,"key":"Gambling Chip"}],"event_choices":[{"damage_healed":71.0,"max_hp_gain":0.0,"max_hp_loss":72.0,"gold_gain":0.0,"event_name":"betterThird:BetterShining","player_choice":"Upgrade","floor":2.0,"gold_loss":0.0,"damage_taken":14.0,"cards_upgraded":["Defend_P","Strike_P"]},{"damage_healed":0.0,"max_hp_gain":0.0,"max_hp_loss":0.0,"gold_gain":0.0,"event_name":"N\u0027loth","player_choice":"Ignored","floor":21.0,"gold_loss":0.0,"damage_taken":0.0},{"damage_healed":0.0,"max_hp_gain":0.0,"max_hp_loss":0.0,"gold_gain":0.0,"event_name":"Ghosts","player_choice":"Ignored","floor":31.0,"gold_loss":0.0,"damage_taken":0.0},{"damage_healed":0.0,"max_hp_gain":0.0,"max_hp_loss":0.0,"gold_gain":0.0,"event_name":"Tomb of Lord Red Mask","player_choice":"Paid","floor":38.0,"gold_loss":2.0,"damage_taken":0.0,"relics_obtained":["Red Mask"]},{"damage_healed":69.0,"max_hp_gain":0.0,"max_hp_loss":10.0,"gold_gain":0.0,"event_name":"The Moai Head","player_choice":"Heal","floor":44.0,"gold_loss":0.0,"damage_taken":0.0},{"damage_healed":0.0,"max_hp_gain":0.0,"max_hp_loss":0.0,"gold_gain":0.0,"event_name":"MindBloom","player_choice":"Fight","floor":45.0,"gold_loss":0.0,"damage_taken":0.0}],"is_beta":false,"boss_relics":[{"not_picked":["Tiny House","SlaversCollar"],"picked":"Philosopher\u0027s Stone"},{"not_picked":["Snecko Eye","Coffee Dripper"],"picked":"Empty Cage"}],"items_purged_floors":[20,20],"is_endless":false,"potions_floor_spawned":[5,7,12,14,19,24,30,35,36,46],"ascension_level":3}}