{"host":"bpszg8uald72z2zd","time":1608133760,"event":{"mods":["AchievementEnabler","BaseMod","Colored Map","DeckTracker","Keyboard Shortcuts","Minty Spire (QoL Compilation)","Relic Stats","SuperFastMode"],"gold_per_floor":[116,66,78,78,78,78,110,125,125,125,50,65,79,0,0,0,0],"floor_reached":16,"playtime":260,"items_purged":["Defend_P"],"score":150,"play_id":"c0173b2d-e7ce-4f95-a3b1-8945f2528e8b","local_time":"20201217004920","is_ascension_mode":true,"campfire_choices":[{"data":"Eruption","floor":6.0,"key":"SMITH"},{"data":"ConjureBlade","floor":10.0,"key":"SMITH"},{"floor":15,"key":"REST"}],"circlet_count":0,"master_deck":["AscendersBane","Strike_P","Strike_P","Strike_P","Defend_P","Defend_P","Defend_P","Eruption+1","Vigilance","FollowUp","Consecrate","ConjureBlade+1","CrushJoints","Adaptation","Tantrum"],"relics":["PureWater","White Beast Statue","Toy Ornithopter","Ornamental Fan"],"acts_visited":["Exordium"],"potions_floor_usage":[16,16,16],"damage_taken":[{"damage":0.0,"enemies":"Cultist","floor":1.0,"turns":3.0},{"damage":0.0,"enemies":"Small Slimes","floor":3.0,"turns":3.0},{"damage":15.0,"enemies":"Gremlin Nob","floor":7.0,"turns":4.0},{"damage":0.0,"enemies":"2 Louse","floor":8.0,"turns":2.0},{"damage":0.0,"enemies":"Large Slime","floor":12.0,"turns":3.0},{"damage":17.0,"enemies":"Gremlin Gang","floor":13.0,"turns":4.0},{"damage":46,"enemies":"The Guardian","floor":16,"turns":6}],"seed_played":"-6268989331691647539","potions_obtained":[{"floor":7.0,"key":"StancePotion"},{"floor":8.0,"key":"Strength Potion"},{"floor":12.0,"key":"Dexterity Potion"}],"is_trial":false,"path_per_floor":["M","?","M","?","?","R","E","M","T","R","$","M","M","$","R","B"],"character_chosen":"WATCHER","items_purchased":["Tantrum"],"campfire_rested":1,"item_purchase_floors":[14],"current_hp_per_floor":[65,65,65,65,53,53,38,38,38,38,38,38,21,21,42,11,11],"gold":0,"neow_bonus":"THREE_CARDS","is_daily":false,"chose_seed":false,"campfire_upgraded":2,"win_rate":0.0,"timestamp":1608133760,"path_taken":["M","?","M","?","?","R","E","M","T","R","$","M","M","$","R","BOSS"],"items_purchased_type":["Card"],"build_version":"2020-12-13","purchased_purges":1,"victory":false,"max_hp_per_floor":[72,72,72,72,72,72,72,72,72,72,72,72,72,72,72,72,72],"relic_stats":{"counters":[7,25],"Ornamental Fan":[20],"obtain_stats":[{"Ornamental Fan":9,"PureWater":0,"White Beast Statue":5,"Toy Ornithopter":7},{"Ornamental Fan":4,"PureWater":0,"White Beast Statue":2,"Toy Ornithopter":3},{"Ornamental Fan":12,"PureWater":0,"White Beast Statue":6,"Toy Ornithopter":10}],"Toy Ornithopter":15},"card_choices":[{"not_picked":["Evaluate","SignatureMove"],"picked":"FollowUp","floor":0.0},{"not_picked":["Prostrate","BattleHymn"],"picked":"Consecrate","floor":1.0},{"not_picked":["FollowUp","Perseverance","ClearTheMind"],"picked":"SKIP","floor":3.0},{"not_picked":["SandsOfTime","FollowUp"],"picked":"ConjureBlade","floor":7.0},{"not_picked":["EmptyFist","FollowUp","Crescendo"],"picked":"SKIP","floor":8.0},{"not_picked":["Evaluate","Conclude"],"picked":"CrushJoints","floor":12.0},{"not_picked":["PathToVictory","EmptyFist"],"picked":"Adaptation","floor":13.0}],"player_experience":430031,"relics_obtained":[{"floor":7.0,"key":"Toy Ornithopter"},{"floor":9.0,"key":"Ornamental Fan"}],"event_choices":[{"cards_removed":["Strike_P"],"damage_healed":0.0,"max_hp_gain":0.0,"max_hp_loss":0.0,"gold_gain":0.0,"event_name":"The Cleric","player_choice":"Card Removal","floor":2.0,"gold_loss":50.0,"damage_taken":0.0},{"damage_healed":0.0,"max_hp_gain":0.0,"max_hp_loss":0.0,"gold_gain":0.0,"event_name":"Liars Game","player_choice":"Ignored","floor":4.0,"gold_loss":0.0,"damage_taken":0.0},{"damage_healed":0.0,"max_hp_gain":0.0,"max_hp_loss":0.0,"gold_gain":0.0,"event_name":"Scrap Ooze","player_choice":"Success","floor":5.0,"gold_loss":0.0,"damage_taken":12.0,"relics_obtained":["White Beast Statue"]}],"is_beta":false,"boss_relics":[],"items_purged_floors":[11],"is_endless":false,"potions_floor_spawned":[7,8,12,13],"killed_by":"The Guardian","ascension_level":10}}