{"host":"sst22apzgpn07t8v","time":1608126756,"event":{"mods":["Act Like it!","BaseMod","Downfall","Hallownest","HololiveMod","Lobotomy","LobotomyExtend","Minty Spire (QoL Compilation)","Replay The Spire","Shop Mod","StSLib"],"gold_per_floor":[100,100,100,100,100,100,178,178,178,178,178,178,198,198,208,306,306,306,291,230,264,264,280,280,280,308,308,321,483,495,507,527,624,624,624,670,689,694,729,729,729,563,577,603,616,418,418,89,104,104],"floor_reached":51,"playtime":3793,"items_purged":[],"score":1602,"play_id":"e6b097f0-3908-4d79-a753-1833d3c5dd0e","local_time":"20201216215236","is_ascension_mode":false,"campfire_choices":[{"floor":35.0,"key":"RECALL"}],"circlet_count":0,"master_deck":["CENSORED","BigBird","LongBird","Woodsman","SpecialBullet","SpecialBullet","SpecialBullet","SpecialBullet","SpecialBullet","SpecialBullet","SpecialBullet","SpecialBullet","CentralCode","SecurityCode","InformationCode","SolemnVow+1","OSAHOGD","Justitia","OldLady","Gaze","LaLuna","WristCuter","CENSORED_ego","DisciplinaryCode","WristCuter","Twilight+1","FourthMatchFlame","SingingMachine","Ecstasy+1","ControlCode","InTheNameOfLoveAndHate+1","SomewhereSpear","FourthMatchFlame","FourthMatchFlame+1","Noise+1","ParadiseLost","DaCapo+1","RapturousDream+1","QueenOfHatred","expansioncontent:Collect","Apotheosis+1","Regret_ego","WristCuter","Noise","WristCuter","Diffraction","Freischutz","WristCuter+1","TT2Protocol"],"relics":["CogitoBucket","downfall:HeartsMalice","LetterFromLob","HornCleat","MagicBullet_r","PreservedInsect","Cursed Key","WantedRequest","Quantum Egg","Garlic","ReplayTheSpireMod:TigerMarble","Anchor","Logging_r","Justitia_r","ChewingGum","Replay:Multitool","downfall:HeartBlessingRed","Pen Nib","Lamp_r","Bottled Tornado","Strange Spoon","Heaven_r","Moonlight_r","Bottled Lightning","CENSORED_r"],"acts_visited":["Exordium","TheCity","TheBeyond"],"potions_floor_usage":[49],"damage_taken":[{"damage":0.0,"enemies":"Small Slimes","floor":2.0,"turns":1.0},{"damage":0.0,"enemies":"Cultist","floor":6.0,"turns":1.0},{"damage":0.0,"enemies":"2 Louse","floor":12.0,"turns":1.0},{"damage":0.0,"enemies":"Blue Slaver","floor":13.0,"turns":3.0},{"damage":1.0,"enemies":"3 Louse","floor":15.0,"turns":2.0},{"damage":43.0,"enemies":"downfall:Silent","floor":16.0,"turns":11.0},{"damage":0.0,"enemies":"downfall:FleeingMerchant","floor":19.0,"turns":4.0},{"damage":1.0,"enemies":"downfall:FleeingMerchant","floor":20.0,"turns":4.0},{"damage":45.0,"enemies":"Gremlin Leader","floor":21.0,"turns":4.0},{"damage":7.0,"enemies":"Chosen","floor":23.0,"turns":3.0},{"damage":20.0,"enemies":"Slavers","floor":26.0,"turns":2.0},{"damage":10.0,"enemies":"Shell Parasite","floor":28.0,"turns":2.0},{"damage":0.0,"enemies":"downfall:FleeingMerchant","floor":29.0,"turns":1.0},{"damage":16.0,"enemies":"Shelled Parasite and Fungi","floor":30.0,"turns":4.0},{"damage":36.0,"enemies":"Snake Plant","floor":31.0,"turns":4.0},{"damage":6.0,"enemies":"3 Cultists","floor":32.0,"turns":5.0},{"damage":20.0,"enemies":"downfall:Ironclad","floor":33.0,"turns":4.0},{"damage":4.0,"enemies":"2 Orb Walkers","floor":36.0,"turns":2.0},{"damage":3.0,"enemies":"3 Darklings","floor":37.0,"turns":2.0},{"damage":55.0,"enemies":"Reptomancer","floor":39.0,"turns":5.0},{"damage":20.0,"enemies":"3 Shapes","floor":43.0,"turns":6.0},{"damage":16,"enemies":"Giant Head","floor":44,"turns":4},{"damage":32,"enemies":"Transient","floor":45,"turns":5},{"damage":0,"enemies":"Transient","floor":47,"turns":1},{"damage":6,"enemies":"Maw","floor":49,"turns":4},{"damage":32,"enemies":"downfall:Watcher","floor":50,"turns":4},{"damage":55,"enemies":"Malkuth","floor":51,"turns":8},{"damage":13,"enemies":"Netzach","floor":51,"turns":7}],"seed_played":"-5839627819998070503","potions_obtained":[{"floor":13.0,"key":"Adrenaline Potion"},{"floor":28.0,"key":"Dexterity Potion"},{"floor":30.0,"key":"SteroidPotion"},{"floor":32.0,"key":"Flashbang"},{"floor":45,"key":"Strength Potion"},{"floor":49,"key":"Fruit Juice"}],"is_trial":false,"path_per_floor":["R","M","R","?","R","M","T","R","$","R","?","M","M","T","M","B",null,"R","$","$","E","?","M","T","R","E","R","M","$","M","M","M","B",null,"R","?","M","R","E","?","T","$","M","E","M","?","?","$","M","B",null],"character_chosen":"Angela","items_purchased":["FourthMatchFlame","SomewhereSpear","Anchor","Apotheosis","Strange Spoon","WristCuter","Diffraction","Bottled Lightning"],"campfire_rested":0,"item_purchase_floors":[20,29,29,42,46,46,48,48],"current_hp_per_floor":[70,70,70,70,70,70,70,70,70,70,75,75,75,75,75,61,75,75,75,75,62,62,75,75,75,75,75,75,75,75,62,75,75,75,75,75,75,75,68,68,68,68,79,83,77,77,35,35,84,92],"gold":104,"neow_bonus":"THREE_ENEMY_KILL","is_daily":false,"chose_seed":false,"campfire_upgraded":0,"win_rate":0.0,"timestamp":1608126756,"path_taken":["R","M","R","?","R","M","T","R","?","R","?","M","M","?","M","BOSS","R","$","$","E","?","?","T","R","E","R","M","$","M","M","M","BOSS","R","?","M","R","E","?","T","$","M","E","M","?","?","$","M","BOSS"],"items_purchased_type":["Card","Card","Relic","Card","Relic","Card","Card","Relic"],"build_version":"2020-12-13","purchased_purges":0,"victory":true,"max_hp_per_floor":[70,70,70,70,70,70,70,70,70,70,75,75,75,75,75,75,75,75,75,75,75,75,75,75,75,75,75,75,75,75,75,75,75,75,75,75,75,75,79,79,79,79,79,83,83,83,83,83,92,92],"card_choices":[{"not_picked":["Galaxy"],"picked":"SolemnVow","floor":2.0},{"not_picked":["CUTE","CherryBlossom"],"picked":"SKIP","floor":6.0},{"not_picked":["LittlePrince","MeatLantern"],"picked":"OSAHOGD","floor":12.0},{"not_picked":["Soda"],"picked":"Justitia","floor":12.0},{"not_picked":["PunishingBird","Bloodbath"],"picked":"OldLady","floor":13.0},{"not_picked":["RedEyes"],"picked":"Gaze","floor":13.0},{"not_picked":["GalaxyChild","Scarecrow"],"picked":"LaLuna","floor":15.0},{"not_picked":["SoundOfStar"],"picked":"WristCuter","floor":15.0},{"not_picked":["Justitia"],"picked":"CENSORED_ego","floor":16.0},{"not_picked":["DespairKnight","Murderer"],"picked":"Mercenary","floor":19.0},{"not_picked":["RedEyes"],"picked":"WristCuter","floor":19.0},{"not_picked":["Reverberation"],"picked":"Twilight","floor":20.0},{"not_picked":["Alriune","UniverseFragment"],"picked":"SingingMachine","floor":21.0},{"not_picked":["ParadiseLost"],"picked":"Ecstasy+1","floor":21.0},{"not_picked":["CherryBlossom","Tough+1"],"picked":"SKIP","floor":23.0},{"not_picked":["CherryBlossoms","CrumblingArmor"],"picked":"BigBird","floor":26.0},{"not_picked":["Soda","TheSmile"],"picked":"SKIP","floor":26.0},{"not_picked":["GreedKing","VoidDream"],"picked":"Woodsman","floor":28.0},{"not_picked":["CUTE","Regret_ego"],"picked":"SKIP","floor":28.0},{"not_picked":["Murderer","PunishingBird"],"picked":"LongBird","floor":29.0},{"not_picked":["Noise"],"picked":"InTheNameOfLoveAndHate+1","floor":29.0},{"not_picked":["CUTE"],"picked":"FourthMatchFlame","floor":30.0},{"not_picked":["MagicBullet"],"picked":"FourthMatchFlame+1","floor":31.0},{"not_picked":["TheSmile"],"picked":"Noise+1","floor":32.0},{"not_picked":["TheSmile"],"picked":"ParadiseLost","floor":33.0},{"not_picked":["Penitence"],"picked":"DaCapo","floor":36.0},{"not_picked":["Horn+1"],"picked":"RapturousDream+1","floor":37.0},{"not_picked":["Yin","Laetitia"],"picked":"QueenOfHatred","floor":39.0},{"not_picked":["Harvest","SwordSharpenedByTears"],"picked":"SKIP","floor":39.0},{"not_picked":["Replay:SS_hec_4"],"picked":"expansioncontent:Collect","floor":40.0},{"not_picked":["Horn+1"],"picked":"Regret_ego","floor":43},{"not_picked":["Bloodbath","BlackArmy"],"picked":"CENSORED","floor":44},{"not_picked":["Penitence+1"],"picked":"WristCuter","floor":44},{"not_picked":["TodaysExpression+1"],"picked":"Noise","floor":45},{"not_picked":["GalaxyChild","DreamingCurrent"],"picked":"Freischutz","floor":49},{"not_picked":["BlackSwan_ego+1"],"picked":"WristCuter+1","floor":49}],"player_experience":157968,"relics_obtained":[{"floor":2.0,"key":"LetterFromLob"},{"floor":7.0,"key":"HornCleat"},{"floor":14.0,"key":"PreservedInsect"},{"floor":21.0,"key":"Quantum Egg"},{"floor":24.0,"key":"Garlic"},{"floor":26.0,"key":"ReplayTheSpireMod:TigerMarble"},{"floor":36.0,"key":"Replay:Multitool"},{"floor":39.0,"key":"Pen Nib"},{"floor":44,"key":"Bottled Tornado"}],"event_choices":[{"damage_healed":0.0,"max_hp_gain":0.0,"max_hp_loss":0.0,"gold_gain":0.0,"event_name":"Upgrade Shrine","player_choice":"Upgraded","floor":4.0,"gold_loss":0.0,"damage_taken":0.0,"cards_upgraded":["SolemnVow"]},{"damage_healed":0.0,"max_hp_gain":5.0,"max_hp_loss":0.0,"gold_gain":0.0,"event_name":"Big Fish","player_choice":"Donut","floor":11.0,"gold_loss":0.0,"damage_taken":0.0},{"damage_healed":0.0,"max_hp_gain":0.0,"max_hp_loss":0.0,"gold_gain":0.0,"event_name":"Accursed Blacksmith","player_choice":"Forge","floor":22.0,"gold_loss":0.0,"damage_taken":0.0,"cards_upgraded":["Twilight"]},{"damage_healed":0.0,"max_hp_gain":0.0,"max_hp_loss":0.0,"gold_gain":0.0,"event_name":"Mysterious Sphere","player_choice":"Fight","floor":36.0,"gold_loss":0.0,"damage_taken":0.0}],"is_beta":false,"boss_relics":[{"not_picked":["Philosopher\u0027s Stone","Tiny House"],"picked":"Cursed Key"},{"not_picked":["Runic Dome","Astrolabe"],"picked":"ChewingGum"}],"items_purged_floors":[],"is_endless":false,"potions_floor_spawned":[13,28,30,32,37,45,47,49],"ascension_level":0}}