{"host":"xt86it2r6tj4p7je","time":1608078568,"event":{"mods":["Act Like it!","AlwaysNeverKeys","Aspiration","BaseMod","Better Altar","Better Match","Better Note","Better Sensory Stone","Better Skull","Better Third Choice","Card Forge","Clockwork Mod","Conspire","Defuse TimeMaze Blight","Downfall","Elementarium","Energized Spire","Friendly Minions","GifTheSpireLib","Hubris","Key Reminder","Minty Spire (QoL Compilation)","StSLib","The Construct","The Cursed","The Hierophant","The Judge","The Witch","Uncapped","thorton"],"gold_per_floor":[111,186,202,102,102,102,136,136,136,153,153,153,163,178,178,275,275,288,301,317,267,281,281,314,314,341,360,372,372,83,100,100,204,204,221,221,242,262,114,162,162,202,202,270,320,320,403,455,455,455,455],"floor_reached":50,"playtime":4282,"items_purged":[],"score":901,"play_id":"a6893976-7ffc-479b-84ad-b8e4d77147b4","local_time":"20201215192928","is_ascension_mode":false,"campfire_choices":[{"floor":6.0,"key":"REST"},{"data":"Metamorphosis","floor":12.0,"key":"SMITH"},{"data":"Ghostly","floor":15.0,"key":"SMITH"},{"floor":23.0,"key":"REST"},{"floor":25.0,"key":"REST"},{"floor":32.0,"key":"REST"},{"floor":41.0,"key":"REST"},{"floor":46,"key":"REST"},{"floor":49,"key":"REST"}],"circlet_count":0,"master_deck":["TheCursedMod:CleanUpWorkshop","TheCursedMod:CursedSpellbook","TheCursedMod:CursedArmor","TheCursedMod:SpitefulPlan","TheCursedMod:LuckyCharm","TheCursedMod:ShockAndAwe","TheCursedMod:CircleOfBlood","TheCursedMod:CircleOfFocus","TheCursedMod:CircleOfAmplification","TheCursedMod:VoidForm+1","TheCursedMod:DarkBarrier","TheCursedMod:CursedStaff","TheCursedMod:CursedAmulet","Ghostly+1","TheCursedMod:LuckyCharm","TheCursedMod:CursedShiv","Metamorphosis+1","TheCursedMod:LuckyCharm","TheCursedMod:CursedAmulet","TheCursedMod:CollectTribute","TheCursedMod:RapidMovement","TheCursedMod:FleshFromBone","TheCursedMod:ManaBullet","TheCursedMod:HellsGateOpen","TheCursedMod:CursedShiv+1","TheCursedMod:SoulCrush+1","TheCursedMod:DarkBarrier","TheCursedMod:CircleOfFlame+1","TheCursedMod:VoidForm","TheCursedMod:StingEye+1","hubris:Greed","TheCursedMod:ReleasedStrength","hubris:Greed","TheCursedMod:CircleOfCorruption+1","TheCursedMod:SpitefulPlan","hubris:Greed","hubris:Greed","hubris:Greed","TheCursedMod:CircleOfCorruption+1","hubris:Greed","hubris:Greed","TheCursedMod:LuckyCharm+1","TheCursedMod:SmokeScreen+1","TheCursedMod:CursedBlade+1","TheCursedMod:LuckyCharm"],"relics":["TheCursedMod:OminousMark","Ice Cream","conspire:DecoderRing","Fusion Hammer","Guardian:PocketSentry","Happy Flower","hubris:64BitClover","Philosopher\u0027s Stone","conspire:BottledYoYo","Gremlin Horn","Blood Vial","Bottled Flame","construct:RocketBooster"],"acts_visited":["Exordium","TheCity","TheBeyond"],"potions_floor_usage":[47],"damage_taken":[{"damage":13.0,"enemies":"Small Slimes","floor":1.0,"turns":4.0},{"damage":2.0,"enemies":"2 Louse","floor":3.0,"turns":2.0},{"damage":0.0,"enemies":"Gremlin Nob","floor":7.0,"turns":4.0},{"damage":1.0,"enemies":"conspire:RoseBush","floor":10.0,"turns":4.0},{"damage":2.0,"enemies":"3 Louse","floor":13.0,"turns":3.0},{"damage":1.0,"enemies":"Blue Slaver","floor":14.0,"turns":3.0},{"damage":5.0,"enemies":"Slime Boss","floor":16.0,"turns":5.0},{"damage":8.0,"enemies":"Spheric Guardian","floor":18.0,"turns":4.0},{"damage":5.0,"enemies":"conspire:FuzzyDice","floor":19.0,"turns":4.0},{"damage":24.0,"enemies":"Centurion and Healer","floor":20.0,"turns":4.0},{"damage":21.0,"enemies":"Snake Plant","floor":22.0,"turns":5.0},{"damage":0.0,"enemies":"conspire:SneckoGhost","floor":24.0,"turns":8.0},{"damage":15.0,"enemies":"Chosen and Byrds","floor":27.0,"turns":5.0},{"damage":0.0,"enemies":"3 Cultists","floor":28.0,"turns":4.0},{"damage":15.0,"enemies":"Cultist and Chosen","floor":31.0,"turns":4.0},{"damage":0.0,"enemies":"conspire:MysteriousRune","floor":33.0,"turns":5.0},{"damage":1.0,"enemies":"Orb Walker","floor":35.0,"turns":2.0},{"damage":6.0,"enemies":"3 Darklings","floor":37.0,"turns":5.0},{"damage":30.0,"enemies":"Jaw Worm Horde","floor":38.0,"turns":4.0},{"damage":0.0,"enemies":"Nemesis","floor":40.0,"turns":5.0},{"damage":1.0,"enemies":"Writhing Mass","floor":42.0,"turns":3.0},{"damage":19,"enemies":"Giant Head","floor":44,"turns":5},{"damage":25,"enemies":"Spire Growth","floor":45,"turns":6},{"damage":21,"enemies":"2 Orb Walkers","floor":47,"turns":5},{"damage":9,"enemies":"3 Darklings","floor":48,"turns":5},{"damage":60,"enemies":"hubris:GrandSnecko","floor":50,"turns":7}],"seed_played":"-1196389646280978264","potions_obtained":[{"floor":3.0,"key":"FearPotion"},{"floor":10.0,"key":"BlessingOfTheForge"},{"floor":18.0,"key":"champ:CounterPotion"},{"floor":22.0,"key":"Explosive Potion"},{"floor":24.0,"key":"Weak Potion"},{"floor":27.0,"key":"Block Potion"},{"floor":29.0,"key":"Dexterity Potion"},{"floor":29.0,"key":"TheCursedMod:DregsPotion"},{"floor":29.0,"key":"SkillPotion"},{"floor":35.0,"key":"Weak Potion"},{"floor":40.0,"key":"Strength Potion"},{"floor":42.0,"key":"SneckoOil"},{"floor":48,"key":"SpeedPotion"}],"is_trial":false,"path_per_floor":["M","?","M","?","?","R","E","?","T","M","?","R","M","M","R","B",null,"M","M","M","?","M","R","E","R","T","M","M","?","$","M","R","B",null,"M","?","M","M","$","E","R","M","T","E","M","R","?","M","R","B"],"character_chosen":"THE_CURSED","items_purchased":["hubris:64BitClover","TheCursedMod:SpitefulPlan","Regen Potion"],"campfire_rested":7,"item_purchase_floors":[30,39,39],"current_hp_per_floor":[62,51,51,51,54,77,77,77,77,77,77,77,77,78,78,73,78,72,71,47,47,30,53,53,76,76,61,61,61,61,52,75,75,78,77,77,72,46,46,60,78,77,77,58,37,60,41,34,57,0,0],"gold":455,"neow_bonus":"ONE_RANDOM_RARE_CARD","is_daily":false,"chose_seed":false,"campfire_upgraded":2,"win_rate":0.0,"timestamp":1608078568,"path_taken":["M","?","M","?","?","R","E","?","T","M","?","R","M","?","R","BOSS","M","M","M","?","?","R","E","R","T","M","M","?","$","M","R","BOSS","M","?","M","M","?","E","R","M","T","E","M","R","?","M","R","BOSS"],"items_purchased_type":["Relic","Card","Potion"],"build_version":"2020-12-13","purchased_purges":0,"victory":false,"max_hp_per_floor":[75,75,75,75,78,78,78,78,78,78,78,78,78,78,78,78,78,78,78,78,78,78,78,78,78,78,78,78,78,78,78,78,78,78,78,78,78,78,78,78,78,78,78,78,78,78,78,78,78,78,78],"card_choices":[{"not_picked":["TheCursedMod:TroublousMinions","TheCursedMod:CursedMace"],"picked":"TheCursedMod:CursedStaff","floor":1.0},{"not_picked":["TheCursedMod:CircleOfAmplification","TheCursedMod:TroublousMinions"],"picked":"TheCursedMod:CursedAmulet","floor":3.0},{"not_picked":["TheCursedMod:Torture","TheCursedMod:CircleOfCorruption"],"picked":"TheCursedMod:LuckyCharm","floor":7.0},{"not_picked":["TheCursedMod:CursedBoomerang","TheCursedMod:CursedMace"],"picked":"TheCursedMod:CursedShiv","floor":10.0},{"not_picked":["expansioncontent:SlimeTackle","Transmutation"],"picked":"Metamorphosis","floor":11.0},{"not_picked":["TheCursedMod:CursedMace","TheCursedMod:BloodBarrier"],"picked":"TheCursedMod:LuckyCharm","floor":13.0},{"not_picked":["TheCursedMod:CircleOfBlood","TheCursedMod:AbyssShockwave"],"picked":"TheCursedMod:CursedAmulet","floor":14.0},{"not_picked":["TheCursedMod:DarkBarrier","TheCursedMod:OutForBlood"],"picked":"TheCursedMod:CollectTribute","floor":16.0},{"not_picked":["TheCursedMod:Evocation","TheCursedMod:Torture"],"picked":"TheCursedMod:RapidMovement","floor":18.0},{"not_picked":["TheCursedMod:SpreadPlague+1","TheCursedMod:CircleOfCorruption"],"picked":"TheCursedMod:FleshFromBone","floor":19.0},{"not_picked":["TheCursedMod:Grudge","TheCursedMod:AshesToAshes"],"picked":"TheCursedMod:ManaBullet","floor":20.0},{"not_picked":["TheCursedMod:CircleOfCorruption+1","TheCursedMod:CursedAmulet"],"picked":"TheCursedMod:HellsGateOpen","floor":22.0},{"not_picked":["TheCursedMod:CursedMace","TheCursedMod:StunningStrike"],"picked":"TheCursedMod:CursedShiv+1","floor":24.0},{"not_picked":["TheCursedMod:CursedBlade","TheCursedMod:CursedMace+1"],"picked":"TheCursedMod:SoulCrush+1","floor":27.0},{"not_picked":["TheCursedMod:SmokeScreen","TheCursedMod:CursedAmulet"],"picked":"TheCursedMod:DarkBarrier","floor":28.0},{"not_picked":["TheCursedMod:Obscuration+1","TheCursedMod:VitalStrike"],"picked":"TheCursedMod:CircleOfFlame+1","floor":31.0},{"not_picked":["TheCursedMod:ParallelWorld","TheCursedMod:NeowsMight"],"picked":"TheCursedMod:VoidForm","floor":33.0},{"not_picked":["TheCursedMod:SurpriseAttack+1","TheCursedMod:SmokeScreen+1"],"picked":"TheCursedMod:StingEye+1","floor":35.0},{"not_picked":["TheCursedMod:RapidMovement+1","TheCursedMod:CircleOfFocus+1"],"picked":"TheCursedMod:ReleasedStrength","floor":37.0},{"not_picked":["TheCursedMod:Stretching+1","TheCursedMod:Torture"],"picked":"TheCursedMod:CircleOfCorruption+1","floor":38.0},{"not_picked":["TheCursedMod:NeowsMight","TheCursedMod:SmokeScreen","TheCursedMod:TacticalStrike"],"picked":"SKIP","floor":40.0},{"not_picked":["TheCursedMod:SmokeScreen+1","TheCursedMod:Obscuration+1"],"picked":"TheCursedMod:CircleOfCorruption+1","floor":42.0},{"not_picked":["TheCursedMod:CursedStaff+1","TheCursedMod:TacticalStrike"],"picked":"TheCursedMod:LuckyCharm+1","floor":44},{"not_picked":["TheCursedMod:Stretching+1","TheCursedMod:CursedMace+1"],"picked":"TheCursedMod:SmokeScreen+1","floor":45},{"not_picked":["TheCursedMod:PrepareRite+1","TheCursedMod:Wield"],"picked":"TheCursedMod:CursedBlade+1","floor":47},{"not_picked":["TheCursedMod:CircleOfFlame","TheCursedMod:CursedSpellbook+1"],"picked":"TheCursedMod:LuckyCharm","floor":48}],"player_experience":240422,"relics_obtained":[{"floor":7.0,"key":"Ice Cream"},{"floor":9.0,"key":"conspire:DecoderRing"},{"floor":24.0,"key":"Guardian:PocketSentry"},{"floor":26.0,"key":"Happy Flower"},{"floor":40.0,"key":"conspire:BottledYoYo"},{"floor":43.0,"key":"Gremlin Horn"},{"floor":44,"key":"Blood Vial"},{"floor":45,"key":"Bottled Flame"},{"floor":47,"key":"construct:RocketBooster"}],"event_choices":[{"damage_healed":0.0,"max_hp_gain":0.0,"max_hp_loss":0.0,"gold_gain":75.0,"event_name":"betterThird:BetterGoop","player_choice":"Gold","floor":2.0,"gold_loss":0.0,"damage_taken":11.0},{"damage_healed":0.0,"max_hp_gain":0.0,"max_hp_loss":0.0,"gold_gain":0.0,"event_name":"conspire:LoneGhost","player_choice":"Argue","floor":4.0,"gold_loss":0.0,"damage_taken":0.0},{"damage_healed":0.0,"max_hp_gain":0.0,"max_hp_loss":0.0,"gold_gain":0.0,"event_name":"Living Wall","player_choice":"Grow","floor":8.0,"gold_loss":0.0,"damage_taken":0.0,"cards_upgraded":["TheCursedMod:VoidForm"]},{"damage_healed":0.0,"max_hp_gain":0.0,"max_hp_loss":0.0,"gold_gain":1.0,"event_name":"betterStone:BetterStone","player_choice":"1","floor":11.0,"gold_loss":0.0,"damage_taken":0.0},{"damage_healed":0.0,"max_hp_gain":0.0,"max_hp_loss":0.0,"gold_gain":0.0,"event_name":"The Joust","player_choice":"Bet on Murderer","floor":21.0,"gold_loss":50.0,"damage_taken":0.0},{"damage_healed":0.0,"max_hp_gain":0.0,"max_hp_loss":0.0,"gold_gain":0.0,"event_name":"Lab","player_choice":"Got Potions","floor":29.0,"gold_loss":0.0,"damage_taken":0.0},{"damage_healed":0.0,"max_hp_gain":0.0,"max_hp_loss":0.0,"gold_gain":0.0,"event_name":"Purifier","player_choice":"Ignored","floor":36.0,"gold_loss":0.0,"damage_taken":0.0},{"damage_healed":0,"gold_gain":0,"player_choice":"Fight","damage_taken":0,"max_hp_gain":0,"max_hp_loss":0,"event_name":"Mysterious Sphere","floor":47,"gold_loss":0}],"is_beta":false,"boss_relics":[{"not_picked":["thethorton:CrushedCigarette","Empty Cage"],"picked":"Fusion Hammer"},{"not_picked":["conspire:SpecialSausage","Tiny House"],"picked":"Philosopher\u0027s Stone"}],"items_purged_floors":[],"is_endless":false,"potions_floor_spawned":[3,10,18,22,24,27,35,40,42,48],"killed_by":"hubris:GrandSnecko","ascension_level":0}}