{"host":"a9gsz7kv8aebwp1f","time":1608149833,"event":{"mods":["AchievementEnabler","BaseMod","Minty Spire (QoL Compilation)"],"gold_per_floor":[118,118,136,147,158,158,171,171,171,199,199,222,222,252,252,376,376,399,399,419,65,80,80,120,141,141,141,160,160,73,73,73,73,73],"floor_reached":33,"playtime":1103,"items_purged":["Darkness+1"],"score":427,"play_id":"fa723ffb-9f8b-476f-80a5-68984afb5b36","local_time":"20201217051713","is_ascension_mode":true,"campfire_choices":[{"data":"Reprogram","floor":6,"key":"SMITH"},{"data":"White Noise","floor":8,"key":"SMITH"},{"floor":13,"key":"REST"},{"data":"Injury","floor":15,"key":"PURGE"},{"floor":23,"key":"REST"},{"floor":27,"key":"REST"},{"floor":32,"key":"REST"}],"circlet_count":0,"master_deck":["AscendersBane","Strike_B","Strike_B","Strike_B","Strike_B","Defend_B","Defend_B","Dualcast+1","White Noise+1","Conserve Battery","Leap","Reprogram+1","Hello World","Sweeping Beam","Gash","Hyperbeam","Hyperbeam+1","Fusion+1","Stack+1","Panacea","All For One","Beam Cell","Deep Breath","FTL","Melter+1","Steam","Beam Cell","Auto Shields","Decay"],"relics":["Cracked Core","Vajra","Thread and Needle","Torii","Golden Idol","Peace Pipe","Astrolabe","Blood Vial","Bronze Scales","Letter Opener","MutagenicStrength"],"acts_visited":["Exordium","TheCity"],"potions_floor_usage":[20,25,25,33],"damage_taken":[{"damage":0,"enemies":"2 Louse","floor":1,"turns":1},{"damage":1,"enemies":"Cultist","floor":3,"turns":3},{"damage":0,"enemies":"Small Slimes","floor":4,"turns":3},{"damage":19,"enemies":"3 Louse","floor":5,"turns":5},{"damage":0,"enemies":"Red Slaver","floor":7,"turns":4},{"damage":26,"enemies":"Lagavulin","floor":10,"turns":7},{"damage":0,"enemies":"Looter","floor":12,"turns":4},{"damage":16,"enemies":"Hexaghost","floor":16,"turns":13},{"damage":7,"enemies":"Chosen","floor":18,"turns":3},{"damage":10,"enemies":"3 Byrds","floor":20,"turns":4},{"damage":6,"enemies":"Snecko","floor":22,"turns":4},{"damage":38,"enemies":"Slavers","floor":24,"turns":4},{"damage":8,"enemies":"Shelled Parasite and Fungi","floor":25,"turns":5},{"damage":22,"enemies":"Centurion and Healer","floor":28,"turns":2},{"damage":61,"enemies":"Collector","floor":33,"turns":7}],"seed_played":"-3716424745394751528","potions_obtained":[{"floor":1,"key":"PotionOfCapacity"},{"floor":3,"key":"FocusPotion"},{"floor":7,"key":"Explosive Potion"},{"floor":20,"key":"EssenceOfDarkness"},{"floor":24,"key":"Dexterity Potion"},{"floor":25,"key":"Fruit Juice"}],"is_trial":false,"path_per_floor":["M","?","M","M","M","R","M","R","T","E","?","M","R","?","R","B",null,"M","?","M","$","M","R","E","M","T","R","M","?","$","?","R","B"],"character_chosen":"DEFECT","items_purchased":["Blood Vial","Deep Breath","FTL","Auto Shields","Fire Potion"],"campfire_rested":4,"item_purchase_floors":[21,21,21,30,30],"current_hp_per_floor":[68,68,67,67,48,48,48,48,48,22,22,22,44,44,44,28,63,56,56,46,46,42,64,28,27,27,51,31,31,31,31,55,0,0],"gold":73,"neow_bonus":"RANDOM_COMMON_RELIC","is_daily":false,"chose_seed":false,"campfire_upgraded":2,"win_rate":0.0,"timestamp":1608149833,"path_taken":["M","?","M","?","M","R","M","R","T","E","?","M","R","?","R","BOSS","M","?","?","?","M","R","E","M","T","R","M","?","?","?","R","BOSS"],"items_purchased_type":["Relic","Card","Card","Card","Potion"],"build_version":"2020-12-13","purchased_purges":1,"victory":false,"max_hp_per_floor":[75,75,75,75,75,75,75,75,75,75,75,75,75,75,75,75,75,75,75,75,75,75,75,75,80,80,80,80,80,80,80,80,80,80],"card_choices":[{"not_picked":["Beam Cell","Conserve Battery"],"picked":"White Noise","floor":1},{"not_picked":["Recycle","Hologram"],"picked":"Conserve Battery","floor":3},{"not_picked":["Sweeping Beam","Steam Power"],"picked":"Leap","floor":4},{"not_picked":["Darkness","Redo"],"picked":"Reprogram","floor":5},{"not_picked":["Heatsinks","Consume"],"picked":"Hello World","floor":7},{"not_picked":["Ball Lightning","Skim"],"picked":"Sweeping Beam","floor":10},{"not_picked":["Sunder","Darkness"],"picked":"Gash","floor":12},{"not_picked":["Amplify","Seek"],"picked":"Hyperbeam","floor":16},{"not_picked":["Redo","Coolheaded+1"],"picked":"Stack+1","floor":18},{"not_picked":["Coolheaded+1","Glacier"],"picked":"Beam Cell","floor":20},{"not_picked":["Leap","Cold Snap"],"picked":"Melter+1","floor":22},{"not_picked":["Machine Learning","Beam Cell"],"picked":"Steam","floor":24},{"not_picked":["Loop","Hologram"],"picked":"Beam Cell","floor":25},{"not_picked":["Heatsinks","Cold Snap","Darkness+1"],"picked":"SKIP","floor":28}],"player_experience":427642,"relics_obtained":[{"floor":9,"key":"Thread and Needle"},{"floor":10,"key":"Torii"},{"floor":24,"key":"Bronze Scales"},{"floor":26,"key":"Letter Opener"}],"event_choices":[{"damage_healed":0,"gold_gain":0,"player_choice":"Upgraded","damage_taken":0,"max_hp_gain":0,"max_hp_loss":0,"event_name":"Upgrade Shrine","floor":2,"gold_loss":0,"cards_upgraded":["Dualcast"]},{"damage_healed":0,"gold_gain":0,"player_choice":"Take Wound","damage_taken":0,"relics_obtained":["Golden Idol"],"max_hp_gain":0,"max_hp_loss":0,"event_name":"Golden Idol","floor":11,"gold_loss":0,"cards_obtained":["Injury"]},{"damage_healed":0,"gold_gain":30,"player_choice":"Searched \u00272\u0027 times","damage_taken":0,"relics_obtained":["Peace Pipe"],"max_hp_gain":0,"max_hp_loss":0,"event_name":"Dead Adventurer","floor":14,"gold_loss":0},{"damage_healed":0,"gold_gain":0,"player_choice":"2 cards matched","damage_taken":0,"max_hp_gain":0,"max_hp_loss":0,"event_name":"Match and Keep!","floor":19,"gold_loss":0,"cards_obtained":["Panacea","All For One"]},{"damage_healed":0,"gold_gain":0,"player_choice":"Inject Mutagens","damage_taken":0,"relics_obtained":["MutagenicStrength"],"max_hp_gain":0,"max_hp_loss":0,"event_name":"Drug Dealer","floor":29,"gold_loss":0},{"damage_healed":0,"gold_gain":0,"player_choice":"Cursed","damage_taken":0,"max_hp_gain":0,"max_hp_loss":0,"event_name":"Wheel of Change","floor":31,"gold_loss":0,"cards_obtained":["Decay"]}],"is_beta":false,"boss_relics":[{"not_picked":["Velvet Choker","Runic Pyramid"],"picked":"Astrolabe"}],"items_purged_floors":[21],"is_endless":false,"potions_floor_spawned":[1,3,7,20,24,25],"killed_by":"Collector","ascension_level":12}}