{"host":"cyh4fejqtcjbfr7k","time":1608091515,"event":{"mods":["2.2 Compatiblity","AchievementEnabler","BaseMod","Colored Map","Colored Powertips","DeckTracker","Downfall","Googly Eyes","Hubris","Infinite Spire","Minty Spire (QoL Compilation)","Replay The Spire","Shop Mod","StSLib","SuperFastMode","The Cursed","Unceasing Turn Reminder"],"gold_per_floor":[111,111,111,111,127,156,170,180,180,194,194,194,204,204,204,204,204],"floor_reached":16,"playtime":917,"items_purged":[],"score":107,"play_id":"30021eff-8208-42ff-a91f-bb260b06a53f","local_time":"20201215210515","is_ascension_mode":true,"campfire_choices":[{"floor":12,"key":"REST"},{"floor":15,"key":"REST"}],"circlet_count":0,"master_deck":["TheCursedMod:Strike_TheCursed","TheCursedMod:Strike_TheCursed","TheCursedMod:Strike_TheCursed","TheCursedMod:Strike_TheCursed","TheCursedMod:Defend_TheCursed","TheCursedMod:Defend_TheCursed","TheCursedMod:Defend_TheCursed","TheCursedMod:Defend_TheCursed","TheCursedMod:CursedWand","TheCursedMod:CleanUpWorkshop","TheCursedMod:Dregs","TheCursedMod:Grudge","TheCursedMod:SurpriseAttack","TheCursedMod:FleshFromBone","TheCursedMod:Stigma","TheCursedMod:CursedShiv","TheCursedMod:Mangle","TheCursedMod:CursedArmor"],"relics":["TheCursedMod:BlackMagic101","The Courier","Replay:Accelerometer"],"acts_visited":["Exordium"],"potions_floor_usage":[16,16],"damage_taken":[{"damage":0,"enemies":"Small Slimes","floor":1,"turns":4},{"damage":3,"enemies":"2 Louse","floor":5,"turns":3},{"damage":45,"enemies":"Lagavulin","floor":6,"turns":12},{"damage":6,"enemies":"Jaw Worm","floor":7,"turns":8},{"damage":8,"enemies":"Exordium Wildlife","floor":8,"turns":5},{"damage":9,"enemies":"Blue Slaver","floor":10,"turns":3},{"damage":2,"enemies":"Looter","floor":13,"turns":3},{"damage":61,"enemies":"Hexaghost","floor":16,"turns":14}],"seed_played":"4451470418464963995","potions_obtained":[{"floor":1,"key":"PowerPotion"},{"floor":7,"key":"Dexterity Potion"},{"floor":13,"key":"Dexterity Potion"}],"is_trial":false,"path_per_floor":["M","$","?","?","M","E","M","M","T","M","?","R","M","$","R","B"],"character_chosen":"THE_CURSED","items_purchased":[],"campfire_rested":2,"item_purchase_floors":[],"current_hp_per_floor":[82,82,82,82,79,34,28,20,20,11,11,35,33,33,57,0,0],"gold":204,"neow_bonus":"TEN_PERCENT_HP_BONUS","is_daily":false,"chose_seed":false,"campfire_upgraded":0,"win_rate":0.0,"timestamp":1608091515,"path_taken":["M","$","?","?","M","E","M","M","T","M","?","R","M","?","R","BOSS"],"items_purchased_type":[],"build_version":"2020-12-13","purchased_purges":0,"victory":false,"max_hp_per_floor":[82,82,82,82,82,82,82,82,82,82,82,82,82,82,82,82,82],"card_choices":[{"not_picked":["TheCursedMod:StingEye","TheCursedMod:SurpriseAttack"],"picked":"TheCursedMod:Grudge","floor":1},{"not_picked":["TheCursedMod:Mangle","TheCursedMod:TacticalStrike"],"picked":"TheCursedMod:SurpriseAttack","floor":5},{"not_picked":["TheCursedMod:TroublousMinions","TheCursedMod:TacticalStrike"],"picked":"TheCursedMod:FleshFromBone","floor":6},{"not_picked":["TheCursedMod:StingEye","TheCursedMod:VitalStrike"],"picked":"TheCursedMod:Stigma","floor":7},{"not_picked":["TheCursedMod:CursedMace","TheCursedMod:CircleOfFlame"],"picked":"TheCursedMod:CursedShiv","floor":8},{"not_picked":["TheCursedMod:DoubleShield","TheCursedMod:Neurasthenia"],"picked":"TheCursedMod:Mangle","floor":10},{"not_picked":["TheCursedMod:DoubleShield","TheCursedMod:CircleOfFlame"],"picked":"TheCursedMod:CursedArmor","floor":13}],"player_experience":576522,"relics_obtained":[{"floor":6,"key":"The Courier"},{"floor":9,"key":"Replay:Accelerometer"}],"event_choices":[{"damage_healed":0,"gold_gain":0,"player_choice":"Ignored","damage_taken":0,"max_hp_gain":0,"max_hp_loss":0,"event_name":"Golden Wing","floor":11,"gold_loss":0}],"is_beta":false,"boss_relics":[],"items_purged_floors":[],"is_endless":false,"potions_floor_spawned":[1,7,13],"killed_by":"Hexaghost","ascension_level":1}}