{"host":"aunmuzt9j70r7vun","time":1608132574,"event":{"mods":["BaseMod","Better Altar","Better Third Choice","BetterRewards","Clockwork Mod","Curses Come First","Downfall","Infinite Spire","LagranYue(???·?)","Mad Scientist","Marisa????????","Minty Spire (QoL Compilation)","Rare Cards Sparkle","Relic Sorter","Say the Spire","Shop Mod","Spicy Shops","StSLib","The Cursed","The Disciple","The Edgeheg","The Mystic","The Servant 0.9.4"],"gold_per_floor":[109,125,27,41,41,74,74,92,115,115,115,115,136,149,149,273,273,297,297,311,311,311,311],"floor_reached":22,"playtime":1084,"items_purged":[],"score":242,"play_id":"8ee976cc-3170-41d4-889c-d200a9a356a2","local_time":"20201216112934","is_ascension_mode":true,"campfire_choices":[{"floor":7,"key":"REST"},{"floor":10,"key":"REST"},{"floor":15,"key":"REST"}],"circlet_count":0,"master_deck":["Strike_B","Strike_B","Defend_B","Defend_B","Defend_B","Zap","Dualcast","Genetic Algorithm","expansioncontent:Hexaburn","Machine Learning","Offering","Chill","Storm","Apotheosis+1","Static Discharge","Echo Form","Self Repair+1","Meteor Strike+1","Ball Lightning+1"],"relics":["Cracked Core","LagranYue:RandomDrawCardRelic","NeowsBlessing","Happy Flower","Smiling Mask","Omamori","Golden Idol","Astrolabe","MutagenicStrength"],"acts_visited":["Exordium","TheCity"],"potions_floor_usage":[16,18,18],"damage_taken":[{"damage":0,"enemies":"Jaw Worm","floor":1,"turns":1},{"damage":0,"enemies":"2 Louse","floor":2,"turns":1},{"damage":0,"enemies":"Small Slimes","floor":4,"turns":1},{"damage":21,"enemies":"Lagavulin","floor":6,"turns":7},{"damage":16,"enemies":"Looter","floor":8,"turns":3},{"damage":9,"enemies":"3 Louse","floor":13,"turns":3},{"damage":17,"enemies":"Exordium Thugs","floor":14,"turns":4},{"damage":14,"enemies":"Hexaghost","floor":16,"turns":8},{"damage":29,"enemies":"2 Thieves","floor":18,"turns":3},{"damage":32,"enemies":"3 Byrds","floor":20,"turns":4},{"damage":19,"enemies":"Snake Plant","floor":22,"turns":1}],"seed_played":"2906411632689712728","potions_obtained":[{"floor":2,"key":"Explosive Potion"},{"floor":13,"key":"Fire Potion"},{"floor":14,"key":"Explosive Potion"}],"is_trial":false,"path_per_floor":["M","M","$","M","?","E","R","M","T","R","?","?","M","M","R","B",null,"M","?","M","?","M"],"character_chosen":"DEFECT","items_purchased":["expansioncontent:Hexaburn"],"campfire_rested":3,"item_purchase_floors":[3],"current_hp_per_floor":[68,68,68,68,47,26,48,32,32,54,54,54,45,28,50,36,65,36,36,14,14,0,0],"gold":311,"neow_bonus":"THREE_ENEMY_KILL","is_daily":false,"chose_seed":false,"campfire_upgraded":0,"win_rate":0.0,"timestamp":1608132574,"path_taken":["M","M","$","M","?","E","R","M","T","R","?","?","M","M","R","BOSS","M","?","M","?","M"],"items_purchased_type":["Card"],"build_version":"2020-12-13","purchased_purges":0,"victory":false,"max_hp_per_floor":[75,75,75,75,75,75,75,75,75,75,75,75,75,75,75,75,75,75,75,75,75,75,75],"card_choices":[{"not_picked":["Melter","Cold Snap"],"picked":"Genetic Algorithm","floor":1},{"not_picked":["Streamline","Turbo","Reinforced Body"],"picked":"SKIP","floor":2},{"not_picked":["Cold Snap","Beam Cell"],"picked":"Machine Learning","floor":4},{"not_picked":["Aggregate","Cold Snap"],"picked":"Chill","floor":6},{"not_picked":["Go for the Eyes","Sweeping Beam"],"picked":"Storm","floor":8},{"not_picked":["Coolheaded","Hologram","Doom and Gloom"],"picked":"SKIP","floor":13},{"not_picked":["Leap","Steam"],"picked":"Static Discharge","floor":14},{"not_picked":["Buffer","Hyperbeam"],"picked":"Echo Form","floor":16},{"not_picked":["Leap","Rebound","Redo"],"picked":"SKIP","floor":18},{"not_picked":["Force Field+1","Cold Snap","Steam Power"],"picked":"SKIP","floor":20}],"player_experience":733121,"relics_obtained":[{"floor":6,"key":"Smiling Mask"},{"floor":9,"key":"Omamori"}],"event_choices":[{"damage_healed":54,"gold_gain":0,"player_choice":"Embrace","damage_taken":0,"max_hp_gain":0,"max_hp_loss":75,"event_name":"betterThird:BetterShining","floor":11,"gold_loss":0},{"damage_healed":0,"gold_gain":0,"player_choice":"Take Wound","damage_taken":0,"relics_obtained":["Golden Idol"],"max_hp_gain":0,"max_hp_loss":0,"event_name":"Golden Idol","floor":12,"gold_loss":0,"cards_obtained":["Injury"]},{"damage_healed":0,"gold_gain":0,"player_choice":"Inject Mutagens","damage_taken":0,"relics_obtained":["MutagenicStrength"],"max_hp_gain":0,"max_hp_loss":0,"event_name":"Drug Dealer","floor":19,"gold_loss":0}],"is_beta":false,"boss_relics":[{"not_picked":["Tiny House","SacredBark"],"picked":"Astrolabe"}],"items_purged_floors":[],"is_endless":false,"potions_floor_spawned":[2,13,14],"killed_by":"Snake Plant","ascension_level":6}}