{"host":"y087t2reloz9bi43","time":1608158829,"event":{"mods":["2.2 Compatiblity","AchievementEnabler","Aspiration","BaseMod","Beaked The Cultist","Better Vampires","BetterRewards","Colored Map","Colored Powertips","Conspire","Downfall","Ekko","Fireblade Mod","Friendly Minions","GifTheSpireLib","Halation","Hermit","Hubris","Infinite Spire","Jedi Mod","Mad Scientist","Marisa????????","Mimic Mod","Minty Spire (QoL Compilation)","Permanent Neow","Rare Cards Sparkle","Relic Stats","Replay The Spire","Robot Space Explorer","Shade Mod","Shop Mod","StSLib","The Blackbeard","The Bug Knight","The Construct","The Cursed","The Hierophant","The Jungle","The Necromancer","The Runesmith","The Servant 0.9.4","TheHero","TheVacant","Uncapped","everything is the same but u backflip on backflip","vexMod"],"gold_per_floor":[99,115,146,157,176,190,214,239,239,239,258,116,130,140,152,248,248,173,185,201,201,126,152,152,170,182,182,200,185,185,187,206,311,311,236,252,252,271,298,311,311,328,356,356,356,366,366,377,392,392,392,426,71,71,71,71],"floor_reached":55,"playtime":7528,"items_purged":["hexamod:Strike","hexamod:Strike","hexamod:Strike","hexamod:Strike"],"score":917,"play_id":"981a2737-4f30-420a-8ed7-0a7490edd785","local_time":"20201216224709","is_ascension_mode":false,"campfire_choices":[{"data":"hexamod:Sear","floor":1.0,"key":"SMITH"},{"data":"hexamod:HeatMetal","floor":10.0,"key":"SMITH"},{"floor":18.0,"key":"RECALL"},{"data":"hexamod:HeatCrush","floor":22.0,"key":"SMITH"},{"floor":35.0,"key":"REST"},{"floor":37.0,"key":"REST"},{"floor":44.0,"key":"REST"},{"floor":54.0,"key":"REST"}],"circlet_count":0,"master_deck":["hexamod:Defend+1","hexamod:Defend","hexamod:Defend","hexamod:Defend","hexamod:Sear+1","hexamod:Float","hexamod:SpectersWail","hexamod:Firestarter","hexamod:HeatCrush+1","hexamod:ThermalTransfer","hexamod:HeatMetal+1","hexamod:FlamesFromBeyond","hexamod:HeatShield+1","hexamod:Rewind","hexamod:EtherealExpedition","hexamod:DynamicBlow","hexamod:BurningTouch","hexamod:FlamesFromBeyond","hexamod:AdvancingGuard+1","hexamod:SoulSteal","hexamod:VolcanoVisage","hexamod:NightmareGuise+1","hexamod:Incineration","hexamod:ChargedBarrage+1","hexamod:VolcanoVisage","hexamod:PowerFromBeyond","hexamod:FlamesFromBeyond+1","hexamod:SpectralAdrenaline+1","hexamod:Rewind","hexamod:RetreatToShadows+1","hexamod:Incineration","hexamod:SixthSeal","hexamod:ThermalTransfer+1","infinitespire:NeuralNetwork","hexamod:Hexaguard+1","hexamod:Hexaguard+1","hexamod:PhantomFireball+1","hexamod:StepThrough+1"],"relics":["hexamod:SpiritBrand","Replay:Towering Pillar of Hats","Replay:Ringing Soul","ChewingGum","downfall:HeartBlessingBlue","hubris:Towel","downfall:HeartBlessingRed","Bag of Preparation","Mango","halation:Thesaurus","Fusion Hammer","downfall:HeartBlessingGreen","jedi:HeartOfTheCards","Smiling Mask","Strawberry","halation:Prosthetics","Pear","Garlic","hubris:CrystalStatue"],"acts_visited":["Exordium","TheCity","TheBeyond","TheEnding"],"potions_floor_usage":[55],"damage_taken":[{"damage":0.0,"enemies":"2 Louse","floor":2.0,"turns":2.0},{"damage":12.0,"enemies":"3 Sentries","floor":3.0,"turns":7.0},{"damage":7.0,"enemies":"infinitespire:Voidling","floor":4.0,"turns":4.0},{"damage":3.0,"enemies":"conspire:RoseBush","floor":5.0,"turns":3.0},{"damage":1.0,"enemies":"Blue Slaver","floor":6.0,"turns":3.0},{"damage":3.0,"enemies":"HollowMod:MossKnight","floor":8.0,"turns":4.0},{"damage":9.0,"enemies":"Lots of Slimes","floor":11.0,"turns":3.0},{"damage":4.0,"enemies":"downfall:FleeingMerchant","floor":12.0,"turns":4.0},{"damage":15.0,"enemies":"Exordium Thugs","floor":13.0,"turns":3.0},{"damage":0.0,"enemies":"3 Louse","floor":14.0,"turns":2.0},{"damage":1.0,"enemies":"Blue Slaver","floor":15.0,"turns":4.0},{"damage":0.0,"enemies":"downfall:Watcher","floor":16.0,"turns":5.0},{"damage":5.0,"enemies":"3 Byrds","floor":19.0,"turns":5.0},{"damage":14.0,"enemies":"conspire:FuzzyDice","floor":20.0,"turns":3.0},{"damage":15.0,"enemies":"HollowMod:Nosk","floor":23.0,"turns":6.0},{"damage":0.0,"enemies":"3 Cultists","floor":25.0,"turns":4.0},{"damage":31.0,"enemies":"conspire:HollyBat","floor":26.0,"turns":6.0},{"damage":5.0,"enemies":"Snake Plant","floor":28.0,"turns":2.0},{"damage":0.0,"enemies":"downfall:FleeingMerchant","floor":29.0,"turns":4.0},{"damage":3.0,"enemies":"downfall:FleeingMerchant","floor":31.0,"turns":3.0},{"damage":2.0,"enemies":"Snecko","floor":32.0,"turns":3.0},{"damage":15.0,"enemies":"downfall:Ironclad","floor":33.0,"turns":6.0},{"damage":0.0,"enemies":"3 Darklings","floor":36.0,"turns":4.0},{"damage":3.0,"enemies":"3 Shapes","floor":38.0,"turns":3.0},{"damage":0.0,"enemies":"HollowMod:StalkingDevout","floor":39.0,"turns":6.0},{"damage":22.0,"enemies":"Spire Growth","floor":40.0,"turns":4.0},{"damage":0.0,"enemies":"Jaw Worm Horde","floor":42.0,"turns":4.0},{"damage":12.0,"enemies":"beaked:SuperParasite","floor":43.0,"turns":5.0},{"damage":3.0,"enemies":"4 Shapes","floor":46.0,"turns":3.0},{"damage":31.0,"enemies":"3 Darklings","floor":48.0,"turns":3.0},{"damage":3.0,"enemies":"Maw","floor":49.0,"turns":6.0},{"damage":1.0,"enemies":"downfall:Defect","floor":50.0,"turns":6.0},{"damage":56.0,"enemies":"downfall:CharBossMerchant","floor":52.0,"turns":10.0},{"damage":144,"enemies":"downfall:NeowBoss","floor":55,"turns":24}],"seed_played":"-3731075398161969592","potions_obtained":[{"floor":3.0,"key":"Adrenaline Potion"},{"floor":5.0,"key":"Explosive Potion"},{"floor":9.0,"key":"CultistPotion"},{"floor":9.0,"key":"AttackPotion"},{"floor":9.0,"key":"Doom Potion"},{"floor":13.0,"key":"Adrenaline Potion"},{"floor":14.0,"key":"Fire Potion"},{"floor":19.0,"key":"SpeedPotion"},{"floor":26.0,"key":"Fire Potion"},{"floor":32.0,"key":"Explosive Potion"},{"floor":33.0,"key":"Slimebound:ThreeZeroPotion"},{"floor":39.0,"key":"Guardian:BlockOnCardUsePotion"},{"floor":42.0,"key":"Fire Potion"},{"floor":46.0,"key":"SteroidPotion"}],"is_trial":false,"path_per_floor":["R","M","E","M","M","M","T","E","?","R","M","$","M","M","M","B",null,"R","M","M","?","R","E","T","M","M","?","M","$","?","$","M","B",null,"R","M","R","M","E","M","T","M","E","R","?","M","AVR","M","M","B",null,"E","$","R","B"],"character_chosen":"THE_SPIRIT","items_purchased":["hexamod:HeatShield+1","hexamod:Incineration","halation:Thesaurus","hubris:CrystalStatue","hexamod:StepThrough+1"],"campfire_rested":4,"item_purchase_floors":[12,31,31,53,53],"current_hp_per_floor":[63,63,51,44,41,40,40,40,40,40,34,33,21,24,26,26,81,91,86,75,75,75,63,77,80,52,52,50,53,53,53,54,42,132,132,135,135,135,138,119,119,122,120,157,160,160,141,113,113,112,147,94,97,142,0,0],"gold":71,"neow_bonus":"ONE_RARE_RELIC","is_daily":false,"chose_seed":false,"campfire_upgraded":3,"win_rate":0.0,"timestamp":1608158829,"path_taken":["R","M","E","M","M","M","T","E","?","R","M","$","M","?","M","BOSS","R","M","?","?","R","E","T","M","M","?","?","?","?","$","M","BOSS","R","M","R","M","E","M","T","M","E","R","?","?","AVR","M","M","BOSS","E","$","R","BOSS"],"items_purchased_type":["Card","Card","Relic","Relic","Card"],"build_version":"2020-12-13","purchased_purges":4,"victory":false,"max_hp_per_floor":[63,63,63,63,63,63,63,66,66,66,69,72,75,78,81,81,81,91,91,94,94,94,97,111,114,117,117,120,123,123,126,129,132,132,132,135,135,138,141,144,144,147,157,157,160,163,141,144,147,147,147,150,153,153,153,153],"relic_stats":{"counters":[34,164],"Bag of Preparation":[38],"Smiling Mask":75,"obtain_stats":[{"Pear":47,"hubris:CrystalStatue":53,"Replay:Towering Pillar of Hats":0,"downfall:HeartBlessingRed":22,"Mango":24,"downfall:HeartBlessingGreen":35,"Bag of Preparation":23,"halation:Thesaurus":31,"hubris:Towel":21,"halation:Prosthetics":47,"jedi:HeartOfTheCards":39,"Smiling Mask":41,"Replay:Ringing Soul":8,"downfall:HeartBlessingBlue":18,"Strawberry":43,"infinitespire:Satchel":31,"ChewingGum":17,"Fusion Hammer":34,"Garlic":52,"HollowMod:PaleOreRelic":3,"hexamod:SpiritBrand":0},{"Pear":29,"hubris:CrystalStatue":33,"Replay:Towering Pillar of Hats":0,"downfall:HeartBlessingRed":14,"Mango":15,"downfall:HeartBlessingGreen":22,"Bag of Preparation":15,"halation:Thesaurus":20,"hubris:Towel":14,"halation:Prosthetics":29,"jedi:HeartOfTheCards":25,"Smiling Mask":26,"Replay:Ringing Soul":6,"downfall:HeartBlessingBlue":12,"Strawberry":28,"infinitespire:Satchel":20,"ChewingGum":12,"Fusion Hammer":22,"Garlic":33,"HollowMod:PaleOreRelic":2,"hexamod:SpiritBrand":0},{"Pear":115,"hubris:CrystalStatue":140,"Replay:Towering Pillar of Hats":0,"downfall:HeartBlessingRed":52,"Mango":58,"downfall:HeartBlessingGreen":86,"Bag of Preparation":58,"halation:Thesaurus":77,"hubris:Towel":52,"halation:Prosthetics":115,"jedi:HeartOfTheCards":99,"Smiling Mask":103,"Replay:Ringing Soul":23,"downfall:HeartBlessingBlue":44,"Strawberry":112,"infinitespire:Satchel":77,"ChewingGum":44,"Fusion Hammer":86,"Garlic":140,"HollowMod:PaleOreRelic":9,"hexamod:SpiritBrand":0}]},"card_choices":[{"not_picked":["hexamod:Haunt","hexamod:Again"],"picked":"hexamod:SpectersWail","floor":2.0},{"not_picked":["hexamod:HauntingEcho","hexamod:GhostflameBarrier"],"picked":"hexamod:Firestarter","floor":3.0},{"not_picked":["hexamod:RecurringNightmare","hexamod:GhostShield","hexamod:FastForward"],"picked":"SKIP","floor":4.0},{"not_picked":["hexamod:SpectersWail","hexamod:Hexaguard"],"picked":"hexamod:HeatCrush","floor":5.0},{"not_picked":["hexamod:SpectersWail","hexamod:RadiantFlame"],"picked":"hexamod:ThermalTransfer","floor":6.0},{"not_picked":["hexamod:ThirdSeal","hexamod:UnleashSpirits"],"picked":"hexamod:HeatMetal","floor":8.0},{"not_picked":["hexamod:GhostShield","hexamod:RetreatToShadows"],"picked":"hexamod:FlamesFromBeyond","floor":11.0},{"not_picked":["hexamod:InspiringFlames","hexamod:SwordOfDarkness","hexamod:GhostShield"],"picked":"SKIP","floor":12.0},{"not_picked":["hexamod:GhostLash","hexamod:SpectralAdrenaline"],"picked":"hexamod:Rewind","floor":13.0},{"not_picked":["hexamod:HeatShield","hexamod:AdvancingGuard"],"picked":"hexamod:EtherealExpedition","floor":14.0},{"not_picked":["hexamod:FirstSeal","hexamod:HeatCrush"],"picked":"hexamod:DynamicBlow","floor":15.0},{"not_picked":["hexamod:Firestarter","hexamod:InspiringFlames","hexamod:GhostShield+1"],"picked":"SKIP","floor":19.0},{"not_picked":["hexamod:RetreatToShadows","hexamod:SwordOfDarkness+1"],"picked":"hexamod:BurningTouch","floor":20.0},{"not_picked":["hexamod:HauntingEcho+1","hexamod:InspiringFlames+1"],"picked":"hexamod:FlamesFromBeyond","floor":23.0},{"not_picked":["hexamod:SwordOfDarkness","hexamod:FastForward"],"picked":"hexamod:AdvancingGuard+1","floor":25.0},{"not_picked":["hexamod:AdvancingGuard","hexamod:BacktrackSmack"],"picked":"hexamod:SoulSteal","floor":26.0},{"not_picked":["hexamod:EmpoweredFlame+1","hexamod:RainOfEmbers"],"picked":"hexamod:VolcanoVisage","floor":28.0},{"not_picked":["hexamod:FourthSeal","hexamod:EmpoweredFlame+1"],"picked":"hexamod:NightmareGuise","floor":29.0},{"not_picked":["hexamod:SecondSeal","hexamod:Firestarter","hexamod:TurnItUp"],"picked":"SKIP","floor":31.0},{"not_picked":["hexamod:Haunt","hexamod:Firestarter"],"picked":"hexamod:ChargedBarrage","floor":32.0},{"not_picked":["hexamod:ParanormalForm","hexamod:TimeWarp"],"picked":"hexamod:VolcanoVisage","floor":33.0},{"not_picked":["hexamod:SpectersWail+1","hexamod:SecondSeal"],"picked":"hexamod:PowerFromBeyond","floor":36.0},{"not_picked":["hexamod:HeatShield","hexamod:ThirdSeal"],"picked":"hexamod:FlamesFromBeyond+1","floor":38.0},{"not_picked":["hexamod:NightmareStrike+1","hexamod:ShieldOfDarkness"],"picked":"hexamod:SpectralAdrenaline+1","floor":39.0},{"not_picked":["hexamod:GhostflameBarrier+1","hexamod:Hexaguard"],"picked":"hexamod:Rewind","floor":40.0},{"not_picked":["hexamod:BurningTouch+1","hexamod:Firestarter+1"],"picked":"hexamod:RetreatToShadows+1","floor":42.0},{"not_picked":["hexamod:InspiringFlames+1","hexamod:Firestarter"],"picked":"hexamod:Incineration","floor":43.0},{"not_picked":["hexamod:NightmareStrike","hexamod:Again"],"picked":"hexamod:ThermalTransfer+1","floor":46.0},{"not_picked":["hexamod:SwordOfDarkness","hexamod:ThermalTransfer"],"picked":"hexamod:Hexaguard+1","floor":48.0},{"not_picked":["hexamod:NightmareStrike","hexamod:HauntingEcho+1"],"picked":"hexamod:Hexaguard+1","floor":49.0},{"not_picked":["hexamod:FirstSeal","hexamod:CatchUp"],"picked":"hexamod:PhantomFireball+1","floor":52.0}],"player_experience":334269,"relics_obtained":[{"floor":3.0,"key":"HollowMod:PaleOreRelic"},{"floor":8.0,"key":"Replay:Ringing Soul"},{"floor":23.0,"key":"Bag of Preparation"},{"floor":24.0,"key":"Mango"},{"floor":39.0,"key":"jedi:HeartOfTheCards"},{"floor":41.0,"key":"Smiling Mask"},{"floor":43.0,"key":"Strawberry"},{"floor":52.0,"key":"Garlic"}],"event_choices":[{"damage_healed":0.0,"max_hp_gain":0.0,"max_hp_loss":0.0,"gold_gain":0.0,"event_name":"Lab","player_choice":"Got Potions","floor":9.0,"gold_loss":0.0,"damage_taken":0.0},{"damage_healed":0.0,"max_hp_gain":0.0,"max_hp_loss":0.0,"gold_gain":0.0,"event_name":"FaceTrader","player_choice":"Leave","floor":27.0,"gold_loss":0.0,"damage_taken":0.0},{"damage_healed":0.0,"max_hp_gain":0.0,"max_hp_loss":0.0,"gold_gain":0.0,"event_name":"FaceTrader","player_choice":"Leave","floor":29.0,"gold_loss":0.0,"damage_taken":0.0},{"damage_healed":0.0,"max_hp_gain":0.0,"max_hp_loss":0.0,"gold_gain":0.0,"event_name":"blackbeard:ShipwreckEvent","player_choice":"Ignored","floor":30.0,"gold_loss":0.0,"damage_taken":0.0}],"is_beta":false,"boss_relics":[{"not_picked":["Runesmith:UraniumAnvil","halation:PlatinumPhoenix"],"picked":"ChewingGum"},{"not_picked":["aspiration:RitualDagger","Pandora\u0027s Box"],"picked":"Fusion Hammer"}],"items_purged_floors":[12,31,47,53],"is_endless":false,"potions_floor_spawned":[3,5,13,14,15,19,26,32,33,39,42,46],"killed_by":"downfall:NeowBoss","ascension_level":0}}