{"host":"egyxg9lnjq7g2hmw","time":1608098054,"event":{"mods":["AchievementEnabler","BaseMod","Block Reminder","Colored Map","Colored Powertips","Highlight Path","Minty Spire (QoL Compilation)","Rare Cards Sparkle","StSLib"],"gold_per_floor":[112,123,139,139,139,177,177,197,224,244,244,244,244],"floor_reached":12,"playtime":489,"items_purged":[],"score":148,"play_id":"bdd50cd7-5d96-49cd-a068-6cbd6c7c6374","local_time":"20201215215414","is_ascension_mode":true,"campfire_choices":[{"data":"Setup","floor":7,"key":"SMITH"}],"circlet_count":0,"master_deck":["AscendersBane","Strike_G","Strike_G","Strike_G","Strike_G","Strike_G","Defend_G+1","Defend_G+1","Defend_G","Defend_G","Defend_G","Survivor","Neutralize","Quick Slash","Backstab","Flying Knee","Setup+1","Dodge and Roll","After Image+1"],"relics":["Ring of the Snake","Golden Idol","War Paint","Orichalcum"],"acts_visited":["Exordium"],"potions_floor_usage":[6,8],"damage_taken":[{"damage":0,"enemies":"Cultist","floor":1,"turns":4},{"damage":0,"enemies":"2 Louse","floor":2,"turns":3},{"damage":1,"enemies":"Small Slimes","floor":3,"turns":3},{"damage":30,"enemies":"Lagavulin","floor":6,"turns":8},{"damage":2,"enemies":"3 Louse","floor":8,"turns":4},{"damage":0,"enemies":"2 Fungi Beasts","floor":10,"turns":4},{"damage":34,"enemies":"Gremlin Nob","floor":12,"turns":5}],"seed_played":"-1608448747725907740","potions_obtained":[{"floor":1,"key":"Energy Potion"},{"floor":3,"key":"Weak Potion"}],"is_trial":false,"path_per_floor":["M","M","M","?","?","E","R","M","T","M","?","E"],"character_chosen":"THE_SILENT","items_purchased":[],"campfire_rested":0,"item_purchase_floors":[],"current_hp_per_floor":[59,59,58,58,51,21,21,19,19,19,19,0,0],"gold":244,"neow_bonus":"THREE_CARDS","is_daily":false,"chose_seed":false,"campfire_upgraded":1,"win_rate":0.0,"timestamp":1608098054,"path_taken":["M","?","M","?","?","E","R","M","T","M","?","E"],"items_purchased_type":[],"build_version":"2020-12-13","purchased_purges":0,"victory":false,"max_hp_per_floor":[66,66,66,66,66,66,66,66,66,66,66,66,66],"card_choices":[{"not_picked":["Bane","Backflip"],"picked":"Quick Slash","floor":0},{"not_picked":["Slice","Quick Slash"],"picked":"Backstab","floor":1},{"not_picked":["Bane","After Image"],"picked":"Flying Knee","floor":2},{"not_picked":["Infinite Blades","Underhanded Strike","Quick Slash"],"picked":"SKIP","floor":3},{"not_picked":["Prepared","Dagger Throw"],"picked":"Setup","floor":6},{"not_picked":["Dagger Throw","PiercingWail"],"picked":"Dodge and Roll","floor":8},{"not_picked":["Sucker Punch","Prepared"],"picked":"After Image","floor":10}],"player_experience":478223,"relics_obtained":[{"floor":6,"key":"War Paint"},{"floor":9,"key":"Orichalcum"}],"event_choices":[{"damage_healed":0,"gold_gain":0,"player_choice":"Take Wound","damage_taken":0,"relics_obtained":["Golden Idol"],"max_hp_gain":0,"max_hp_loss":0,"event_name":"Golden Idol","floor":4,"gold_loss":0,"cards_obtained":["Injury"]},{"cards_removed":["Injury"],"damage_healed":0,"gold_gain":0,"player_choice":"Card Removal","damage_taken":7,"max_hp_gain":0,"max_hp_loss":0,"event_name":"Golden Wing","floor":5,"gold_loss":0},{"damage_healed":0,"gold_gain":0,"player_choice":"Grow","damage_taken":0,"max_hp_gain":0,"max_hp_loss":0,"event_name":"Living Wall","floor":11,"gold_loss":0,"cards_upgraded":["After Image"]}],"is_beta":false,"boss_relics":[],"items_purged_floors":[],"is_endless":false,"potions_floor_spawned":[1,3],"killed_by":"Gremlin Nob","ascension_level":17}}