{"host":"tj6tjcyqgbd0xj5u","time":1608082172,"event":{"mods":["Aspiration","BaseMod","Better Match","BetterRewards","Challenge The Spire","Conspire","Defuse TimeMaze Blight","Energized Spire","GifTheSpireLib","Gremlin Mod","Halation","Hubris","Infinite Spire","Minty Spire (QoL Compilation)","Replay The Spire","Reworked Bosses","Robot Space Explorer","Spikes Relics","StSLib","Stuff the Spire","The Gatherer","The Sage","vexMod"],"gold_per_floor":[117,141,160,179,224,254,254,267,267,8,20,20,37,37,37,137,137,147,161,161,173,189,189,216,216,216],"floor_reached":25,"playtime":1302,"items_purged":[],"score":275,"play_id":"655181b0-c445-4155-bbf9-df795885bc17","local_time":"20201215212932","is_ascension_mode":false,"campfire_choices":[{"data":"Gremlin:ShadowShiv","floor":7,"key":"SMITH"},{"floor":12,"key":"REST"},{"floor":15,"key":"REST"}],"circlet_count":0,"master_deck":["Gremlin:Strike","Gremlin:Strike","Gremlin:Strike","Gremlin:Strike","Gremlin:Defend","Gremlin:Defend","Gremlin:Defend","Gremlin:Defend","Gremlin:TagTeam","Gremlin:GremlinDance","Gremlin:GremlinMeal","Gremlin:GremlinMeal","Gremlin:PinNeedle+1","Gremlin:ShadowShiv+1","Gremlin:Wizardry+1","Gremlin:GremlinArms+1","Gremlin:FanOfKnives+1","Gremlin:Unforgiving+1","Gremlin:Presto","Gremlin:Strike","Gremlin:Strike","Gremlin:Strike","Gremlin:Strike","Gremlin:Defend","Gremlin:Defend","Gremlin:Defend","Gremlin:Defend","Gremlin:TagTeam","Gremlin:GremlinDance","Gremlin:GremlinMeal","Gremlin:GremlinMeal","Gremlin:PinNeedle+1","Gremlin:ShadowShiv+1","Gremlin:Wizardry+1","Gremlin:GremlinArms+1","Gremlin:FanOfKnives+1","Gremlin:Unforgiving+1","Gremlin:Presto","Gremlin:PourSalt","Gremlin:IrksomeBlow+1","Gremlin:GremlinMeal"],"relics":["Gremlin:GremlinKnob","NeowsBlessing","Strawberry","infinitespire:Satchel","Sundial","StuffTheSpire:RubySignet","StuffTheSpire:CocoNut","halation:PinkSoulGem","vexMod:ImprovementManual"],"acts_visited":["Exordium","TheCity"],"potions_floor_usage":[13,16,16],"damage_taken":[{"damage":0,"enemies":"Cultist","floor":1,"turns":1},{"damage":0,"enemies":"Jaw Worm","floor":3,"turns":1},{"damage":0,"enemies":"2 Louse","floor":4,"turns":1},{"damage":24,"enemies":"3 Sentries","floor":6,"turns":10},{"damage":16,"enemies":"conspire:2 RoseBushes","floor":8,"turns":4},{"damage":4,"enemies":"Lots of Slimes","floor":11,"turns":3},{"damage":7,"enemies":"Gremlin Gang","floor":13,"turns":3},{"damage":12,"enemies":"Fading Forest","floor":16,"turns":11},{"damage":16,"enemies":"Shell Parasite","floor":18,"turns":4},{"damage":20,"enemies":"2 Thieves","floor":19,"turns":2},{"damage":22,"enemies":"Centurion and Healer","floor":21,"turns":5},{"damage":12,"enemies":"Snecko","floor":22,"turns":5},{"damage":43,"enemies":"Book of Stabbing","floor":24,"turns":5},{"damage":0,"enemies":"Shelled Parasite and Fungi","floor":25,"turns":1}],"seed_played":"4834895713241918825","potions_obtained":[{"floor":1,"key":"PowerPotion"},{"floor":8,"key":"Swift Potion"},{"floor":13,"key":"SneckoOil"}],"is_trial":false,"path_per_floor":["M","T","M","M","T","E","R","M","T","$","M","R","M","?","R","B",null,"M","M","?","M","M","R","E","M"],"character_chosen":"GREMLIN","items_purchased":["StuffTheSpire:CocoNut"],"campfire_rested":2,"item_purchase_floors":[10],"current_hp_per_floor":[20,22,22,22,22,6,6,18,18,20,8,15,24,24,24,23,24,8,14,14,24,18,18,23,23,23],"gold":216,"neow_bonus":"THREE_ENEMY_KILL","is_daily":false,"chose_seed":false,"campfire_upgraded":1,"win_rate":0.0,"timestamp":1608082172,"path_taken":["M","?","?","M","?","E","R","M","T","?","M","R","M","?","R","BOSS","M","M","?","M","M","R","E","M"],"items_purchased_type":["Relic"],"build_version":"2020-12-13","purchased_purges":0,"victory":false,"max_hp_per_floor":[20,22,22,22,22,22,22,22,22,24,24,24,24,24,24,24,24,24,24,24,24,24,23,23,23,23],"card_choices":[{"not_picked":["Gremlin:ToeStub","Gremlin:Pinprick"],"picked":"Gremlin:GremlinMeal","floor":1},{"not_picked":["Gremlin:Tadah","Gremlin:ToeStub"],"picked":"Gremlin:GremlinMeal","floor":3},{"not_picked":["Gremlin:Tricksy","Gremlin:BulkUp"],"picked":"Gremlin:PinNeedle","floor":4},{"not_picked":["Gremlin:SharpenBlades","Gremlin:Dazzle"],"picked":"Gremlin:ShadowShiv","floor":6},{"not_picked":["Gremlin:Presto","Gremlin:ToeStub"],"picked":"Gremlin:Wizardry","floor":8},{"not_picked":["Gremlin:Changeo","Gremlin:Presto"],"picked":"Gremlin:GremlinArms","floor":11},{"not_picked":["Gremlin:Pickpocket","Gremlin:CatScratch"],"picked":"Gremlin:FanOfKnives","floor":13},{"not_picked":["Gremlin:Encore","Gremlin:TargetWeakness"],"picked":"Gremlin:Unforgiving","floor":16},{"not_picked":["Gremlin:Tricksy","Gremlin:GremlinArms","Gremlin:EdibleArmor+1"],"picked":"SKIP","floor":18},{"not_picked":["Gremlin:PourSalt+1","Gremlin:Pretaliation"],"picked":"Gremlin:Presto","floor":19},{"not_picked":["Gremlin:Patsy","Gremlin:Glimmer"],"picked":"Gremlin:PourSalt","floor":21},{"not_picked":["Gremlin:Jeer","Gremlin:PinNeedle"],"picked":"Gremlin:IrksomeBlow+1","floor":22},{"not_picked":["Gremlin:BulkUp","Gremlin:Tadah"],"picked":"Gremlin:GremlinMeal","floor":24}],"player_experience":35624,"relics_obtained":[{"floor":2,"key":"Strawberry"},{"floor":5,"key":"infinitespire:Satchel"},{"floor":6,"key":"Sundial"},{"floor":9,"key":"StuffTheSpire:RubySignet"}],"event_choices":[],"is_beta":false,"boss_relics":[{"not_picked":["Runic Dome","conspire:SeveredTorchhead"],"picked":"vexMod:ImprovementManual"}],"items_purged_floors":[],"is_endless":false,"potions_floor_spawned":[1,8,13],"killed_by":"Shelled Parasite and Fungi","ascension_level":0}}