{"host":"lqtll83nun4jn4k7","time":1608135598,"event":{"mods":["BaseMod","Challenge The Spire","Colored Map","Colored Powertips","Downfall","Highlight Path","KinomotoSakuraMod(Ä¾Ö®±¾Ó£)","Minty Spire (QoL Compilation)","Prisma Mod","Quick Restart","StSLib","SuperFastMode","The Bug Knight","Waifu the Spire"],"gold_per_floor":[99,112,126,51,51,78,78,89,14,47,60,70,81,66,86,183,183,108,136,151,167,167,167,220,240,240,268,288,321,321,321,337,437,437,437,451,451,451],"floor_reached":37,"playtime":2616,"items_purged":[],"score":446,"play_id":"cc7975bc-32c5-4395-b20f-8364b2bf99d5","local_time":"20201217001958","is_ascension_mode":false,"campfire_choices":[{"floor":1.0,"key":"RECALL"},{"data":"champ:Taunt","floor":4.0,"key":"SMITH"},{"data":"champ:Shatter","floor":9.0,"key":"SMITH"},{"data":"champ:VampiricStrike","floor":18.0,"key":"SMITH"},{"data":"champ:SwordThrow","floor":23.0,"key":"SMITH"},{"data":"Regret","floor":26.0,"key":"PURGE"},{"data":"champ:MurderStrike","floor":35.0,"key":"SMITH"}],"circlet_count":0,"master_deck":["champ:Strike+1","champ:Strike","champ:Defend+1","champ:Defend+1","champ:Defend","champ:Execute","champ:Taunt+1","champ:EndlessRage","champ:Shatter+1","champ:RapidStrikes","champ:FocusedBerserking","champ:SwordThrow+1","champ:EndlessRage","champ:Control","champ:VampiricStrike+1","CurseOfTheBell","champ:RapidStrikes+1","champ:IgnorePain","Writhe","champ:RecklessLeap","champ:Aggression","champ:HoldFirm","champ:IronFortress+1","champ:MurderStrike+1","champ:CrownThrow+1","champ:GladiatorStyle+1","champ:FocusedBerserking+1"],"relics":["champ:ChampionCrown","HollowMod:PaleOreRelic","downfall:HeartBlessingRed","Gambling Chip","downfall:HeartBlessingBlue","InkBottle","Calling Bell","Boot","Mercury Hourglass","Guardian:GemstoneGun","downfall:HeartBlessingGreen","Juzu Bracelet","Peace Pipe","Bag of Preparation","hexamod:BolsterEngine","Red Mask","Astrolabe"],"acts_visited":["Exordium","TheCity","TheBeyond"],"potions_floor_usage":[],"damage_taken":[{"damage":15.0,"enemies":"Jaw Worm","floor":2.0,"turns":4.0},{"damage":7.0,"enemies":"2 Louse","floor":3.0,"turns":3.0},{"damage":31.0,"enemies":"Lagavulin","floor":6.0,"turns":8.0},{"damage":9.0,"enemies":"Cultist","floor":8.0,"turns":4.0},{"damage":33.0,"enemies":"Gremlin Nob","floor":10.0,"turns":4.0},{"damage":14.0,"enemies":"Large Slime","floor":11.0,"turns":6.0},{"damage":9.0,"enemies":"3 Louse","floor":12.0,"turns":4.0},{"damage":3.0,"enemies":"Gremlin Gang","floor":13.0,"turns":4.0},{"damage":19.0,"enemies":"downfall:FleeingMerchant","floor":14.0,"turns":4.0},{"damage":11.0,"enemies":"Large Slime","floor":15.0,"turns":4.0},{"damage":51.0,"enemies":"downfall:Watcher","floor":16.0,"turns":7.0},{"damage":56.0,"enemies":"Slavers","floor":19.0,"turns":7.0},{"damage":7.0,"enemies":"Shell Parasite","floor":20.0,"turns":2.0},{"damage":10.0,"enemies":"Chosen","floor":21.0,"turns":4.0},{"damage":13.0,"enemies":"3 Cultists","floor":25.0,"turns":5.0},{"damage":48.0,"enemies":"HollowMod:Nosk","floor":27.0,"turns":5.0},{"damage":18.0,"enemies":"Snake Plant","floor":28.0,"turns":1.0},{"damage":10.0,"enemies":"Masked Bandits","floor":29.0,"turns":2.0},{"damage":33.0,"enemies":"Cultist and Chosen","floor":32.0,"turns":3.0},{"damage":81.0,"enemies":"downfall:Silent","floor":33.0,"turns":7.0},{"damage":53.0,"enemies":"3 Darklings","floor":36.0,"turns":4.0},{"damage":88,"enemies":"Reptomancer","floor":37,"turns":4}],"seed_played":"-699917102922994965","potions_obtained":[{"floor":3.0,"key":"PowerPotion"},{"floor":11.0,"key":"SneckoOil"},{"floor":12.0,"key":"Energy Potion"},{"floor":15.0,"key":"Fruit Juice"},{"floor":19.0,"key":"Fire Potion"},{"floor":25.0,"key":"DuplicationPotion"}],"is_trial":false,"path_per_floor":["R","M","M","R","?","E","T","M","R","E","M","M","M","$","M","B",null,"R","E","M","M","?","R","T","M","R","E","M","?","?","?","M","B",null,"R","M","E"],"character_chosen":"THE_CHAMP","items_purchased":[],"campfire_rested":0,"item_purchase_floors":[],"current_hp_per_floor":[90,75,73,73,73,56,56,56,66,48,44,47,50,42,47,21,105,105,87,87,105,105,105,105,105,105,105,105,105,70,70,102,105,105,105,79,0,0],"gold":451,"neow_bonus":"RANDOM_COMMON_RELIC","is_daily":false,"chose_seed":false,"campfire_upgraded":5,"win_rate":0.0,"timestamp":1608135598,"path_taken":["R","M","M","R","?","E","T","M","R","E","M","M","M","$","M","BOSS","BOSS","R","E","M","M","?","R","T","M","R","E","M","?","?","?","M","BOSS","R","M","E"],"items_purchased_type":[],"build_version":"2020-12-13","purchased_purges":0,"victory":false,"max_hp_per_floor":[90,90,90,90,90,90,90,90,100,100,100,100,100,100,100,105,105,105,105,105,105,105,105,105,105,105,105,105,105,105,105,105,105,105,105,105,105,105],"card_choices":[{"not_picked":["champ:TornadoPunch","champ:BladeFlurry"],"picked":"champ:EndlessRage","floor":2.0},{"not_picked":["champ:TornadoPunch","champ:Backstep","champ:Circumvent"],"picked":"SKIP","floor":3.0},{"not_picked":["champ:FanOfKnives","champ:Haymaker"],"picked":"champ:Shatter","floor":6.0},{"not_picked":["champ:CrookedStrike","champ:Circumvent","champ:Encircle"],"picked":"SKIP","floor":8.0},{"not_picked":["champ:Haymaker","champ:BringItOn"],"picked":"champ:RapidStrikes","floor":10.0},{"not_picked":["champ:BerserkersShout","champ:FanOfKnives"],"picked":"champ:FocusedBerserking","floor":11.0},{"not_picked":["champ:PreciseThrust","champ:BerserkersShout"],"picked":"champ:SwordThrow","floor":12.0},{"not_picked":["champ:Haymaker","champ:BringItOn"],"picked":"champ:EndlessRage","floor":13.0},{"not_picked":["champ:DefensiveShout","champ:Haymaker"],"picked":"champ:Control","floor":14.0},{"not_picked":["champ:FanOfKnives","champ:FalseCounter","champ:FocusedDefense"],"picked":"SKIP","floor":15.0},{"not_picked":["champ:HoldFirm","champ:Improvising"],"picked":"champ:VampiricStrike","floor":16.0},{"not_picked":["champ:AdrenalArmor+1","champ:Balance+1"],"picked":"champ:RapidStrikes+1","floor":19.0},{"not_picked":["champ:Circumvent","champ:Haymaker+1","champ:CrookedStrike+1"],"picked":"SKIP","floor":20.0},{"not_picked":["champ:FlashCut","champ:StanceDance"],"picked":"champ:IgnorePain","floor":21.0},{"not_picked":["champ:BladeFlurry+1","champ:TornadoPunch"],"picked":"champ:RecklessLeap","floor":25.0},{"not_picked":["champ:AdrenalArmor","champ:Encircle"],"picked":"champ:Aggression","floor":27.0},{"not_picked":["champ:BringItOn","champ:FlashCut+1","champ:TornadoPunch"],"picked":"SKIP","floor":28.0},{"not_picked":["champ:StanceDance","champ:BringItOn"],"picked":"champ:HoldFirm","floor":29.0},{"not_picked":["champ:StanceDance+1","champ:GladiatorsShout"],"picked":"champ:IronFortress+1","floor":32.0},{"not_picked":["champ:LastStand","champ:SteelEdge"],"picked":"champ:MurderStrike","floor":33.0},{"not_picked":["champ:FlashCut+1","champ:TornadoPunch+1","champ:AdrenalArmor"],"picked":"SKIP","floor":36.0}],"player_experience":646689,"relics_obtained":[{"floor":6.0,"key":"Gambling Chip"},{"floor":10.0,"key":"InkBottle"},{"floor":17.0,"key":"Boot"},{"floor":17.0,"key":"Mercury Hourglass"},{"floor":17.0,"key":"Guardian:GemstoneGun"},{"floor":19.0,"key":"Juzu Bracelet"},{"floor":24.0,"key":"Bag of Preparation"},{"floor":27.0,"key":"hexamod:BolsterEngine"},{"floor":29.0,"key":"Red Mask"}],"event_choices":[{"damage_healed":0.0,"max_hp_gain":0.0,"max_hp_loss":0.0,"gold_gain":0.0,"event_name":"Masked Bandits","player_choice":"Fought Bandits","floor":29.0,"gold_loss":0.0,"damage_taken":0.0}],"is_beta":false,"boss_relics":[{"not_picked":["Snecko Eye","Fusion Hammer"],"picked":"Calling Bell"},{"not_picked":["SacredBark","Velvet Choker"],"picked":"Astrolabe"}],"items_purged_floors":[],"is_endless":false,"potions_floor_spawned":[3,11,12,15,19,25,27],"killed_by":"Reptomancer","ascension_level":0}}