{"host":"4pmzrw6j7p9u06vv","time":1608092346,"event":{"mods":["BaseMod","BetterRewards","Downfall","MarisaÅiñ∂âJÅ@ñÇóùçπÅj","Minty Spire (QoL Compilation)","Replay The Spire","StSLib","The Disciple","The Jungle"],"gold_per_floor":[14,14,14,27,46,75,75,75,75,26,42,72,72,129,129,227,327,346,358,358,358,358,358,384,384,462,462,462],"floor_reached":27,"playtime":959,"items_purged":[],"score":237,"play_id":"00becbea-3d3a-40be-ac7a-ccbcdd148a68","local_time":"20201216011906","is_ascension_mode":false,"campfire_choices":[{"floor":7,"key":"REST"},{"floor":13,"key":"REST"},{"floor":15,"key":"REST"},{"data":"Thunder Strike","floor":23,"key":"SMITH"},{"floor":25,"key":"REST"}],"circlet_count":0,"master_deck":["Strike_B","Defend_B","Defend_B","Defend_B","Zap","Dualcast","Ball Lightning","Gash","Zap","Genetic Algorithm","Storm+1","Self Repair+1","Thunder Strike+1"],"relics":["Cracked Core","Frozen Egg 2","Ring of Fury","Juzu Bracelet","Orichalcum","Replay:Baseball","Replay:Wanted Poster","Anchor","Sundial"],"acts_visited":["Exordium","TheCity"],"potions_floor_usage":[16,16,16,27],"damage_taken":[{"damage":3,"enemies":"Jaw Worm","floor":1,"turns":2},{"damage":5,"enemies":"2 Louse","floor":4,"turns":2},{"damage":1,"enemies":"Cultist","floor":5,"turns":3},{"damage":21,"enemies":"Lagavulin","floor":6,"turns":5},{"damage":10,"enemies":"Looter","floor":11,"turns":2},{"damage":18,"enemies":"Gremlin Nob","floor":12,"turns":3},{"damage":24,"enemies":"Lagavulin Event","floor":14,"turns":4},{"damage":22,"enemies":"Fading Forest","floor":16,"turns":11},{"damage":4,"enemies":"Spheric Guardian","floor":18,"turns":3},{"damage":22,"enemies":"2 Thieves","floor":19,"turns":3},{"damage":53,"enemies":"Book of Stabbing","floor":24,"turns":5},{"damage":54,"enemies":"Slavers","floor":27,"turns":4}],"seed_played":"-3920197798617192851","potions_obtained":[{"floor":6,"key":"SpeedPotion"},{"floor":12,"key":"hexamod:EctoCoolerPotion"},{"floor":16,"key":"FearPotion"},{"floor":24,"key":"EssenceOfSteel"}],"is_trial":false,"path_per_floor":["M","?","?","M","M","E","R","?","T","$","M","E","R","?","R","B",null,"M","M","?","?","?","R","E","R","T","E"],"character_chosen":"DEFECT","items_purchased":["ColorlessPotion"],"campfire_rested":4,"item_purchase_floors":[10],"current_hp_per_floor":[72,65,65,60,59,38,60,60,60,60,50,32,54,30,52,40,75,75,63,63,63,63,63,20,42,42,0,0],"gold":462,"neow_bonus":"TRANSFORM_TWO_CARDS","is_daily":false,"chose_seed":false,"campfire_upgraded":1,"win_rate":0.0,"timestamp":1608092346,"path_taken":["M","?","?","?","M","E","R","?","T","$","M","E","R","?","R","BOSS","M","M","?","?","?","R","E","R","T","E"],"items_purchased_type":["Potion"],"build_version":"2020-12-13","purchased_purges":0,"victory":false,"max_hp_per_floor":[75,75,75,75,75,75,75,75,75,75,75,75,75,75,75,75,75,75,75,75,75,75,75,75,75,75,75,75],"card_choices":[{"not_picked":["Go for the Eyes","Time Bomb"],"picked":"Gash","floor":1},{"not_picked":["Ball Lightning","Sweeping Beam","Tempest"],"picked":"SKIP","floor":4},{"not_picked":["Stack","Leap","BasicCrystalCard"],"picked":"SKIP","floor":5},{"not_picked":["Compile Driver","Cold Snap"],"picked":"Genetic Algorithm","floor":6},{"not_picked":["Creative AI+1","Consume","Compile Driver"],"picked":"SKIP","floor":11},{"not_picked":["Panic Button","Stack"],"picked":"Storm+1","floor":12},{"not_picked":["BootSequence","Tempest"],"picked":"Self Repair+1","floor":14},{"not_picked":["All For One","Amplify"],"picked":"Thunder Strike","floor":16},{"not_picked":["Steam","Conserve Battery","Reprogram"],"picked":"SKIP","floor":18},{"not_picked":["ReplayTheSpireMod:System Scan+1","Loop+1","Rebound"],"picked":"SKIP","floor":19},{"not_picked":["Stack","ReplayGash+1","Blizzard"],"picked":"SKIP","floor":24}],"player_experience":31820,"relics_obtained":[{"floor":6,"key":"Frozen Egg 2"},{"floor":8,"key":"Ring of Fury"},{"floor":9,"key":"Juzu Bracelet"},{"floor":12,"key":"Orichalcum"},{"floor":14,"key":"Replay:Baseball"},{"floor":24,"key":"Anchor"},{"floor":26,"key":"Sundial"}],"event_choices":[{"cards_removed":["Strike_B"],"damage_healed":0,"gold_gain":0,"player_choice":"Card Removal","damage_taken":7,"max_hp_gain":0,"max_hp_loss":0,"event_name":"Golden Wing","floor":2,"gold_loss":0},{"cards_removed":["Go for the Eyes"],"damage_healed":0,"gold_gain":0,"player_choice":"Took Card","damage_taken":0,"max_hp_gain":0,"max_hp_loss":0,"event_name":"NoteForYourself","floor":3,"gold_loss":0,"cards_obtained":["Zap"]},{"damage_healed":0,"gold_gain":30,"player_choice":"Searched \u00272\u0027 times","damage_taken":0,"max_hp_gain":0,"max_hp_loss":0,"event_name":"Dead Adventurer","floor":14,"gold_loss":0},{"damage_healed":0,"gold_gain":0,"player_choice":"Ignored","damage_taken":0,"max_hp_gain":0,"max_hp_loss":0,"event_name":"Vampires","floor":20,"gold_loss":0},{"cards_removed":["Strike_B"],"damage_healed":0,"gold_gain":0,"player_choice":"Elegance","damage_taken":0,"max_hp_gain":0,"max_hp_loss":0,"event_name":"Back to Basics","floor":21,"gold_loss":0}],"is_beta":false,"boss_relics":[{"not_picked":["Velvet Choker","Abe\u0027s Treasure"],"picked":"Replay:Wanted Poster"}],"items_purged_floors":[],"is_endless":false,"potions_floor_spawned":[6,12,16,24],"killed_by":"Slavers","ascension_level":0}}