{"host":"0cm5wy4nhuju7tij","time":1608104850,"event":{"mods":["2.2 Compatiblity","AchievementEnabler","BaseMod","Better Third Choice","BetterRewards","CCEM","Colored Powertips","Curses Come First","Custom Start","Displayed Cursed Tome","Downfall","Energized Spire","Filter the Spire","Fireblade Mod","Highlight Path","Minty Spire (QoL Compilation)","Permanent Neow","Railgun Mod","Robot Space Explorer","Shop Mod","Spicy Shops","StSLib","The Elementalist","The Mystic","The Servant 0.9.4"],"gold_per_floor":[113,113,41,51,126,126,126,141,141,141,168,168,188,201,201,201,201],"floor_reached":16,"playtime":870,"items_purged":[],"score":105,"play_id":"25657bd4-0c80-43d7-be5b-ead4e381cefa","local_time":"20201216024730","is_ascension_mode":true,"campfire_choices":[{"data":"Moonlight","floor":6,"key":"SMITH"},{"data":"FloweringNight","floor":10,"key":"SMITH"},{"floor":12,"key":"REST"},{"floor":15,"key":"REST"}],"circlet_count":0,"master_deck":["Strike_S","Strike_S","Strike_S","Strike_S","Defend_S","Defend_S","Defend_S","Defend_S","KidneyShot","Exchange","FloweringNight+1","BottledTime","Moonlight+1","BottledTime","Rearm","FastForward","Contraction","FastForward"],"relics":["Uniform","Meat on the Bone","Pen Nib"],"acts_visited":["Exordium"],"potions_floor_usage":[16,16],"damage_taken":[{"damage":8,"enemies":"Jaw Worm","floor":1,"turns":4},{"damage":7,"enemies":"2 Louse","floor":4,"turns":4},{"damage":0,"enemies":"Cultist","floor":8,"turns":3},{"damage":31,"enemies":"Gremlin Nob","floor":11,"turns":5},{"damage":9,"enemies":"Blue Slaver","floor":13,"turns":4},{"damage":7,"enemies":"3 Louse","floor":14,"turns":6},{"damage":54,"enemies":"Hexaghost","floor":16,"turns":17}],"seed_played":"-4718799385700723164","potions_obtained":[{"floor":4,"key":"Weak Potion"},{"floor":11,"key":"Block Potion"},{"floor":14,"key":"Regen Potion"}],"is_trial":false,"path_per_floor":["M","?","$","M","?","R","?","M","T","R","E","R","M","M","R","B"],"character_chosen":"THE_SERVANT","items_purchased":["Moonlight"],"campfire_rested":2,"item_purchase_floors":[3],"current_hp_per_floor":[57,57,57,50,39,39,39,39,39,39,20,39,42,35,54,0,0],"gold":201,"neow_bonus":"ONE_RANDOM_RARE_CARD","is_daily":false,"chose_seed":false,"campfire_upgraded":2,"win_rate":0.0,"timestamp":1608104850,"path_taken":["M","?","$","M","?","R","?","M","T","R","E","R","?","M","R","BOSS"],"items_purchased_type":["Card"],"build_version":"2020-12-13","purchased_purges":0,"victory":false,"max_hp_per_floor":[65,65,65,65,65,65,65,65,65,65,65,65,65,65,65,65,65],"card_choices":[{"not_picked":["TimeWarp","Potential"],"picked":"BottledTime","floor":1},{"not_picked":["Potential","Alleviate"],"picked":"BottledTime","floor":4},{"not_picked":["DoubleEdge","BottledTime"],"picked":"Rearm","floor":8},{"not_picked":["Snipe","Advance"],"picked":"FastForward","floor":11},{"not_picked":["Rearm","ReturningBlade"],"picked":"Contraction","floor":13},{"not_picked":["Gouge","Collapse"],"picked":"FastForward","floor":14}],"player_experience":235487,"relics_obtained":[{"floor":9,"key":"Meat on the Bone"},{"floor":11,"key":"Pen Nib"}],"event_choices":[{"damage_healed":0,"gold_gain":0,"player_choice":"Ignored","damage_taken":113,"max_hp_gain":0,"max_hp_loss":0,"event_name":"betterThird:BetterSerpent","floor":2,"gold_loss":0},{"damage_healed":0,"gold_gain":75,"player_choice":"Gold","damage_taken":11,"max_hp_gain":0,"max_hp_loss":0,"event_name":"betterThird:BetterGoop","floor":5,"gold_loss":0}],"is_beta":false,"boss_relics":[],"items_purged_floors":[],"is_endless":false,"potions_floor_spawned":[4,11,14],"killed_by":"Hexaghost","ascension_level":1}}