{"host":"naykp6d9ulahlwib","time":1608143070,"event":{"mods":["BaseMod","Highlight Path","Minty Spire (QoL Compilation)","StSLib"],"gold_per_floor":[114,114,127,127,138,138,169,169,215,215,225,242,242,133,133,232,232,247,263,276,294,194,194,229,229,279,279,279,4,40,67,67,169,169,183,200,200,200],"floor_reached":37,"playtime":4214,"items_purged":["Strike_P","Strike_P","Strike_P"],"score":634,"play_id":"2072c5d4-96b2-4ef8-87f5-83dd21983646","local_time":"20201216122430","is_ascension_mode":true,"campfire_choices":[{"floor":6.0,"key":"REST"},{"data":"MasterReality","floor":8.0,"key":"SMITH"},{"floor":13.0,"key":"REST"},{"data":"BattleHymn","floor":15.0,"key":"SMITH"},{"floor":23.0,"key":"REST"},{"floor":25.0,"key":"REST"},{"floor":32.0,"key":"REST"}],"circlet_count":0,"master_deck":["AscendersBane","Strike_P+1","Defend_P","Defend_P","Defend_P+1","Eruption+1","Vigilance","MasterReality+1","Collect","Consecrate+1","CarveReality","ClearTheMind","BattleHymn+1","DevaForm","TalkToTheHand+1","Wish","LessonLearned"],"relics":["PureWater","Blood Vial","MealTicket","Sozu","Bag of Marbles","Nunchaku","Meat on the Bone","White Beast Statue","Cursed Key"],"acts_visited":["Exordium","TheCity","TheBeyond"],"potions_floor_usage":[],"damage_taken":[{"damage":0.0,"enemies":"Jaw Worm","floor":1.0,"turns":4.0},{"damage":0.0,"enemies":"Small Slimes","floor":3.0,"turns":3.0},{"damage":0.0,"enemies":"Cultist","floor":5.0,"turns":4.0},{"damage":15.0,"enemies":"3 Sentries","floor":7.0,"turns":4.0},{"damage":0.0,"enemies":"Red Slaver","floor":11.0,"turns":1.0},{"damage":7.0,"enemies":"2 Fungi Beasts","floor":12.0,"turns":3.0},{"damage":13.0,"enemies":"The Guardian","floor":16.0,"turns":6.0},{"damage":24.0,"enemies":"Shell Parasite","floor":18.0,"turns":4.0},{"damage":12.0,"enemies":"Spheric Guardian","floor":19.0,"turns":5.0},{"damage":26.0,"enemies":"Centurion and Healer","floor":20.0,"turns":4.0},{"damage":6.0,"enemies":"3 Cultists","floor":21.0,"turns":4.0},{"damage":38.0,"enemies":"Gremlin Leader","floor":24.0,"turns":6.0},{"damage":9.0,"enemies":"Shelled Parasite and Fungi","floor":30.0,"turns":3.0},{"damage":34.0,"enemies":"Slavers","floor":31.0,"turns":6.0},{"damage":35.0,"enemies":"Automaton","floor":33.0,"turns":8.0},{"damage":6.0,"enemies":"Orb Walker","floor":35.0,"turns":3.0},{"damage":20.0,"enemies":"3 Shapes","floor":36.0,"turns":8.0},{"damage":50,"enemies":"Jaw Worm Horde","floor":37,"turns":2}],"seed_played":"-6421735236717975105","potions_obtained":[{"floor":1.0,"key":"Explosive Potion"},{"floor":5.0,"key":"FearPotion"},{"floor":10.0,"key":"SteroidPotion"},{"floor":11.0,"key":"Block Potion"},{"floor":12.0,"key":"EssenceOfSteel"}],"is_trial":false,"path_per_floor":["M","?","M","?","M","R","E","R","T","?","M","M","R","$","R","B",null,"M","M","M","M","$","R","E","R","T","T","?","$","M","E","R","B",null,"M","M","M"],"character_chosen":"WATCHER","items_purchased":["BattleHymn","Wish"],"campfire_rested":5,"item_purchase_floors":[14,29],"current_hp_per_floor":[47,47,47,33,33,54,39,39,39,39,41,36,57,72,72,59,69,47,37,13,9,24,45,9,30,30,30,30,45,38,18,39,18,59,55,37,0,0],"gold":200,"neow_bonus":"THREE_RARE_CARDS","is_daily":false,"chose_seed":false,"campfire_upgraded":2,"win_rate":0.0,"timestamp":1608143070,"path_taken":["M","?","M","?","M","R","E","R","T","?","?","M","R","$","R","BOSS","M","M","M","M","$","R","E","R","T","?","?","$","M","E","R","BOSS","M","M","M"],"items_purchased_type":["Card","Card"],"build_version":"2020-12-13","purchased_purges":3,"victory":false,"max_hp_per_floor":[72,72,72,72,72,72,72,72,72,72,72,72,72,72,72,72,72,72,72,72,72,72,72,72,72,72,72,72,72,72,72,72,72,72,72,72,72,72],"card_choices":[{"not_picked":["ConjureBlade","Ragnarok"],"picked":"MasterReality","floor":0.0},{"not_picked":["EmptyMind","CrushJoints","Halt"],"picked":"SKIP","floor":1.0},{"not_picked":["FlyingSleeves","FlurryOfBlows"],"picked":"Collect","floor":3.0},{"not_picked":["ClearTheMind","EmptyFist"],"picked":"Consecrate","floor":5.0},{"not_picked":["WheelKick","Perseverance"],"picked":"CarveReality","floor":7.0},{"not_picked":["InnerPeace","SashWhip"],"picked":"ClearTheMind","floor":11.0},{"not_picked":["MentalFortress","EmptyFist","ClearTheMind"],"picked":"SKIP","floor":12.0},{"not_picked":["Omniscience","Blasphemy"],"picked":"DevaForm","floor":16.0},{"not_picked":["Swivel","CrushJoints","FlyingSleeves"],"picked":"SKIP","floor":18.0},{"not_picked":["FlyingSleeves","ForeignInfluence","Prostrate"],"picked":"SKIP","floor":19.0},{"not_picked":["JustLucky","FollowUp","FlurryOfBlows"],"picked":"SKIP","floor":20.0},{"not_picked":["CutThroughFate+1","CrushJoints","LikeWater"],"picked":"SKIP","floor":21.0},{"not_picked":["Adaptation+1","FlurryOfBlows"],"picked":"TalkToTheHand+1","floor":24.0},{"not_picked":["Prostrate","CrushJoints","JustLucky"],"picked":"SKIP","floor":30.0},{"not_picked":["DevaForm","FlurryOfBlows","WheelKick+1"],"picked":"SKIP","floor":31.0},{"not_picked":["Scrawl","MasterReality"],"picked":"LessonLearned","floor":33.0},{"not_picked":["EmptyFist+1","CutThroughFate","BowlingBash+1"],"picked":"SKIP","floor":35.0},{"not_picked":["PathToVictory+1","EmptyFist+1","EmptyMind"],"picked":"SKIP","floor":36}],"player_experience":773214,"relics_obtained":[{"floor":7.0,"key":"Blood Vial"},{"floor":9.0,"key":"MealTicket"},{"floor":24.0,"key":"Bag of Marbles"},{"floor":26.0,"key":"Nunchaku"},{"floor":27.0,"key":"Meat on the Bone"},{"floor":31.0,"key":"White Beast Statue"}],"event_choices":[{"damage_healed":0.0,"max_hp_gain":0.0,"max_hp_loss":0.0,"gold_gain":0.0,"event_name":"Liars Game","player_choice":"Ignored","floor":2.0,"gold_loss":0.0,"damage_taken":0.0},{"damage_healed":0.0,"max_hp_gain":0.0,"max_hp_loss":0.0,"gold_gain":0.0,"event_name":"Shining Light","player_choice":"Entered Light","floor":4.0,"gold_loss":0.0,"damage_taken":14.0,"cards_upgraded":["Strike_P","Eruption"]},{"damage_healed":0.0,"max_hp_gain":0.0,"max_hp_loss":0.0,"gold_gain":0.0,"event_name":"Lab","player_choice":"Got Potions","floor":10.0,"gold_loss":0.0,"damage_taken":0.0},{"cards_removed":["Defend_P"],"damage_healed":0.0,"max_hp_gain":0.0,"max_hp_loss":0.0,"gold_gain":0.0,"event_name":"Purifier","player_choice":"Purged","floor":28.0,"gold_loss":0.0,"damage_taken":0.0}],"is_beta":false,"boss_relics":[{"not_picked":["Runic Dome","Tiny House"],"picked":"Sozu"},{"not_picked":["Coffee Dripper","VioletLotus"],"picked":"Cursed Key"}],"items_purged_floors":[14,22,29],"is_endless":false,"potions_floor_spawned":[1,5,11,12,19,24,31,33,35,36],"killed_by":"Jaw Worm Horde","ascension_level":11}}