{"host":"egyxg9lnjq7g2hmw","time":1608161721,"event":{"mods":["AchievementEnabler","BaseMod","Block Reminder","Colored Map","Colored Powertips","Highlight Path","Minty Spire (QoL Compilation)","Rare Cards Sparkle","StSLib"],"gold_per_floor":[119,119,135,135,151,151,168,195,195,195,210,210,210],"floor_reached":12,"playtime":583,"items_purged":[],"score":152,"play_id":"285f8422-f4e1-4691-a086-677efd6edc4a","local_time":"20201216153521","is_ascension_mode":true,"campfire_choices":[{"data":"Skewer","floor":6,"key":"SMITH"},{"data":"Dodge and Roll","floor":10,"key":"SMITH"}],"circlet_count":0,"master_deck":["AscendersBane","Strike_G","Strike_G","Strike_G","Defend_G","Defend_G","Defend_G","Defend_G","Defend_G","Survivor","Neutralize","Dagger Spray","Unload","Skewer+1","Dodge and Roll+1","Terror"],"relics":["Ring of the Snake","Juzu Bracelet","Meat on the Bone"],"acts_visited":["Exordium"],"potions_floor_usage":[12,12],"damage_taken":[{"damage":9,"enemies":"Jaw Worm","floor":1,"turns":7},{"damage":14,"enemies":"Cultist","floor":3,"turns":6},{"damage":3,"enemies":"2 Louse","floor":5,"turns":3},{"damage":0,"enemies":"Looter","floor":7,"turns":4},{"damage":25,"enemies":"Lagavulin","floor":8,"turns":7},{"damage":6,"enemies":"Large Slime","floor":11,"turns":7},{"damage":21,"enemies":"3 Sentries","floor":12,"turns":8}],"seed_played":"-1181737800715361446","potions_obtained":[{"floor":3,"key":"Fire Potion"},{"floor":5,"key":"Weak Potion"}],"is_trial":false,"path_per_floor":["M","?","M","?","M","R","M","E","T","R","M","E"],"character_chosen":"THE_SILENT","items_purchased":[],"campfire_rested":0,"item_purchase_floors":[],"current_hp_per_floor":[56,56,42,42,39,39,39,14,14,14,20,0,0],"gold":210,"neow_bonus":"TEN_PERCENT_HP_BONUS","is_daily":false,"chose_seed":false,"campfire_upgraded":2,"win_rate":0.0,"timestamp":1608161721,"path_taken":["M","?","?","?","M","R","M","E","T","R","M","E"],"items_purchased_type":[],"build_version":"2020-12-13","purchased_purges":0,"victory":false,"max_hp_per_floor":[72,72,72,72,72,72,72,72,72,72,72,72,72],"card_choices":[{"not_picked":["Dodge and Roll","Prepared"],"picked":"Dagger Spray","floor":1},{"not_picked":["Quick Slash","Crippling Poison"],"picked":"Unload","floor":3},{"not_picked":["Masterful Stab","Flying Knee"],"picked":"Dodge and Roll","floor":5},{"not_picked":["Deadly Poison","Acrobatics"],"picked":"Terror","floor":7},{"not_picked":["Slice","Crippling Poison","Poisoned Stab"],"picked":"SKIP","floor":8},{"not_picked":["Deflect","Escape Plan","Dagger Throw"],"picked":"SKIP","floor":11}],"player_experience":486604,"relics_obtained":[{"floor":8,"key":"Juzu Bracelet"},{"floor":9,"key":"Meat on the Bone"}],"event_choices":[{"cards_removed":["Strike_G"],"damage_healed":0,"gold_gain":0,"player_choice":"Offered Basic","damage_taken":0,"max_hp_gain":0,"max_hp_loss":0,"event_name":"Bonfire Elementals","floor":2,"gold_loss":0},{"damage_healed":0,"gold_gain":0,"cards_transformed":["Strike_G"],"player_choice":"Transformed","damage_taken":0,"max_hp_gain":0,"max_hp_loss":0,"event_name":"Transmorgrifier","floor":4,"gold_loss":0,"cards_obtained":["Skewer"]}],"is_beta":false,"boss_relics":[],"items_purged_floors":[],"is_endless":false,"potions_floor_spawned":[3,5,7,8],"killed_by":"3 Sentries","ascension_level":18}}