{"host":"dwyzfvnzfcqffr30","time":1608126800,"event":{"mods":["2.2 Compatiblity","Act Like it!","BaseMod","Beaked The Cultist","Better Altar","Better Sensory Stone","Better Third Choice","Clockwork Mod","Colored Map","Colored Powertips","Conspire","Elementarium","GifTheSpireLib","Halation","Hubris","Jedi Mod","Menagerie","Mimic Mod","Minty Spire (QoL Compilation)","Permanent Neow","Random Character Button","Replay The Spire","Spicy Shops","StSLib","Stuff the Spire","The Construct","The Druid","TheFirefly","Trackpad","vexMod"],"gold_per_floor":[109,109,125,125,99,99,126,137,162,192,24,24,42,73,73,172,172,183,194,71,71,83,83,118,136,162,179,179,179,208,208,208,310,310,326,174,284,184,194,194,227,227,227,227,227,327,340,340,340,340,340,340,1,36,36],"floor_reached":56,"playtime":2723,"items_purged":["Zap+1","StuffTheSpire:Rend+1"],"score":2045,"play_id":"0fd1ecc5-22d3-4b45-8c99-cb3d290386fb","local_time":"20201216055320","is_ascension_mode":true,"campfire_choices":[{"floor":6,"key":"REST"},{"floor":15,"key":"DIG"},{"floor":23,"key":"RECALL"},{"floor":40,"key":"REST"},{"floor":42,"key":"REST"},{"floor":44,"key":"REST"},{"floor":49,"key":"REST"},{"floor":52,"key":"REST"}],"circlet_count":0,"master_deck":["Strike_B+1","Strike_B+1","Strike_B+1","Defend_B+1","Defend_B+1","Defend_B+1","MasterReality+1","Reprogram+1","Bash+1","Sweeping Beam+1","Heavy Blade+1","Clash+1","Reaper+1","Gash+1","Inflame+1","Melter+1","Conserve Battery+1","Gash+1","Go for the Eyes+1","Hologram+1","Gash+1","ReplayTheSpireMod:Omega Cannon+1","hubris:PowerSurge+1","Conserve Battery+1"],"relics":["Omamori","Bottled Tornado","Quantum Egg","Frozen Egg 2","Toxic Egg 2","Molten Egg 2","Black Star","Juzu Bracelet","Iron Core","Molten Egg 2","ReplayTheSpireMod:CursedCoin","Art of War","Boot","trackpad:ByrdCharm","hubris:OldNail","Shuriken","Raider\u0027s Mask","StuffTheSpire:Experiment12","hubris:MysteriousPyramids","hubris:RGBLights","Nuclear Battery","Replay:Baseball","Garlic","vexMod:FocusSash","Paper Frog","hubris:Towel","Elementarium:GoldenMirage","halation:KoshaPiece","Elementarium:ElementariumTrophy","halation:Prosthetics","Mercury Hourglass","Orichalcum","jedi:Pinwheel","StuffTheSpire:Nightcore","trackpad:IceCube","Replay:WaspNest"],"acts_visited":["Exordium","Elementarium:Elementarium","TheBeyond","TheEnding"],"potions_floor_usage":[16,30,33,55,55],"damage_taken":[{"damage":0,"enemies":"2 Louse","floor":1,"turns":2},{"damage":12,"enemies":"Jaw Worm","floor":3,"turns":2},{"damage":0,"enemies":"3 Sentries","floor":7,"turns":7},{"damage":0,"enemies":"Cultist","floor":8,"turns":2},{"damage":0,"enemies":"Lagavulin","floor":10,"turns":4},{"damage":0,"enemies":"Looter","floor":13,"turns":2},{"damage":0,"enemies":"3 Sentries","floor":14,"turns":4},{"damage":0,"enemies":"Slime Boss","floor":16,"turns":4},{"damage":0,"enemies":"Elementarium:2_ELEMENTALS","floor":18,"turns":2},{"damage":0,"enemies":"Elementarium:MUD_AND_TAR_GOLEMS","floor":19,"turns":2},{"damage":0,"enemies":"Elementarium:STONE_GOLEMS","floor":22,"turns":3},{"damage":0,"enemies":"Elementarium:ElementalPortal","floor":24,"turns":5},{"damage":0,"enemies":"Elementarium:3_ELEMENTALS","floor":25,"turns":3},{"damage":0,"enemies":"Elementarium:RubyGolem","floor":27,"turns":2},{"damage":0,"enemies":"Elementarium:GOLDEN_STATUES","floor":30,"turns":2},{"damage":0,"enemies":"Elementarium:GoldenDragon","floor":33,"turns":7},{"damage":12,"enemies":"3 Darklings","floor":35,"turns":3},{"damage":0,"enemies":"Orb Walker","floor":37,"turns":2},{"damage":0,"enemies":"Jaw Worm Horde","floor":39,"turns":2},{"damage":0,"enemies":"Nemesis","floor":41,"turns":3},{"damage":6,"enemies":"4 Shapes","floor":47,"turns":1},{"damage":20,"enemies":"Time Eater","floor":50,"turns":4},{"damage":0,"enemies":"Shield and Spear","floor":54,"turns":2},{"damage":0,"enemies":"The Heart","floor":55,"turns":5}],"seed_played":"-1608432591758387125","potions_obtained":[{"floor":8,"key":"jedi:holywater"},{"floor":13,"key":"Explosive Potion"},{"floor":25,"key":"AttackPotion"},{"floor":35,"key":"Reflective Coating"},{"floor":54,"key":"EssenceOfSteel"}],"is_trial":false,"path_per_floor":["M","?","M","?","$","R","E","M","T","E","$","?","M","E","R_BF","B",null,"M","M","$","?","M","R","E","M","T","M","?","?","?","?","R_BF","B",null,"M","$","M","NS","M","R","E","R","T","R","?","?","M","?","R","B",null,"R","$","E","B",null],"character_chosen":"DEFECT","items_purchased":["ReplayTheSpireMod:CursedCoin","Heavy Blade+1","Art of War","Gash+1","Raider\u0027s Mask","Inflame+1","Gash+1","Replay:Baseball","Regen Potion","StuffTheSpire:GlassShard+1","hubris:PowerSurge+1","StuffTheSpire:Nightcore","Conserve Battery+1"],"campfire_rested":6,"item_purchase_floors":[5,5,5,11,11,11,20,20,36,36,53,53,53],"current_hp_per_floor":[68,68,56,56,56,75,75,75,75,75,75,75,75,75,75,75,75,75,75,75,75,75,75,75,75,75,75,75,75,75,60,75,75,40,28,28,28,28,28,40,40,40,40,40,40,40,34,34,40,20,35,40,40,40,40],"gold":36,"neow_bonus":"RANDOM_COMMON_RELIC","is_daily":false,"chose_seed":false,"campfire_upgraded":0,"win_rate":0.0,"timestamp":1608126800,"path_taken":["M","?","M","?","$","R","E","M","T","E","$","?","M","E","R_BF","BOSS","M","M","$","?","M","R","E","M","T","M","?","?","?","?","R_BF","BOSS","M","$","M","NS","M","R","E","R","T","R","?","?","M","?","R","BOSS","R","$","E","BOSS"],"items_purchased_type":["Relic","Card","Relic","Card","Relic","Card","Card","Relic","Potion","Card","Card","Relic","Card"],"build_version":"2020-12-13","purchased_purges":2,"victory":true,"max_hp_per_floor":[75,75,75,75,75,75,75,75,75,75,75,75,75,75,75,75,75,75,75,75,75,75,75,75,75,75,75,75,75,75,75,75,75,40,40,40,40,40,40,40,40,40,40,40,40,40,40,40,40,40,40,40,40,40,40],"card_choices":[{"not_picked":["Turbo+1","Chill+1"],"picked":"Reprogram+1","floor":1},{"not_picked":["Cold Snap+1","Steam Power+1"],"picked":"Sweeping Beam+1","floor":3},{"not_picked":["Recycle+1","Leap+1"],"picked":"Clash+1","floor":7},{"not_picked":["Anger+1","Warcry+1"],"picked":"Reaper+1","floor":8},{"not_picked":["jedi:BurstLightning+1","FIFO Queue+1","All For One+1"],"picked":"SKIP","floor":10},{"not_picked":["Flex+1","Clash+1"],"picked":"Melter+1","floor":13},{"not_picked":["Headbutt+1","StuffTheSpire:NuclearReactor+1","Static Discharge+1"],"picked":"SKIP","floor":14},{"not_picked":["BasicCrystalCard+1","Barrage+1"],"picked":"Conserve Battery+1","floor":18},{"not_picked":["jedi:blockon+1","Rebound+1","StuffTheSpire:Plugnplay+1"],"picked":"SKIP","floor":19},{"not_picked":["StuffTheSpire:Purify+1","jedi:BurstFrost+1","Coolheaded+1"],"picked":"SKIP","floor":22},{"not_picked":["Compile Driver+1","jedi:BurstLightning+1","StuffTheSpire:SnapShoot+1"],"picked":"SKIP","floor":24},{"not_picked":["Skim+1","Heatsinks+1"],"picked":"Go for the Eyes+1","floor":25},{"not_picked":["Panic Button+1","Storm+1"],"picked":"Hologram+1","floor":27},{"not_picked":["jedi:BurstFrost+1","Ball Lightning+1"],"picked":"Gash+1","floor":30},{"not_picked":["Rainbow+1","hubris:Prefetch+1"],"picked":"ReplayTheSpireMod:Omega Cannon+1","floor":33},{"not_picked":["jedi:BurstLightning+1","Steam+1","StuffTheSpire:Plugnplay+1"],"picked":"SKIP","floor":35},{"not_picked":["Defragment+1","Echo Form+1"],"picked":"StuffTheSpire:Rend+1","floor":37},{"not_picked":["Cold Snap+1","Turbo+1","jedi:blockon+1"],"picked":"SKIP","floor":39},{"not_picked":["StuffTheSpire:Coldhearted+1","Conserve Battery+1","Streamline+1"],"picked":"SKIP","floor":41},{"not_picked":["ReplayTheSpireMod:Calculation Training+1","Barrage+1","Lockon+1"],"picked":"SKIP","floor":47},{"not_picked":["jedi:BurstLightning+1","StuffTheSpire:CleanHardDrive+1","jedi:sharpshooter+1"],"picked":"SKIP","floor":54}],"player_experience":1239419,"relics_obtained":[{"floor":7,"key":"Boot"},{"floor":7,"key":"trackpad:ByrdCharm"},{"floor":10,"key":"hubris:OldNail"},{"floor":10,"key":"Shuriken"},{"floor":14,"key":"StuffTheSpire:Experiment12"},{"floor":14,"key":"hubris:MysteriousPyramids"},{"floor":15,"key":"hubris:RGBLights"},{"floor":24,"key":"Garlic"},{"floor":26,"key":"vexMod:FocusSash"},{"floor":30,"key":"Elementarium:GoldenMirage"},{"floor":41,"key":"Mercury Hourglass"},{"floor":41,"key":"Orichalcum"},{"floor":43,"key":"jedi:Pinwheel"},{"floor":54,"key":"trackpad:IceCube"},{"floor":54,"key":"Replay:WaspNest"}],"event_choices":[{"damage_healed":0,"gold_gain":0,"player_choice":"Simplicity","damage_taken":0,"max_hp_gain":0,"max_hp_loss":8,"event_name":"betterThird:BetterWriting","floor":0,"gold_loss":0},{"damage_healed":0,"gold_gain":0,"player_choice":"Adaptability","damage_taken":0,"max_hp_gain":0,"max_hp_loss":0,"event_name":"betterThird:BetterWriting","floor":0,"gold_loss":0},{"damage_healed":0,"gold_gain":0,"player_choice":"Upgraded","damage_taken":0,"max_hp_gain":0,"max_hp_loss":0,"event_name":"Upgrade Shrine","floor":0,"gold_loss":0,"cards_upgraded":["Zap"]},{"damage_healed":0,"gold_gain":0,"player_choice":"Upgraded","damage_taken":0,"max_hp_gain":0,"max_hp_loss":0,"event_name":"Upgrade Shrine","floor":0,"gold_loss":0,"cards_upgraded":["Dualcast"]},{"damage_healed":0,"gold_gain":0,"player_choice":"Ignored","damage_taken":0,"max_hp_gain":0,"max_hp_loss":0,"event_name":"Accursed Blacksmith","floor":12,"gold_loss":0},{"damage_healed":0,"gold_gain":0,"player_choice":"Fight","damage_taken":0,"max_hp_gain":0,"max_hp_loss":0,"event_name":"Elementarium:GoldenStatues","floor":30,"gold_loss":0},{"damage_healed":0,"gold_gain":0,"player_choice":"Blood","damage_taken":15,"relics_obtained":["halation:KoshaPiece"],"max_hp_gain":0,"max_hp_loss":0,"event_name":"Elementarium:ShatteredPortal","floor":31,"gold_loss":0},{"cards_removed":["Defend_B"],"damage_healed":0,"gold_gain":0,"player_choice":"Removed Skill","damage_taken":0,"max_hp_gain":0,"max_hp_loss":0,"event_name":"Falling","floor":45,"gold_loss":0},{"damage_healed":0,"gold_gain":100,"player_choice":"Pray","damage_taken":0,"max_hp_gain":0,"max_hp_loss":0,"event_name":"Golden Shrine","floor":46,"gold_loss":0},{"damage_healed":0,"gold_gain":0,"player_choice":"Ignored","damage_taken":0,"max_hp_gain":0,"max_hp_loss":0,"event_name":"Upgrade Shrine","floor":48,"gold_loss":0}],"is_beta":false,"boss_relics":[{"not_picked":["halation:PinkAlligatorPlush","beaked:SacredDeck"],"picked":"Nuclear Battery"},{"not_picked":["trackpad:Trackpad","Runic Dome"],"picked":"halation:PlatinumPhoenix"}],"items_purged_floors":[5,53],"is_endless":false,"potions_floor_spawned":[7,8,13,14,25,35,41,54],"ascension_level":7}}