{"host":"csp9nt53rootlkah","time":1608127241,"event":{"mods":["Act Like it!","BaseMod","Colored Powertips","Friendly Minions","Gensokyo","Highlight Path","Minty Spire (QoL Compilation)","Prisma Mod","Quick Restart","Replay The Spire","StSLib","TestMod","The Factory","The Jungle"],"gold_per_floor":[119,130,147,147,147,147,175,192,217,217,235,246,246,565,565,664,664,698,396,396,412,432,432,459,459,459,478,478,478,494,494,494,590,590,603,206,221,231,245,245,278,294,320,349,366,376,392,402,417,417],"floor_reached":51,"playtime":3928,"items_purged":["Writhe","Clumsy"],"score":712,"play_id":"27f6dca1-13d6-486c-ba2e-76b3f154e2ec","local_time":"20201216220041","is_ascension_mode":false,"campfire_choices":[{"data":"PrismaMod:IllyaBride","floor":6.0,"key":"SMITH"},{"data":"PrismaMod:IllyaUncommonDefend","floor":10.0,"key":"SMITH"},{"data":"PrismaMod:IllyaUncommonDefend","floor":13.0,"key":"SMITH"},{"data":"PrismaMod:IllyaAssassinRevenge","floor":15.0,"key":"SMITH"},{"data":"PrismaMod:IllyaUberDefendChannel","floor":23.0,"key":"SMITH"},{"data":"PrismaMod:IllyaStunPoison","floor":25.0,"key":"SMITH"},{"data":"PrismaMod:IllyaCarnivalAttack","floor":28.0,"key":"SMITH"},{"floor":32,"key":"DIG"},{"data":"PrismaMod:IllyaUberAttackChannel","floor":40,"key":"SMITH"}],"circlet_count":0,"master_deck":["PrismaMod:IllyaCommonAttack","PrismaMod:IllyaUncommonDefend+1","PrismaMod:IllyaBride+1","PrismaMod:IllyaUncommonDefend+1","PrismaMod:IllyaStunPoison+1","PrismaMod:IllyaAssassinRevenge+1","PrismaMod:IllyaFriendMaker+1","PrismaMod:IllyaUberDefendChannel+1","PrismaMod:IllyaCarnivalAttack+1","PrismaMod:IllyaBride+1","PrismaMod:IllyaBride+1","PrismaMod:IllyaFeed+1","PrismaMod:IllyaInstallRider","Pot Of Greed","Pot Of Greed","PrismaMod:IllyaUberAttackChannel+1","PrismaMod:IllyaHassanGift","PrismaMod:IllyaCommonEvoke+1","PrismaMod:IllyaInstallForeigner"],"relics":["PrismaMod:PrismaRuby","testmod-TestBox","testmod-BlackFramedGlasses","NeowsBlessing","Gensokyo:OccultBall","Dream Catcher","PreservedInsect","Old Coin","Kintsugi","Vajra","Replay:Bottled Steam","Grinning Jar","testmod-Fanaticism","Toolbox","Ancient Tea Set","Akabeko","Blue Doll","Juzu Bracelet"],"acts_visited":["Gensokyo:Gensokyo","TheCity","TheBeyond"],"potions_floor_usage":[33,33,50,50],"damage_taken":[{"damage":0.0,"enemies":"Gensokyo:Gryphon","floor":1.0,"turns":1.0},{"damage":0.0,"enemies":"Gensokyo:2_Kodama","floor":2.0,"turns":1.0},{"damage":0.0,"enemies":"Gensokyo:Python","floor":3.0,"turns":1.0},{"damage":0.0,"enemies":"Gensokyo:Aya","floor":7.0,"turns":7.0},{"damage":4.0,"enemies":"Gensokyo:VengefulSpirit","floor":8.0,"turns":5.0},{"damage":0.0,"enemies":"Gensokyo:LivingMonolith","floor":11.0,"turns":4.0},{"damage":0.0,"enemies":"Gensokyo:Gryphon_and_Rabbit","floor":12.0,"turns":5.0},{"damage":12.0,"enemies":"Gensokyo:Kokoro","floor":16.0,"turns":8.0},{"damage":0.0,"enemies":"2 Thieves","floor":18.0,"turns":5.0},{"damage":0.0,"enemies":"3 Byrds","floor":21.0,"turns":2.0},{"damage":0.0,"enemies":"Snecko","floor":22.0,"turns":4.0},{"damage":0.0,"enemies":"Slavers","floor":24.0,"turns":5.0},{"damage":3.0,"enemies":"Snake Plant","floor":27.0,"turns":3.0},{"damage":0,"enemies":"3 Cultists","floor":30,"turns":4},{"damage":0,"enemies":"Champ","floor":33,"turns":14},{"damage":0,"enemies":"3 Shapes","floor":35,"turns":3},{"damage":0,"enemies":"Orb Walker","floor":37,"turns":3},{"damage":18,"enemies":"Jaw Worm Horde","floor":38,"turns":4},{"damage":0,"enemies":"Transient","floor":39,"turns":5},{"damage":0,"enemies":"R_Hoarder","floor":41,"turns":5},{"damage":0,"enemies":"Maw","floor":42,"turns":4},{"damage":6,"enemies":"Reptomancer","floor":44,"turns":3},{"damage":0,"enemies":"Spire Growth","floor":45,"turns":2},{"damage":0,"enemies":"Sphere and 2 Shapes","floor":46,"turns":4},{"damage":18,"enemies":"Writhing Mass","floor":47,"turns":3},{"damage":20,"enemies":"3 Darklings","floor":48,"turns":2},{"damage":0,"enemies":"3 Darklings","floor":49,"turns":2},{"damage":1,"enemies":"Replay:Hell Engine","floor":50,"turns":6}],"seed_played":"6111737466653657917","potions_obtained":[{"floor":2.0,"key":"FearPotion"},{"floor":3.0,"key":"Explosive Potion"},{"floor":12.0,"key":"LiquidMemories"},{"floor":22.0,"key":"Adrenaline Potion"},{"floor":24.0,"key":"testmod-SpacePotion"},{"floor":30,"key":"Weak Potion"},{"floor":33,"key":"Fruit Juice"},{"floor":38,"key":"Elixir"},{"floor":39,"key":"Block Potion"},{"floor":45,"key":"AttackPotion"},{"floor":48,"key":"DistilledChaos"}],"is_trial":false,"path_per_floor":["M","M","M","?","?","R","E","M","T","R","M","M","R","?","R","B",null,"M","$","?","M","M","R","E","R","T","M","R","?","M","?","R","B",null,"M","$","M","M","M","R","E","M","T","E","M","M","M","M","R","B",null],"character_chosen":"ILLYA","items_purchased":["PrismaMod:IllyaCarnivalAttack","Vajra","Toolbox","Ancient Tea Set"],"campfire_rested":0,"item_purchase_floors":[19,19,36,36],"current_hp_per_floor":[75,75,75,45,45,45,52,53,53,53,57,62,62,62,62,58,75,75,75,75,75,75,75,75,75,75,74,74,74,75,75,75,80,80,80,80,80,80,80,80,80,80,80,80,80,80,80,80,80,80],"gold":417,"neow_bonus":"THREE_ENEMY_KILL","is_daily":false,"chose_seed":false,"campfire_upgraded":8,"win_rate":0.0,"timestamp":1608127241,"path_taken":["M","M","M","?","?","R","E","M","T","R","M","M","R","?","R","BOSS","M","$","?","?","M","R","E","R","T","M","R","?","?","?","R","BOSS","M","$","M","M","M","R","E","M","T","E","M","M","M","M","R","BOSS"],"items_purchased_type":["Card","Relic","Relic","Relic"],"build_version":"2020-12-13","purchased_purges":2,"victory":true,"max_hp_per_floor":[75,75,75,75,75,75,75,75,75,75,75,75,75,75,75,75,75,75,75,75,75,75,75,75,75,75,75,75,75,75,75,75,80,80,80,80,80,80,80,80,80,80,80,80,80,80,80,80,80,80],"card_choices":[{"not_picked":["PrismaMod:IllyaAOECommonAttack","PrismaMod:IllyaMinorRapidFire"],"picked":"PrismaMod:IllyaBride","floor":1.0},{"not_picked":["PrismaMod:IllyaRussianRoulette","PrismaMod:IllyaUncommonAttack"],"picked":"PrismaMod:IllyaUncommonDefend","floor":2.0},{"not_picked":["PrismaMod:IllyaFeed","PrismaMod:IllyaPoisonBomb"],"picked":"PrismaMod:IllyaStunPoison","floor":3.0},{"not_picked":["PrismaMod:IllyaCommonEvoke","PrismaMod:IllyaFriendMaker"],"picked":"PrismaMod:IllyaAssassinRevenge","floor":7.0},{"not_picked":["PrismaMod:IllyaZwei","PrismaMod:IllyaCheapChannelDefend","PrismaMod:IllyaCheapAttack"],"picked":"SKIP","floor":8.0},{"not_picked":["PrismaMod:IllyaUncommonAttack","PrismaMod:IllyaBerserCAR"],"picked":"PrismaMod:IllyaFriendMaker","floor":11.0},{"not_picked":["PrismaMod:IllyaRubysPotion","PrismaMod:IllyaPoisonTippedWeapons","PrismaMod:IllyaStunPoison"],"picked":"SKIP","floor":12.0},{"not_picked":["PrismaMod:IllyaInstallBerserker","PrismaMod:IllyaInstallForeigner"],"picked":"PrismaMod:IllyaUberDefendChannel","floor":16.0},{"not_picked":["PrismaMod:IllyaAlice","PrismaMod:IllyaCheapDefend+1","PrismaMod:IllyaAOECommonAttack"],"picked":"SKIP","floor":18.0},{"not_picked":["PrismaMod:IllyaGun","PrismaMod:IllyaGrailKun+1"],"picked":"PrismaMod:IllyaBride+1","floor":21.0},{"not_picked":["PrismaMod:IllyaUncommonEvoke","PrismaMod:IllyaPartialInstallAssassin","PrismaMod:IllyaCheapAttack"],"picked":"SKIP","floor":22.0},{"not_picked":["PrismaMod:IllyaMinorReinForce","PrismaMod:IllyaGrailKun+1","PrismaMod:IllyaRapidFire"],"picked":"SKIP","floor":24.0},{"not_picked":["PrismaMod:IllyaMinorReinForce","PrismaMod:IllyaGrailKun+1","PrismaMod:IllyaRapidFire"],"picked":"SKIP","floor":24.0},{"not_picked":["PrismaMod:IllyaMaid","PrismaMod:IllyaUberPoisonBlock"],"picked":"PrismaMod:IllyaBride+1","floor":27.0},{"not_picked":["PrismaMod:IllyaPartialInstallAssassin+1","PrismaMod:IllyaMaid+1"],"picked":"PrismaMod:IllyaFeed+1","floor":30},{"not_picked":["PrismaMod:IllyaCarnivalAttack","PrismaMod:IllyaCarnivalOrbs"],"picked":"PrismaMod:IllyaUberAttackChannel","floor":33},{"not_picked":["PrismaMod:IllyaFriendMaker+1","PrismaMod:IllyaBlindPoisonToss"],"picked":"PrismaMod:IllyaHassanGift","floor":35},{"not_picked":["PrismaMod:IllyaGrailKun","PrismaMod:IllyaUncommonDefend+1","PrismaMod:IllyaPoisonBlock+1"],"picked":"SKIP","floor":37},{"not_picked":["PrismaMod:IllyaSaphire+1","PrismaMod:IllyaBerserCAR+1","PrismaMod:IllyaCheapChannelDefend+1"],"picked":"SKIP","floor":38},{"not_picked":["PrismaMod:IllyaBoysLove","PrismaMod:IllyaAlice"],"picked":"PrismaMod:IllyaCommonEvoke+1","floor":39},{"not_picked":["PrismaMod:IllyaCarnivalOrbs","PrismaMod:IllyaCheapChannelDefend+1"],"picked":"PrismaMod:IllyaInstallForeigner","floor":41},{"not_picked":["PrismaMod:IllyaPoisonTippedWeapons+1","PrismaMod:IllyaStunPoison","PrismaMod:IllyaCheapChannelPoison"],"picked":"SKIP","floor":42},{"not_picked":["PrismaMod:IllyaBerserCAR+1","PrismaMod:IllyaGun+1","PrismaMod:IllyaUberPoisonBlock+1"],"picked":"SKIP","floor":44},{"not_picked":["PrismaMod:IllyaUncommonAttack+1","PrismaMod:IllyaUberPoisonBlock+1","PrismaMod:IllyaGun"],"picked":"SKIP","floor":45},{"not_picked":["PrismaMod:IllyaUncommonAttack+1","PrismaMod:IllyaFeed","PrismaMod:IllyaCheapChannelDefend"],"picked":"SKIP","floor":46},{"not_picked":["PrismaMod:IllyaPartialInstallAssassin+1","PrismaMod:IllyaRubysPotion","PrismaMod:IllyaBlindPoisonToss"],"picked":"SKIP","floor":47},{"not_picked":["PrismaMod:IllyaHassanGift","PrismaMod:IllyaPoisonBlock","PrismaMod:IllyaCheapChannelAttack+1"],"picked":"SKIP","floor":48},{"not_picked":["PrismaMod:IllyaStunPoison+1","PrismaMod:IllyaBerserCAR","PrismaMod:IllyaMinorRapidFire+1"],"picked":"SKIP","floor":49}],"player_experience":116108,"relics_obtained":[{"floor":7.0,"key":"Gensokyo:OccultBall"},{"floor":7.0,"key":"Dream Catcher"},{"floor":9.0,"key":"PreservedInsect"},{"floor":14.0,"key":"Old Coin"},{"floor":16.0,"key":"Gensokyo:OccultBall"},{"floor":18.0,"key":"Gensokyo:OccultBall"},{"floor":24.0,"key":"Replay:Bottled Steam"},{"floor":32,"key":"Grinning Jar"},{"floor":33,"key":"Gensokyo:OccultBall"},{"floor":38,"key":"Gensokyo:OccultBall"},{"floor":41,"key":"Akabeko"},{"floor":42,"key":"Gensokyo:OccultBall"},{"floor":43,"key":"Blue Doll"},{"floor":44,"key":"Juzu Bracelet"},{"floor":49,"key":"Gensokyo:OccultBall"}],"event_choices":[{"damage_healed":0.0,"max_hp_gain":0.0,"max_hp_loss":0.0,"gold_gain":0.0,"event_name":"Upgrade Shrine","player_choice":"Upgraded","floor":20.0,"gold_loss":0.0,"damage_taken":0.0,"cards_upgraded":["PrismaMod:IllyaFriendMaker"]},{"damage_healed":0,"gold_gain":0,"player_choice":"Ignored","damage_taken":0,"max_hp_gain":0,"max_hp_loss":0,"event_name":"The Mausoleum","floor":29,"gold_loss":0},{"damage_healed":0,"gold_gain":0,"cards_transformed":["PrismaMod:IllyaCommonAttack"],"player_choice":"Transformed","damage_taken":0,"max_hp_gain":0,"max_hp_loss":0,"event_name":"Transmorgrifier","floor":31,"gold_loss":0,"cards_obtained":["PrismaMod:IllyaInstallRider"]}],"is_beta":false,"boss_relics":[{"not_picked":["testmod-BloodSacrificeSpiritualization","Honey Jar"],"picked":"Kintsugi"},{"not_picked":["Replay:Fungal Core","testmod-SaigiyounoYou"],"picked":"testmod-Fanaticism"}],"items_purged_floors":[19,36],"is_endless":false,"potions_floor_spawned":[2,3,12,22,24,30,33,38,39,41,45,48],"ascension_level":0}}