{"host":"57rcrwhzj4x4jlaj","time":1608112624,"event":{"mods":["2.2 Compatiblity","BaseMod","BetterRewards","Colored Map","Conspire","Dota2Spire","Downfall","Energized Spire","Grow up Mod","Hermit","Hubris","Infinite Spire","Marisa????????","Mimic Mod","Minty Spire (QoL Compilation)","Relic Filter","Relic Stats","Remilia??????","Replay The Spire","Shop Mod","StSLib","SuperFastMode","Td1madao Mod","The Accelerator","The Bug Knight","The Exalted","The Jungle","[IsaacMod]????","vexMod"],"gold_per_floor":[99,114,130,150,150,150,175,175,175,175,175],"floor_reached":10,"playtime":314,"items_purged":[],"score":106,"play_id":"35b6928d-3974-48f9-8717-5b4bf1fc6c16","local_time":"20201216165704","is_ascension_mode":false,"campfire_choices":[{"data":"champ:Taunt","floor":1,"key":"SMITH"},{"data":"champ:FaceSlap","floor":9,"key":"SMITH"}],"circlet_count":0,"master_deck":["champ:Strike","champ:Strike","champ:Strike","champ:Strike+1","champ:Defend","champ:Defend","champ:Defend","champ:Defend","champ:Execute","champ:Taunt+1","champ:FaceSlap+1","champ:DefensiveShout","champ:FlashCut+1"],"relics":["champ:ChampionCrown","HushsDoor","Damocles","Juzu Bracelet","Onion Ring","infinitespire:ShieldingShard","champ:LiftRelic","hubris:Towel","Whetstone"],"acts_visited":["Exordium"],"potions_floor_usage":[10],"damage_taken":[{"damage":0,"enemies":"Cultist","floor":2,"turns":3},{"damage":5,"enemies":"Small Slimes","floor":3,"turns":3},{"damage":0,"enemies":"Jaw Worm","floor":4,"turns":3},{"damage":12,"enemies":"3 Sentries","floor":10,"turns":7}],"seed_played":"3730529477019316187","potions_obtained":[{"floor":2,"key":"Elixir"},{"floor":4,"key":"Block Potion"}],"is_trial":false,"path_per_floor":["R","M","M","M","?","?","T","?","R","E"],"character_chosen":"THE_CHAMP","items_purchased":[],"campfire_rested":0,"item_purchase_floors":[],"current_hp_per_floor":[110,120,130,140,150,160,170,180,190,0,0],"gold":175,"neow_bonus":"THREE_CARDS","is_daily":false,"chose_seed":false,"campfire_upgraded":2,"win_rate":0.0,"timestamp":1608112624,"path_taken":["R","M","M","M","?","?","T","?","R","E"],"items_purchased_type":[],"build_version":"2020-12-13","purchased_purges":0,"victory":false,"max_hp_per_floor":[110,120,130,140,150,160,170,180,190,190,190],"relic_stats":{"counters":[4,16],"Juzu Bracelet":0,"Whetstone":["champ:Strike","champ:FlashCut"],"obtain_stats":[{"KeepersGift":0,"Damocles":0,"infinitespire:ShieldingShard":4,"champ:LiftRelic":5,"champ:ChampionCrown":0,"Onion Ring":3,"Juzu Bracelet":2,"Whetstone":7,"hubris:Towel":6,"HushsDoor":0},{"KeepersGift":0,"Damocles":0,"infinitespire:ShieldingShard":3,"champ:LiftRelic":3,"champ:ChampionCrown":0,"Onion Ring":2,"Juzu Bracelet":1,"Whetstone":3,"hubris:Towel":3,"HushsDoor":0},{"KeepersGift":0,"Damocles":0,"infinitespire:ShieldingShard":9,"champ:LiftRelic":9,"champ:ChampionCrown":0,"Onion Ring":6,"Juzu Bracelet":3,"Whetstone":9,"hubris:Towel":9,"HushsDoor":0}]},"card_choices":[{"not_picked":[],"picked":"Bomb","floor":0},{"not_picked":["champ:AdrenalArmor","champ:TornadoPunch"],"picked":"champ:FaceSlap","floor":0},{"not_picked":["champ:BringItOn","champ:EnragedBash"],"picked":"champ:DefensiveShout","floor":2},{"not_picked":["Bomb","champ:PerfectedStrike"],"picked":"champ:FlashCut","floor":3},{"not_picked":["champ:CrookedStrike","champ:FanOfKnives","champ:HeartStrike"],"picked":"SKIP","floor":4}],"player_experience":663231,"relics_obtained":[{"floor":2,"key":"Juzu Bracelet"},{"floor":3,"key":"Onion Ring"},{"floor":4,"key":"infinitespire:ShieldingShard"},{"floor":7,"key":"Whetstone"}],"event_choices":[],"is_beta":false,"boss_relics":[],"items_purged_floors":[],"is_endless":false,"potions_floor_spawned":[2,4],"killed_by":"3 Sentries","ascension_level":0}}