{"host":"aljlpqwbzkm6w4ix","time":1608126332,"event":{"mods":["AchievementEnabler","BaseMod","Colored Map","Colored Powertips","Curses Come First","Friendly Minions","Infinite Spire","Mimic Mod","Minty Spire (QoL Compilation)","Relic Sorter","Shop Mod","StSLib","SuperFastMode"],"gold_per_floor":[111,111,286,286,301,301,401,401,451,470,142,156,171,171,171,272,272,290,290,290,290,310,344,362,362,362,387,431,457,469,481,493,607,619,645,657,419,473,485,485,485,516,516,535,547,547,576,590,590,590],"floor_reached":51,"playtime":1763,"items_purged":["Doubt","Writhe"],"score":835,"play_id":"2fb3ca28-0cf3-4b62-bbff-0c96cdf27cdc","local_time":"20201216144532","is_ascension_mode":false,"campfire_choices":[{"data":"Whirlwind","floor":6,"key":"SMITH"},{"data":"Defend_R","floor":8,"key":"SMITH"},{"data":"True Grit","floor":15,"key":"SMITH"},{"data":"Bite","floor":25,"key":"SMITH"},{"data":"Hemokinesis","floor":32,"key":"SMITH"},{"data":"Clash","floor":40,"key":"SMITH"},{"data":"Offering","floor":46,"key":"SMITH"},{"floor":49,"key":"REST"}],"circlet_count":0,"master_deck":["Defend_R+1","Defend_R","Cleave+1","Whirlwind+1","Clash+1","Thunderclap","True Grit+1","Offering+1","Bite+1","Bite+1","Bite","Bite","Bite","Hemokinesis+1","Inflame+1"],"relics":["Burning Blood","infinitespire:Beetle Shell","Pen Nib","Vajra","Sozu","Letter Opener","MawBank","infinitespire:Eraser","Self Forming Clay","Velvet Choker","infinitespire:Satchel","infinitespire:Joker Card","infinitespire:BottledMercury","infinitespire:Bottled Soul","Happy Flower"],"acts_visited":["Exordium","TheCity","TheBeyond"],"potions_floor_usage":[16,33,33],"damage_taken":[{"damage":6,"enemies":"Jaw Worm","floor":1,"turns":4},{"damage":0,"enemies":"Small Slimes","floor":5,"turns":2},{"damage":0,"enemies":"2 Louse","floor":10,"turns":1},{"damage":0,"enemies":"Exordium Thugs","floor":12,"turns":2},{"damage":0,"enemies":"Looter","floor":13,"turns":1},{"damage":53,"enemies":"Hexaghost","floor":16,"turns":8},{"damage":0,"enemies":"3 Byrds","floor":18,"turns":3},{"damage":6,"enemies":"2 Thieves","floor":22,"turns":2},{"damage":34,"enemies":"Book of Stabbing","floor":23,"turns":4},{"damage":20,"enemies":"Snecko","floor":24,"turns":4},{"damage":1,"enemies":"3 Cultists","floor":27,"turns":3},{"damage":2,"enemies":"Gremlin Leader","floor":28,"turns":4},{"damage":6,"enemies":"Chosen and Byrds","floor":29,"turns":1},{"damage":72,"enemies":"Automaton","floor":33,"turns":9},{"damage":9,"enemies":"Orb Walker","floor":35,"turns":2},{"damage":6,"enemies":"2 Orb Walkers","floor":38,"turns":1},{"damage":6,"enemies":"3 Shapes","floor":39,"turns":1},{"damage":15,"enemies":"Reptomancer","floor":42,"turns":2},{"damage":14,"enemies":"Transient","floor":44,"turns":5},{"damage":5,"enemies":"Jaw Worm Horde","floor":45,"turns":2},{"damage":45,"enemies":"Giant Head","floor":47,"turns":6},{"damage":6,"enemies":"3 Darklings","floor":48,"turns":3},{"damage":53,"enemies":"Donu and Deca","floor":50,"turns":4}],"seed_played":"1446294436975352253","potions_obtained":[{"floor":13,"key":"ColorlessPotion"},{"floor":16,"key":"Weak Potion"}],"is_trial":false,"path_per_floor":["M","?","?","?","M","R","?","R","T","M","$","M","M","?","R","B",null,"M","?","?","?","M","E","M","R","T","M","E","M","?","?","R","B",null,"M","?","$","?","M","R","?","E","T","M","M","R","E","M","R","B",null],"character_chosen":"IRONCLAD","items_purchased":["Vajra","FearPotion","BloodPotion","infinitespire:Satchel"],"campfire_rested":1,"item_purchase_floors":[11,11,11,37],"current_hp_per_floor":[80,80,80,73,79,79,79,79,79,80,80,80,80,80,80,33,80,80,56,47,47,58,38,40,40,40,55,61,61,61,61,61,23,61,61,61,61,61,61,61,58,49,49,58,58,58,22,34,51,16],"gold":590,"neow_bonus":"REMOVE_CARD","is_daily":false,"chose_seed":false,"campfire_upgraded":7,"win_rate":0.0,"timestamp":1608126332,"path_taken":["M","?","?","?","?","R","?","R","T","M","$","M","?","?","R","BOSS","M","?","?","?","M","E","M","R","T","M","E","?","?","?","R","BOSS","M","?","$","?","M","R","?","E","T","M","?","R","E","M","R","BOSS"],"items_purchased_type":["Relic","Potion","Potion","Relic"],"build_version":"2020-12-13","purchased_purges":2,"victory":true,"max_hp_per_floor":[80,80,80,80,80,80,80,80,80,80,80,80,80,80,80,80,80,80,56,61,61,61,61,61,61,61,61,61,61,61,61,61,61,61,61,61,61,61,61,61,58,58,58,58,58,58,58,58,58,58],"card_choices":[{"not_picked":["Havoc","Clothesline"],"picked":"Cleave","floor":1},{"not_picked":["Battle Trance","Blood for Blood"],"picked":"Whirlwind","floor":5},{"not_picked":["Iron Wave","Headbutt"],"picked":"Clash","floor":10},{"not_picked":["Barricade","Perfected Strike"],"picked":"Thunderclap","floor":12},{"not_picked":["Clothesline","Sword Boomerang"],"picked":"True Grit","floor":13},{"not_picked":["Impervious","Bludgeon"],"picked":"Offering","floor":16},{"not_picked":["Wild Strike","Evolve+1","Sword Boomerang+1"],"picked":"SKIP","floor":18},{"not_picked":["Pommel Strike","Barricade","Dropkick"],"picked":"SKIP","floor":22},{"not_picked":["Body Slam","Rampage","Bludgeon"],"picked":"SKIP","floor":23},{"not_picked":["Dark Embrace+1","Headbutt+1","Clothesline"],"picked":"SKIP","floor":24},{"not_picked":["Anger","Twin Strike"],"picked":"Hemokinesis","floor":27},{"not_picked":["Clothesline+1","Exhume","Armaments"],"picked":"SKIP","floor":28},{"not_picked":["Cleave","Searing Blow+1","Pummel"],"picked":"SKIP","floor":29},{"not_picked":["Headbutt+1","Twin Strike","Evolve"],"picked":"SKIP","floor":35},{"not_picked":["Twin Strike+1","True Grit","Pommel Strike+1"],"picked":"SKIP","floor":39},{"not_picked":["Anger","Sword Boomerang+1","Infernal Blade+1"],"picked":"SKIP","floor":42},{"not_picked":["Heavy Blade+1","Twin Strike+1"],"picked":"Inflame+1","floor":44},{"not_picked":["Intimidate+1","Immolate","Shrug It Off"],"picked":"SKIP","floor":45},{"not_picked":["Sever Soul+1","Disarm+1","infinitespire:OneForAll+1"],"picked":"SKIP","floor":47},{"not_picked":["Heavy Blade","Body Slam","Disarm+1"],"picked":"SKIP","floor":48}],"player_experience":317829,"relics_obtained":[{"floor":9,"key":"Pen Nib"},{"floor":23,"key":"Letter Opener"},{"floor":26,"key":"MawBank"},{"floor":28,"key":"infinitespire:Eraser"},{"floor":38,"key":"infinitespire:Joker Card"},{"floor":42,"key":"infinitespire:BottledMercury"},{"floor":43,"key":"infinitespire:Bottled Soul"},{"floor":47,"key":"Happy Flower"}],"event_choices":[{"damage_healed":0,"gold_gain":0,"player_choice":"Grow","damage_taken":0,"max_hp_gain":0,"max_hp_loss":0,"event_name":"Living Wall","floor":2,"gold_loss":0,"cards_upgraded":["Cleave"]},{"damage_healed":0,"gold_gain":175,"player_choice":"AGREE","damage_taken":0,"max_hp_gain":0,"max_hp_loss":0,"event_name":"Liars Game","floor":3,"gold_loss":0,"cards_obtained":["Doubt"]},{"damage_healed":0,"gold_gain":0,"player_choice":"Success","damage_taken":7,"relics_obtained":["infinitespire:Beetle Shell"],"max_hp_gain":0,"max_hp_loss":0,"event_name":"Scrap Ooze","floor":4,"gold_loss":0},{"damage_healed":0,"gold_gain":100,"player_choice":"Pray","damage_taken":0,"max_hp_gain":0,"max_hp_loss":0,"event_name":"Golden Shrine","floor":7,"gold_loss":0},{"damage_healed":0,"gold_gain":0,"player_choice":"Became a vampire","damage_taken":0,"max_hp_gain":0,"max_hp_loss":24,"event_name":"Vampires","floor":19,"gold_loss":0,"cards_obtained":["Bite","Bite","Bite","Bite","Bite"]},{"damage_healed":0,"gold_gain":0,"player_choice":"Shed Blood","damage_taken":14,"max_hp_gain":5,"max_hp_loss":0,"event_name":"Forgotten Altar","floor":20,"gold_loss":0},{"damage_healed":0,"gold_gain":0,"player_choice":"Upgraded","damage_taken":0,"max_hp_gain":0,"max_hp_loss":0,"event_name":"Upgrade Shrine","floor":21,"gold_loss":0,"cards_upgraded":["Bite"]},{"damage_healed":0,"gold_gain":0,"player_choice":"Opened","damage_taken":0,"relics_obtained":["Self Forming Clay"],"max_hp_gain":0,"max_hp_loss":0,"event_name":"The Mausoleum","floor":30,"gold_loss":0,"cards_obtained":["Writhe"]},{"cards_removed":["Defend_R"],"damage_healed":0,"gold_gain":0,"player_choice":"Offered Basic","damage_taken":0,"max_hp_gain":0,"max_hp_loss":0,"event_name":"Bonfire Elementals","floor":31,"gold_loss":0},{"damage_healed":0,"gold_gain":0,"player_choice":"Ignored","damage_taken":0,"max_hp_gain":0,"max_hp_loss":0,"event_name":"Tomb of Lord Red Mask","floor":36,"gold_loss":0},{"damage_healed":0,"gold_gain":0,"player_choice":"Fight","damage_taken":0,"max_hp_gain":0,"max_hp_loss":0,"event_name":"Mysterious Sphere","floor":38,"gold_loss":0},{"damage_healed":0,"gold_gain":0,"player_choice":"Max HP","damage_taken":0,"max_hp_gain":0,"max_hp_loss":3,"event_name":"Winding Halls","floor":41,"gold_loss":0}],"is_beta":false,"boss_relics":[{"not_picked":["Empty Cage","Runic Cube"],"picked":"Sozu"},{"not_picked":["Mark of Pain","SacredBark"],"picked":"Velvet Choker"}],"items_purged_floors":[11,37],"is_endless":false,"potions_floor_spawned":[13,16,22,23,24,39,45,47],"ascension_level":0}}