{"host":"msmkw03x1o7nq45i","time":1608107452,"event":{"mods":["BaseMod","Bestiary","Colored Powertips","Downfall","GifTheSpireLib","Highlight Path","Minty Spire (QoL Compilation)","Random Character Button","StSLib","everything is the same but u backflip on backflip"],"gold_per_floor":[99,99,99,99,99,99,99,99,126,126,143,159,159,179,190,291,291,291,308,318,343,172,188,188,188,221,233,244,256,256,266,285,285,285],"floor_reached":33,"playtime":2744,"items_purged":["Slimebound:Strike_Slimebound"],"score":289,"play_id":"57b5f645-bd50-4777-a24e-fb92b3ff458f","local_time":"20201216103052","is_ascension_mode":false,"campfire_choices":[{"data":"Slimebound:Split","floor":1.0,"key":"SMITH"},{"data":"Slimebound:Tackle","floor":5.0,"key":"SMITH"},{"data":"Slimebound:CorrosiveSpit","floor":8.0,"key":"SMITH"},{"data":"Slimebound:RollThrough","floor":10.0,"key":"SMITH"},{"data":"Slimebound:DuplicatedForm","floor":18,"key":"SMITH"},{"data":"Slimebound:LevelUp","floor":25,"key":"SMITH"}],"circlet_count":0,"master_deck":["Slimebound:Strike_Slimebound","Slimebound:Tackle+1","Slimebound:Defend_Slimebound","Slimebound:Defend_Slimebound","Slimebound:Defend_Slimebound","Slimebound:Split+1","Slimebound:CorrosiveSpit+1","Slimebound:RollThrough+1","Slimebound:GoopTackle","Slimebound:LeechingTouch","Slimebound:SamplingLick","Slimebound:DuplicatedForm+1","Slimebound:RallyTheTroops","Slimebound:LivingWall+1","Slimebound:LevelUp+1","Slimebound:Grow+1","Slimebound:AcidTongue","Slimebound:SplitBruiser+1","Slimebound:SplitBruiser+1"],"relics":["Slimebound:AbsorbEndCombat","Centennial Puzzle","White Beast Statue","Blue Candle","Slimebound:TarBlob","CaptainsWheel","Ornamental Fan","Boot"],"acts_visited":["Exordium","TheCity"],"potions_floor_usage":[21,21,23,26,26,26,26,27,28,31,32,33],"damage_taken":[{"damage":36.0,"enemies":"Lagavulin","floor":9.0,"turns":6.0},{"damage":8.0,"enemies":"Small Slimes","floor":11.0,"turns":2.0},{"damage":6.0,"enemies":"Jaw Worm","floor":12.0,"turns":2.0},{"damage":3.0,"enemies":"2 Louse","floor":14.0,"turns":2.0},{"damage":3.0,"enemies":"2 Fungi Beasts","floor":15.0,"turns":3.0},{"damage":41.0,"enemies":"downfall:Ironclad","floor":16.0,"turns":7.0},{"damage":18,"enemies":"Spheric Guardian","floor":19,"turns":2},{"damage":45,"enemies":"Cultist and Chosen","floor":20,"turns":7},{"damage":43,"enemies":"Book of Stabbing","floor":21,"turns":4},{"damage":27,"enemies":"downfall:FleeingMerchant","floor":22,"turns":4},{"damage":17,"enemies":"Snecko","floor":23,"turns":5},{"damage":19,"enemies":"Slavers","floor":26,"turns":5},{"damage":12,"enemies":"3 Cultists","floor":27,"turns":4},{"damage":31,"enemies":"Sentry and Sphere","floor":28,"turns":5},{"damage":27,"enemies":"Centurion and Healer","floor":29,"turns":6},{"damage":13,"enemies":"Snecko","floor":31,"turns":4},{"damage":35,"enemies":"Chosen and Byrds","floor":32,"turns":5},{"damage":61,"enemies":"downfall:Watcher","floor":33,"turns":4}],"seed_played":"3655138764246194142","potions_obtained":[{"floor":9.0,"key":"sneckomod:MuddlingPotion"},{"floor":11.0,"key":"Weak Potion"},{"floor":12.0,"key":"SteroidPotion"},{"floor":13.0,"key":"EssenceOfSteel"},{"floor":13.0,"key":"PowerPotion"},{"floor":16.0,"key":"LiquidBronze"},{"floor":19,"key":"FearPotion"},{"floor":20,"key":"SneckoOil"},{"floor":21,"key":"EntropicBrew"},{"floor":22,"key":"sneckomod:MuddlingPotion"},{"floor":23,"key":"Weak Potion"},{"floor":26,"key":"Explosive Potion"},{"floor":27,"key":"Strength Potion"},{"floor":28,"key":"BlessingOfTheForge"},{"floor":29,"key":"AttackPotion"},{"floor":31,"key":"Regen Potion"},{"floor":32,"key":"PowerPotion"}],"is_trial":false,"path_per_floor":["R","?","?","?","R","?","T","R","E","R","M","M","?","M","M","B",null,"R","M","M","E","$","M","T","R","E","M","M","M","?","M","M","B"],"character_chosen":"SLIMEBOUND","items_purchased":["Slimebound:LevelUp"],"campfire_rested":0,"item_purchase_floors":[22],"current_hp_per_floor":[66,66,59,59,59,64,64,64,46,46,48,44,44,43,44,48,71,71,67,45,35,41,40,40,40,37,53,37,41,41,44,42,0,0],"gold":285,"neow_bonus":"TEN_PERCENT_HP_BONUS","is_daily":false,"chose_seed":false,"campfire_upgraded":6,"win_rate":0.0,"timestamp":1608107452,"path_taken":["R","?","?","?","R","?","T","R","E","R","M","M","?","M","M","BOSS","R","M","M","E","$","M","T","R","E","M","M","?","?","M","M","BOSS"],"items_purchased_type":["Card"],"build_version":"2020-12-13","purchased_purges":1,"victory":false,"max_hp_per_floor":[66,66,66,66,66,71,71,71,71,71,71,71,71,71,71,71,71,71,71,71,71,71,71,71,71,71,71,71,71,71,71,71,71,71],"card_choices":[{"not_picked":["Slimebound:SplitMire","Slimebound:LevelUp"],"picked":"Slimebound:RollThrough","floor":9.0},{"not_picked":["Slimebound:LeechEnergy","Slimebound:SplitLeeching"],"picked":"Slimebound:GoopTackle","floor":11.0},{"not_picked":["Slimebound:ComboTackle","Slimebound:SplitLeeching"],"picked":"Slimebound:LeechingTouch","floor":12.0},{"not_picked":["Slimebound:GrowthPunch","Slimebound:SplitAcid"],"picked":"Slimebound:SamplingLick","floor":14.0},{"not_picked":["Slimebound:SplitAcid","Slimebound:SlimeTap"],"picked":"Slimebound:DuplicatedForm","floor":15.0},{"not_picked":["Slimebound:SlimeSlap","Slimebound:PrepareCrush"],"picked":"Slimebound:RallyTheTroops","floor":16.0},{"not_picked":["Slimebound:SplitMire","Slimebound:GrowthPunch","Slimebound:ForwardTackle"],"picked":"SKIP","floor":19},{"not_picked":["Slimebound:Repurpose","Slimebound:FinishingTackle"],"picked":"Slimebound:LivingWall+1","floor":20},{"not_picked":["Slimebound:GrowthPunch+1","Slimebound:SlimeSpikes","Slimebound:RollThrough+1"],"picked":"SKIP","floor":21},{"not_picked":["Slimebound:Nibble","Slimebound:GoopTackle+1","Slimebound:Schlurp"],"picked":"SKIP","floor":22},{"not_picked":["Slimebound:SlimeSpikes","Slimebound:Nibble","Slimebound:SplitAcid+1"],"picked":"SKIP","floor":23},{"not_picked":["Slimebound:SplitAcid","Slimebound:LeechingTouch"],"picked":"Slimebound:Grow+1","floor":26},{"not_picked":["Slimebound:Overexert","Slimebound:RollThrough","Slimebound:SlimeBrawl"],"picked":"SKIP","floor":27},{"not_picked":["Slimebound:Schlurp","Slimebound:SpikyOuterGoop"],"picked":"Slimebound:AcidTongue","floor":28},{"not_picked":["Slimebound:SlimeBarrage","Slimebound:FlameTackle","Slimebound:Gluttony"],"picked":"SKIP","floor":29},{"not_picked":["Slimebound:PressTheAttack+1","Slimebound:Chomp"],"picked":"Slimebound:SplitBruiser+1","floor":31},{"not_picked":["Slimebound:RollThrough+1","Slimebound:SplitAcid"],"picked":"Slimebound:SplitBruiser+1","floor":32}],"player_experience":312646,"relics_obtained":[{"floor":7.0,"key":"White Beast Statue"},{"floor":9.0,"key":"Blue Candle"},{"floor":21,"key":"CaptainsWheel"},{"floor":24,"key":"Ornamental Fan"},{"floor":26,"key":"Boot"}],"event_choices":[{"damage_healed":0.0,"max_hp_gain":0.0,"max_hp_loss":0.0,"gold_gain":0.0,"event_name":"Scrap Ooze","player_choice":"Success","floor":3.0,"gold_loss":0.0,"damage_taken":7.0,"relics_obtained":["Centennial Puzzle"]},{"damage_healed":0.0,"max_hp_gain":5.0,"max_hp_loss":0.0,"gold_gain":0.0,"event_name":"Big Fish","player_choice":"Donut","floor":6.0,"gold_loss":0.0,"damage_taken":0.0},{"damage_healed":0.0,"max_hp_gain":0.0,"max_hp_loss":0.0,"gold_gain":0.0,"event_name":"Lab","player_choice":"Got Potions","floor":13.0,"gold_loss":0.0,"damage_taken":0.0}],"is_beta":false,"boss_relics":[{"not_picked":["Busted Crown","Tiny House"],"picked":"Slimebound:TarBlob"}],"items_purged_floors":[22],"is_endless":false,"potions_floor_spawned":[9,11,12,14,15,16,19,20,21,22,23,26,27,28,29,31,32],"killed_by":"downfall:Watcher","ascension_level":0}}