{"host":"udyc8f81k2jocuhg","time":1608135608,"event":{"mods":["2.2 Compatiblity","BaseMod","Better Third Choice","Colored Powertips","Conspire","Custom Start","GifTheSpireLib","Hermit","Minty Spire (QoL Compilation)","Permanent Neow","Quick Restart","Relic Filter","Relic Stats","Replay The Spire","Shop Mod","Spikes Relics","StSLib","Stuff the Spire"],"gold_per_floor":[109,122,140,69,81,108,108,158,182,199,199,231,243,260,260,260,260],"floor_reached":16,"playtime":642,"items_purged":[],"score":200,"play_id":"140c2f23-4adf-420e-a453-8dbcf5ca41d5","local_time":"20201216172008","is_ascension_mode":true,"campfire_choices":[{"data":"Blade Dance","floor":7.0,"key":"SMITH"},{"data":"Accuracy","floor":11.0,"key":"SMITH"},{"data":"Neutralize","floor":15.0,"key":"SMITH"}],"circlet_count":0,"master_deck":["AscendersBane","Strike_G","Strike_G","Strike_G","Strike_G","Strike_G","Defend_G","Defend_G","Defend_G","Defend_G","Defend_G","Survivor","Neutralize+1","After Image","Dagger Spray","Accuracy+1","Blade Dance+1","Cloak And Dagger","Cloak And Dagger"],"relics":["Ring of the Snake","Centennial Puzzle","Anchor","Counterbalance"],"acts_visited":["Exordium"],"potions_floor_usage":[16],"damage_taken":[{"damage":9.0,"enemies":"2 Louse","floor":1.0,"turns":6.0},{"damage":0.0,"enemies":"Cultist","floor":2.0,"turns":6.0},{"damage":0.0,"enemies":"Small Slimes","floor":3.0,"turns":4.0},{"damage":7.0,"enemies":"2 Fungi Beasts","floor":5.0,"turns":5.0},{"damage":23.0,"enemies":"3 Sentries","floor":6.0,"turns":9.0},{"damage":6.0,"enemies":"Exordium Thugs","floor":10.0,"turns":5.0},{"damage":7.0,"enemies":"Gremlin Nob","floor":12.0,"turns":3.0},{"damage":0.0,"enemies":"Red Slaver","floor":13.0,"turns":4.0},{"damage":0.0,"enemies":"Exordium Wildlife","floor":14.0,"turns":2.0},{"damage":17,"enemies":"Fading Forest","floor":16,"turns":7}],"seed_played":"-1221040484198868600","potions_obtained":[{"floor":1.0,"key":"ColorlessPotion"},{"floor":6.0,"key":"FearPotion"},{"floor":10.0,"key":"SkillPotion"}],"is_trial":false,"path_per_floor":["M","M","M","$","M","E","R","?","T","M","R","E","M","M","R","B"],"character_chosen":"THE_SILENT","items_purchased":["Accuracy"],"campfire_rested":0,"item_purchase_floors":[4],"current_hp_per_floor":[50,50,50,50,43,20,20,20,20,14,14,7,7,7,7,0,0],"gold":260,"neow_bonus":"ONE_RANDOM_RARE_CARD","is_daily":false,"chose_seed":false,"campfire_upgraded":3,"win_rate":0.0,"timestamp":1608135608,"path_taken":["M","M","M","$","M","E","R","?","T","M","R","E","M","M","R","BOSS"],"items_purchased_type":["Card"],"build_version":"2020-12-13","purchased_purges":0,"victory":false,"max_hp_per_floor":[66,66,66,66,66,66,66,66,66,66,66,66,66,66,66,66,66],"relic_stats":{"Centennial Puzzle":[9],"counters":[10,51],"obtain_stats":[{"Centennial Puzzle":6,"Anchor":9,"Counterbalance":12,"Ring of the Snake":0},{"Centennial Puzzle":5,"Anchor":5,"Counterbalance":7,"Ring of the Snake":0},{"Centennial Puzzle":30,"Anchor":30,"Counterbalance":38,"Ring of the Snake":0}],"Ring of the Snake":[20]},"card_choices":[{"not_picked":["Heel Hook","Blade Dance","Slice"],"picked":"SKIP","floor":1.0},{"not_picked":["Outmaneuver","StuffTheSpire:ClusterCrunch","ReplayTheSpireMod:The Works"],"picked":"SKIP","floor":2.0},{"not_picked":["StuffTheSpire:Python","Blade Dance"],"picked":"Dagger Spray","floor":3.0},{"not_picked":["Expertise","Skewer"],"picked":"Blade Dance","floor":5.0},{"not_picked":["Burst","StuffTheSpire:Injection","StuffTheSpire:Python"],"picked":"SKIP","floor":6.0},{"not_picked":["StuffTheSpire:ClusterCrunch","PiercingWail"],"picked":"Cloak And Dagger","floor":10.0},{"not_picked":["Endless Agony","Slice","conspire:PoisonWeapons"],"picked":"SKIP","floor":12.0},{"not_picked":["Slice","Pace"],"picked":"Cloak And Dagger","floor":13.0},{"not_picked":["Dagger Throw","Toxin Wave","Prepared"],"picked":"SKIP","floor":14.0}],"player_experience":1914073,"relics_obtained":[{"floor":6.0,"key":"Centennial Puzzle"},{"floor":9.0,"key":"Anchor"},{"floor":12.0,"key":"Counterbalance"}],"event_choices":[{"damage_healed":0.0,"max_hp_gain":0.0,"max_hp_loss":0.0,"gold_gain":50.0,"event_name":"Golden Shrine","player_choice":"Pray","floor":8.0,"gold_loss":0.0,"damage_taken":0.0}],"is_beta":false,"boss_relics":[],"items_purged_floors":[],"is_endless":false,"potions_floor_spawned":[1,6,10],"killed_by":"Fading Forest","ascension_level":15}}