{"host":"2i0myh7fqij2ti1z","time":1608134567,"event":{"mods":["Aspiration","BaseMod","Better Third Choice","Colored Powertips","FoggyMod","Highlight Path","Infinite Spire","Minty Spire (QoL Compilation)","Quick Restart","Random Character Button","Random Character Mod","Replay The Spire","Shop Mod","Spicy Shops","StSLib","Transform Curses","Wandering Minibosses"],"gold_per_floor":[119,119,137,137,137,171,171,554387,554468,554422,554422,554460,554460,553128,553128,553256,553256,553170,553170,553120,553135,553234,553277,553277,553277,553277,553311,553311,553311,553326,553350,553350,553480,553580,553596,553596,553596,553596,553610,553610,553648,554011,554011,554050,554050,554050,554050,554100,554112,554263,554275,554299,554311,554342,554354,554366,554378,554430,554459,554471,554530,554542,554554,554414,554414],"floor_reached":64,"playtime":2510,"items_purged":["Blood for Blood","Thunderclap","Twin Strike","infinitespire:Pacifist","Sword Boomerang","Flex"],"score":1102,"play_id":"35416244-30af-4bdc-88d4-0293624b2327","local_time":"20201217000247","daily_mods":["SealedDeck","Uncertain Future","Binary"],"is_ascension_mode":true,"campfire_choices":[{"data":"Apotheosis","floor":11,"key":"SMITH"},{"data":"Massacre","floor":13,"key":"SMITH"},{"floor":15,"key":"REST"},{"floor":29,"key":"REST"},{"floor":47,"key":"REST"},{"floor":49,"key":"REST"},{"floor":57,"key":"REST"},{"floor":62,"key":"REST"}],"circlet_count":0,"master_deck":["Shrug It Off+1","Battle Trance","Shrug It Off+1","Massacre+1","ReplayTheSpireMod:Muscle Training","Thunderclap","infinitespire:NeuralNetwork","Apotheosis+1","ReplayTheSpireMod:Brewmster","Reaper+1","Sword Boomerang+1","Rupture","Offering+1","Shockwave","Panacea","infinitespire:Menacing","Thunderclap+1","Brutality","Parasite","ReplayTheSpireMod:Haul","Sickly"],"relics":["Iron Core","Golden Idol","aspiration:Lifesprig","Replay:M_SmolderingBlood","Oddly Smooth Stone","Gremlin Horn","infinitespire:EmpoweringShard","Toolbox","ReplayTheSpireMod:ShopPack","Replay:Accelerometer","Replay:Wax Seal","Molten Egg 2","Snack Pack","Sling","Iron Hammer","Boot","Cauldron","Replay:Ancient Bell","Lantern","Chameleon Ring","Turnip","Pear","Fusion Hammer","Akabeko","aspiration:RitualStick","ReplayTheSpireMod:Spearhead","Replay:Ringing Soul","Replay:Blank Codex","Replay:Wanted Poster","Sundial","Old Coin","Replay:Bottled Eggs","aspiration:FetidBarrel","OrangePellets","ReplayTheSpireMod:Ring of Addiction","Ring of Greed","Potion Belt","White Beast Statue","infinitespire:Midas Blood","MawBank","Replay:Bronze Core","Darkstone Periapt","CeramicFish","aspiration:FrozenJewel","Toy Ornithopter","infinitespire:Cubic Diamond","MerchantsRug"],"acts_visited":["Exordium","TheCity","TheBeyond","Exordium"],"potions_floor_usage":[16,18,33,50,50,50,50,50,50,50],"damage_taken":[{"damage":0.0,"enemies":"Jaw Worm","floor":1.0,"turns":1.0},{"damage":1.0,"enemies":"2 Louse","floor":3.0,"turns":1.0},{"damage":1.0,"enemies":"Lagavulin","floor":6.0,"turns":2.0},{"damage":15,"enemies":"3 Sentries","floor":12,"turns":3},{"damage":23,"enemies":"The Guardian","floor":16,"turns":3},{"damage":1,"enemies":"3 Byrds","floor":18,"turns":2},{"damage":2,"enemies":"Shell Parasite","floor":21,"turns":3},{"damage":0,"enemies":"Book of Stabbing","floor":23,"turns":2},{"damage":7,"enemies":"Nightmare","floor":27,"turns":3},{"damage":22,"enemies":"Snake Plant","floor":30,"turns":2},{"damage":0,"enemies":"Sentry and Sphere","floor":31,"turns":1},{"damage":16,"enemies":"Collector","floor":33,"turns":3},{"damage":6,"enemies":"3 Shapes","floor":35,"turns":1},{"damage":0,"enemies":"3 Darklings","floor":39,"turns":2},{"damage":26,"enemies":"Nightmare","floor":41,"turns":3},{"damage":18,"enemies":"Mind Bloom Boss Battle","floor":42,"turns":3},{"damage":1,"enemies":"R_Hoarder","floor":44,"turns":4},{"damage":34,"enemies":"Awakened One","floor":50,"turns":4},{"damage":0,"enemies":"Jaw Worm","floor":52,"turns":1},{"damage":1,"enemies":"2 Louse","floor":54,"turns":1},{"damage":8,"enemies":"Nightmare","floor":58,"turns":2},{"damage":0,"enemies":"Cultist","floor":59,"turns":1},{"damage":6,"enemies":"3 Sentries","floor":61,"turns":1}],"seed_played":"8594145421282198689","potions_obtained":[{"floor":2.0,"key":"Ancient Potion"},{"floor":2.0,"key":"SteroidPotion"},{"floor":2.0,"key":"Swift Potion"},{"floor":6.0,"key":"Adrenaline Potion"},{"floor":14,"key":"Death Potion"},{"floor":32,"key":"SteroidPotion"},{"floor":48,"key":"SpeedPotion"},{"floor":48,"key":"AttackPotion"},{"floor":50,"key":"DuplicationPotion"},{"floor":52,"key":"Block Potion"},{"floor":54,"key":"Energy Potion"},{"floor":59,"key":"Energy Potion"}],"is_trial":true,"path_per_floor":["M","?","M","?","?","E","?","$","T","?","R","E","R","$","R","B",null,"M","AVR","?","M","?","E","?","?","T","NM","?","R","M","M","R","B",null,"M","?","?","?","M","R","NM","?","T","E","AVR","?","R","?","R","B",null,"M","?","M","AVR","?","R","NM","M","T","E","R","?","$"],"character_chosen":"IRONCLAD","items_purchased":["Oddly Smooth Stone","Gremlin Horn","infinitespire:EmpoweringShard","Apotheosis","Toolbox","ReplayTheSpireMod:ShopPack","Molten Egg 2","Snack Pack","Sling","Iron Hammer","Boot","Cauldron","MerchantsRug"],"campfire_rested":6,"item_purchase_floors":[8,8,8,8,8,8,14,14,14,14,14,14,64],"current_hp_per_floor":[80,80,80,60,40,45,45,45,45,45,45,30,30,30,54,35,80,79,89,89,87,87,87,69,69,69,70,54,81,66,73,73,78,93,90,90,83,83,83,83,60,42,42,68,68,79,105,108,108,79,111,111,111,108,111,111,110,108,108,108,111,120,118,118,118],"gold":554414,"neow_bonus":"","is_daily":false,"chose_seed":false,"campfire_upgraded":2,"win_rate":0.0,"timestamp":1608134567,"path_taken":["M","?","?","?","?","E","?","$","T","?","R","E","R","?","R","BOSS","M","AVR","?","?","?","E","?","?","T","NM","?","R","?","?","R","BOSS","M","?","?","?","?","R","NM","?","T","E","AVR","?","R","?","R","BOSS","M","?","?","AVR","?","R","NM","?","T","E","R","?","?"],"items_purchased_type":["Relic","Relic","Relic","Card","Relic","Relic","Relic","Relic","Relic","Relic","Relic","Relic","Relic"],"build_version":"2020-12-13","purchased_purges":6,"victory":false,"max_hp_per_floor":[80,80,80,80,80,80,80,80,80,80,80,80,80,80,80,80,80,80,90,90,90,90,90,90,90,90,90,90,90,90,90,90,93,93,96,96,99,99,99,99,102,102,102,105,105,105,105,108,108,111,111,111,111,109,112,112,110,113,113,111,120,120,118,118,118],"card_choices":[{"not_picked":["Perfected Strike","Clothesline"],"picked":"SKIP","floor":1.0},{"not_picked":["Flex"],"picked":"Thunderclap","floor":3.0},{"not_picked":["infinitespire:SevenWalls","infinitespire:FutureSight"],"picked":"infinitespire:NeuralNetwork","floor":5.0},{"not_picked":["Perfected Strike","True Grit"],"picked":"SKIP","floor":6.0},{"not_picked":["Magnetism"],"picked":"ReplayTheSpireMod:Brewmster","floor":8},{"not_picked":["Fire Breathing","Shrug It Off"],"picked":"SKIP","floor":12},{"not_picked":["Ragnarok+1"],"picked":"Reaper+1","floor":16},{"not_picked":["Pain"],"picked":"Languid","floor":17},{"not_picked":["Replay:Hysterical Blindness"],"picked":"ReplayTheSpireMod:IOU","floor":17},{"not_picked":["AbeCurse"],"picked":"infinitespire:Pacifist","floor":17},{"not_picked":["Life Link+1"],"picked":"Sword Boomerang+1","floor":18},{"not_picked":["Entrench"],"picked":"Rupture","floor":21},{"not_picked":["Rampage+1","ReplayReversal+1"],"picked":"SKIP","floor":23},{"not_picked":["Spot Weakness","Run Through+1"],"picked":"SKIP","floor":27},{"not_picked":["Cleave+1","Sword Boomerang+1"],"picked":"SKIP","floor":30},{"not_picked":["Iron Wave+1","ReplayTheSpireMod:Strike From Hell+1"],"picked":"SKIP","floor":31},{"not_picked":["Reaper+1"],"picked":"Offering","floor":33},{"not_picked":["Perfected Strike+1"],"picked":"Shockwave","floor":35},{"not_picked":["Dark Shackles"],"picked":"Panacea","floor":37},{"not_picked":["Shrug It Off+1","Searing Blow+1"],"picked":"SKIP","floor":39},{"not_picked":["ReplayTheSpireMod:Chaos Vortex","infinitespire:Collect"],"picked":"infinitespire:Menacing","floor":41},{"not_picked":["Heavy Blade+1","Sword Boomerang+1"],"picked":"SKIP","floor":41},{"not_picked":["ReplayTheSpireMod:Limb From Limb+1"],"picked":"Thunderclap+1","floor":44},{"not_picked":["Bludgeon+1"],"picked":"Brutality","floor":50},{"not_picked":["Anger+1","Whirlwind+1"],"picked":"SKIP","floor":52},{"not_picked":["Clash+1","Flex"],"picked":"SKIP","floor":54},{"not_picked":["infinitespire:Oblivion","infinitespire:FutureSight"],"picked":"ReplayTheSpireMod:Haul","floor":58},{"not_picked":["Armaments","Flex"],"picked":"SKIP","floor":58},{"not_picked":["Fire Breathing","ReplayTheSpireMod:LeadingStrike+1"],"picked":"SKIP","floor":59},{"not_picked":["True Grit","Sever Soul+1"],"picked":"SKIP","floor":61},{"not_picked":["True Grit","Sever Soul+1"],"picked":"SKIP","floor":61}],"player_experience":174311,"relics_obtained":[{"floor":6.0,"key":"aspiration:Lifesprig"},{"floor":9,"key":"Replay:Accelerometer"},{"floor":12,"key":"Replay:Wax Seal"},{"floor":23,"key":"Akabeko"},{"floor":26,"key":"ReplayTheSpireMod:Spearhead"},{"floor":27,"key":"Replay:Ringing Soul"},{"floor":28,"key":"Replay:Blank Codex"},{"floor":41,"key":"Sundial"},{"floor":42,"key":"Old Coin"},{"floor":43,"key":"Replay:Bottled Eggs"},{"floor":44,"key":"aspiration:FetidBarrel"},{"floor":48,"key":"ReplayTheSpireMod:Ring of Addiction"},{"floor":48,"key":"Ring of Greed"},{"floor":48,"key":"Potion Belt"},{"floor":48,"key":"White Beast Statue"},{"floor":48,"key":"infinitespire:Midas Blood"},{"floor":48,"key":"MawBank"},{"floor":58,"key":"CeramicFish"},{"floor":60,"key":"aspiration:FrozenJewel"},{"floor":61,"key":"Toy Ornithopter"}],"event_choices":[{"damage_healed":0.0,"max_hp_gain":0.0,"max_hp_loss":0.0,"gold_gain":0.0,"event_name":"Lab","player_choice":"Got Potions","floor":2.0,"gold_loss":0.0,"damage_taken":0.0},{"damage_healed":0.0,"max_hp_gain":0.0,"max_hp_loss":0.0,"gold_gain":0.0,"event_name":"Golden Idol","player_choice":"Take Damage","floor":4.0,"gold_loss":0.0,"damage_taken":20.0,"relics_obtained":["Golden Idol"]},{"damage_healed":0,"gold_gain":0,"player_choice":"Left","damage_taken":0,"max_hp_gain":0,"max_hp_loss":0,"event_name":"betterThird:BetterGoop","floor":10,"gold_loss":46},{"damage_healed":0,"gold_gain":0,"player_choice":"Bet on Murderer","damage_taken":0,"max_hp_gain":0,"max_hp_loss":0,"event_name":"The Joust","floor":20,"gold_loss":50},{"damage_healed":0,"gold_gain":99,"player_choice":"Steal","damage_taken":0,"max_hp_gain":0,"max_hp_loss":0,"event_name":"betterThird:BetterNest","floor":22,"gold_loss":0},{"cards_removed":["Languid"],"damage_healed":0,"gold_gain":0,"player_choice":"Elegance","damage_taken":0,"max_hp_gain":0,"max_hp_loss":0,"event_name":"betterThird:BetterWriting","floor":25,"gold_loss":0},{"damage_healed":0,"gold_gain":0,"player_choice":"Obtained Book","damage_taken":16,"max_hp_gain":0,"max_hp_loss":0,"event_name":"Cursed Tome","floor":28,"gold_loss":0},{"damage_healed":0,"gold_gain":0,"player_choice":"Ignored","damage_taken":0,"max_hp_gain":0,"max_hp_loss":0,"event_name":"Tomb of Lord Red Mask","floor":36,"gold_loss":0},{"damage_healed":0,"gold_gain":0,"player_choice":"Memory 3","damage_taken":10,"max_hp_gain":0,"max_hp_loss":0,"event_name":"SensoryStone","floor":37,"gold_loss":0},{"damage_healed":0,"gold_gain":0,"player_choice":"Bought 0 Potions","damage_taken":0,"max_hp_gain":0,"max_hp_loss":0,"event_name":"The Woman in Blue","floor":38,"gold_loss":0},{"damage_healed":0,"gold_gain":0,"player_choice":"Fight","damage_taken":0,"max_hp_gain":0,"max_hp_loss":0,"event_name":"MindBloom","floor":42,"gold_loss":0},{"cards_removed":["Replay:Hysterical Blindness","Spreading Infection"],"damage_healed":0,"gold_gain":0,"player_choice":"Removed Curses","damage_taken":0,"max_hp_gain":0,"max_hp_loss":0,"event_name":"Fountain of Cleansing","floor":53,"gold_loss":0},{"damage_healed":0,"gold_gain":0,"player_choice":"Forge","damage_taken":0,"max_hp_gain":0,"max_hp_loss":0,"event_name":"Accursed Blacksmith","floor":56,"gold_loss":0,"cards_upgraded":["Offering"]}],"is_beta":false,"boss_relics":[{"not_picked":["Velvet Choker","Calling Bell"],"picked":"Replay:Ancient Bell"},{"not_picked":["Smiling Mask","ReplayTheSpireMod:TigerMarble"],"picked":"Lantern"},{"not_picked":["Replay:Bottled Flurry","aspiration:StickyExplosives_weak"],"picked":"Chameleon Ring"},{"not_picked":["Unceasing Top","infinitespire:CursedDice"],"picked":"Turnip"},{"not_picked":["aspiration:WatcherSkillbook","Replay:Drink Me"],"picked":"Replay:Wanted Poster"},{"not_picked":["ReplayTheSpireMod:DimensionalGlitch","ReplayTheSpireMod:SealedPack"],"picked":"Replay:Bronze Core"}],"items_purged_floors":[8,8,14,19,45,55],"is_endless":true,"potions_floor_spawned":[3,6,12,23,27,44,50,52,54,59,61],"ascension_level":1}}