{"host":"llpusn9usp8rznkj","time":1608141048,"event":{"mods":["2.2 Compatiblity","BaseMod","Colored Map","Colored Powertips","Conspire","Downfall","Hubris","Minty Spire (QoL Compilation)","Rare Cards Sparkle","Replay The Spire","StSLib","The Cursed"],"gold_per_floor":[119,139,89,89,9,9,28,28,28,65,91,104,132,16,50,64,64,157,157,197,197,197,231,167,167,217,217,217,217,244,257,303,35,35,112,112,131,131,144,156,31,59,59,91,91,139,52,52,77,96,96,96,96,96,96,6,6,6],"floor_reached":57,"playtime":2939,"items_purged":["Strike_B","conspire:SpireCoStock","Strike_B+1"],"score":2182,"play_id":"b04c22af-4bfc-4614-b7b9-25cdeaa394ca","local_time":"20201216125048","is_ascension_mode":true,"campfire_choices":[{"data":"Zap","floor":6.0,"key":"SMITH"},{"data":"ReplayTheSpireMod:Calculation Training","floor":17.0,"key":"SMITH"},{"data":"Seek","floor":25.0,"key":"SMITH"},{"data":"Amplify","floor":27.0,"key":"SMITH"},{"data":"Coolheaded","floor":29.0,"key":"SMITH"},{"data":"Dualcast","floor":34.0,"key":"SMITH"},{"floor":43.0,"key":"RECALL"},{"data":"Defragment","floor":48.0,"key":"SMITH"},{"data":"Seek","floor":51.0,"key":"SMITH"},{"data":"Coolheaded","floor":55.0,"key":"SMITH"}],"circlet_count":0,"master_deck":["AscendersBane","Strike_B+1","Strike_B+1","Defend_B+1","Defend_B+1","Defend_B+1","Defend_B+1","Zap+1","Dualcast+1","ReplayTheSpireMod:Calculation Training+1","Defragment+2","Self Repair","Ball Lightning","Seek+1","Coolheaded+1","Ball Lightning","FIFO Queue","Glacier","Amplify+1","Reboot","Barrage+1","Seek+1","Coolheaded+1","Defragment+1","Capacitor+1","Defragment","Blizzard"],"relics":["Cracked Core","NeowsBlessing","hubris:BallOfYels","Bronze Scales","Akabeko","conspire:DeflatedDodgeball","conspire:SeveredTorchhead","Onion Ring","hubris:SphereOfDissonance","hubris:GlazedTorus","conspire:InfiniteJournal","Replay:Frozen Program","Velvet Choker","ReplayTheSpireMod:Lightbulb","Replay:Rubber Ducky","Cables","Unceasing Top","ReplayTheSpireMod:TigerMarble"],"acts_visited":["Exordium","TheCity","TheBeyond","TheEnding"],"potions_floor_usage":[],"damage_taken":[{"damage":0.0,"enemies":"2 Louse","floor":1.0,"turns":1.0},{"damage":0.0,"enemies":"Jaw Worm","floor":2.0,"turns":1.0},{"damage":0.0,"enemies":"Small Slimes","floor":7.0,"turns":1.0},{"damage":30.0,"enemies":"Lagavulin","floor":10.0,"turns":7.0},{"damage":0.0,"enemies":"Blue Slaver","floor":12.0,"turns":2.0},{"damage":15.0,"enemies":"3 Sentries","floor":13.0,"turns":5.0},{"damage":21.0,"enemies":"Lagavulin","floor":15.0,"turns":4.0},{"damage":0.0,"enemies":"2 Fungi Beasts","floor":16.0,"turns":2.0},{"damage":16.0,"enemies":"Slime Boss","floor":18.0,"turns":8.0},{"damage":31.0,"enemies":"2 Thieves","floor":20.0,"turns":4.0},{"damage":0.0,"enemies":"Shell Parasite","floor":22.0,"turns":1.0},{"damage":6.0,"enemies":"Snake Plant","floor":23.0,"turns":4.0},{"damage":5.0,"enemies":"conspire:SneckoGhost","floor":26.0,"turns":5.0},{"damage":7.0,"enemies":"Book of Stabbing","floor":30.0,"turns":4.0},{"damage":8.0,"enemies":"Cultist and Chosen","floor":31.0,"turns":5.0},{"damage":11.0,"enemies":"Gremlin Leader","floor":32.0,"turns":5.0},{"damage":21.0,"enemies":"hubris:MusketHawk","floor":35.0,"turns":6.0},{"damage":5.0,"enemies":"3 Shapes","floor":37.0,"turns":4.0},{"damage":0.0,"enemies":"Orb Walker","floor":39.0,"turns":2.0},{"damage":31.0,"enemies":"3 Darklings","floor":40.0,"turns":6.0},{"damage":0.0,"enemies":"R_Hoarder","floor":42.0,"turns":6.0},{"damage":3.0,"enemies":"Nemesis","floor":44.0,"turns":5.0},{"damage":28.0,"enemies":"2 Orb Walkers","floor":46.0,"turns":4.0},{"damage":0.0,"enemies":"R_Hoarder","floor":49.0,"turns":6.0},{"damage":7.0,"enemies":"Sphere and 2 Shapes","floor":50.0,"turns":4.0},{"damage":12.0,"enemies":"Donu and Deca","floor":52.0,"turns":8.0},{"damage":12.0,"enemies":"conspire:OrnateMirror","floor":53.0,"turns":10.0},{"damage":87,"enemies":"Shield and Spear","floor":57,"turns":3}],"seed_played":"7630811205705753813","potions_obtained":[{"floor":1.0,"key":"PotionOfCapacity"},{"floor":7.0,"key":"SmokeBomb"},{"floor":13.0,"key":"DistilledChaos"},{"floor":15.0,"key":"Languid Potion"},{"floor":30.0,"key":"SkillPotion"},{"floor":31.0,"key":"FocusPotion"},{"floor":40.0,"key":"champ:CounterPotion"},{"floor":46.0,"key":"LiquidBronze"},{"floor":50.0,"key":"FearPotion"}],"is_trial":false,"path_per_floor":["M","M","?","?","$","R","M","PTL","PTL","E","T","M","E","$","E","M","R","B",null,"M","?","M","M","?","R","E","R","T","R","E","M","E","$","R","B",null,"M","?","M","M","$","E","R","E","T","?","$","R","E","M","R","B","B",null,"R","$","E"],"character_chosen":"DEFECT","items_purchased":["Self Repair","FIFO Queue","Replay:Frozen Program","Defragment","Blizzard"],"campfire_rested":0,"item_purchase_floors":[5,14,33,47,56],"current_hp_per_floor":[64,64,64,64,64,64,71,71,71,48,48,48,40,40,26,33,33,24,59,35,35,42,50,50,50,52,52,52,52,59,51,54,54,54,40,63,71,71,71,47,47,54,54,65,65,37,37,37,51,58,58,53,55,67,67,67,0,0],"gold":6,"neow_bonus":"THREE_ENEMY_KILL","is_daily":false,"chose_seed":false,"campfire_upgraded":9,"win_rate":0.0,"timestamp":1608141048,"path_taken":["M","M","?","?","?","R","?","PTL","PTL","E","T","M","E","$","E","M","R","BOSS","M","?","M","M","?","R","E","R","T","R","E","M","E","$","R","BOSS","M","?","?","M","$","E","R","E","T","?","$","R","E","M","R","BOSS","BOSS","R","$","E"],"items_purchased_type":["Card","Card","Relic","Card","Card"],"build_version":"2020-12-13","purchased_purges":3,"victory":false,"max_hp_per_floor":[71,71,71,71,71,71,71,71,71,71,71,71,71,71,71,71,71,71,71,71,71,71,71,71,71,71,71,71,71,71,71,71,71,71,71,71,71,71,71,71,71,71,71,71,71,71,71,71,71,71,71,71,71,71,71,71,71,71],"card_choices":[{"not_picked":["hubris:Ukulele","Rip and Tear"],"picked":"ReplayTheSpireMod:Calculation Training","floor":1.0},{"not_picked":["Storm","Scrape"],"picked":"Defragment","floor":2.0},{"not_picked":["Leap","Sweeping Beam"],"picked":"Ball Lightning","floor":7.0},{"not_picked":["Time Bomb","Scrape"],"picked":"Seek","floor":10.0},{"not_picked":["ReplayTheSpireMod:GoodbyeWorld","Go for the Eyes"],"picked":"Coolheaded","floor":12.0},{"not_picked":["ReplayGash","Consume"],"picked":"Ball Lightning","floor":13.0},{"not_picked":["Barrage","Sweeping Beam"],"picked":"Glacier","floor":15.0},{"not_picked":["Stack","Beam Cell","Melter"],"picked":"SKIP","floor":16.0},{"not_picked":["Fission","Core Surge"],"picked":"Amplify","floor":18.0},{"not_picked":["Go for the Eyes","Steam","Rebound"],"picked":"SKIP","floor":20.0},{"not_picked":["Hologram","Recycle","Rebound"],"picked":"SKIP","floor":23.0},{"not_picked":["ReplayTheSpireMod:System Scan","Cold Snap"],"picked":"Reboot","floor":26.0},{"not_picked":["conspire:SharedLibrary+1","Barrage","Streamline+1"],"picked":"SKIP","floor":30.0},{"not_picked":["Ball Lightning","Doom and Gloom"],"picked":"Barrage+1","floor":31.0},{"not_picked":["ReplayGash+1","Beam Cell+1","Barrage"],"picked":"SKIP","floor":32.0},{"not_picked":["ReplayRNGCard","Thunder Strike"],"picked":"Seek","floor":35.0},{"not_picked":["Ball Lightning","Turbo+1","conspire:Rain"],"picked":"SKIP","floor":37.0},{"not_picked":["Turbo","Barrage+1","Go for the Eyes"],"picked":"SKIP","floor":39.0},{"not_picked":["Turbo","Leap"],"picked":"Coolheaded","floor":40.0},{"not_picked":["Static Discharge+1","Auto Shields+1"],"picked":"Defragment","floor":42.0},{"not_picked":["Turbo+1","Stack"],"picked":"Capacitor+1","floor":44.0},{"not_picked":["Fusion","conspire:SharedLibrary","Hyperbeam"],"picked":"SKIP","floor":49.0},{"not_picked":["Panic Button+1","Gash","FTL+1"],"picked":"SKIP","floor":50.0}],"player_experience":978850,"relics_obtained":[{"floor":10.0,"key":"hubris:BallOfYels"},{"floor":11.0,"key":"Bronze Scales"},{"floor":13.0,"key":"Akabeko"},{"floor":15.0,"key":"conspire:DeflatedDodgeball"},{"floor":26.0,"key":"hubris:SphereOfDissonance"},{"floor":30.0,"key":"hubris:GlazedTorus"},{"floor":32.0,"key":"conspire:InfiniteJournal"},{"floor":42.0,"key":"ReplayTheSpireMod:Lightbulb"},{"floor":44.0,"key":"Replay:Rubber Ducky"},{"floor":45.0,"key":"Cables"},{"floor":46.0,"key":"Unceasing Top"},{"floor":49.0,"key":"ReplayTheSpireMod:TigerMarble"}],"event_choices":[{"damage_healed":0.0,"max_hp_gain":0.0,"max_hp_loss":0.0,"gold_gain":0.0,"event_name":"conspire:Investor","player_choice":"Invest 1","floor":3.0,"gold_loss":0.0,"damage_taken":0.0},{"damage_healed":0.0,"max_hp_gain":0.0,"max_hp_loss":0.0,"gold_gain":0.0,"event_name":"Back to Basics","player_choice":"Simplicity","floor":21.0,"gold_loss":0.0,"damage_taken":0.0,"cards_upgraded":["Strike_B","Strike_B","Strike_B","Defend_B","Defend_B","Defend_B","Defend_B"]},{"damage_healed":0.0,"max_hp_gain":0.0,"max_hp_loss":0.0,"gold_gain":0.0,"event_name":"WeMeetAgain","player_choice":"Paid Gold","floor":24.0,"gold_loss":64.0,"damage_taken":0.0,"relics_obtained":["Onion Ring"]},{"damage_healed":0.0,"max_hp_gain":0.0,"max_hp_loss":0.0,"gold_gain":0.0,"event_name":"Accursed Blacksmith","player_choice":"Forge","floor":38.0,"gold_loss":0.0,"damage_taken":0.0,"cards_upgraded":["Defragment"]},{"damage_healed":0.0,"max_hp_gain":0.0,"max_hp_loss":0.0,"gold_gain":0.0,"event_name":"Mysterious Sphere","player_choice":"Fight","floor":46.0,"gold_loss":0.0,"damage_taken":0.0}],"is_beta":false,"boss_relics":[{"not_picked":["Honey Jar","Runic Pyramid"],"picked":"conspire:SeveredTorchhead"},{"not_picked":["hubris:CrackedHourglass","hubris:GrandSneckoEye"],"picked":"Velvet Choker"}],"items_purged_floors":[14,33,41],"is_endless":false,"potions_floor_spawned":[1,7,13,15,20,30,31,40,46,50],"killed_by":"Shield and Spear","ascension_level":20}}