{"host":"zjpedncu52gty2eg","time":1608096502,"event":{"mods":["AchievementEnabler","BaseMod","Colored Powertips","Minty Spire (QoL Compilation)","Quick Restart","StSLib"],"gold_per_floor":[20,32,49,66,66,66,16,30,55,55,128,147,147,166,166,262,262,277,288,288,288,288,288,238,253,253,253,253,253],"floor_reached":28,"playtime":859,"items_purged":["Defend_R"],"score":256,"play_id":"cfea1c42-d133-470f-ac47-b31f4ff45fe1","local_time":"20201215222822","is_ascension_mode":true,"campfire_choices":[{"data":"Hemokinesis","floor":6,"key":"SMITH"},{"floor":10,"key":"REST"},{"data":"Bash","floor":13,"key":"SMITH"},{"floor":15,"key":"REST"},{"floor":23,"key":"REST"},{"floor":27,"key":"REST"}],"circlet_count":0,"master_deck":["Strike_R","Strike_R","Strike_R+1","Strike_R","Strike_R","Defend_R+1","Defend_R","Bash+1","Hemokinesis+1","Impervious","Heavy Blade","Inflame+1","J.A.X.","Rage+1"],"relics":["Burning Blood","PreservedInsect","Sundial","SacredBark","Smiling Mask"],"acts_visited":["Exordium","TheCity"],"potions_floor_usage":[17,25,25,28],"damage_taken":[{"damage":1,"enemies":"Cultist","floor":1,"turns":3},{"damage":4,"enemies":"2 Louse","floor":2,"turns":4},{"damage":12,"enemies":"Jaw Worm","floor":3,"turns":3},{"damage":21,"enemies":"Blue Slaver","floor":4,"turns":4},{"damage":12,"enemies":"Red Slaver","floor":8,"turns":3},{"damage":10,"enemies":"Large Slime","floor":12,"turns":5},{"damage":13,"enemies":"Looter","floor":14,"turns":2},{"damage":94,"enemies":"Hexaghost","floor":16,"turns":8},{"damage":8,"enemies":"Chosen","floor":18,"turns":4},{"damage":78,"enemies":"3 Byrds","floor":19,"turns":8},{"damage":29,"enemies":"Shelled Parasite and Fungi","floor":25,"turns":4},{"damage":46,"enemies":"Snake Plant","floor":28,"turns":4}],"seed_played":"4336345852565771906","potions_obtained":[{"floor":4,"key":"ElixirPotion"},{"floor":14,"key":"Ancient Potion"},{"floor":16,"key":"Fruit Juice"},{"floor":19,"key":"Energy Potion"}],"is_trial":false,"path_per_floor":["M","M","M","M","?","R","?","M","T","R","T","M","R","M","R","B",null,"M","M","?","?","?","R","$","M","T","R","M"],"character_chosen":"IRONCLAD","items_purchased":[],"campfire_rested":4,"item_purchase_floors":[],"current_hp_per_floor":[96,96,90,75,56,56,56,50,50,78,78,74,74,67,95,7,101,99,27,27,27,7,38,38,15,15,46,0,0],"gold":253,"neow_bonus":"TWENTY_PERCENT_HP_BONUS","is_daily":false,"chose_seed":false,"campfire_upgraded":2,"win_rate":0.0,"timestamp":1608096502,"path_taken":["M","M","?","M","?","R","?","M","T","R","?","M","R","M","R","BOSS","M","M","?","?","?","R","?","?","T","R","M"],"items_purchased_type":[],"build_version":"2020-12-13","purchased_purges":1,"victory":false,"max_hp_per_floor":[96,96,96,96,96,96,96,96,96,96,96,96,96,96,96,96,101,101,101,101,101,106,106,106,106,106,106,106,106],"card_choices":[{"not_picked":["Pommel Strike","Shrug It Off","Wild Strike"],"picked":"SKIP","floor":1},{"not_picked":["Headbutt","Iron Wave","Armaments"],"picked":"SKIP","floor":2},{"not_picked":["Shrug It Off","Clothesline","Pummel"],"picked":"SKIP","floor":3},{"not_picked":["Thunderclap","Warcry"],"picked":"Hemokinesis","floor":4},{"not_picked":["Feel No Pain","Armaments","Twin Strike"],"picked":"SKIP","floor":8},{"not_picked":["Anger","Wild Strike","Warcry"],"picked":"SKIP","floor":12},{"not_picked":["Shrug It Off","Warcry","Fiend Fire"],"picked":"SKIP","floor":14},{"not_picked":["Berserk","Corruption"],"picked":"Impervious","floor":16},{"not_picked":["Havoc","Body Slam"],"picked":"Heavy Blade","floor":18},{"not_picked":["True Grit","Sentinel"],"picked":"Inflame+1","floor":19},{"not_picked":["Clothesline","Heavy Blade"],"picked":"Rage+1","floor":25}],"player_experience":154671,"relics_obtained":[{"floor":9,"key":"PreservedInsect"},{"floor":11,"key":"Sundial"}],"event_choices":[{"damage_healed":0,"gold_gain":0,"player_choice":"Entered Light","damage_taken":19,"max_hp_gain":0,"max_hp_loss":0,"event_name":"Shining Light","floor":5,"gold_loss":0,"cards_upgraded":["Strike_R","Defend_R"]},{"cards_removed":["Defend_R"],"damage_healed":0,"gold_gain":0,"player_choice":"Card Removal","damage_taken":0,"max_hp_gain":0,"max_hp_loss":0,"event_name":"The Cleric","floor":7,"gold_loss":50},{"damage_healed":0,"gold_gain":0,"player_choice":"Opened","damage_taken":0,"relics_obtained":["Smiling Mask"],"max_hp_gain":0,"max_hp_loss":0,"event_name":"The Mausoleum","floor":20,"gold_loss":0},{"damage_healed":0,"gold_gain":0,"player_choice":"Obtain J.A.X.","damage_taken":0,"max_hp_gain":0,"max_hp_loss":0,"event_name":"Drug Dealer","floor":21,"gold_loss":0,"cards_obtained":["J.A.X."]},{"damage_healed":0,"gold_gain":0,"player_choice":"Shed Blood","damage_taken":25,"max_hp_gain":5,"max_hp_loss":0,"event_name":"Forgotten Altar","floor":22,"gold_loss":0}],"is_beta":false,"boss_relics":[{"not_picked":["Philosopher\u0027s Stone","Velvet Choker"],"picked":"SacredBark"}],"items_purged_floors":[24],"is_endless":false,"potions_floor_spawned":[4,14,16,19],"killed_by":"Snake Plant","ascension_level":2}}