{"host":"daa8jqyg4gqfaysm","time":1608110556,"event":{"mods":["BaseMod","Colored Powertips","Minty Spire (QoL Compilation)","StSLib"],"gold_per_floor":[113,83,101,113,125,125,158,158,158,173,187,210,243,259,259,338,338,353,45,45,65,115,147,147,164,164,164,196,213,241,241,241,312,312,324,324,399,419,419,419,448,461,487,487,499,47,47,47,47,47],"floor_reached":51,"playtime":1491,"items_purged":["Strike_R","Strike_R+1"],"score":1354,"play_id":"1419ed20-887f-477c-be0f-a632e4180405","local_time":"20201216172236","is_ascension_mode":true,"campfire_choices":[{"data":"Double Tap","floor":6,"key":"SMITH"},{"data":"Pommel Strike","floor":8,"key":"SMITH"},{"floor":15,"key":"REST"},{"floor":24,"key":"REST"},{"data":"Blind","floor":27,"key":"SMITH"},{"data":"Shockwave","floor":32,"key":"SMITH"},{"floor":40,"key":"RECALL"},{"data":"Whirlwind","floor":47,"key":"SMITH"},{"data":"Disarm","floor":49,"key":"SMITH"}],"circlet_count":0,"master_deck":["AscendersBane","Strike_R+1","Strike_R+1","Defend_R+1","Defend_R+1","Defend_R+1","Defend_R+1","Bash","Double Tap+1","Clash","Shrug It Off","Pommel Strike+1","Battle Trance","Seeing Red","Shockwave+1","Ghostly Armor","Headbutt","Whirlwind+1","Immolate","Blind+1","Impervious","Metallicize+1","Dual Wield+1","Disarm+1","Shrug It Off+1"],"relics":["Burning Blood","Darkstone Periapt","Mercury Hourglass","Odd Mushroom","Ornamental Fan","Busted Crown","Brimstone","Oddly Smooth Stone","FossilizedHelix","Kunai","Question Card","Runic Pyramid","Gremlin Horn","Ancient Tea Set","Chemical X","Happy Flower","Bronze Scales"],"acts_visited":["Exordium","TheCity","TheBeyond"],"potions_floor_usage":[7,7,23,28,33,50],"damage_taken":[{"damage":11,"enemies":"Jaw Worm","floor":1,"turns":6},{"damage":0,"enemies":"Cultist","floor":3,"turns":2},{"damage":5,"enemies":"Small Slimes","floor":4,"turns":4},{"damage":12,"enemies":"Exordium Wildlife","floor":5,"turns":4},{"damage":10,"enemies":"Lagavulin","floor":7,"turns":5},{"damage":9,"enemies":"Exordium Thugs","floor":10,"turns":3},{"damage":11,"enemies":"Blue Slaver","floor":11,"turns":3},{"damage":12,"enemies":"The Mushroom Lair","floor":12,"turns":4},{"damage":33,"enemies":"Gremlin Nob","floor":13,"turns":4},{"damage":9,"enemies":"Exordium Wildlife","floor":14,"turns":4},{"damage":27,"enemies":"The Guardian","floor":16,"turns":12},{"damage":12,"enemies":"Spheric Guardian","floor":18,"turns":4},{"damage":0,"enemies":"Chosen","floor":21,"turns":3},{"damage":18,"enemies":"Slavers","floor":23,"turns":2},{"damage":0,"enemies":"Snecko","floor":25,"turns":3},{"damage":6,"enemies":"Book of Stabbing","floor":28,"turns":4},{"damage":0,"enemies":"Chosen and Byrds","floor":29,"turns":3},{"damage":0,"enemies":"Gremlin Leader","floor":30,"turns":4},{"damage":2,"enemies":"Champ","floor":33,"turns":6},{"damage":0,"enemies":"3 Darklings","floor":35,"turns":3},{"damage":12,"enemies":"3 Shapes","floor":38,"turns":4},{"damage":0,"enemies":"Giant Head","floor":41,"turns":8},{"damage":0,"enemies":"Jaw Worm Horde","floor":42,"turns":2},{"damage":0,"enemies":"4 Shapes","floor":45,"turns":4},{"damage":35,"enemies":"Time Eater","floor":50,"turns":7}],"seed_played":"2574405583761093966","potions_obtained":[{"floor":2,"key":"Strength Potion"},{"floor":2,"key":"HeartOfIron"},{"floor":5,"key":"LiquidMemories"},{"floor":12,"key":"SteroidPotion"},{"floor":13,"key":"DistilledChaos"},{"floor":30,"key":"Explosive Potion"},{"floor":38,"key":"AttackPotion"}],"is_trial":false,"path_per_floor":["M","?","M","M","M","R","E","R","T","M","M","?","E","M","R","B",null,"M","$","?","M","?","E","R","M","T","R","E","M","E","?","R","B",null,"M","?","T","M","?","R","E","M","T","?","M","$","R","T","R","B",null],"character_chosen":"IRONCLAD","items_purchased":["Brimstone","Blind","Chemical X","Happy Flower","SkillPotion"],"campfire_rested":2,"item_purchase_floors":[19,19,46,46,46],"current_hp_per_floor":[63,63,69,70,64,64,60,60,60,57,52,46,19,16,38,17,61,55,55,55,61,61,49,71,75,75,75,75,75,75,75,75,75,75,75,71,71,65,65,65,71,71,71,71,71,71,71,71,71,42],"gold":47,"neow_bonus":"ONE_RANDOM_RARE_CARD","is_daily":false,"chose_seed":false,"campfire_upgraded":6,"win_rate":0.0,"timestamp":1608110556,"path_taken":["M","?","M","M","?","R","E","R","T","M","M","?","E","M","R","BOSS","M","$","?","M","?","E","R","M","T","R","E","?","E","?","R","BOSS","M","?","?","?","?","R","E","M","T","?","M","?","R","?","R","BOSS"],"items_purchased_type":["Relic","Card","Relic","Relic","Potion"],"build_version":"2020-12-13","purchased_purges":2,"victory":true,"max_hp_per_floor":[75,75,75,75,75,75,75,75,75,75,75,75,75,75,75,75,75,75,75,75,75,75,75,75,75,75,75,75,75,75,75,75,75,75,75,71,71,71,71,71,71,71,71,71,71,71,71,71,71,71],"card_choices":[{"not_picked":["Burning Pact","Shrug It Off"],"picked":"Clash","floor":1},{"not_picked":["Thunderclap","Flex"],"picked":"Shrug It Off","floor":3},{"not_picked":["Body Slam","Rampage"],"picked":"Pommel Strike","floor":4},{"not_picked":["Intimidate","Sword Boomerang"],"picked":"Battle Trance","floor":5},{"not_picked":["Dropkick","Clash"],"picked":"Seeing Red","floor":7},{"not_picked":["Heavy Blade","Whirlwind"],"picked":"Shockwave","floor":10},{"not_picked":["Sword Boomerang","Clash"],"picked":"Ghostly Armor","floor":11},{"not_picked":["Sword Boomerang","Anger"],"picked":"Headbutt","floor":12},{"not_picked":["Metallicize","Flex"],"picked":"Whirlwind","floor":13},{"not_picked":["Hemokinesis","Clothesline","Body Slam"],"picked":"SKIP","floor":14},{"not_picked":["Double Tap","Offering"],"picked":"Immolate","floor":16},{"not_picked":["Cleave"],"picked":"SKIP","floor":18},{"not_picked":["Perfected Strike+1"],"picked":"SKIP","floor":21},{"not_picked":["Heavy Blade"],"picked":"SKIP","floor":23},{"not_picked":["True Grit"],"picked":"SKIP","floor":25},{"not_picked":["True Grit"],"picked":"SKIP","floor":28},{"not_picked":["Headbutt"],"picked":"SKIP","floor":29},{"not_picked":["Fire Breathing"],"picked":"SKIP","floor":30},{"not_picked":["Corruption"],"picked":"Impervious","floor":33},{"not_picked":["Power Through"],"picked":"Metallicize+1","floor":35},{"not_picked":["Power Through"],"picked":"Dual Wield+1","floor":38},{"not_picked":["Iron Wave"],"picked":"Disarm","floor":41},{"not_picked":["Twin Strike","Burning Pact"],"picked":"SKIP","floor":42},{"not_picked":["Body Slam"],"picked":"Shrug It Off+1","floor":45}],"player_experience":682094,"relics_obtained":[{"floor":7,"key":"Darkstone Periapt"},{"floor":9,"key":"Mercury Hourglass"},{"floor":12,"key":"Odd Mushroom"},{"floor":13,"key":"Ornamental Fan"},{"floor":23,"key":"Oddly Smooth Stone"},{"floor":26,"key":"FossilizedHelix"},{"floor":28,"key":"Kunai"},{"floor":30,"key":"Question Card"},{"floor":41,"key":"Gremlin Horn"},{"floor":43,"key":"Ancient Tea Set"},{"floor":48,"key":"Bronze Scales"}],"event_choices":[{"damage_healed":0,"gold_gain":0,"player_choice":"Bought 2 Potions","damage_taken":0,"max_hp_gain":0,"max_hp_loss":0,"event_name":"The Woman in Blue","floor":2,"gold_loss":0},{"damage_healed":0,"gold_gain":0,"player_choice":"Fought Mushrooms","damage_taken":0,"max_hp_gain":0,"max_hp_loss":0,"event_name":"Mushrooms","floor":12,"gold_loss":0},{"damage_healed":0,"gold_gain":0,"player_choice":"Simplicity","damage_taken":0,"max_hp_gain":0,"max_hp_loss":0,"event_name":"Back to Basics","floor":20,"gold_loss":0,"cards_upgraded":["Strike_R","Strike_R","Strike_R","Strike_R","Defend_R","Defend_R","Defend_R","Defend_R"]},{"damage_healed":0,"gold_gain":50,"player_choice":"Stole From Cult","damage_taken":0,"max_hp_gain":0,"max_hp_loss":0,"event_name":"Nest","floor":22,"gold_loss":0},{"cards_removed":["Strike_R"],"damage_healed":0,"gold_gain":0,"player_choice":"Purged","damage_taken":0,"max_hp_gain":0,"max_hp_loss":0,"event_name":"Purifier","floor":31,"gold_loss":0},{"damage_healed":0,"gold_gain":0,"player_choice":"Max HP","damage_taken":0,"max_hp_gain":0,"max_hp_loss":4,"event_name":"Winding Halls","floor":36,"gold_loss":0},{"damage_healed":0,"gold_gain":0,"player_choice":"Memory 1","damage_taken":0,"max_hp_gain":0,"max_hp_loss":0,"event_name":"SensoryStone","floor":39,"gold_loss":0},{"damage_healed":0,"gold_gain":0,"player_choice":"Ignored","damage_taken":0,"max_hp_gain":0,"max_hp_loss":0,"event_name":"Tomb of Lord Red Mask","floor":44,"gold_loss":0}],"is_beta":false,"boss_relics":[{"not_picked":["Calling Bell","Empty Cage"],"picked":"Busted Crown"},{"not_picked":["Sozu","Coffee Dripper"],"picked":"Runic Pyramid"}],"items_purged_floors":[19,46],"is_endless":false,"potions_floor_spawned":[3,5,12,13,14,16,18,30,38],"ascension_level":15}}