{"host":"oi1nj6gqzrtwlr6p","time":1608084894,"event":{"mods":["2.2 Compatiblity","BaseMod","Better Match","Better Note","Block Reminder","Colored Powertips","DeckTracker","Downfall","Energized Spire","Koishi","Marisa????????","Minty Spire (QoL Compilation)","Rare Cards Sparkle","Reimu??????","StSLib","Td1madao Mod","The Administrix","The Senshi","The Servant 0.9.4","The Vixen","The Wild Card"],"gold_per_floor":[99,20,470,470,470,470,495,495,495,420,34,60,78,5,25,120,120,120,135,135,135,44,44,124,49,49,76,76,90,90,102,114,209,159,84,84,9,9,22,22,98,117,117,145,200,200,3,13,29,29],"floor_reached":51,"playtime":4107,"items_purged":["Slimebound:Icky"],"score":799,"play_id":"3602878b-3dc4-427f-ae1e-cc46211737cc","local_time":"20201215201454","is_ascension_mode":false,"campfire_choices":[{"floor":1,"key":"RECALL"},{"data":"Guardian:CurlUp","floor":6,"key":"SMITH"},{"floor":10,"key":"REST"},{"data":"Guardian:ExploitGems","floor":43,"key":"SMITH"}],"circlet_count":0,"master_deck":["Guardian:Strike_Guardian","Guardian:Strike_Guardian","Guardian:Strike_Guardian","Guardian:Defend_Guardian","Guardian:Defend_Guardian","Guardian:Defend_Guardian","Guardian:Defend_Guardian","Guardian:CurlUp+1","Guardian:TwinSlam","Guardian:Reroute","Guardian:Planning","Guardian:VentSteam","Guardian:Gem_Lightblue","Guardian:MultiBeam","Guardian:Orbwalk","Guardian:Suspension","Guardian:StasisStrike","Guardian:BronzeOrb","Guardian:TemporalStrike","Guardian:ExploitGems+1","Guardian:PiercingHide+1","Guardian:TemporalShield+1","Guardian:FastForward","Guardian:DonusPower","Guardian:ChargeUp","Guardian:TemporalStrike","Guardian:Recover+1","Guardian:ExploitGems","Guardian:Strike_Guardian","Guardian:PrismaticBeam","Guardian:Gem_Lightblue","Guardian:Recover+1","Guardian:Gem_Yellow","Pain","Guardian:SentryBeam","Guardian:Incinerate+1","Guardian:FuturePlans","Guardian:Gem_Red","Parasite","Guardian:Gem_White","Guardian:TimeCapacitor"],"relics":["Guardian:ModeShifter","downfall:HeartsMalice","Juzu Bracelet","Guardian:PickAxe","downfall:HeartBlessingRed","Membership Card","Mummified Hand","energizedSpire:DeadBattery","Spirit Poop","downfall:HeartBlessingBlue","Anchor","Mango","downfall:RedIOU","The Courier","energizedSpire:HugeHouse","downfall:HeartBlessingGreen","Pear","StoneCalendar","CatCart","TentaclePot:ReiMu","Strawberry","Bronze Scales"],"acts_visited":["Exordium","TheCity","TheBeyond"],"potions_floor_usage":[16,22,33,44,50,50],"damage_taken":[{"damage":0,"enemies":"downfall:FleeingMerchant","floor":2,"turns":1},{"damage":0,"enemies":"Small Slimes","floor":4,"turns":1},{"damage":0,"enemies":"2 Louse","floor":5,"turns":1},{"damage":5,"enemies":"downfall:FleeingMerchant","floor":11,"turns":4},{"damage":14,"enemies":"Jaw Worm","floor":13,"turns":4},{"damage":5,"enemies":"downfall:FleeingMerchant","floor":14,"turns":4},{"damage":0,"enemies":"Large Slime","floor":15,"turns":4},{"damage":19,"enemies":"downfall:Watcher","floor":16,"turns":8},{"damage":15,"enemies":"Shell Parasite","floor":19,"turns":4},{"damage":10,"enemies":"downfall:FleeingMerchant","floor":22,"turns":4},{"damage":33,"enemies":"Slavers","floor":27,"turns":7},{"damage":10,"enemies":"Spheric Guardian","floor":29,"turns":3},{"damage":2,"enemies":"Snake Plant","floor":31,"turns":4},{"damage":22,"enemies":"Snecko","floor":32,"turns":5},{"damage":11,"enemies":"downfall:Defect","floor":33,"turns":7},{"damage":8,"enemies":"3 Darklings","floor":39,"turns":3},{"damage":1,"enemies":"Orb Walker","floor":42,"turns":2},{"damage":34,"enemies":"Nemesis","floor":44,"turns":5},{"damage":17,"enemies":"Orin","floor":45,"turns":8},{"damage":16,"enemies":"downfall:FleeingMerchant","floor":47,"turns":4},{"damage":9,"enemies":"Writhing Mass","floor":48,"turns":4},{"damage":0,"enemies":"4 Shapes","floor":49,"turns":5},{"damage":33,"enemies":"downfall:Silent","floor":50,"turns":9}],"seed_played":"-5705264338795796268","potions_obtained":[{"floor":13,"key":"ZuzhouPotion:ReiMu"},{"floor":15,"key":"Swift Potion"},{"floor":16,"key":"Guardian:AcceleratePotion"},{"floor":19,"key":"champ:CounterPotion"},{"floor":31,"key":"FearPotion"},{"floor":33,"key":"Weak Potion"},{"floor":45,"key":"hexamod:EctoCoolerPotion"},{"floor":48,"key":"Guardian:BlockOnCardUsePotion"}],"is_trial":false,"path_per_floor":["R","$","?","M","M","R","T","?","?","R","$","T","M","$","M","B",null,"R","M","?","?","$","?","T","R","?","E","?","M","T","M","M","B",null,"R","?","?","?","M","?","T","M","R","E","?","?","$","M","M","B",null],"character_chosen":"GUARDIAN","items_purchased":["Guardian:Gem_Yellow","Membership Card","Mummified Hand","Guardian:Gem_Lightblue","Guardian:MultiBeam","Guardian:Orbwalk","Guardian:Recover","Guardian:BronzeOrb","Guardian:FastForward","TentaclePot:ReiMu","Strawberry","Bronze Scales"],"campfire_rested":1,"item_purchase_floors":[2,11,11,11,11,11,11,14,22,47,47,47],"current_hp_per_floor":[80,80,80,80,80,80,80,80,26,50,45,45,31,26,26,7,80,80,65,65,65,55,55,55,65,65,46,46,36,36,34,12,1,99,99,99,99,99,91,105,115,114,114,80,63,108,99,90,90,57],"gold":29,"neow_bonus":"THREE_ENEMY_KILL","is_daily":false,"chose_seed":false,"campfire_upgraded":2,"win_rate":0.0,"timestamp":1608084894,"path_taken":["R","$","?","M","M","R","T","?","?","R","?","?","M","?","M","BOSS","R","M","?","?","$","?","T","R","?","E","?","M","?","M","M","BOSS","R","?","?","?","M","?","T","M","R","E","?","?","$","M","M","BOSS"],"items_purchased_type":["Card","Relic","Relic","Card","Card","Card","Card","Card","Card","Relic","Relic","Relic"],"build_version":"2020-12-13","purchased_purges":1,"victory":true,"max_hp_per_floor":[80,80,80,80,80,80,80,80,80,80,80,80,80,80,80,80,80,80,80,80,80,80,80,80,90,90,104,104,104,104,104,104,104,99,99,99,99,99,99,113,123,123,123,123,123,108,115,115,115,115],"card_choices":[{"not_picked":["Guardian:PiercingHide","Guardian:RollAttack"],"picked":"Guardian:Gem_Red","floor":2},{"not_picked":["Guardian:Gem_Cyan","Guardian:ChargeCore"],"picked":"Guardian:Reroute","floor":4},{"not_picked":["Guardian:Gem_Red","Guardian:ArmoredProtocol"],"picked":"Guardian:Planning","floor":5},{"not_picked":["Guardian:Reroute","Guardian:EvasiveProtocol"],"picked":"Guardian:VentSteam","floor":11},{"not_picked":["Guardian:TemporalShield","Guardian:VentSteam"],"picked":"Guardian:Suspension","floor":13},{"not_picked":["Guardian:Recover","Guardian:Suspension"],"picked":"Guardian:StasisStrike","floor":14},{"not_picked":["Guardian:Gem_Cyan","Guardian:CrystalBeam"],"picked":"Guardian:TemporalStrike","floor":15},{"not_picked":["Guardian:SphericShield","Guardian:StasisField"],"picked":"Guardian:ExploitGems","floor":16},{"not_picked":["Guardian:Gem_Crimson","Guardian:TemporalStrike"],"picked":"Guardian:PiercingHide+1","floor":19},{"not_picked":["Guardian:Gem_Crimson","Guardian:Suspension"],"picked":"Guardian:TemporalShield+1","floor":22},{"not_picked":["Guardian:PiercingHide","Guardian:Orbwalk+1"],"picked":"Guardian:DonusPower","floor":27},{"not_picked":["Guardian:SpikerProtocol","Guardian:GemFinder"],"picked":"Guardian:ChargeUp","floor":29},{"not_picked":["Guardian:WalkerClaw","Guardian:Harden"],"picked":"Guardian:TemporalStrike","floor":31},{"not_picked":["Guardian:TemporalShield","Guardian:TemporalStrike"],"picked":"Guardian:Recover+1","floor":32},{"not_picked":["Guardian:FastForward","Guardian:GatlingBeam"],"picked":"Guardian:ExploitGems","floor":33},{"not_picked":["Guardian:CrystalBeam+1","Guardian:TemporalStrike+1"],"picked":"Guardian:Recover+1","floor":37},{"not_picked":["Guardian:Recover+1","Guardian:Gem_Cyan"],"picked":"Guardian:Gem_Yellow","floor":39},{"not_picked":["Guardian:ArmoredProtocol+1","Guardian:PrimingBeam+1"],"picked":"Guardian:SentryBeam","floor":42},{"not_picked":["Guardian:Gem_Red","Guardian:GuardianWhirl"],"picked":"Guardian:Incinerate+1","floor":44},{"not_picked":["Guardian:GuardianWhirl+1","Guardian:Recover"],"picked":"Guardian:FuturePlans","floor":45},{"not_picked":["Guardian:PrismaticBarrier+1","Guardian:SphericShield"],"picked":"Guardian:Gem_Red","floor":47},{"not_picked":["Guardian:Gem_Lightblue","Guardian:CrystalBeam"],"picked":"Guardian:Gem_White","floor":48},{"not_picked":["Guardian:PrimingBeam","Guardian:Gem_Cyan"],"picked":"Guardian:TimeCapacitor","floor":49}],"player_experience":352502,"relics_obtained":[{"floor":7,"key":"Juzu Bracelet"},{"floor":12,"key":"Oddly Smooth Stone"},{"floor":27,"key":"Mango"},{"floor":30,"key":"The Courier"},{"floor":41,"key":"Pear"},{"floor":44,"key":"StoneCalendar"},{"floor":45,"key":"CatCart"}],"event_choices":[{"cards_removed":["Slimebound:Icky"],"damage_healed":0,"gold_gain":0,"player_choice":"Forget","damage_taken":0,"max_hp_gain":0,"max_hp_loss":0,"event_name":"Living Wall","floor":8,"gold_loss":0},{"cards_removed":["Slimebound:Icky"],"damage_healed":0,"gold_gain":0,"player_choice":"Offered Curse","damage_taken":0,"relics_obtained":["Spirit Poop"],"max_hp_gain":0,"max_hp_loss":0,"event_name":"Bonfire Elementals","floor":20,"gold_loss":0},{"cards_removed":["Guardian:Strike_Guardian"],"damage_healed":0,"gold_gain":0,"player_choice":"Removed Attack","damage_taken":0,"max_hp_gain":0,"max_hp_loss":0,"event_name":"Falling","floor":36,"gold_loss":0},{"damage_healed":0,"gold_gain":0,"player_choice":"2","damage_taken":0,"max_hp_gain":0,"max_hp_loss":0,"event_name":"betterMatch:BetterMatch","floor":37,"gold_loss":0,"cards_obtained":["betterMatch:CommonCard"]},{"damage_healed":0,"gold_gain":0,"player_choice":"Fight","damage_taken":0,"max_hp_gain":0,"max_hp_loss":0,"event_name":"OrinTheCat","floor":45,"gold_loss":0}],"is_beta":false,"boss_relics":[{"not_picked":["Philosopher\u0027s Stone","energizedSpire:EnergizedDie"],"picked":"energizedSpire:DeadBattery"},{"not_picked":["energizedSpire:RedRose","Pandora\u0027s Box"],"picked":"energizedSpire:HugeHouse"}],"items_purged_floors":[14],"is_endless":false,"potions_floor_spawned":[13,15,16,19,31,33,45,48],"ascension_level":0}}