{"host":"ipcfr4ajj2jkxvg7","time":1608124771,"event":{"mods":["BaseMod","Colored Powertips","GifTheSpireLib","Marisa（F雨　魔理沙）","Minty Spire (QoL Compilation)","Quick Restart","Remilia（蕾米莉亚）","Replay The Spire","RumiaBox-露米娅的神秘盒子","StSLib"],"gold_per_floor":[112,112,129,54,54,86,101,130,130,130,163,163,175,187,187,291,291,301,301,400,700,700,728,728,745,771,800,870,870,890,914,914,914,914],"floor_reached":33,"playtime":667,"items_purged":["Defend_MRS"],"score":489,"play_id":"d3555782-16ce-4cff-a6e4-4ef40039b049","local_time":"20201216211931","is_ascension_mode":true,"campfire_choices":[{"data":"StarBarrage","floor":10.0,"key":"SMITH"},{"data":"PowerUp","floor":15.0,"key":"SMITH"},{"data":"MillisecondPulsars","floor":24.0,"key":"SMITH"},{"floor":29.0,"key":"REST"},{"data":"MilkyWay","floor":32,"key":"SMITH"}],"circlet_count":0,"master_deck":["Strike_MRS","Strike_MRS","Strike_MRS","Strike_MRS","Defend_MRS","Defend_MRS","Defend_MRS","MasterSpark","UpSweep","MilkyWay+1","EarthLightRay","StarBarrage+1","PowerUp+1","CommonCold","MillisecondPulsars+1","MagicAbsorber","PulseMagic","Greed_TH","ReplayTheSpireMod:Splinters","DeepEcoloBomb+1","OrrerysSun"],"relics":["MiniHakkero","NeowsBlessing","AddBug","SecretRecord","SecretRecord","SecretRecord","SecretRecord"],"acts_visited":["Exordium","TheCity"],"potions_floor_usage":[33],"damage_taken":[{"damage":0.0,"enemies":"Jaw Worm","floor":1.0,"turns":1.0},{"damage":0.0,"enemies":"Cultist","floor":3.0,"turns":1.0},{"damage":0.0,"enemies":"3 Sentries","floor":6.0,"turns":1.0},{"damage":3.0,"enemies":"Small Slimes","floor":7.0,"turns":2.0},{"damage":5.0,"enemies":"Gremlin Nob","floor":8.0,"turns":3.0},{"damage":5.0,"enemies":"3 Sentries","floor":11.0,"turns":4.0},{"damage":0.0,"enemies":"Looter","floor":13.0,"turns":1.0},{"damage":1.0,"enemies":"Exordium Wildlife","floor":14.0,"turns":3.0},{"damage":0.0,"enemies":"The Guardian","floor":16.0,"turns":3.0},{"damage":2.0,"enemies":"Chosen","floor":18.0,"turns":2.0},{"damage":36.0,"enemies":"Gremlin Leader","floor":23.0,"turns":4.0},{"damage":6.0,"enemies":"Spheric Guardian","floor":25.0,"turns":3.0},{"damage":39.0,"enemies":"Slavers","floor":27.0,"turns":4.0},{"damage":19,"enemies":"Snecko","floor":30,"turns":3},{"damage":12,"enemies":"Champ","floor":33,"turns":3}],"seed_played":"8834462724515014138","potions_obtained":[{"floor":3.0,"key":"Swift Potion"},{"floor":6.0,"key":"Fire Potion"},{"floor":8.0,"key":"ColorlessPotion"},{"floor":14.0,"key":"Adrenaline Potion"},{"floor":16.0,"key":"Dexterity Potion"},{"floor":18.0,"key":"FearPotion"},{"floor":25.0,"key":"Languid Potion"},{"floor":28.0,"key":"Fire Potion"},{"floor":28.0,"key":"Reflective Coating"}],"is_trial":false,"path_per_floor":["M","?","M","$","?","E","M","E","T","R","E","?","M","M","R","B",null,"M","?","?","?","?","E","R","M","T","E","?","R","M","T","R","B"],"character_chosen":"MARISA","items_purchased":[],"campfire_rested":1,"item_purchase_floors":[],"current_hp_per_floor":[68,68,68,68,73,73,70,65,65,65,66,66,66,65,65,72,78,76,76,76,76,76,47,47,41,41,10,10,34,15,15,15,11,11],"gold":914,"neow_bonus":"THREE_ENEMY_KILL","is_daily":false,"chose_seed":false,"campfire_upgraded":4,"win_rate":0.0,"timestamp":1608124771,"path_taken":["M","?","?","$","?","E","M","E","T","R","E","?","M","M","R","BOSS","M","?","?","?","?","E","R","M","T","E","?","R","?","?","R","BOSS"],"items_purchased_type":[],"build_version":"2020-12-13","purchased_purges":1,"victory":false,"max_hp_per_floor":[75,75,75,75,80,80,80,80,80,80,80,80,80,80,80,80,80,80,80,80,80,80,80,80,80,80,80,80,80,80,80,80,80,80],"card_choices":[{"not_picked":["AsteroidBelt","Singularity"],"picked":"MilkyWay","floor":1.0},{"not_picked":["Acceleration","MagicChant"],"picked":"EarthLightRay","floor":3.0},{"not_picked":["StarlightTyphoon","GravityBeat"],"picked":"StarBarrage","floor":6.0},{"not_picked":["GravityBeat","WitchOfGreed","WitchLeyline"],"picked":"SKIP","floor":7.0},{"not_picked":["Orbital","DC","OneTimeOff"],"picked":"SKIP","floor":8.0},{"not_picked":["RefractionSpark","GrandCross"],"picked":"PowerUp","floor":11.0},{"not_picked":["BigCrunch","Orbital","IllusionStar"],"picked":"SKIP","floor":13.0},{"not_picked":["SporeBomb","DarkSpark","Acceleration"],"picked":"SKIP","floor":14.0},{"not_picked":["BlazingStar","ManaRampage"],"picked":"MillisecondPulsars","floor":16.0},{"not_picked":["DragonMeteor","IllusionStar"],"picked":"MagicAbsorber","floor":18.0},{"not_picked":["GravityBeat","AsteroidBelt","IllusionStar"],"picked":"SKIP","floor":23.0},{"not_picked":["DC","IllusionStar","NonDirectionalLaser"],"picked":"SKIP","floor":25.0},{"not_picked":["MagicAbsorber","WitchOfGreed","NonDirectionalLaser+1"],"picked":"SKIP","floor":27.0},{"not_picked":["NonDirectionalLaser","WitchLeyline"],"picked":"DeepEcoloBomb+1","floor":28.0},{"not_picked":["MagicChant","DoubleSpark+1"],"picked":"OrrerysSun","floor":30}],"player_experience":375810,"relics_obtained":[{"floor":1.0,"key":"AddBug"},{"floor":6.0,"key":"Shovel"},{"floor":8.0,"key":"SecretRecord"},{"floor":8.0,"key":"Prayer Wheel"},{"floor":9.0,"key":"Counterbalance"},{"floor":11.0,"key":"MealTicket"},{"floor":12.0,"key":"ReplayTheSpireMod:Ring of Exchange"},{"floor":12.0,"key":"Ring of Fury"},{"floor":13.0,"key":"SecretRecord"},{"floor":23.0,"key":"SecretRecord"},{"floor":23.0,"key":"Ccalipers"},{"floor":26.0,"key":"Replay:Baseball"},{"floor":27.0,"key":"ReplayTheSpireMod:TigerMarble"},{"floor":28.0,"key":"Centennial Puzzle"},{"floor":31,"key":"SSSystem"}],"event_choices":[{"damage_healed":0.0,"max_hp_gain":0.0,"max_hp_loss":0.0,"gold_gain":0.0,"event_name":"FaceTrader","player_choice":"Trade","floor":2.0,"gold_loss":0.0,"damage_taken":0.0,"relics_obtained":["GremlinMask"]},{"damage_healed":0.0,"max_hp_gain":5.0,"max_hp_loss":0.0,"gold_gain":0.0,"event_name":"Big Fish","player_choice":"Donut","floor":5.0,"gold_loss":0.0,"damage_taken":0.0},{"damage_healed":0.0,"max_hp_gain":0.0,"max_hp_loss":0.0,"gold_gain":0.0,"event_name":"The Library","player_choice":"Read","floor":19.0,"gold_loss":0.0,"damage_taken":0.0,"cards_obtained":["PulseMagic"]},{"damage_healed":0.0,"max_hp_gain":0.0,"max_hp_loss":0.0,"gold_gain":99.0,"event_name":"Nest","player_choice":"Stole From Cult","floor":20.0,"gold_loss":0.0,"damage_taken":0.0},{"damage_healed":0.0,"max_hp_gain":0.0,"max_hp_loss":0.0,"gold_gain":0.0,"event_name":"Drug Dealer","player_choice":"Inject Mutagens","floor":22.0,"gold_loss":0.0,"damage_taken":0.0,"relics_obtained":["MutagenicStrength"]}],"is_beta":false,"boss_relics":[{"not_picked":["Coffee Dripper","ReplayTheSpireMod:DimensionalGlitch"],"picked":"Ectoplasm"}],"items_purged_floors":[4],"is_endless":false,"potions_floor_spawned":[3,6,8,14,16,18,25,30],"killed_by":"Champ","ascension_level":6}}