{"host":"nukjzc0ca34w6eem","time":1608154556,"event":{"mods":["2.2 Compatiblity","AchievementEnabler","BaseMod","Colored Powertips","Downfall","Minty Spire (QoL Compilation)","StSLib"],"gold_per_floor":[99,549,549,724,759,759,784,818,818,847,923,936,948,645,660,765,765,765,778,778,778,778],"floor_reached":21,"playtime":1803,"items_purged":["Doubt"],"score":267,"play_id":"60cf5395-e447-4222-bb4f-7fabc40e0b41","local_time":"20201216133556","is_ascension_mode":true,"campfire_choices":[{"data":"champ:Taunt","floor":1,"key":"SMITH"},{"data":"champ:Execute","floor":3,"key":"SMITH"},{"floor":18,"key":"RECALL"}],"circlet_count":0,"master_deck":["champ:Execute+1","champ:Taunt+1","Slimebound:Icky","Slimebound:Icky","Slimebound:Icky","champ:GladiatorStyle","champ:Balance","champ:SwordSigil","champ:SkillfulDodge","champ:FalseCounter","champ:BringItOn","champ:Improvising","champ:ArenaPreparation","champ:CheapShot","champ:IgnorePain","champ:Riposte","champ:StanceDance","champ:FocusedBerserking","champ:PerfectedStrike","champ:MurderStrike","champ:AdrenalArmor","champ:EndlessRage","champ:CrookedStrike","RitualDagger"],"relics":["champ:ChampionCrown","downfall:HeartsMalice","PreservedInsect","champ:FightingForDummies","Gambling Chip","champ:LiftRelic","Regal Pillow","Bottled Lightning","Art of War","Pandora\u0027s Box"],"acts_visited":["Exordium","TheCity"],"potions_floor_usage":[10,16,21],"damage_taken":[{"damage":0,"enemies":"Gremlin Nob","floor":5,"turns":1},{"damage":0,"enemies":"Jaw Worm","floor":6,"turns":1},{"damage":0,"enemies":"Lagavulin","floor":8,"turns":1},{"damage":7,"enemies":"Gremlin Nob","floor":10,"turns":3},{"damage":1,"enemies":"2 Louse","floor":12,"turns":1},{"damage":7,"enemies":"Cultist","floor":13,"turns":3},{"damage":6,"enemies":"downfall:FleeingMerchant","floor":14,"turns":4},{"damage":6,"enemies":"Red Slaver","floor":15,"turns":3},{"damage":9,"enemies":"downfall:Watcher","floor":16,"turns":6},{"damage":18,"enemies":"3 Byrds","floor":19,"turns":5},{"damage":5,"enemies":"Gremlin Leader","floor":21,"turns":1}],"seed_played":"-7360226426885731112","potions_obtained":[{"floor":5,"key":"SteroidPotion"},{"floor":12,"key":"FairyPotion"},{"floor":13,"key":"PowerPotion"},{"floor":15,"key":"Energy Potion"}],"is_trial":false,"path_per_floor":["R","?","R","?","E","M","T","E","?","E","T","M","M","$","M","B",null,"R","M","?","E"],"character_chosen":"THE_CHAMP","items_purchased":["champ:ArenaPreparation","Art of War"],"campfire_rested":0,"item_purchase_floors":[14,14],"current_hp_per_floor":[90,90,90,90,90,90,90,90,90,88,88,87,88,87,86,82,90,90,84,78,73,73],"gold":778,"neow_bonus":"THREE_ENEMY_KILL","is_daily":false,"chose_seed":false,"campfire_upgraded":2,"win_rate":0.0,"timestamp":1608154556,"path_taken":["R","?","R","?","E","M","T","E","?","E","?","?","M","?","M","BOSS","R","M","?","E"],"items_purchased_type":["Card","Relic"],"build_version":"2020-12-13","purchased_purges":1,"victory":false,"max_hp_per_floor":[90,90,90,90,90,90,90,90,90,90,90,90,90,90,90,90,90,90,90,90,90,90],"card_choices":[{"not_picked":["champ:BerserkerStyle","champ:FocusedGladiator"],"picked":"champ:GladiatorStyle","floor":5},{"not_picked":["champ:EndlessRage","champ:FightOn"],"picked":"champ:Balance","floor":6},{"not_picked":["champ:Encircle","champ:CalledShot"],"picked":"champ:SwordSigil","floor":8},{"not_picked":["champ:GladiatorStyle","champ:ArenaPreparation"],"picked":"champ:SkillfulDodge","floor":10},{"not_picked":["champ:BerserkersShout","champ:StanceDance"],"picked":"champ:FalseCounter","floor":12},{"not_picked":["champ:CrookedStrike","champ:RapidStrikes"],"picked":"champ:BringItOn","floor":13},{"not_picked":["champ:Circumvent","champ:EndlessRage"],"picked":"champ:Improvising","floor":14},{"not_picked":["champ:BerserkersShout","champ:Encircle","champ:CalledShot"],"picked":"SKIP","floor":15},{"not_picked":["champ:MurderStrike","champ:ShieldSlam"],"picked":"champ:CheapShot","floor":16},{"not_picked":["champ:Haymaker","champ:RageSigil"],"picked":"champ:CrookedStrike","floor":19}],"player_experience":420967,"relics_obtained":[{"floor":5,"key":"PreservedInsect"},{"floor":7,"key":"champ:FightingForDummies"},{"floor":8,"key":"Gambling Chip"},{"floor":10,"key":"Regal Pillow"},{"floor":11,"key":"Bottled Lightning"}],"event_choices":[],"is_beta":false,"boss_relics":[{"not_picked":["Tiny House","Empty Cage"],"picked":"Pandora\u0027s Box"}],"items_purged_floors":[14],"is_endless":false,"potions_floor_spawned":[5,12,13,15],"killed_by":"Gremlin Leader","ascension_level":2}}