{"host":"ea1gz0s8chhg5p89","time":1608138143,"event":{"mods":["Act Like it!","BaseMod","Gensokyo","Marisa（F雨　魔理沙）","Minty Spire (QoL Compilation)","Pale of the Ancients","Remilia（蕾米莉亚）","Replay The Spire","StSLib","[地精首领爬塔]The Maniac","【东方二次创作】八云紫mod"],"gold_per_floor":[111,127,145,162,11,11,43,56,56,91,103,103,152,163,163,279,279,314,314,327,386,386,436,346,377,377,377,392,457,514,585,585,727,727,758,808,828,886,43,94,94,148,227,227,274,314,314,366,366,366,440,472,539,12,12,62,62,62,62,62],"floor_reached":61,"playtime":3684,"items_purged":["Strike_RM+1","Strike_RM"],"score":2405,"play_id":"d659ed23-e440-44c5-9330-032f1aa79f30","local_time":"20201217010223","is_ascension_mode":true,"campfire_choices":[{"data":"ScarletCoffin","floor":6.0,"key":"SMITH"},{"data":"FavorOfDestiny","floor":12.0,"key":"SMITH"},{"data":"ScarletImprint","floor":15.0,"key":"SMITH"},{"data":"ScarletMeister","floor":27.0,"key":"SMITH"},{"data":"RedRainbow","floor":32,"key":"SMITH"},{"data":"ScarletCoffin","floor":41,"key":"SMITH"},{"data":"ScarletSymphony","floor":44,"key":"SMITH"},{"data":"CurseOfVladTepes","floor":49,"key":"SMITH"},{"data":"QueenOfMidnight","floor":55,"key":"SMITH"},{"data":"FitfulNightmare","floor":57,"key":"SMITH"}],"circlet_count":0,"master_deck":["Defend_RM","Defend_RM","Defend_RM","Defend_RM","RedMoon+1","ScarletShoot+1","ScarletImprint+1","NightDance+1","VampirishNight+1","FitfulNightmare+1","ScarletCoffin+1","BloodHunter+1","UnstableMagic+1","BloodyMagicSquare+1","FavorOfDestiny+1","Ultimatum","EquivalentExchange+1","ScarletMeister+1","Stigmanizer+1","RedRainbow+1","ScarletSymphony+1","UnderTheZenith+1","CharismaGuard+1","BloodyMagicSquare","FavorOfDestiny","VampireClaw+1","NightLord","RedRainbow+1","BatForm+1","DevilSight+1","FavorOfDestiny+1","DiffusionOfMisfortune","DiffusionOfMisfortune+1","ScarletCoffin+1","UnderTheZenith+1","ScarletImprint","DiffusionOfMisfortune+1","ForecastOfChange+1","BloodyMagicSquare","UnderTheZenith+1","RedRainbow+1","QueenOfMidnight+1","ScarletImprint+1","RedRainbow+1","Madness","Madness","CurseOfVladTepes+1","BloodyMagicSquare+1","ForbiddenFruit+1","RedRainbow+1","CharismaGuard+1","FitfulNightmare+1","BlasphemousPunishment+1","ForecastOfChange","UnderTheZenith+1"],"relics":["ScarletHat","PreservedInsect","Bag of Marbles","Strawberry","Girya","Mummified Hand","Replay:Kaleidoscope","ReplayFunnel","Incense Burner","Coffee Dripper","Dream Catcher","MealTicket","Pen Nib","Lantern","Bottled Tornado","Meat on the Bone","Onion Ring","Gremlin Food","Unceasing Top","ScarletDevilRocket","Letter Opener","Omamori","Black Star","Ice Cream","Gungnir","FairyMaid","Orrery","Blue Doll","Pear","Smiling Mask","Chameleon Ring","Prayer Wheel","Replay:Bottled Flurry","Art of War","Shovel","Simple Rune","CaptainsWheel","War Paint","paleoftheancients:Timepiece","CultistMask","Replay:Multitool","paleoftheancients:SoulOfTheShapes","Mirror","Happy Flower","Frozen Eye","Mango","RedBat","Anchor","Replay:PocketPolymizer"],"acts_visited":["Exordium","TheCity","TheBeyond","paleoftheancients:PaleOfTheAncients"],"potions_floor_usage":[28,30,30,33,33,35,40,40,42,42,46,48,48,48,50,51,51,51,56,60,60],"damage_taken":[{"damage":0.0,"enemies":"2 Louse","floor":1.0,"turns":3.0},{"damage":0.0,"enemies":"Cultist","floor":2.0,"turns":6.0},{"damage":2.0,"enemies":"Jaw Worm","floor":3.0,"turns":4.0},{"damage":0.0,"enemies":"3 Louse","floor":4.0,"turns":4.0},{"damage":21.0,"enemies":"Lagavulin","floor":7.0,"turns":8.0},{"damage":0.0,"enemies":"Gremlin Gang","floor":8.0,"turns":11.0},{"damage":6.0,"enemies":"3 Sentries","floor":10.0,"turns":17.0},{"damage":0.0,"enemies":"Exordium Thugs","floor":11.0,"turns":3.0},{"damage":41.0,"enemies":"Gremlin Nob","floor":13.0,"turns":4.0},{"damage":0.0,"enemies":"Exordium Wildlife","floor":14.0,"turns":5.0},{"damage":5.0,"enemies":"Slime Boss","floor":16.0,"turns":8.0},{"damage":0.0,"enemies":"3 Byrds","floor":18.0,"turns":4.0},{"damage":11.0,"enemies":"2 Thieves","floor":20.0,"turns":4.0},{"damage":0.0,"enemies":"Cultist and Chosen","floor":21.0,"turns":8.0},{"damage":0.0,"enemies":"Gremlin Leader","floor":23.0,"turns":4.0},{"damage":0.0,"enemies":"Slavers","floor":25.0,"turns":6.0},{"damage":3,"enemies":"Snake Plant","floor":28,"turns":2},{"damage":1,"enemies":"Gremlin Leader","floor":29,"turns":4},{"damage":0,"enemies":"Sentry and Sphere","floor":30,"turns":4},{"damage":0,"enemies":"Slavers","floor":31,"turns":10},{"damage":62,"enemies":"Pondfish","floor":33,"turns":5},{"damage":8,"enemies":"Orb Walker","floor":35,"turns":6},{"damage":0,"enemies":"Mind Bloom Boss Battle","floor":36,"turns":4},{"damage":4,"enemies":"3 Shapes","floor":37,"turns":1},{"damage":0,"enemies":"3 Darklings","floor":38,"turns":7},{"damage":0,"enemies":"Reptomancer","floor":40,"turns":4},{"damage":47,"enemies":"R_Hoarder","floor":42,"turns":5},{"damage":0,"enemies":"Giant Head","floor":45,"turns":3},{"damage":84,"enemies":"Transient","floor":46,"turns":3},{"damage":68,"enemies":"Reptomancer","floor":48,"turns":3},{"damage":69,"enemies":"Replay:Hell Engine","floor":50,"turns":1},{"damage":87,"enemies":"Replay:Hell Engine","floor":51,"turns":4},{"damage":83,"enemies":"Replay:Hell Engine","floor":52,"turns":2},{"damage":87,"enemies":"Replay:Hell Engine","floor":56,"turns":4},{"damage":151,"enemies":"paleoftheancients:N","floor":60,"turns":6}],"seed_played":"2397593301442157411","potions_obtained":[{"floor":1.0,"key":"FearPotion"},{"floor":4.0,"key":"FairyPotion"},{"floor":8.0,"key":"Languid Potion"},{"floor":10.0,"key":"CultistPotion"},{"floor":14.0,"key":"Elixir"},{"floor":14.0,"key":"Dexterity Potion"},{"floor":18.0,"key":"EssenceOfSteel"},{"floor":21.0,"key":"FearPotion"},{"floor":25.0,"key":"GamblersBrew"},{"floor":28,"key":"BlessingOfTheForge"},{"floor":28,"key":"SkillPotion"},{"floor":29,"key":"AttackPotion"},{"floor":30,"key":"SneckoOil"},{"floor":30,"key":"FearPotion"},{"floor":31,"key":"Reflective Coating"},{"floor":33,"key":"SmokeBomb"},{"floor":33,"key":"Dexterity Potion"},{"floor":38,"key":"Strength Potion"},{"floor":40,"key":"Block Potion"},{"floor":40,"key":"BlessingOfTheForge"},{"floor":42,"key":"Swift Potion"},{"floor":45,"key":"Block Potion"},{"floor":46,"key":"SkillPotion"},{"floor":48,"key":"Swift Potion"},{"floor":51,"key":"Languid Potion"},{"floor":51,"key":"Swift Potion"},{"floor":51,"key":"Fruit Juice"},{"floor":52,"key":"Strength Potion"},{"floor":56,"key":"Elixir"},{"floor":56,"key":"DestinyDice"}],"is_trial":false,"path_per_floor":["M","M","M","M","$","R","E","M","T","E","M","R","E","M","R","B",null,"M","?","M","M","?","E","?","E","T","R","M","E","M","E","R","B",null,"M","?","M","M","$","E","R","E","T","R","E","M","?","E","R","B","M","M","?","$","R","M","R","T","?","B",null],"character_chosen":"REMILIA","items_purchased":["ScarletCoffin","Gungnir","FairyMaid","Orrery","Frozen Eye","BlasphemousPunishment+1","Mango"],"campfire_rested":0,"item_purchase_floors":[5,39,39,39,54,54,54],"current_hp_per_floor":[68,70,69,75,75,75,59,78,78,81,82,82,43,47,47,52,75,82,82,72,81,81,82,82,82,82,82,81,82,82,82,82,43,72,76,82,78,82,82,92,92,60,60,60,85,92,80,92,92,96,103,103,78,107,107,117,117,117,117,117],"gold":62,"neow_bonus":"RANDOM_COMMON_RELIC","is_daily":false,"chose_seed":false,"campfire_upgraded":10,"win_rate":0.0,"timestamp":1608138143,"path_taken":["M","M","M","M","$","R","E","M","T","E","M","R","E","M","R","BOSS","M","?","M","?","?","E","?","E","T","R","?","E","M","E","R","BOSS","M","?","M","M","$","E","R","E","T","R","E","M","?","E","R","BOSS","M","M","?","$","R","M","R","T","?","BOSS"],"items_purchased_type":["Card","Relic","Relic","Relic","Relic","Card","Relic"],"build_version":"2020-12-13","purchased_purges":2,"victory":true,"max_hp_per_floor":[75,75,75,75,75,75,75,82,82,82,82,82,82,82,82,82,82,82,82,82,82,82,82,82,82,82,82,82,82,82,82,82,82,82,82,82,82,82,82,92,92,92,92,92,92,92,92,92,92,96,103,103,103,117,117,117,117,117,117,117],"card_choices":[{"not_picked":["BlasphemousPunishment","UnderTheZenith"],"picked":"ScarletImprint","floor":1.0},{"not_picked":["ChainGang","MillenniumVampire"],"picked":"NightDance","floor":2.0},{"not_picked":["BlasphemousPunishment","VampireKiss"],"picked":"VampirishNight","floor":3.0},{"not_picked":["VampirishNight","BloodyTrap"],"picked":"FitfulNightmare","floor":4.0},{"not_picked":["ForbiddenFruit","SuperhumanBloodyKnife"],"picked":"BloodHunter","floor":7.0},{"not_picked":["BlasphemousPunishment","BloodyTrap"],"picked":"UnstableMagic","floor":8.0},{"not_picked":["Maim","BloodHunter"],"picked":"BloodyMagicSquare","floor":10.0},{"not_picked":["UltimateOffering","ScarletSymphony"],"picked":"FavorOfDestiny","floor":11.0},{"not_picked":["UltimateOffering","FavorOfDestiny"],"picked":"Ultimatum","floor":13.0},{"not_picked":["BloodHunter","DiffusionOfMisfortune"],"picked":"EquivalentExchange","floor":14.0},{"not_picked":["ScarletCoffin","HeartBreak"],"picked":"ScarletMeister","floor":16.0},{"not_picked":["RedRainbow","ForbiddenFruit"],"picked":"Stigmanizer+1","floor":18.0},{"not_picked":["ScarletDevil","ChainGang"],"picked":"RedRainbow","floor":18.0},{"not_picked":["SuperhumanBloodyKnife","ChainGang+1"],"picked":"ScarletSymphony","floor":20.0},{"not_picked":["Stigmanizer","ScarletDevilSign+1"],"picked":"UnderTheZenith","floor":21.0},{"not_picked":["UnderTheZenith","BloodHunter"],"picked":"CharismaGuard+1","floor":23.0},{"not_picked":["HellCatastrophe","RedRainbow"],"picked":"BloodyMagicSquare","floor":25.0},{"not_picked":["MastersStateliness","ScarletNetherworld"],"picked":"FavorOfDestiny","floor":28},{"not_picked":["ScarletDream","ScarletGensokyo"],"picked":"VampireClaw","floor":29},{"not_picked":["BlasphemousPunishment","ScarletNetherworld"],"picked":"NightLord","floor":30},{"not_picked":["BlasphemousPunishment","ScarletDevil"],"picked":"RedRainbow","floor":31},{"not_picked":["CeilingFear","ScarletMeister"],"picked":"BatForm","floor":33},{"not_picked":["RedMagic","UnderTheZenith"],"picked":"DevilSight+1","floor":35},{"not_picked":["BlasphemousPunishment","ScarletDream+1"],"picked":"FavorOfDestiny","floor":36},{"not_picked":["VampireClaw","ForbiddenFruit+1"],"picked":"DiffusionOfMisfortune","floor":37},{"not_picked":["MastersStateliness+1","EndlessAdversity"],"picked":"DiffusionOfMisfortune+1","floor":38},{"not_picked":["EndlessAdversity+1","HunterOfTheNight"],"picked":"ScarletCoffin","floor":39},{"not_picked":["ScarletDevil","BadLadyScramble+1"],"picked":"UnderTheZenith+1","floor":39},{"not_picked":["ScarletDevil","BlasphemousPunishment+1"],"picked":"ScarletImprint","floor":39},{"not_picked":["HeartBreak","BloodHunter+1"],"picked":"DiffusionOfMisfortune+1","floor":39},{"not_picked":["BlasphemousPunishment","Stigmanizer+1"],"picked":"ForecastOfChange","floor":39},{"not_picked":["NightDance+1","CharismaGuard"],"picked":"BloodyMagicSquare","floor":40},{"not_picked":["ScarletNetherworld+1","BlasphemousPunishment"],"picked":"UnderTheZenith+1","floor":42},{"not_picked":["RedNightlessCastle","Stigmanizer+1"],"picked":"RedRainbow+1","floor":42},{"not_picked":["BlasphemousPunishment","VampireKiss"],"picked":"QueenOfMidnight","floor":45},{"not_picked":["UnstableMagic","VampireKiss"],"picked":"ScarletImprint","floor":46},{"not_picked":["DiffusionOfMisfortune+1","FavorOfDestiny"],"picked":"RedRainbow+1","floor":46},{"not_picked":["BloodHunter","SuperhumanBloodyKnife+1"],"picked":"CurseOfVladTepes","floor":48},{"not_picked":["DiffusionOfMisfortune","BloodAndWine+1"],"picked":"BloodyMagicSquare+1","floor":51},{"not_picked":["BloodHunter","NightDance"],"picked":"ForbiddenFruit+1","floor":51},{"not_picked":["NightDance","EternalNight+1"],"picked":"RedRainbow+1","floor":52},{"not_picked":["Ultimatum","StarOfDavid+1"],"picked":"CharismaGuard+1","floor":52},{"not_picked":["MastersStateliness+1","BadLadyScramble"],"picked":"FitfulNightmare","floor":53},{"not_picked":["VampirishNight","FavorOfDestiny"],"picked":"ForecastOfChange","floor":56},{"not_picked":["RedMagic+1","VampireKiss"],"picked":"UnderTheZenith+1","floor":56}],"player_experience":388247,"relics_obtained":[{"floor":7.0,"key":"Bag of Marbles"},{"floor":8.0,"key":"Strawberry"},{"floor":8.0,"key":"Girya"},{"floor":9.0,"key":"Mummified Hand"},{"floor":10.0,"key":"Replay:Kaleidoscope"},{"floor":11.0,"key":"ReplayFunnel"},{"floor":13.0,"key":"Incense Burner"},{"floor":18.0,"key":"Dream Catcher"},{"floor":20.0,"key":"MealTicket"},{"floor":21.0,"key":"Pen Nib"},{"floor":23.0,"key":"Lantern"},{"floor":25.0,"key":"Bottled Tornado"},{"floor":26.0,"key":"Meat on the Bone"},{"floor":28,"key":"Onion Ring"},{"floor":29,"key":"Gremlin Food"},{"floor":29,"key":"Unceasing Top"},{"floor":30,"key":"ScarletDevilRocket"},{"floor":31,"key":"Letter Opener"},{"floor":31,"key":"Omamori"},{"floor":36,"key":"Ice Cream"},{"floor":40,"key":"Blue Doll"},{"floor":40,"key":"Pear"},{"floor":40,"key":"Smiling Mask"},{"floor":42,"key":"Chameleon Ring"},{"floor":42,"key":"Prayer Wheel"},{"floor":43,"key":"Replay:Bottled Flurry"},{"floor":45,"key":"Art of War"},{"floor":45,"key":"Shovel"},{"floor":45,"key":"Simple Rune"},{"floor":48,"key":"CaptainsWheel"},{"floor":48,"key":"War Paint"},{"floor":51,"key":"Replay:Multitool"},{"floor":52,"key":"paleoftheancients:SoulOfTheShapes"},{"floor":52,"key":"Mirror"},{"floor":53,"key":"Happy Flower"},{"floor":56,"key":"RedBat"},{"floor":56,"key":"paleoftheancients:SoulOfTheDefect"},{"floor":56,"key":"Anchor"},{"floor":58,"key":"Replay:PocketPolymizer"}],"event_choices":[{"damage_healed":0.0,"max_hp_gain":0.0,"max_hp_loss":0.0,"gold_gain":0.0,"event_name":"The Woman in Blue","player_choice":"Bought 0 Potions","floor":19.0,"gold_loss":0.0,"damage_taken":0.0},{"cards_removed":["Strike_RM"],"damage_healed":0.0,"max_hp_gain":0.0,"max_hp_loss":0.0,"gold_gain":0.0,"event_name":"Back to Basics","player_choice":"Elegance","floor":22.0,"gold_loss":0.0,"damage_taken":0.0},{"cards_removed":["Strike_RM"],"damage_healed":0.0,"max_hp_gain":0.0,"max_hp_loss":0.0,"gold_gain":0.0,"event_name":"Designer","player_choice":"Upgrade and Remove","floor":24.0,"gold_loss":90.0,"damage_taken":0.0,"cards_upgraded":["RedRainbow"]},{"damage_healed":0,"gold_gain":0,"player_choice":"Fight","damage_taken":0,"max_hp_gain":0,"max_hp_loss":0,"event_name":"MindBloom","floor":36,"gold_loss":0},{"damage_healed":0,"gold_gain":0,"player_choice":"Embrace Madness","damage_taken":12,"max_hp_gain":0,"max_hp_loss":0,"event_name":"Winding Halls","floor":47,"gold_loss":0,"cards_obtained":["Madness","Madness"]}],"is_beta":false,"boss_relics":[{"not_picked":["Replay:Ancient Bell","Runic Dome"],"picked":"Coffee Dripper"},{"not_picked":["Sozu","Astrolabe"],"picked":"Black Star"}],"items_purged_floors":[39,54],"is_endless":false,"potions_floor_spawned":[1,4,8,11,14,21,25,28,33,46,48],"ascension_level":10}}