{"host":"qw1m3zcvi888b4j7","time":1608082328,"event":{"mods":["BaseMod","Block Reminder","Colored Map","Colored Powertips","DeckTracker","Highlight Path","Hubris","Minty Spire (QoL Compilation)","Quick Restart","Rare Cards Sparkle","Relic Sorter","Relic Stats","Replay The Spire","StSLib","The Blue Laboratory","The Cursed"],"gold_per_floor":[118,118,118,118,118,154,154,195,249,273,288,288,302,336,336,457,557,581,622,642,682,682,682,757,757,807,807,807,841,841,435,453,467,467,593,593,607,630,651,93,108,142,142,177,200,200,225,38,38,84,84,134,134],"floor_reached":52,"playtime":3849,"items_purged":["Pain"],"score":835,"play_id":"bc6e96ab-f550-4d78-9951-cfb8bd7a3f01","local_time":"20201216023208","is_ascension_mode":true,"campfire_choices":[{"floor":7,"key":"REST"},{"floor":12,"key":"REST"},{"floor":15,"key":"REST"},{"floor":23,"key":"REST"},{"floor":25,"key":"RECALL"},{"data":"Accuracy","floor":30,"key":"SMITH"},{"floor":34,"key":"REST"},{"floor":46,"key":"REST"},{"floor":49,"key":"REST"},{"floor":51,"key":"REST"}],"circlet_count":0,"master_deck":["Strike_G+2","Strike_G","Strike_G+1","Strike_G+2","Strike_G+1","Defend_G","Defend_G","Defend_G","Defend_G","Defend_G+1","Survivor+1","Neutralize","Noxious Fumes","Blade Dance","Footwork+1","Pot Of Greed","Pot Of Greed","Hidden Blade","hubris:SlightOfHand","Dagger Spray","Blur","After Image","Sucker Punch","Escape Plan+1","Bane","Cloak And Dagger+1","Pot Of Greed+1","Accuracy+1","Skewer+1","Skewer+1","ReplayTheSpireMod:Scrap Shanks+1","Venomology+1","ReplayTheSpireMod:The Works+1","Expertise","Flying Knee","Atom Bomb+1","Calculated Gamble","ReplayTheSpireMod:Tripwire+1","Pot Of Greed","Languid","Prepared+1","Expertise+1","Infinite Blades+1","Bane+1","ReplayTheSpireMod:Speed Training+1","Magnetism+1","Enlightenment+1","Quick Slash+1","Reflex","Predator+1","Catalyst","Pot Of Greed","Endless Agony","Poisoned Stab+1","Cloak And Dagger+1","Backstab+1","Delirium","Slice","ReplayTheSpireMod:From All Sides+1"],"relics":["Ring of the Snake","Replay:Rubber Ducky","Centennial Puzzle","Golden Idol","ReplayTheSpireMod:Ring of Collecting","Ring of Peace","Simple Rune","Boot","ReplayTheSpireMod:Ring of Addiction","Chameleon Ring","Toy Ornithopter","Grinning Jar","Anchor","Replay:Wanted Poster","Red Mask","MealTicket","Ring of Greed","Membership Card","Golden Egg","War Paint","Gremlin Food","Strange Spoon","Nunchaku","WristBlade","ClockworkSouvenir","Dream Catcher","Smiling Mask","hubris:Towel","Replay:Bandana","ReplayTheSpireMod:Ring of Exchange","Art of War","ReplayTheSpireMod:Lightbulb","Medical Kit"],"acts_visited":["Exordium","TheCity","TheBeyond"],"potions_floor_usage":[8,14,32,35,35,37,38,39,39,39,39,41,44,44,47,52,52],"damage_taken":[{"damage":7,"enemies":"Small Slimes","floor":1,"turns":3},{"damage":25,"enemies":"3 Sentries","floor":6,"turns":8},{"damage":6,"enemies":"Gremlin Nob","floor":8,"turns":4},{"damage":0,"enemies":"Cultist","floor":10,"turns":3},{"damage":0,"enemies":"2 Louse","floor":11,"turns":2},{"damage":0,"enemies":"2 Fungi Beasts","floor":13,"turns":4},{"damage":20,"enemies":"3 Sentries","floor":14,"turns":5},{"damage":33,"enemies":"The Guardian","floor":16,"turns":12},{"damage":0,"enemies":"3 Byrds","floor":18,"turns":6},{"damage":0,"enemies":"2 Thieves","floor":20,"turns":4},{"damage":19,"enemies":"Masked Bandits","floor":21,"turns":6},{"damage":0,"enemies":"Slavers","floor":29,"turns":7},{"damage":0,"enemies":"3 Cultists","floor":32,"turns":6},{"damage":9,"enemies":"Snake Plant","floor":33,"turns":5},{"damage":32,"enemies":"Champ","floor":35,"turns":10},{"damage":16,"enemies":"3 Darklings","floor":37,"turns":6},{"damage":26,"enemies":"3 Shapes","floor":38,"turns":4},{"damage":37,"enemies":"Spire Growth","floor":39,"turns":7},{"damage":31,"enemies":"3 Darklings","floor":41,"turns":4},{"damage":14,"enemies":"Nemesis","floor":42,"turns":3},{"damage":3,"enemies":"Giant Head","floor":44,"turns":7},{"damage":0,"enemies":"4 Shapes","floor":47,"turns":2},{"damage":11,"enemies":"Spire Growth","floor":50,"turns":4},{"damage":55,"enemies":"Awakened One","floor":52,"turns":5}],"seed_played":"-4706836518721119620","potions_obtained":[{"floor":6,"key":"blueLaboratory:NinjaPotion"},{"floor":8,"key":"blueLaboratory:PolymorphPotion"},{"floor":9,"key":"blueLaboratory:ForbiddenFruitJuice"},{"floor":9,"key":"Explosive Potion"},{"floor":18,"key":"Dexterity Potion"},{"floor":19,"key":"FairyPotion"},{"floor":35,"key":"Strength Potion"},{"floor":37,"key":"Adrenaline Potion"},{"floor":44,"key":"blueLaboratory:SuffocatingSmog"},{"floor":47,"key":"blueLaboratory:ImpenetrablePotion"},{"floor":50,"key":"BlessingOfTheForge"}],"is_trial":false,"path_per_floor":["M","?","?","?","?","E","R","E","T","M","M","R","M","E","R","B",null,"M","?","M","?","?","R","?","R","T","PTL","PTL","E","R","$","M","M","R","B",null,"M","M","M","$","M","E","?","E","T","R","M","$","R","M","R","B"],"character_chosen":"THE_SILENT","items_purchased":["Gremlin Food","Skewer","Strange Spoon","ReplayTheSpireMod:Scrap Shanks","Venomology","ReplayTheSpireMod:The Works","Nunchaku","ClockworkSouvenir","Replay:Rubber Ducky","Dream Catcher","Expertise+1","Infinite Blades","Bane","ReplayTheSpireMod:Speed Training","Magnetism","Enlightenment","Quick Slash","ReplayTheSpireMod:Lightbulb","Medical Kit","Cloak And Dagger"],"campfire_rested":8,"item_purchase_floors":[31,31,31,31,31,31,31,40,40,40,40,40,40,40,40,40,40,48,48,48],"current_hp_per_floor":[63,46,32,32,32,7,28,22,22,22,22,43,43,28,48,15,68,66,50,50,31,31,50,44,44,44,44,44,44,44,58,58,49,58,26,58,42,21,48,48,22,8,8,15,15,29,34,48,48,37,46,0,0],"gold":134,"neow_bonus":"RANDOM_COMMON_RELIC","is_daily":false,"chose_seed":false,"campfire_upgraded":1,"win_rate":0.0,"timestamp":1608082328,"path_taken":["M","?","?","?","?","E","R","E","T","M","M","R","M","E","R","BOSS","M","?","?","?","?","R","?","R","T","PTL","PTL","E","R","$","M","M","R","BOSS","M","?","M","$","M","E","?","E","T","R","M","?","R","M","R","BOSS"],"items_purchased_type":["Relic","Card","Relic","Card","Card","Card","Relic","Relic","Relic","Relic","Card","Card","Card","Card","Card","Card","Card","Relic","Relic","Card"],"build_version":"2020-12-13","purchased_purges":1,"victory":false,"max_hp_per_floor":[70,70,70,70,70,70,70,70,70,70,70,70,68,68,68,68,68,66,66,66,64,64,64,62,62,62,60,60,60,58,58,58,58,58,58,58,58,58,48,48,48,48,48,48,48,48,48,48,48,48,46,46,46],"relic_stats":{"counters":[24,127],"Golden Idol":158,"War Paint":["Survivor","Pot Of Greed"],"Boot":[359],"Smiling Mask":0,"Medical Kit":[0],"Strange Spoon":[56],"Centennial Puzzle":[48],"Nunchaku":[21],"Dream Catcher":3,"MealTicket":28,"Art of War":[1],"obtain_stats":[{"Golden Egg":26,"ReplayTheSpireMod:Ring of Exchange":45,"Boot":8,"Smiling Mask":42,"ClockworkSouvenir":40,"Replay:Rubber Ducky":40,"Replay:Wanted Poster":17,"Centennial Puzzle":0,"Nunchaku":31,"Dream Catcher":40,"Replay:Bandana":44,"Chameleon Ring":9,"WristBlade":36,"Ring of Peace":4,"MealTicket":22,"Red Mask":21,"Ring of the Snake":0,"Gremlin Food":31,"Golden Idol":2,"ReplayTheSpireMod:Ring of Addiction":9,"Ring of Greed":26,"War Paint":29,"hubris:Towel":43,"Medical Kit":48,"Strange Spoon":31,"Anchor":14,"ReplayTheSpireMod:Ring of Collecting":4,"Simple Rune":6,"Art of War":45,"Membership Card":26,"Grinning Jar":9,"ReplayTheSpireMod:Lightbulb":48,"Toy Ornithopter":9},{"Golden Egg":11,"ReplayTheSpireMod:Ring of Exchange":21,"Boot":3,"Smiling Mask":20,"ClockworkSouvenir":18,"Replay:Rubber Ducky":18,"Replay:Wanted Poster":8,"Centennial Puzzle":0,"Nunchaku":12,"Dream Catcher":18,"Replay:Bandana":21,"Chameleon Ring":3,"WristBlade":15,"Ring of Peace":1,"MealTicket":11,"Red Mask":11,"Ring of the Snake":0,"Gremlin Food":12,"Golden Idol":1,"ReplayTheSpireMod:Ring of Addiction":3,"Ring of Greed":11,"War Paint":12,"hubris:Towel":20,"Medical Kit":22,"Strange Spoon":12,"Anchor":7,"ReplayTheSpireMod:Ring of Collecting":1,"Simple Rune":2,"Art of War":21,"Membership Card":11,"Grinning Jar":3,"ReplayTheSpireMod:Lightbulb":22,"Toy Ornithopter":3},{"Golden Egg":57,"ReplayTheSpireMod:Ring of Exchange":116,"Boot":15,"Smiling Mask":109,"ClockworkSouvenir":102,"Replay:Rubber Ducky":102,"Replay:Wanted Poster":41,"Centennial Puzzle":0,"Nunchaku":64,"Dream Catcher":102,"Replay:Bandana":116,"Chameleon Ring":15,"WristBlade":85,"Ring of Peace":3,"MealTicket":57,"Red Mask":57,"Ring of the Snake":0,"Gremlin Food":64,"Golden Idol":3,"ReplayTheSpireMod:Ring of Addiction":15,"Ring of Greed":57,"War Paint":64,"hubris:Towel":109,"Medical Kit":118,"Strange Spoon":64,"Anchor":29,"ReplayTheSpireMod:Ring of Collecting":3,"Simple Rune":11,"Art of War":116,"Membership Card":57,"Grinning Jar":15,"ReplayTheSpireMod:Lightbulb":118,"Toy Ornithopter":15}],"Toy Ornithopter":40,"Ring of the Snake":[48]},"card_choices":[{"not_picked":["PiercingWail","ReplayTheSpireMod:Exploit Weakness"],"picked":"Noxious Fumes","floor":1},{"not_picked":["Well Laid Plans","Prepared"],"picked":"Blade Dance","floor":6},{"not_picked":["Dagger Throw","Outmaneuver"],"picked":"Footwork","floor":8},{"not_picked":["Heel Hook","Dagger Spray"],"picked":"Hidden Blade","floor":10},{"not_picked":["Underhanded Strike","ReplayTheSpireMod:Necrosis"],"picked":"hubris:SlightOfHand","floor":11},{"not_picked":["Deflect","Heel Hook"],"picked":"Dagger Spray","floor":13},{"not_picked":["Acrobatics","Hidden Blade"],"picked":"Blur","floor":14},{"not_picked":["Doppelganger","Burst"],"picked":"After Image","floor":16},{"not_picked":["Deadly Poison","Acrobatics+1"],"picked":"Sucker Punch","floor":18},{"not_picked":["hubris:TrickCloak","Heel Hook"],"picked":"Escape Plan+1","floor":19},{"not_picked":["Acrobatics","Deflect"],"picked":"Bane","floor":20},{"not_picked":["Dash+1","Tactician"],"picked":"Cloak And Dagger+1","floor":21},{"not_picked":["Sucker Punch+1","Tools of the Trade"],"picked":"Accuracy","floor":29},{"not_picked":["Terror","Blade Dance"],"picked":"Expertise","floor":32},{"not_picked":["Deadly Poison","Hidden Blade"],"picked":"Flying Knee","floor":33},{"not_picked":["Malaise","Wraith Form v2"],"picked":"Atom Bomb","floor":35},{"not_picked":["Slice","Dodge and Roll+1"],"picked":"Calculated Gamble","floor":37},{"not_picked":["Cloak And Dagger","Underhanded Strike"],"picked":"ReplayTheSpireMod:Tripwire+1","floor":38},{"not_picked":["Dodge and Roll+1","Dagger Spray+1"],"picked":"Prepared+1","floor":39},{"not_picked":["Sucker Punch+1","PiercingWail"],"picked":"Reflex","floor":41},{"not_picked":["Dagger Spray+1","Prepared"],"picked":"Predator+1","floor":42},{"not_picked":["Bane","Dodge and Roll"],"picked":"Catalyst","floor":44},{"not_picked":["Blur","PiercingWail"],"picked":"Endless Agony","floor":46},{"not_picked":["Dagger Spray+1","Skewer+1"],"picked":"Poisoned Stab+1","floor":47},{"not_picked":["Backflip+1","Acrobatics+1"],"picked":"Backstab+1","floor":49},{"not_picked":["Outmaneuver","Acrobatics+1"],"picked":"Slice","floor":50},{"not_picked":["Backflip","Cloak And Dagger"],"picked":"ReplayTheSpireMod:From All Sides","floor":51}],"player_experience":90217,"relics_obtained":[{"floor":4,"key":"ReplayTheSpireMod:Ring of Collecting"},{"floor":4,"key":"Ring of Peace"},{"floor":6,"key":"Simple Rune"},{"floor":8,"key":"Boot"},{"floor":9,"key":"ReplayTheSpireMod:Ring of Addiction"},{"floor":9,"key":"Chameleon Ring"},{"floor":9,"key":"Toy Ornithopter"},{"floor":9,"key":"Grinning Jar"},{"floor":14,"key":"Anchor"},{"floor":21,"key":"Red Mask"},{"floor":26,"key":"Ring of Greed"},{"floor":26,"key":"Membership Card"},{"floor":26,"key":"Golden Egg"},{"floor":29,"key":"War Paint"},{"floor":42,"key":"Smiling Mask"},{"floor":44,"key":"Replay:Bandana"},{"floor":45,"key":"ReplayTheSpireMod:Ring of Exchange"},{"floor":45,"key":"Art of War"}],"event_choices":[{"damage_healed":0,"gold_gain":0,"player_choice":"Take Damage","damage_taken":17,"relics_obtained":["Golden Idol"],"max_hp_gain":0,"max_hp_loss":0,"event_name":"Golden Idol","floor":2,"gold_loss":0},{"damage_healed":0,"gold_gain":0,"player_choice":"Entered Light","damage_taken":14,"max_hp_gain":0,"max_hp_loss":0,"event_name":"Shining Light","floor":3,"gold_loss":0,"cards_upgraded":["Strike_G","Strike_G"]},{"cards_removed":["Sickly"],"damage_healed":0,"gold_gain":0,"player_choice":"Purged","damage_taken":0,"max_hp_gain":0,"max_hp_loss":0,"event_name":"Purifier","floor":5,"gold_loss":0},{"damage_healed":0,"gold_gain":0,"player_choice":"Fought Bandits","damage_taken":0,"max_hp_gain":0,"max_hp_loss":0,"event_name":"Masked Bandits","floor":21,"gold_loss":0},{"damage_healed":0,"gold_gain":75,"player_choice":"Touch","damage_taken":6,"max_hp_gain":0,"max_hp_loss":0,"event_name":"FaceTrader","floor":24,"gold_loss":0}],"is_beta":false,"boss_relics":[{"not_picked":["ReplayTheSpireMod:DimensionalGlitch","Fusion Hammer"],"picked":"Replay:Wanted Poster"},{"not_picked":["Empty Cage","Coffee Dripper"],"picked":"WristBlade"}],"items_purged_floors":[40],"is_endless":false,"potions_floor_spawned":[6,8,11,18,20,35,37,44,47,50],"killed_by":"Awakened One","ascension_level":2}}