{"host":"mx3flx92pejuhdxl","time":1608152267,"event":{"mods":["BaseMod","Better Third Choice","Block Reminder","Colored Map","Downfall","Hermit","Infinite Spire","Minty Spire (QoL Compilation)","READ ME - Guardian Mod","Rare Cards Sparkle","Replay The Spire","StSLib","The Cursed","everything is the same but u backflip on backflip"],"gold_per_floor":[117,292,311,325,325,325,350,350,374,424,61,61,77,94,94,193,193,205,223,148,168,23,23,23,56,108,134,145,159,159,159,159,255,255,265,277,29,45,45,45,63,63,86,86,86,86,104,104,104],"floor_reached":48,"playtime":2270,"items_purged":["Doubt"],"score":552,"play_id":"70f19a9d-5de8-4ce6-829e-a4123f0a168d","local_time":"20201216155747","is_ascension_mode":false,"campfire_choices":[{"data":"Noxious Fumes","floor":6,"key":"SMITH"},{"floor":12,"key":"REST"},{"data":"Phantasmal Killer","floor":15,"key":"SMITH"},{"data":"Skewer","floor":24,"key":"SMITH"},{"floor":30,"key":"REST"},{"floor":32,"key":"REST"},{"floor":40,"key":"REST"},{"floor":42,"key":"REST"},{"floor":44,"key":"REST"}],"circlet_count":0,"master_deck":["Strike_G","Strike_G","Strike_G","Strike_G","Strike_G","Defend_G","Defend_G","Defend_G","Defend_G","Survivor","Neutralize","Bullet Time","Noxious Fumes+1","Deadly Poison","Poisoned Stab","Phantasmal Killer+1","Skewer+1","Backflip","After Image","Dagger Spray","Endless Agony","Finisher+1","Deadly Poison+1","Normality","Atom Bomb","Draining Mist+1","Blade Dance+1","Pot Of Greed","Pot Of Greed","Pot Of Greed","Deadly Poison+1"],"relics":["Ring of the Snake","Strawberry","Snake Skull","Ring of Greed","TwistedFunnel","Vajra","Empty Cage","Chemical X","ReplayFunnel","Blood Vial","Bottled Tornado","Busted Crown","Replay:WaspNest","Grinning Jar"],"acts_visited":["Exordium","TheCity","TheBeyond"],"potions_floor_usage":[7,16,16,21,25,28,33,38],"damage_taken":[{"damage":0,"enemies":"2 Louse","floor":1,"turns":3},{"damage":3,"enemies":"Jaw Worm","floor":3,"turns":6},{"damage":2,"enemies":"Cultist","floor":4,"turns":4},{"damage":20,"enemies":"Gremlin Nob","floor":7,"turns":4},{"damage":5,"enemies":"Exordium Wildlife","floor":8,"turns":2},{"damage":0,"enemies":"Lots of Slimes","floor":13,"turns":2},{"damage":0,"enemies":"Looter","floor":14,"turns":2},{"damage":26,"enemies":"Slime Boss","floor":16,"turns":7},{"damage":15,"enemies":"Spheric Guardian","floor":18,"turns":4},{"damage":9,"enemies":"Shell Parasite","floor":19,"turns":5},{"damage":14,"enemies":"Snake Plant","floor":21,"turns":5},{"damage":0,"enemies":"Gremlin Leader","floor":25,"turns":3},{"damage":36,"enemies":"Slavers","floor":27,"turns":5},{"damage":15,"enemies":"Centurion and Healer","floor":28,"turns":4},{"damage":11,"enemies":"Shelled Parasite and Fungi","floor":29,"turns":3},{"damage":83,"enemies":"Collector","floor":33,"turns":8},{"damage":18,"enemies":"3 Darklings","floor":35,"turns":4},{"damage":22,"enemies":"3 Shapes","floor":36,"turns":2},{"damage":12,"enemies":"Jaw Worm Horde","floor":38,"turns":3},{"damage":20,"enemies":"Maw","floor":41,"turns":6},{"damage":54,"enemies":"Reptomancer","floor":45,"turns":5},{"damage":17,"enemies":"3 Darklings","floor":47,"turns":3},{"damage":26,"enemies":"Nightmare","floor":48,"turns":4}],"seed_played":"-4844755919063171271","potions_obtained":[{"floor":4,"key":"Weak Potion"},{"floor":7,"key":"Strength Potion"},{"floor":14,"key":"SkillPotion"},{"floor":16,"key":"Explosive Potion"},{"floor":19,"key":"SkillPotion"},{"floor":21,"key":"FairyPotion"},{"floor":27,"key":"Dexterity Potion"},{"floor":29,"key":"Dexterity Potion"},{"floor":33,"key":"CultistPotion"},{"floor":41,"key":"Death Potion"}],"is_trial":false,"path_per_floor":["M","?","M","M","?","R","E","M","T","?","$","R","M","M","R","B",null,"M","M","?","M","$","?","R","E","T","E","M","M","R","?","R","B",null,"M","M","$","M","$","R","M","R","T","R","E","?","M","NM"],"character_chosen":"THE_SILENT","items_purchased":["TwistedFunnel","Vajra","Chemical X","Replay:WaspNest"],"campfire_rested":6,"item_purchase_floors":[11,11,22,37],"current_hp_per_floor":[70,70,67,65,65,65,52,47,47,47,47,70,70,70,70,44,77,62,53,53,39,39,77,77,77,77,41,28,19,42,42,64,22,74,56,36,36,26,26,48,30,52,52,74,20,20,5,0,0],"gold":104,"neow_bonus":"ONE_RANDOM_RARE_CARD","is_daily":false,"chose_seed":false,"campfire_upgraded":3,"win_rate":0.0,"timestamp":1608152267,"path_taken":["M","?","M","M","?","R","E","M","T","?","?","R","M","M","R","BOSS","M","M","?","M","$","?","R","E","T","E","M","?","R","?","R","BOSS","M","M","?","M","$","R","M","R","T","R","E","?","M","NM"],"items_purchased_type":["Relic","Relic","Relic","Relic"],"build_version":"2020-12-13","purchased_purges":1,"victory":false,"max_hp_per_floor":[70,70,70,70,70,70,77,77,77,77,77,77,77,77,77,77,77,77,77,77,77,77,77,77,77,77,77,77,77,77,74,74,74,74,74,74,74,74,74,74,74,74,74,74,74,74,74,74,74],"card_choices":[{"not_picked":["Acrobatics","Bane"],"picked":"Noxious Fumes","floor":1},{"not_picked":["Prepared","Acrobatics"],"picked":"Deadly Poison","floor":3},{"not_picked":["Infinite Blades","Choke"],"picked":"Poisoned Stab","floor":4},{"not_picked":["ReplayTheSpireMod:Scrap Shanks","Deflect"],"picked":"Phantasmal Killer","floor":7},{"not_picked":["Acrobatics","Flechettes","Tactician"],"picked":"SKIP","floor":8},{"not_picked":["Terror","Heel Hook"],"picked":"Skewer","floor":13},{"not_picked":["Deadly Poison","Sneak Up"],"picked":"Backflip","floor":14},{"not_picked":["ReplayTheSpireMod:From All Sides","Venomology"],"picked":"After Image","floor":16},{"not_picked":["Underhanded Strike","Sucker Punch+1"],"picked":"Replay:Poison Smokescreen+1","floor":18},{"not_picked":["Quick Slash","Riddle With Holes"],"picked":"Dagger Spray","floor":19},{"not_picked":["Blade Dance","Replay:Poison Smokescreen"],"picked":"Endless Agony","floor":21},{"not_picked":["Dodge and Roll","Grand Finale"],"picked":"Finisher+1","floor":25},{"not_picked":["PiercingWail","Sucker Punch","Poisoned Stab"],"picked":"SKIP","floor":27},{"not_picked":["Deflect","Leg Sweep"],"picked":"Deadly Poison+1","floor":28},{"not_picked":["Cloak And Dagger","Predator","Hidden Blade"],"picked":"SKIP","floor":29},{"not_picked":["Wraith Form v2","Phantasmal Killer"],"picked":"Atom Bomb","floor":33},{"not_picked":["ReplayTheSpireMod:Shiv Toss"],"picked":"SKIP","floor":35},{"not_picked":[],"picked":"Draining Mist+1","floor":36},{"not_picked":[],"picked":"Blade Dance+1","floor":38},{"not_picked":["Prepared"],"picked":"SKIP","floor":41},{"not_picked":["Well Laid Plans"],"picked":"SKIP","floor":45},{"not_picked":[],"picked":"Deadly Poison+1","floor":47}],"player_experience":471577,"relics_obtained":[{"floor":7,"key":"Strawberry"},{"floor":9,"key":"Snake Skull"},{"floor":10,"key":"Ring of Greed"},{"floor":25,"key":"ReplayFunnel"},{"floor":26,"key":"Blood Vial"},{"floor":27,"key":"Bottled Tornado"},{"floor":43,"key":"Grinning Jar"}],"event_choices":[{"damage_healed":0,"gold_gain":175,"player_choice":"AGREE","damage_taken":117,"max_hp_gain":0,"max_hp_loss":0,"event_name":"betterThird:BetterSerpent","floor":2,"gold_loss":0},{"cards_removed":["Looming Evil"],"damage_healed":0,"gold_gain":0,"player_choice":"Gave Gold","damage_taken":0,"max_hp_gain":0,"max_hp_loss":0,"event_name":"Beggar","floor":20,"gold_loss":75},{"cards_removed":["Replay:Poison Smokescreen"],"damage_healed":38,"gold_gain":0,"player_choice":"Offered Uncommon","damage_taken":0,"max_hp_gain":0,"max_hp_loss":0,"event_name":"Bonfire Elementals","floor":23,"gold_loss":0},{"cards_removed":["Parasite"],"damage_healed":0,"gold_gain":0,"player_choice":"Card Removal","damage_taken":0,"max_hp_gain":0,"max_hp_loss":0,"event_name":"Wheel of Change","floor":31,"gold_loss":0}],"is_beta":false,"boss_relics":[{"not_picked":["Painkiller Herb","Replay:Drink Me"],"picked":"Empty Cage"},{"not_picked":["Snecko Eye","Runic Dome"],"picked":"Busted Crown"}],"items_purged_floors":[11],"is_endless":false,"potions_floor_spawned":[4,7,14,16,19,21,27,29,33,41,45],"killed_by":"Nightmare","ascension_level":0}}