{"host":"j61pjxqytd94o6ng","time":1608083340,"event":{"mods":["BaseMod","Bestiary","Colored Map","Colored Powertips","Curses Come First","Filter the Spire","Minty Spire (QoL Compilation)","StSLib"],"gold_per_floor":[15,26,26,36,49,49,49,74,74,106,171,189,222,241,241,315,315,300,300,300,317,333,333,333],"floor_reached":23,"playtime":2957,"items_purged":[],"score":393,"play_id":"c01f7cca-7f51-457d-ab39-b8957fec4075","local_time":"20201215184900","is_ascension_mode":true,"campfire_choices":[{"data":"Catalyst","floor":6.0,"key":"SMITH"},{"data":"Calculated Gamble","floor":15,"key":"SMITH"}],"circlet_count":0,"master_deck":["AscendersBane","Strike_G","Strike_G","Strike_G","Strike_G","Strike_G","Defend_G","Defend_G","Defend_G","Defend_G","Defend_G","Survivor","Neutralize","Sadistic Nature+1","Deadly Poison","Deadly Poison","Deadly Poison","Catalyst+1","Backstab","Tools of the Trade","Leg Sweep","Calculated Gamble+1","Malaise","Noxious Fumes","Reflex"],"relics":["Ring of the Snake","Dead Branch","HornCleat","Bottled Flame","Matryoshka","Black Star","Enchiridion"],"acts_visited":["Exordium","TheCity"],"potions_floor_usage":[8,13,16,23],"damage_taken":[{"damage":6.0,"enemies":"Jaw Worm","floor":1.0,"turns":5.0},{"damage":0.0,"enemies":"2 Louse","floor":2.0,"turns":4.0},{"damage":1.0,"enemies":"Small Slimes","floor":4.0,"turns":4.0},{"damage":4.0,"enemies":"Red Slaver","floor":5.0,"turns":4.0},{"damage":15,"enemies":"3 Sentries","floor":8,"turns":7},{"damage":0,"enemies":"Lagavulin","floor":10,"turns":5},{"damage":2,"enemies":"Large Slime","floor":12,"turns":4},{"damage":24,"enemies":"Gremlin Nob","floor":13,"turns":4},{"damage":0,"enemies":"3 Louse","floor":14,"turns":3},{"damage":4,"enemies":"Hexaghost","floor":16,"turns":7},{"damage":11,"enemies":"2 Thieves","floor":18,"turns":4},{"damage":10,"enemies":"Spheric Guardian","floor":21,"turns":5},{"damage":13,"enemies":"Snake Plant","floor":22,"turns":4},{"damage":10,"enemies":"Book of Stabbing","floor":23,"turns":4}],"seed_played":"-6783944499235606337","potions_obtained":[{"floor":1.0,"key":"DuplicationPotion"},{"floor":4.0,"key":"Swift Potion"},{"floor":10,"key":"Regen Potion"},{"floor":18,"key":"BlessingOfTheForge"}],"is_trial":false,"path_per_floor":["M","M","?","M","M","R","$","E","T","E","?","M","E","M","R","B",null,"M","?","?","M","M","E"],"character_chosen":"THE_SILENT","items_purchased":[],"campfire_rested":0,"item_purchase_floors":[],"current_hp_per_floor":[57,57,57,56,52,52,52,37,37,37,37,35,25,25,25,21,58,47,31,31,21,8,0,0],"gold":333,"neow_bonus":"RANDOM_COLORLESS_2","is_daily":false,"chose_seed":false,"campfire_upgraded":2,"win_rate":0.0,"timestamp":1608083340,"path_taken":["M","M","?","M","M","R","$","E","T","E","?","M","E","M","R","BOSS","M","?","?","M","M","E"],"items_purchased_type":[],"build_version":"2020-12-13","purchased_purges":0,"victory":false,"max_hp_per_floor":[70,70,70,70,70,70,70,70,70,70,70,70,70,70,70,70,70,70,70,70,70,70,70,70],"card_choices":[{"not_picked":["Thinking Ahead","Violence"],"picked":"Sadistic Nature","floor":0.0},{"not_picked":["Outmaneuver","Flying Knee"],"picked":"Deadly Poison","floor":1.0},{"not_picked":["Deflect","Tactician"],"picked":"Deadly Poison","floor":2.0},{"not_picked":["Sucker Punch","Quick Slash"],"picked":"Deadly Poison","floor":4.0},{"not_picked":["Poisoned Stab","Masterful Stab"],"picked":"Catalyst","floor":5.0},{"not_picked":["Cloak And Dagger","Outmaneuver"],"picked":"Backstab","floor":8},{"not_picked":["Prepared","Bane"],"picked":"Tools of the Trade","floor":10},{"not_picked":["Setup","Prepared"],"picked":"Leg Sweep","floor":12},{"not_picked":["Deadly Poison","Riddle With Holes"],"picked":"Calculated Gamble","floor":13},{"not_picked":["Bane","Quick Slash","Predator"],"picked":"SKIP","floor":14},{"not_picked":["Wraith Form v2","Grand Finale"],"picked":"Malaise","floor":16},{"not_picked":["Sucker Punch","Acrobatics"],"picked":"Noxious Fumes","floor":18},{"not_picked":["Riddle With Holes","Flying Knee+1"],"picked":"Reflex","floor":21},{"not_picked":["Flying Knee","Underhanded Strike","Dodge and Roll"],"picked":"SKIP","floor":22}],"player_experience":446592,"relics_obtained":[{"floor":8,"key":"Dead Branch"},{"floor":9,"key":"HornCleat"},{"floor":10,"key":"Bottled Flame"},{"floor":13,"key":"Matryoshka"},{"floor":19,"key":"Enchiridion"}],"event_choices":[{"damage_healed":0.0,"max_hp_gain":0.0,"max_hp_loss":0.0,"gold_gain":0.0,"event_name":"Living Wall","player_choice":"Grow","floor":3.0,"gold_loss":0.0,"damage_taken":0.0,"cards_upgraded":["Sadistic Nature"]},{"damage_healed":0,"gold_gain":65,"player_choice":"Gained Gold","damage_taken":0,"max_hp_gain":0,"max_hp_loss":0,"event_name":"Golden Wing","floor":11,"gold_loss":0},{"damage_healed":0,"gold_gain":0,"player_choice":"Obtained Book","damage_taken":16,"max_hp_gain":0,"max_hp_loss":0,"event_name":"Cursed Tome","floor":19,"gold_loss":0},{"damage_healed":0,"gold_gain":0,"player_choice":"Ignored","damage_taken":0,"max_hp_gain":0,"max_hp_loss":0,"event_name":"Vampires","floor":20,"gold_loss":0}],"is_beta":false,"boss_relics":[{"not_picked":["SlaversCollar","Empty Cage"],"picked":"Black Star"}],"items_purged_floors":[],"is_endless":false,"potions_floor_spawned":[1,4,5,10,18],"killed_by":"Book of Stabbing","ascension_level":13}}