{"host":"mi0eibewekhugwl1","time":1608130129,"event":{"mods":["AchievementEnabler","BaseMod","Colored Map","Colored Powertips","DeckTracker","Keyboard Shortcuts","Minty Spire (QoL Compilation)","Quick Restart","Rare Cards Sparkle","Relic Stats","StSLib","SuperFastMode","everything is the same but u backflip on backflip"],"gold_per_floor":[112,122,135,135,150,150,164,164,164,164,164,197,197,217,217,217,217],"floor_reached":16,"playtime":281,"items_purged":[],"score":204,"play_id":"d24b18db-6105-4ffa-8b87-e9201aa2df6e","local_time":"20201216234849","is_ascension_mode":true,"campfire_choices":[{"data":"Bash","floor":6,"key":"SMITH"},{"data":"Pommel Strike","floor":8,"key":"SMITH"},{"data":"Shockwave","floor":10,"key":"SMITH"},{"data":"Armaments","floor":15,"key":"SMITH"}],"circlet_count":0,"master_deck":["AscendersBane","Strike_R","Strike_R","Strike_R","Strike_R","Defend_R","Defend_R","Defend_R","Defend_R","Bash+1","Twin Strike","Pommel Strike+1","Shockwave+1","Cleave","Armaments+1"],"relics":["Burning Blood","Torii","Shovel","Mercury Hourglass"],"acts_visited":["Exordium"],"potions_floor_usage":[16,16],"damage_taken":[{"damage":7,"enemies":"Cultist","floor":1,"turns":4},{"damage":2,"enemies":"Jaw Worm","floor":2,"turns":3},{"damage":24,"enemies":"Small Slimes","floor":3,"turns":3},{"damage":14,"enemies":"Red Slaver","floor":5,"turns":3},{"damage":14,"enemies":"Blue Slaver","floor":7,"turns":4},{"damage":37,"enemies":"3 Sentries","floor":12,"turns":15},{"damage":8,"enemies":"Lots of Slimes","floor":14,"turns":3},{"damage":18,"enemies":"Hexaghost","floor":16,"turns":11}],"seed_played":"2163727235579511423","potions_obtained":[{"floor":2,"key":"SteroidPotion"},{"floor":12,"key":"DuplicationPotion"},{"floor":14,"key":"Weak Potion"}],"is_trial":false,"path_per_floor":["M","M","M","?","M","R","M","R","T","R","?","E","T","M","R","B"],"character_chosen":"IRONCLAD","items_purchased":[],"campfire_rested":0,"item_purchase_floors":[],"current_hp_per_floor":[74,78,60,60,52,52,44,44,44,44,49,18,18,16,16,0,0],"gold":217,"neow_bonus":"TEN_PERCENT_HP_BONUS","is_daily":false,"chose_seed":false,"campfire_upgraded":4,"win_rate":0.0,"timestamp":1608130129,"path_taken":["M","M","?","?","M","R","?","R","T","R","?","E","?","M","R","BOSS"],"items_purchased_type":[],"build_version":"2020-12-13","purchased_purges":0,"victory":false,"max_hp_per_floor":[82,82,82,82,82,82,82,82,82,82,87,87,87,87,87,87,87],"relic_stats":{"Shovel":0,"Torii":46,"counters":[8,45],"obtain_stats":[{"Shovel":12,"Torii":9,"Burning Blood":0,"Mercury Hourglass":13},{"Shovel":6,"Torii":5,"Burning Blood":0,"Mercury Hourglass":6},{"Shovel":32,"Torii":17,"Burning Blood":0,"Mercury Hourglass":32}],"Burning Blood":42,"Mercury Hourglass":[58]},"card_choices":[{"not_picked":["Heavy Blade","Dropkick"],"picked":"Twin Strike","floor":1},{"not_picked":["Wild Strike","Warcry"],"picked":"Pommel Strike","floor":2},{"not_picked":["Spot Weakness","Infernal Blade","Clash"],"picked":"SKIP","floor":3},{"not_picked":["Clash","Wild Strike","Exhume"],"picked":"SKIP","floor":5},{"not_picked":["Clash","Wild Strike"],"picked":"Shockwave","floor":7},{"not_picked":["Iron Wave","Searing Blow"],"picked":"Cleave","floor":12},{"not_picked":["Pummel","Clothesline"],"picked":"Armaments","floor":14}],"player_experience":1676239,"relics_obtained":[{"floor":9,"key":"Torii"},{"floor":12,"key":"Shovel"},{"floor":13,"key":"Mercury Hourglass"}],"event_choices":[{"cards_removed":["Strike_R"],"damage_healed":0,"gold_gain":0,"player_choice":"Offered Basic","damage_taken":0,"max_hp_gain":0,"max_hp_loss":0,"event_name":"Bonfire Elementals","floor":4,"gold_loss":0},{"damage_healed":0,"gold_gain":0,"player_choice":"Donut","damage_taken":0,"max_hp_gain":5,"max_hp_loss":0,"event_name":"Big Fish","floor":11,"gold_loss":0}],"is_beta":false,"boss_relics":[],"items_purged_floors":[],"is_endless":false,"potions_floor_spawned":[2,12,14],"killed_by":"Hexaghost","ascension_level":20}}