{"host":"quagnxip3u93mzqy","time":1608151789,"event":{"mods":["AchievementEnabler","BaseMod","Colored Powertips","Minty Spire (QoL Compilation)","Quick Restart","SuperFastMode"],"gold_per_floor":[115,131,145,156,166,200,200,235,247,269,281,310,334,346,358,465,477,500,531,543,7,7,33,33,33,33,33,49,24,0,15,15,15,15],"floor_reached":33,"playtime":1992,"items_purged":["Strike_G"],"score":365,"play_id":"b3a70708-7282-49c0-91d0-d486ef8b859e","local_time":"20201216204949","is_ascension_mode":true,"campfire_choices":[{"data":"Leg Sweep","floor":7,"key":"SMITH"},{"floor":15,"key":"REST"},{"floor":27,"key":"REST"},{"floor":32,"key":"REST"}],"circlet_count":0,"master_deck":["Strike_G","Strike_G","Strike_G","Defend_G","Defend_G","Defend_G","Defend_G","Defend_G","Survivor","Neutralize","Leg Sweep+1","Poisoned Stab","Blur","Quick Slash","Bane","PiercingWail","Corpse Explosion","Predator","Noxious Fumes","Cloak And Dagger","Die Die Die","Dagger Spray","Backflip+1","Crippling Poison","Infinite Blades","Calculated Gamble","Escape Plan","All Out Attack+1"],"relics":["Ring of the Snake","Snake Skull","MawBank","Black Star","Membership Card","Mummified Hand","Incense Burner","Oddly Smooth Stone","Question Card","White Beast Statue","Molten Egg 2"],"acts_visited":["Exordium","TheCity"],"potions_floor_usage":[6,6,13,23,28,31,33],"damage_taken":[{"damage":5,"enemies":"Cultist","floor":1,"turns":7},{"damage":0,"enemies":"Small Slimes","floor":2,"turns":3},{"damage":0,"enemies":"Jaw Worm","floor":3,"turns":7},{"damage":10,"enemies":"Exordium Wildlife","floor":4,"turns":10},{"damage":12,"enemies":"Lots of Slimes","floor":5,"turns":5},{"damage":0,"enemies":"Gremlin Nob","floor":6,"turns":2},{"damage":14,"enemies":"3 Sentries","floor":8,"turns":11},{"damage":3,"enemies":"Blue Slaver","floor":10,"turns":5},{"damage":3,"enemies":"3 Louse","floor":12,"turns":2},{"damage":9,"enemies":"Exordium Thugs","floor":13,"turns":4},{"damage":9,"enemies":"The Guardian","floor":16,"turns":11},{"damage":16,"enemies":"Shell Parasite","floor":18,"turns":7},{"damage":24,"enemies":"2 Thieves","floor":19,"turns":4},{"damage":24,"enemies":"Book of Stabbing","floor":23,"turns":8},{"damage":5,"enemies":"Snake Plant","floor":28,"turns":5},{"damage":9,"enemies":"Cultist and Chosen","floor":31,"turns":4},{"damage":33,"enemies":"Champ","floor":33,"turns":6}],"seed_played":"-1726107990551715948","potions_obtained":[{"floor":1,"key":"FearPotion"},{"floor":4,"key":"CunningPotion"},{"floor":5,"key":"SteroidPotion"},{"floor":10,"key":"SteroidPotion"},{"floor":16,"key":"LiquidMemories"},{"floor":19,"key":"Ancient Potion"},{"floor":28,"key":"DistilledChaos"},{"floor":31,"key":"GamblersBrew"}],"is_trial":false,"path_per_floor":["M","M","M","M","M","E","R","E","T","M","?","M","M","?","R","B",null,"M","M","?","$","?","E","$","T","T","R","M","$","?","M","R","B"],"character_chosen":"THE_SILENT","items_purchased":["Membership Card","Mummified Hand","Incense Burner","Crippling Poison","Infinite Blades","Energy Potion"],"campfire_rested":3,"item_purchase_floors":[21,21,21,21,21,29],"current_hp_per_floor":[65,65,65,55,43,43,43,29,29,26,19,16,7,24,45,36,70,54,30,30,30,30,6,6,6,6,26,21,21,21,12,32,0,0],"gold":15,"neow_bonus":"THREE_CARDS","is_daily":false,"chose_seed":false,"campfire_upgraded":1,"win_rate":0.0,"timestamp":1608151789,"path_taken":["M","M","M","M","M","E","R","E","T","M","?","M","M","?","R","BOSS","M","M","?","?","?","E","$","?","T","R","?","?","?","M","R","BOSS"],"items_purchased_type":["Relic","Relic","Relic","Card","Card","Potion"],"build_version":"2020-12-13","purchased_purges":1,"victory":false,"max_hp_per_floor":[70,70,70,70,70,70,70,70,70,70,70,70,70,70,70,70,70,70,70,67,67,67,67,67,67,67,67,67,67,67,67,67,67,67],"card_choices":[{"not_picked":["Flying Knee","Bane"],"picked":"Leg Sweep","floor":0},{"not_picked":["Accuracy","Flying Knee"],"picked":"Poisoned Stab","floor":1},{"not_picked":["Underhanded Strike","Endless Agony","Flying Knee"],"picked":"SKIP","floor":2},{"not_picked":["Terror","Poisoned Stab"],"picked":"Blur","floor":3},{"not_picked":["Dodge and Roll","Outmaneuver"],"picked":"Quick Slash","floor":4},{"not_picked":["Dodge and Roll","Dagger Throw"],"picked":"Bane","floor":5},{"not_picked":["Choke","Tactician"],"picked":"PiercingWail","floor":6},{"not_picked":["All Out Attack","Deadly Poison"],"picked":"Corpse Explosion","floor":8},{"not_picked":["Underhanded Strike","Bane"],"picked":"Predator","floor":10},{"not_picked":["Bouncing Flask","Poisoned Stab"],"picked":"Noxious Fumes","floor":12},{"not_picked":["Quick Slash","Acrobatics"],"picked":"Cloak And Dagger","floor":13},{"not_picked":["Wraith Form v2","Glass Knife"],"picked":"Die Die Die","floor":16},{"not_picked":["Flechettes","Quick Slash"],"picked":"Dagger Spray","floor":18},{"not_picked":["Sucker Punch","Bane"],"picked":"Backflip+1","floor":19},{"not_picked":["Finisher+1","Predator+1"],"picked":"Calculated Gamble","floor":23},{"not_picked":["Heel Hook+1","PiercingWail","Dodge and Roll"],"picked":"Escape Plan","floor":28},{"not_picked":["Masterful Stab+1","Escape Plan","Night Terror"],"picked":"All Out Attack+1","floor":31}],"player_experience":390241,"relics_obtained":[{"floor":6,"key":"Snake Skull"},{"floor":8,"key":"MawBank"},{"floor":23,"key":"Oddly Smooth Stone"},{"floor":23,"key":"Question Card"},{"floor":25,"key":"White Beast Statue"},{"floor":26,"key":"Molten Egg 2"}],"event_choices":[{"cards_removed":["Strike_G"],"damage_healed":0,"gold_gain":0,"player_choice":"Card Removal","damage_taken":7,"max_hp_gain":0,"max_hp_loss":0,"event_name":"Golden Wing","floor":11,"gold_loss":0},{"damage_healed":17,"gold_gain":0,"player_choice":"Healed and dodged fight","damage_taken":0,"max_hp_gain":0,"max_hp_loss":0,"event_name":"Mushrooms","floor":14,"gold_loss":0,"cards_obtained":["Parasite"]},{"cards_removed":["Parasite"],"damage_healed":0,"gold_gain":0,"player_choice":"Removed Curses","damage_taken":0,"max_hp_gain":0,"max_hp_loss":0,"event_name":"Fountain of Cleansing","floor":20,"gold_loss":0},{"damage_healed":0,"gold_gain":0,"player_choice":"Ignored","damage_taken":0,"max_hp_gain":0,"max_hp_loss":0,"event_name":"Vampires","floor":22,"gold_loss":0},{"damage_healed":0,"gold_gain":0,"player_choice":"Paid Fearfully","damage_taken":0,"max_hp_gain":0,"max_hp_loss":0,"event_name":"Masked Bandits","floor":30,"gold_loss":24}],"is_beta":false,"boss_relics":[{"not_picked":["Coffee Dripper","Tiny House"],"picked":"Black Star"}],"items_purged_floors":[21],"is_endless":false,"potions_floor_spawned":[1,4,5,10,16,19,28,31],"killed_by":"Champ","ascension_level":4}}