{"host":"922zt4fjsmmy4kg9","time":1608098627,"event":{"mods":["A Magickal Journey","Act Like it!","BaseMod","Better Third Choice","Downfall","Friendly Minions","Hermit","HololiveMod","Hubris","Jorbs\u0027s Wanderer Trilogy","Kiyohime????","Koishi","Marisa????????","Minty Spire (QoL Compilation)","Quick Restart","Reimu??????","Shop Mod","Spicy Shops","StSLib","SuperFastMode","The Animator","The Disciple","The Runesmith"],"gold_per_floor":[99,99,99,127,142,174,221,233,233,264,264,375,475,11,29,29,29],"floor_reached":16,"playtime":799,"items_purged":["Doubt"],"score":150,"play_id":"bbe8e568-39c9-4e3c-84ae-625df5778439","local_time":"20201216170347","is_ascension_mode":true,"campfire_choices":[{"data":"hexamod:Sear","floor":1.0,"key":"SMITH"}],"circlet_count":0,"master_deck":["hexamod:Strike","hexamod:Strike","hexamod:Strike","hexamod:Defend","hexamod:Defend","hexamod:Defend","hexamod:Sear+1","hexamod:Float","hexamod:ChargedBarrage","hexamod:BurningTouch","hexamod:NecessarySacrifice","hexamod:PowerFromBeyond","hexamod:DynamicBlow","hexamod:FlamesFromBeyond","hexamod:RainOfEmbers","hexamod:RadiantFlame+1","hexamod:CrushingStance","hexamod:PhantomFireball","hexamod:PowerFromBeyond","hexamod:ShieldOfDarkness"],"relics":["hexamod:SpiritBrand","downfall:HeartsMalice","Question Card","Orichalcum","PreservedInsect","hubris:Icosahedron","Anchor","Letter Opener","Frozen Egg 2","hubris:CuriousFeather"],"acts_visited":["Exordium"],"potions_floor_usage":[16],"damage_taken":[{"damage":0.0,"enemies":"2 Louse","floor":2.0,"turns":1.0},{"damage":0.0,"enemies":"Jaw Worm","floor":3.0,"turns":1.0},{"damage":0.0,"enemies":"Lagavulin","floor":4.0,"turns":1.0},{"damage":0.0,"enemies":"Cultist","floor":5.0,"turns":3.0},{"damage":4.0,"enemies":"Gremlin Nob","floor":6.0,"turns":3.0},{"damage":8.0,"enemies":"Exordium Wildlife","floor":8.0,"turns":5.0},{"damage":24.0,"enemies":"Lagavulin","floor":10.0,"turns":6.0},{"damage":2.0,"enemies":"2 Fungi Beasts","floor":12.0,"turns":3.0},{"damage":19.0,"enemies":"downfall:Heads","floor":13.0,"turns":5.0},{"damage":10.0,"enemies":"downfall:FleeingMerchant","floor":14.0,"turns":4.0},{"damage":0,"enemies":"Large Slime","floor":15,"turns":4},{"damage":5,"enemies":"downfall:Watcher","floor":16,"turns":4}],"seed_played":"-5806566124917792919","potions_obtained":[{"floor":5.0,"key":"AttackPotion"},{"floor":6.0,"key":"Energy Potion"},{"floor":8.0,"key":"CultistPotion"},{"floor":15,"key":"Fire Potion"}],"is_trial":false,"path_per_floor":["R","M","M","E","M","E","T","M","?","E","T","M","?","$","M","B"],"character_chosen":"THE_SPIRIT","items_purchased":["Frozen Egg 2","hubris:CuriousFeather"],"campfire_rested":0,"item_purchase_floors":[14,14],"current_hp_per_floor":[70,70,70,70,70,66,66,58,58,34,34,32,13,3,3,0,0],"gold":29,"neow_bonus":"THREE_ENEMY_KILL","is_daily":false,"chose_seed":false,"campfire_upgraded":1,"win_rate":0.0,"timestamp":1608098627,"path_taken":["R","M","M","E","M","E","T","M","?","E","?","M","?","$","M","BOSS"],"items_purchased_type":["Relic","Relic"],"build_version":"2020-12-13","purchased_purges":1,"victory":false,"max_hp_per_floor":[70,70,70,70,70,70,70,70,70,70,70,70,70,70,70,70,70],"card_choices":[{"not_picked":["hexamod:NightmareStrike","hexamod:Hexaguard"],"picked":"hexamod:ChargedBarrage","floor":2.0},{"not_picked":["hexamod:GhostShield","hexamod:FastForward"],"picked":"hexamod:BurningTouch","floor":3.0},{"not_picked":["hexamod:AdvancingGuard","hexamod:Hexaguard"],"picked":"hexamod:NecessarySacrifice","floor":4.0},{"not_picked":["hexamod:NightmareGuise","hexamod:Firestarter","hexamod:BacktrackSmack"],"picked":"hexamod:PowerFromBeyond","floor":5.0},{"not_picked":["hexamod:ShieldOfDarkness","hexamod:SkipABeat","hexamod:Rewind"],"picked":"hexamod:DynamicBlow","floor":6.0},{"not_picked":["hexamod:Again","hexamod:GhostOfSpirePresent","hexamod:GhostflameBarrier"],"picked":"hexamod:FlamesFromBeyond","floor":8.0},{"not_picked":["hexamod:HauntingEcho","hexamod:NightmareGuise","hexamod:InspiringFlames"],"picked":"hexamod:RainOfEmbers","floor":10.0},{"not_picked":["hexamod:InspiringFlames","hexamod:ShieldOfDarkness","hexamod:ThermalTransfer"],"picked":"hexamod:RadiantFlame","floor":12.0},{"not_picked":["hexamod:SpectersWail","hexamod:Rewind","hexamod:NightmareStrike"],"picked":"hexamod:PhantomFireball","floor":13.0},{"not_picked":["hexamod:ShieldOfDarkness","hexamod:Hexaguard","hexamod:GhostOfSpirePast"],"picked":"hexamod:PowerFromBeyond","floor":14.0},{"not_picked":["hexamod:GhostShield","hexamod:HauntingEcho","hexamod:SwordOfDarkness"],"picked":"hexamod:ShieldOfDarkness","floor":15}],"player_experience":1289480,"relics_obtained":[{"floor":4.0,"key":"Question Card"},{"floor":6.0,"key":"Orichalcum"},{"floor":7.0,"key":"PreservedInsect"},{"floor":10.0,"key":"Anchor"},{"floor":11.0,"key":"Letter Opener"}],"event_choices":[],"is_beta":false,"boss_relics":[],"items_purged_floors":[14],"is_endless":false,"potions_floor_spawned":[5,6,8,15],"killed_by":"downfall:Watcher","ascension_level":1}}