{"host":"8xp52u5o8fcssvzz","time":1608102111,"event":{"mods":["2.2 Compatiblity","AchievementEnabler","Act Like it!","Aspiration","BaseMod","Better Altar","Better Match","Better Note","Better Sensory Stone","Better Skull","Better Third Choice","BetterRewards","Colored Map","Conspire","Downfall","GifTheSpireLib","Googly Eyes","Halation","Hallownest","Highlight Path","Hubris","Infinite Spire","Jorbs\u0027s Wanderer Trilogy","Lobotomy","LobotomyExtend","Luminous","Marisa????????","Mimic Mod","Minty Spire (QoL Compilation)","Remilia_Scarlet Moed?????·?????3.3.5","Remilia??????","Replay The Spire","Shade Mod","Spicy Shops","StSLib","Stuff the Spire","The Administrix","The Alterego","The Blackbeard","The Bladedancer","The Cursed","The Gatherer","The Necromancer","The Runesmith","The Servant 0.9.4","TheFirefly","TheSwordswoman","Unceasing Turn Reminder","everything is the same but u backflip on backflip"],"gold_per_floor":[114,114,55,55,70,70,70,92,139,176,188,208,243,263,263,367,367,392,443,443,443,443,479,479,514,564,66,66,94,94,135,135,254,254,290,290,240,276,276,324,324,370,438,477,502,549,459,492,492,499,499],"floor_reached":50,"playtime":4756,"items_purged":["GreedKing","Variant","BigBadWolf","OSAHOGD"],"score":845,"play_id":"6705d21d-7b22-4beb-a62f-ff3b953b2af1","local_time":"20201215230151","is_ascension_mode":true,"campfire_choices":[{"data":"stsjorbsmod:TinyHut","floor":6.0,"key":"SMITH"},{"floor":15.0,"key":"DIG"},{"data":"StuffTheSpire:Perfection","floor":24.0,"key":"SMITH"},{"floor":32.0,"key":"REST"},{"data":"infinitespire:NeuralNetwork","floor":41,"key":"SMITH"},{"floor":49,"key":"RECALL"}],"circlet_count":0,"master_deck":["stsjorbsmod:ForbiddenGrimoire+1","stsjorbsmod:Strike_Wanderer","stsjorbsmod:Strike_Wanderer","stsjorbsmod:Strike_Wanderer","stsjorbsmod:Defend_Wanderer+1","stsjorbsmod:Defend_Wanderer+1","stsjorbsmod:Defend_Wanderer","stsjorbsmod:Defend_Wanderer","stsjorbsmod:FreshAdventure","stsjorbsmod:EyeOfTheStorm","stsjorbsmod:TinyHut+1","stsjorbsmod:LocateObject+1","stsjorbsmod:Prestidigitation","stsjorbsmod:Channel+1","MHz","stsjorbsmod:FracturedMind+1","stsjorbsmod:OldPocket+1","DespairKnight","stsjorbsmod:Feast","stsjorbsmod:ChainLightning","stsjorbsmod:TollTheDead+1","stsjorbsmod:BookOfTongues+1","stsjorbsmod:UnseenServant","stsjorbsmod:Stalwart","stsjorbsmod:Feast","stsjorbsmod:WeightOfMemory+1","infinitespire:NeuralNetwork+1","stsjorbsmod:FindFamiliar+1","stsjorbsmod:Thorns+1"],"relics":["stsjorbsmod:GrimoireRelic","CogitoBucket","LetterFromLob","Centennial Puzzle","Pet Ghost","CultistMask","InspiredRelic","PreservedInsect","Thread and Needle","AspirationHeart","infinitespire:FocusingShard","halation:Prosthetics","ResearcherNote","Anchor","Replay:Bandana","infinitespire:BottledMercury","Membership Card","stsjorbsmod:MindPalaceRelic","Runesmith:Nanobots","Gremlin Food","Sozu","infinitespire:EmpoweringShard","Sundial","Orichalcum","FossilizedHelix"],"acts_visited":["Exordium","TheCity","TheBeyond"],"potions_floor_usage":[],"damage_taken":[{"damage":0.0,"enemies":"2 Louse","floor":1.0,"turns":2.0},{"damage":0.0,"enemies":"Cultist","floor":5.0,"turns":4.0},{"damage":3.0,"enemies":"conspire:RoseBush","floor":8.0,"turns":4.0},{"damage":1.0,"enemies":"Replay:BlueRogue","floor":10.0,"turns":5.0},{"damage":5.0,"enemies":"Exordium Thugs","floor":11.0,"turns":7.0},{"damage":0.0,"enemies":"Looter","floor":12.0,"turns":5.0},{"damage":9.0,"enemies":"Large Slime","floor":13.0,"turns":5.0},{"damage":0.0,"enemies":"Blue Slaver","floor":14.0,"turns":5.0},{"damage":46.0,"enemies":"Slime Boss","floor":16.0,"turns":8.0},{"damage":26.0,"enemies":"conspire:FuzzyDice","floor":18.0,"turns":7.0},{"damage":0.0,"enemies":"2 Thieves","floor":19.0,"turns":7.0},{"damage":0.0,"enemies":"Replay:Snechameleon","floor":23.0,"turns":6.0},{"damage":16.0,"enemies":"conspire:SneckoGhost","floor":25.0,"turns":8.0},{"damage":7.0,"enemies":"Chosen and Byrds","floor":26.0,"turns":5.0},{"damage":0.0,"enemies":"Chosen and Byrds","floor":29.0,"turns":5.0},{"damage":0.0,"enemies":"Centurion and Healer","floor":31.0,"turns":4.0},{"damage":38.0,"enemies":"hubris:MusketHawk","floor":33.0,"turns":7.0},{"damage":3,"enemies":"Orb Walker","floor":35,"turns":5},{"damage":0,"enemies":"3 Darklings","floor":38,"turns":6},{"damage":14,"enemies":"Nightmare","floor":40,"turns":8},{"damage":0,"enemies":"R_Hoarder","floor":42,"turns":5},{"damage":22,"enemies":"Reptomancer","floor":44,"turns":5},{"damage":16,"enemies":"Maw","floor":45,"turns":5},{"damage":0,"enemies":"Giant Head","floor":46,"turns":6},{"damage":0,"enemies":"Spire Growth","floor":48,"turns":4},{"damage":42,"enemies":"Replay:Hell Engine","floor":50,"turns":7}],"seed_played":"8325840991118683644","potions_obtained":[{"floor":10.0,"key":"GamblersBrew"},{"floor":11.0,"key":"Strength Potion"},{"floor":12.0,"key":"sneckomod:MuddlingPotion"},{"floor":14.0,"key":"Fruit Juice"},{"floor":16.0,"key":"FairyPotion"},{"floor":19.0,"key":"SteroidPotion"}],"is_trial":false,"path_per_floor":["M","?","$","?","M","R","E","M","T","E","M","M","M","M","R_BF","B",null,"M","M","?","?","?","E","R","E","MIM","$","T","M","AVR","M","R","B",null,"M","?","$","M","AVR","NM","R","E","T","E","M","E","?","M","R","B"],"character_chosen":"WANDERER","items_purchased":["Pet Ghost","Membership Card","stsjorbsmod:BookOfTongues","stsjorbsmod:MindPalaceRelic","Runesmith:Nanobots"],"campfire_rested":1,"item_purchase_floors":[3,27,27,27,27],"current_hp_per_floor":[68,39,39,39,41,41,41,42,42,45,43,55,48,49,49,8,48,22,25,25,25,25,30,30,14,8,8,8,10,10,14,29,31,52,54,54,54,54,54,40,40,47,47,32,23,28,28,37,37,0,0],"gold":499,"neow_bonus":"","is_daily":false,"chose_seed":false,"campfire_upgraded":3,"win_rate":0.0,"timestamp":1608102111,"path_taken":["M","?","?","?","M","R","E","M","T","E","M","?","M","M","R_BF","BOSS","M","M","?","?","?","E","R","E","MIM","$","?","M","AVR","?","R","BOSS","M","?","$","M","AVR","NM","R","E","T","E","M","E","?","?","R","BOSS"],"items_purchased_type":["Relic","Relic","Card","Relic","Relic"],"build_version":"2020-12-13","purchased_purges":4,"victory":false,"max_hp_per_floor":[68,68,68,68,68,68,68,68,68,68,68,78,78,78,78,83,48,48,48,48,48,48,50,50,50,50,50,50,50,50,50,50,52,52,54,54,54,54,54,54,54,56,56,58,60,60,60,62,62,62,62],"card_choices":[{"not_picked":["Rudolta","ShyLook"],"picked":"GreedKing","floor":1.0},{"not_picked":["stsjorbsmod:WeightOfMemory","stsjorbsmod:Counterspell"],"picked":"stsjorbsmod:TinyHut","floor":1.0},{"not_picked":["GalaxyChild","MHz"],"picked":"OSAHOGD","floor":5.0},{"not_picked":["stsjorbsmod:BookOfTongues","stsjorbsmod:RefuseToForget"],"picked":"stsjorbsmod:LocateObject","floor":5.0},{"not_picked":["BlackSwan","MHz"],"picked":"Variant","floor":8.0},{"not_picked":["stsjorbsmod:Hurt","stsjorbsmod:WeightOfMemory"],"picked":"stsjorbsmod:Prestidigitation","floor":8.0},{"not_picked":["stsjorbsmod:SchoolsOfMagic","stsjorbsmod:ParryingBlow"],"picked":"stsjorbsmod:Channel","floor":10.0},{"not_picked":["Funeral","Laetitia"],"picked":"MHz","floor":11.0},{"not_picked":["stsjorbsmod:Introspection","stsjorbsmod:BlackTentacles"],"picked":"stsjorbsmod:FracturedMind","floor":11.0},{"not_picked":["stsjorbsmod:WanderingMind","stsjorbsmod:Index"],"picked":"stsjorbsmod:FlameWard","floor":12.0},{"not_picked":["MeatLantern","BeautyBeast"],"picked":"BigBadWolf","floor":13.0},{"not_picked":["stsjorbsmod:BurningFlask","stsjorbsmod:Prepare"],"picked":"stsjorbsmod:OldPocket","floor":13.0},{"not_picked":["SnowQueen","LongBird"],"picked":"DespairKnight","floor":14.0},{"not_picked":["stsjorbsmod:Inferno","stsjorbsmod:BlackTentacles","stsjorbsmod:Prepare"],"picked":"SKIP","floor":14.0},{"not_picked":["stsjorbsmod:DeathThroes","stsjorbsmod:ThirstingSword"],"picked":"stsjorbsmod:Feast","floor":16.0},{"not_picked":["stsjorbsmod:Hurt","stsjorbsmod:Prestidigitation"],"picked":"stsjorbsmod:ChainLightning","floor":18.0},{"not_picked":["stsjorbsmod:ParryingBlow+1","stsjorbsmod:Trauma","stsjorbsmod:Channel"],"picked":"SKIP","floor":19.0},{"not_picked":["StuffTheSpire:Harmony","StuffTheSpire:Innocence"],"picked":"StuffTheSpire:Perfection","floor":22.0},{"not_picked":["CrumblingArmor","HeroicMonk"],"picked":"Variant","floor":23.0},{"not_picked":["stsjorbsmod:Firebolt","stsjorbsmod:Hibernate","stsjorbsmod:WanderingMind"],"picked":"SKIP","floor":23.0},{"not_picked":["stsjorbsmod:Rediscovery","stsjorbsmod:Mindworm"],"picked":"stsjorbsmod:TollTheDead+1","floor":25.0},{"not_picked":["stsjorbsmod:MagicMissiles","stsjorbsmod:Patron+1"],"picked":"stsjorbsmod:UnseenServant","floor":29.0},{"not_picked":["stsjorbsmod:Materialize","stsjorbsmod:Introspection"],"picked":"stsjorbsmod:Stalwart","floor":31.0},{"not_picked":["stsjorbsmod:IvoryTower","stsjorbsmod:Pyromancy"],"picked":"stsjorbsmod:Feast","floor":33.0},{"not_picked":["stsjorbsmod:BookOfTongues+1","stsjorbsmod:Materialize","stsjorbsmod:ColorSpray"],"picked":"SKIP","floor":35},{"not_picked":["stsjorbsmod:ChainLightning","stsjorbsmod:Mindworm+1"],"picked":"stsjorbsmod:WeightOfMemory+1","floor":38},{"not_picked":["infinitespire:TheBestDefense","ReplayTheSpireMod:Echoes of Time"],"picked":"infinitespire:NeuralNetwork","floor":40},{"not_picked":["stsjorbsmod:Hurt","stsjorbsmod:DoubleCheck+1","stsjorbsmod:Counterspell+1"],"picked":"SKIP","floor":40},{"not_picked":["stsjorbsmod:FranticSearch+1","stsjorbsmod:MagicMirror+1","stsjorbsmod:WanderingMind+1"],"picked":"SKIP","floor":42},{"not_picked":["stsjorbsmod:Hibernate","stsjorbsmod:ChainLightning"],"picked":"stsjorbsmod:FindFamiliar+1","floor":44},{"not_picked":["stsjorbsmod:Materialize","stsjorbsmod:ColorSpray+1"],"picked":"stsjorbsmod:Thorns","floor":45},{"not_picked":["stsjorbsmod:SmithingStrike+1","stsjorbsmod:ChainLightning+1","stsjorbsmod:WeightOfMemory+1"],"picked":"SKIP","floor":46},{"not_picked":["stsjorbsmod:Rest+1","stsjorbsmod:TollTheDead","stsjorbsmod:FlameWard+1"],"picked":"SKIP","floor":48}],"player_experience":429959,"relics_obtained":[{"floor":1.0,"key":"LetterFromLob"},{"floor":9.0,"key":"PreservedInsect"},{"floor":10.0,"key":"Thread and Needle"},{"floor":15.0,"key":"infinitespire:FocusingShard"},{"floor":23.0,"key":"Anchor"},{"floor":25.0,"key":"Replay:Bandana"},{"floor":26.0,"key":"infinitespire:BottledMercury"},{"floor":28.0,"key":"Gremlin Food"},{"floor":40,"key":"infinitespire:EmpoweringShard"},{"floor":42,"key":"Sundial"},{"floor":44,"key":"Orichalcum"},{"floor":46,"key":"FossilizedHelix"}],"event_choices":[{"damage_healed":0.0,"max_hp_gain":0.0,"max_hp_loss":0.0,"gold_gain":0.0,"event_name":"betterSkull:BetterSkull","player_choice":"RE RE ","floor":2.0,"gold_loss":0.0,"damage_taken":33.0,"cards_upgraded":[],"relics_obtained":["Centennial Puzzle","MawBank"]},{"damage_healed":0.0,"max_hp_gain":0.0,"max_hp_loss":0.0,"gold_gain":0.0,"event_name":"FaceTrader","player_choice":"Trade","floor":4.0,"gold_loss":0.0,"damage_taken":0.0,"relics_obtained":["CultistMask"]},{"damage_healed":0.0,"max_hp_gain":0.0,"max_hp_loss":0.0,"gold_gain":0.0,"event_name":"Cursed Tome","player_choice":"Ignored","floor":21.0,"gold_loss":0.0,"damage_taken":0.0},{"cards_removed":["stsjorbsmod:Strike_Wanderer"],"damage_healed":0,"gold_gain":0,"player_choice":"Upgrade and Remove","damage_taken":0,"max_hp_gain":0,"max_hp_loss":0,"event_name":"Designer","floor":47,"gold_loss":90,"cards_upgraded":["stsjorbsmod:Thorns"]}],"is_beta":false,"boss_relics":[{"not_picked":["ChewingGum","halation:PinkAlligatorPlush"],"picked":"halation:Prosthetics"},{"not_picked":["halation:PlatinumPhoenix","halation:SmartPhone","ReplayTheSpireMod:DimensionalGlitch"]}],"items_purged_floors":[27,30,37,39],"is_endless":true,"potions_floor_spawned":[10,11,12,14,16,19,29,31,35,42,45],"killed_by":"Replay:Hell Engine","ascension_level":2}}