{"host":"2hea6pl5vmah38iy","time":1608115132,"event":{"mods":["AchievementEnabler","BaseMod","Colored Map","DeckTracker","Keyboard Shortcuts","Minty Spire (QoL Compilation)","Rare Cards Sparkle","StSLib","SuperFastMode","everything is the same but u backflip on backflip"],"gold_per_floor":[110,110,285,59,59,59,92,92,92,103,134,209,222,238,238,315,315,332,332,71,83,182,215,215,246,326,145,157,171,183,195,195,195,195],"floor_reached":33,"playtime":1736,"items_purged":["Doubt","Defend_P"],"score":528,"play_id":"96477ac0-a4b9-49c0-ad24-ebb6ee61c99e","local_time":"20201216193852","is_ascension_mode":true,"campfire_choices":[{"data":"Eruption","floor":6.0,"key":"SMITH"},{"data":"Vigilance","floor":8.0,"key":"SMITH"},{"floor":15.0,"key":"REST"},{"floor":24.0,"key":"REST"},{"floor":32.0,"key":"RECALL"}],"circlet_count":0,"master_deck":["AscendersBane","Strike_P+1","Strike_P+1","Strike_P+1","Strike_P+1","Defend_P+1","Defend_P+1","Eruption+1","Vigilance+1","LessonLearned+1","EmptyFist+1","InnerPeace+1","Scrawl+1","CurseOfTheBell","FearNoEvil+1","MentalFortress+1","Wallop"],"relics":["PureWater","NeowsBlessing","Anchor","Frozen Egg 2","Eternal Feather","Ornamental Fan","Calling Bell","Bronze Scales","Shuriken","CloakClasp","Enchiridion","Question Card","Lantern","Nunchaku"],"acts_visited":["Exordium","TheCity"],"potions_floor_usage":[33],"damage_taken":[{"damage":0.0,"enemies":"2 Louse","floor":1.0,"turns":2.0},{"damage":0.0,"enemies":"Lagavulin","floor":7.0,"turns":1.0},{"damage":1.0,"enemies":"Small Slimes","floor":10.0,"turns":3.0},{"damage":16.0,"enemies":"Gremlin Nob","floor":11.0,"turns":3.0},{"damage":0.0,"enemies":"Cultist","floor":13.0,"turns":4.0},{"damage":3.0,"enemies":"2 Fungi Beasts","floor":14.0,"turns":3.0},{"damage":22.0,"enemies":"The Guardian","floor":16.0,"turns":14.0},{"damage":0.0,"enemies":"Chosen","floor":18.0,"turns":4.0},{"damage":4.0,"enemies":"Spheric Guardian","floor":21.0,"turns":4.0},{"damage":16.0,"enemies":"Slavers","floor":23.0,"turns":7.0},{"damage":8.0,"enemies":"Gremlin Leader","floor":25.0,"turns":4.0},{"damage":0.0,"enemies":"Shelled Parasite and Fungi","floor":28.0,"turns":3.0},{"damage":1.0,"enemies":"Snecko","floor":29.0,"turns":3.0},{"damage":0.0,"enemies":"Centurion and Healer","floor":30.0,"turns":2.0},{"damage":0.0,"enemies":"Chosen and Byrds","floor":31.0,"turns":3.0},{"damage":36,"enemies":"Collector","floor":33,"turns":6}],"seed_played":"-3585536294308129036","potions_obtained":[{"floor":1.0,"key":"StancePotion"},{"floor":10.0,"key":"Dexterity Potion"},{"floor":14.0,"key":"Fire Potion"},{"floor":23.0,"key":"EssenceOfSteel"},{"floor":28.0,"key":"LiquidBronze"}],"is_trial":false,"path_per_floor":["M","?","?","$","?","R","E","R","T","M","E","?","M","M","R","B",null,"M","?","$","M","?","E","R","E","T","$","M","M","M","M","R","B"],"character_chosen":"WATCHER","items_purchased":["LessonLearned","Question Card","MentalFortress+1"],"campfire_rested":2,"item_purchase_floors":[4,20,27],"current_hp_per_floor":[65,40,40,40,40,40,40,40,40,39,23,12,12,9,36,14,58,58,42,42,38,38,22,52,44,44,44,44,43,43,43,52,16,16],"gold":195,"neow_bonus":"THREE_ENEMY_KILL","is_daily":false,"chose_seed":false,"campfire_upgraded":2,"win_rate":0.0,"timestamp":1608115132,"path_taken":["M","?","?","$","?","R","E","R","T","?","E","?","M","M","R","BOSS","M","?","$","M","?","E","R","E","T","$","M","?","M","M","R","BOSS"],"items_purchased_type":["Card","Relic","Card"],"build_version":"2020-12-13","purchased_purges":2,"victory":false,"max_hp_per_floor":[72,72,72,72,72,72,72,72,72,72,72,72,72,72,72,72,72,72,72,72,72,72,72,72,72,72,72,72,72,72,72,72,72,72],"card_choices":[{"not_picked":["Indignation","FlyingSleeves","WindmillStrike"],"picked":"SKIP","floor":1.0},{"not_picked":["JustLucky","FollowUp","Wallop"],"picked":"SKIP","floor":7.0},{"not_picked":["JustLucky","FollowUp","Wallop"],"picked":"SKIP","floor":7.0},{"not_picked":["Collect","FollowUp","Protect"],"picked":"SKIP","floor":10.0},{"not_picked":["InnerPeace","Protect"],"picked":"EmptyFist","floor":11.0},{"not_picked":["ThirdEye","FlyingSleeves"],"picked":"InnerPeace","floor":13.0},{"not_picked":["InnerPeace","SignatureMove","FollowUp"],"picked":"SKIP","floor":14.0},{"not_picked":["MasterReality+1","Devotion+1"],"picked":"Scrawl","floor":16.0},{"not_picked":["JustLucky+1","Nirvana+1","Swivel"],"picked":"SKIP","floor":18.0},{"not_picked":["Crescendo","Protect","Fasting2+1"],"picked":"FearNoEvil","floor":21.0},{"not_picked":["TalkToTheHand","BattleHymn+1","Tantrum","Protect"],"picked":"SKIP","floor":23.0},{"not_picked":["Pray","EmptyBody","Weave","FlyingSleeves"],"picked":"SKIP","floor":25.0},{"not_picked":["PathToVictory","Wallop","Ragnarok","Study+1"],"picked":"SKIP","floor":28.0},{"not_picked":["Wallop","Pray","Weave","FlurryOfBlows"],"picked":"SKIP","floor":29.0},{"not_picked":["JustLucky","TalkToTheHand","Collect","Wallop"],"picked":"SKIP","floor":30.0},{"not_picked":["Worship","CutThroughFate","Crescendo"],"picked":"Wallop","floor":31.0}],"player_experience":419698,"relics_obtained":[{"floor":7.0,"key":"Frozen Egg 2"},{"floor":9.0,"key":"Eternal Feather"},{"floor":11.0,"key":"Ornamental Fan"},{"floor":17.0,"key":"Bronze Scales"},{"floor":17.0,"key":"Shuriken"},{"floor":17.0,"key":"CloakClasp"},{"floor":19.0,"key":"Enchiridion"},{"floor":23.0,"key":"Lantern"},{"floor":25.0,"key":"Nunchaku"}],"event_choices":[{"damage_healed":0.0,"max_hp_gain":0.0,"max_hp_loss":0.0,"gold_gain":0.0,"event_name":"Scrap Ooze","player_choice":"Success","floor":2.0,"gold_loss":0.0,"damage_taken":25.0,"relics_obtained":["Anchor"]},{"damage_healed":0.0,"max_hp_gain":0.0,"max_hp_loss":0.0,"gold_gain":175.0,"event_name":"Liars Game","player_choice":"AGREE","floor":3.0,"gold_loss":0.0,"damage_taken":0.0,"cards_obtained":["Doubt"]},{"cards_removed":["Defend_P"],"damage_healed":0.0,"max_hp_gain":0.0,"max_hp_loss":0.0,"gold_gain":0.0,"event_name":"Bonfire Elementals","player_choice":"Offered Basic","floor":5.0,"gold_loss":0.0,"damage_taken":0.0},{"damage_healed":0.0,"max_hp_gain":0.0,"max_hp_loss":0.0,"gold_gain":75.0,"event_name":"World of Goop","player_choice":"Gather Gold","floor":12.0,"gold_loss":0.0,"damage_taken":11.0},{"damage_healed":0.0,"max_hp_gain":0.0,"max_hp_loss":0.0,"gold_gain":0.0,"event_name":"Cursed Tome","player_choice":"Obtained Book","floor":19.0,"gold_loss":0.0,"damage_taken":16.0},{"damage_healed":0.0,"max_hp_gain":0.0,"max_hp_loss":0.0,"gold_gain":99.0,"event_name":"Nest","player_choice":"Stole From Cult","floor":22.0,"gold_loss":0.0,"damage_taken":0.0}],"is_beta":false,"boss_relics":[{"not_picked":["Tiny House","SlaversCollar"],"picked":"Calling Bell"}],"items_purged_floors":[4,27],"is_endless":false,"potions_floor_spawned":[1,10,14,23,28,29,31],"killed_by":"Collector","ascension_level":13}}