{"host":"e1nidjoehlv47txx","time":1608118753,"event":{"mods":["BaseMod","Downfall","Hermit","Koishi","Marisa（F雨　魔理沙）","Minty Spire (QoL Compilation)","StSLib","[功能]功能增强和修复MOD"],"gold_per_floor":[118,134,134,159,178,212,224,224,250,250,268,368,380,409,409,505,5,22,12,30,25,25,25,57,57,82,82,82,98,112,125,125,227,227,246,236,236,247,265,265,291,291,291,321,321,336,371,391,391,391],"floor_reached":51,"playtime":2445,"items_purged":["6A","Defend_MRS","Defend_MRS","Defend_MRS","Shame"],"score":1215,"play_id":"757cf098-310f-4544-87d0-9d5a6ffca87f","local_time":"20201216193913","is_ascension_mode":true,"campfire_choices":[{"data":"Apotheosis","floor":8,"key":"SMITH"},{"data":"MillisecondPulsars","floor":15,"key":"SMITH"},{"floor":23,"key":"RECALL"},{"floor":25,"key":"REST"},{"floor":32,"key":"REST"},{"data":"StarBarrage","floor":40,"key":"SMITH"},{"floor":42,"key":"REST"},{"data":"expansioncontent:QuickStudy","floor":49,"key":"SMITH"}],"circlet_count":0,"master_deck":["Strike_MRS","Strike_MRS","Strike_MRS","Strike_MRS","Defend_MRS","MasterSpark","UpSweep","StarlightTyphoon","Apotheosis+1","StarBarrage+1","IllusionStar","DragonMeteor","Trip","MachineGunSpark","Parasite","Parasite","RefractionSpark","Singularity","expansioncontent:QuickStudy+1","MillisecondPulsars+1","AsteroidBelt","AsteroidBelt","OrrerysSun","Singularity","AsteroidBelt","MachineGunSpark+1","Singularity","DeepEcoloBomb+1","BinaryStars","Singularity+1","EnergyFlow"],"relics":["BewitchedHakkero","Bag of Preparation","Sundial","Lee\u0027s Waffle","Happy Flower","Boot","ShroomBag","Mummified Hand","Anchor","OrangePellets","Question Card","EctoplasmExtend","Tiny Chest","PreservedInsect","SimpleLauncher","Sling","Toy Ornithopter","Bottled Flame","Bronze Scales","Strawberry","Orichalcum","Molten Egg 2","BreadOfAWashokuLover","Thread and Needle","Nunchaku","Medical Kit","Blue Candle","Gambling Chip","Darkstone Periapt","Eternal Feather","Kunai"],"acts_visited":["Exordium","TheCity","TheBeyond"],"potions_floor_usage":[5,6,14,14,16,20,33,33,39,39,46,50,50,50],"damage_taken":[{"damage":1.0,"enemies":"Cultist","floor":1.0,"turns":3.0},{"damage":7,"enemies":"Small Slimes","floor":2,"turns":3},{"damage":2,"enemies":"Jaw Worm","floor":5,"turns":2},{"damage":0,"enemies":"Lagavulin","floor":6,"turns":4},{"damage":4,"enemies":"Blue Slaver","floor":7,"turns":3},{"damage":0,"enemies":"Large Slime","floor":11,"turns":2},{"damage":0,"enemies":"Looter","floor":13,"turns":2},{"damage":20,"enemies":"3 Sentries","floor":14,"turns":4},{"damage":30,"enemies":"The Guardian","floor":16,"turns":5},{"damage":0,"enemies":"Spheric Guardian","floor":18,"turns":2},{"damage":0,"enemies":"3 Byrds","floor":20,"turns":3},{"damage":0,"enemies":"Gremlin Leader","floor":24,"turns":2},{"damage":0,"enemies":"3 Cultists","floor":29,"turns":3},{"damage":0,"enemies":"Centurion and Healer","floor":30,"turns":3},{"damage":3,"enemies":"Snake Plant","floor":31,"turns":2},{"damage":0,"enemies":"Automaton","floor":33,"turns":3},{"damage":21,"enemies":"3 Darklings","floor":35,"turns":4},{"damage":1,"enemies":"3 Shapes","floor":38,"turns":3},{"damage":7,"enemies":"3 Darklings","floor":39,"turns":3},{"damage":2,"enemies":"Nemesis","floor":41,"turns":3},{"damage":5,"enemies":"Giant Head","floor":44,"turns":4},{"damage":12,"enemies":"Sphere and 2 Shapes","floor":46,"turns":4},{"damage":1,"enemies":"Nemesis","floor":47,"turns":3},{"damage":0,"enemies":"Spire Growth","floor":48,"turns":2},{"damage":37,"enemies":"Time Eater","floor":50,"turns":9}],"seed_played":"-7184075391614268545","potions_obtained":[{"floor":2,"key":"AttackPotion"},{"floor":2,"key":"Energy Potion"},{"floor":5,"key":"Regen Potion"},{"floor":6,"key":"Ancient Potion"},{"floor":14,"key":"Fruit Juice"},{"floor":14,"key":"SkillPotion"},{"floor":20,"key":"PowerPotion"},{"floor":33,"key":"champ:CounterPotion"},{"floor":35,"key":"FearPotion"},{"floor":39,"key":"BottledSpark"},{"floor":41,"key":"Dexterity Potion"},{"floor":44,"key":"BottledSpark"},{"floor":46,"key":"LiquidBronze"}],"is_trial":false,"path_per_floor":["M","M","$","T","M","E","M","R","T","$","M","?","M","E","R","B",null,"M","$","M","$","?","R","E","R","T","T","T","M","M","M","R","B",null,"M","$","T","M","M","R","E","R","T","E","?","M","E","M","R","B",null],"character_chosen":"MARISA","items_purchased":["Apotheosis","StarBarrage","IllusionStar","DragonMeteor","Bag of Preparation","Sundial","Lee\u0027s Waffle","Energy Potion","Trip","Mummified Hand","Anchor","OrangePellets","RefractionSpark","Singularity","PowerPotion","expansioncontent:QuickStudy","Tiny Chest","PreservedInsect","SimpleLauncher","AsteroidBelt","Sling","Toy Ornithopter","Bottled Flame","AsteroidBelt","OrrerysSun","BottledSpark","Singularity","Thread and Needle","Nunchaku","Medical Kit"],"campfire_rested":3,"item_purchase_floors":[3,3,3,3,3,3,3,3,3,10,10,10,10,10,10,10,19,19,19,19,21,21,21,21,21,21,36,36,36,36],"current_hp_per_floor":[81,74,89,89,87,87,83,83,83,83,83,83,83,80,80,54,94,94,94,94,94,94,94,101,101,101,101,101,101,101,98,101,101,101,83,83,83,85,92,92,109,114,114,110,110,104,105,105,114,81],"gold":391,"neow_bonus":"TEN_PERCENT_HP_BONUS","is_daily":false,"chose_seed":false,"campfire_upgraded":4,"win_rate":0.0,"timestamp":1608118753,"path_taken":["M","M","$","?","M","E","M","R","T","$","M","?","M","E","R","BOSS","M","$","M","$","?","R","E","R","T","?","?","M","M","M","R","BOSS","M","$","?","M","M","R","E","R","T","E","?","M","E","?","R","BOSS"],"items_purchased_type":["Card","Card","Card","Card","Relic","Relic","Relic","Potion","Card","Relic","Relic","Relic","Card","Card","Potion","Card","Relic","Relic","Relic","Card","Relic","Relic","Relic","Card","Card","Potion","Card","Relic","Relic","Relic"],"build_version":"2020-12-13","purchased_purges":5,"victory":true,"max_hp_per_floor":[82,82,89,89,89,89,89,89,89,89,89,89,89,94,94,94,94,94,94,94,94,94,94,101,101,101,101,101,101,101,101,101,101,101,101,101,101,101,101,101,114,114,114,114,114,114,114,114,114,114],"card_choices":[{"not_picked":["GravityBeat","SprinkleStarSeal"],"picked":"6A","floor":1},{"not_picked":["GrandCross","ShootingEcho"],"picked":"StarlightTyphoon","floor":2},{"not_picked":["ChargingUp","PropBag","SporeBomb"],"picked":"SKIP","floor":5},{"not_picked":["MagicAbsorber","OpenUniverse"],"picked":"DeepEcoloBomb","floor":6},{"not_picked":["EnergyFlow","DC"],"picked":"MachineGunSpark","floor":7},{"not_picked":["ShootingEcho","GravityBeat"],"picked":"MillisecondPulsars","floor":11},{"not_picked":["EarthLightRay","LuminesStrike","NonDirectionalLaser"],"picked":"SKIP","floor":13},{"not_picked":["GrandCross","MaximisePower","FairyDestructionRay"],"picked":"SKIP","floor":14},{"not_picked":["Acceleration","DarkMatter+1","GrandCross+1","UnstableBomb"],"picked":"SKIP","floor":18},{"not_picked":["GrandCross","ShootingEcho+1","MaximisePower","LuminesStrike"],"picked":"SKIP","floor":20},{"not_picked":["ManaConvection","DC","Orbital"],"picked":"Singularity","floor":24},{"not_picked":["DoubleSpark+1","SuperPerseids","MysteriousBeam+1"],"picked":"AsteroidBelt","floor":29},{"not_picked":["PropBag","DC+1","IllusionStar+1","GrandCross+1"],"picked":"SKIP","floor":30},{"not_picked":["TreasureHunter+1","Acceleration","PulseMagic+1","WitchOfGreed+1"],"picked":"SKIP","floor":31},{"not_picked":["IllusionStar","Robbery+1","DarkMatter"],"picked":"MachineGunSpark+1","floor":35},{"not_picked":["GravityBeat+1","ChargeUpSpray+1","IllusionStar+1","EventHorizon+1"],"picked":"SKIP","floor":38},{"not_picked":["Occultation+1","DC+1","GalacticHalo","PropBag"],"picked":"SKIP","floor":39},{"not_picked":["Acceleration","MagicAbsorber+1","GravityBeat+1","EscapeVelocity"],"picked":"SKIP","floor":41},{"not_picked":["Acceleration","EventHorizon+1","ChargeUpSpray+1"],"picked":"DeepEcoloBomb+1","floor":44},{"not_picked":["OneTimeOff+1","GrandCross+1","WitchLeyline+1"],"picked":"Singularity+1","floor":46},{"not_picked":["IllusionStar+1","MysteriousBeam+1","LuminesStrike+1"],"picked":"EnergyFlow","floor":47},{"not_picked":["SporeBomb+1","EscapeVelocity","WitchOfGreed+1","PulseMagic"],"picked":"SKIP","floor":48}],"player_experience":85561,"relics_obtained":[{"floor":4,"key":"Happy Flower"},{"floor":6,"key":"Boot"},{"floor":9,"key":"ShroomBag"},{"floor":14,"key":"Question Card"},{"floor":24,"key":"Strawberry"},{"floor":26,"key":"Orichalcum"},{"floor":27,"key":"Molten Egg 2"},{"floor":28,"key":"BreadOfAWashokuLover"},{"floor":37,"key":"Blue Candle"},{"floor":41,"key":"Gambling Chip"},{"floor":43,"key":"Darkstone Periapt"},{"floor":44,"key":"Eternal Feather"},{"floor":47,"key":"Kunai"}],"event_choices":[{"damage_healed":0,"gold_gain":100,"player_choice":"Pray","damage_taken":0,"max_hp_gain":0,"max_hp_loss":0,"event_name":"Golden Shrine","floor":12,"gold_loss":0},{"damage_healed":0,"gold_gain":0,"player_choice":"Stole Relic","damage_taken":0,"relics_obtained":["Bronze Scales"],"max_hp_gain":0,"max_hp_loss":0,"event_name":"Addict","floor":22,"gold_loss":0,"cards_obtained":["Shame"]},{"damage_healed":0,"gold_gain":0,"cards_transformed":["DeepEcoloBomb"],"player_choice":"Transformed","damage_taken":0,"max_hp_gain":0,"max_hp_loss":0,"event_name":"Transmorgrifier","floor":45,"gold_loss":0,"cards_obtained":["BinaryStars"]}],"is_beta":false,"boss_relics":[{"not_picked":["Astrolabe","Pandora\u0027s Box"],"picked":"EctoplasmExtend"},{"not_picked":["Snecko Eye","Empty Cage"],"picked":"BewitchedHakkero"}],"items_purged_floors":[19,19,21,36,36],"is_endless":false,"potions_floor_spawned":[2,2,5,5,6,7,7,11,13,14,14,20,20,24,29,29,30,31,33,35,38,38,39,41,44,44,46,47,48],"ascension_level":4}}