{"host":"oi1nj6gqzrtwlr6p","time":1608091331,"event":{"mods":["2.2 Compatiblity","BaseMod","Better Match","Better Note","Block Reminder","Colored Powertips","DeckTracker","Downfall","Energized Spire","Koishi","Marisa????????","Minty Spire (QoL Compilation)","Rare Cards Sparkle","Reimu??????","StSLib","Td1madao Mod","The Administrix","The Senshi","The Servant 0.9.4","The Vixen","The Wild Card"],"gold_per_floor":[113,73,73,88,88,99,125,188,206,224,149,149,37,337,337,441,441,458,478,628,639,651,662,716,716,716],"floor_reached":25,"playtime":2409,"items_purged":[],"score":195,"play_id":"ed13eef4-bbc3-4b4d-b88c-2d4a0666210c","local_time":"20201215220211","is_ascension_mode":false,"campfire_choices":[{"floor":5,"key":"RECALL"},{"data":"Guardian:CurlUp","floor":11,"key":"SMITH"},{"floor":15,"key":"REST"}],"circlet_count":0,"master_deck":["Guardian:Strike_Guardian","Guardian:Strike_Guardian","Guardian:Strike_Guardian","Guardian:Strike_Guardian","Guardian:Defend_Guardian","Guardian:Defend_Guardian","Guardian:Defend_Guardian","Guardian:Defend_Guardian","Guardian:CurlUp+1","Guardian:TwinSlam","Guardian:Planning","Guardian:VentSteam","Guardian:PolyBeam","Guardian:PrismaticBeam","Guardian:StasisField","Guardian:Recover","Guardian:Gem_Green","Guardian:Gem_White","Guardian:Suspension","Guardian:TimeBomb"],"relics":["Guardian:ModeShifter","Nunchaku","PaintedHorse:ReiMu","Lantern","downfall:HeartBlessingRed","PureWhite:ReiMu","energizedSpire:OgreHead"],"acts_visited":["Exordium","TheCity"],"potions_floor_usage":[8,10,16,21,21,23,23,23],"damage_taken":[{"damage":1,"enemies":"2 Louse","floor":1,"turns":3},{"damage":0,"enemies":"Cultist","floor":4,"turns":3},{"damage":4,"enemies":"Small Slimes","floor":6,"turns":3},{"damage":22,"enemies":"Gremlin Nob","floor":8,"turns":5},{"damage":0,"enemies":"3 Louse","floor":9,"turns":3},{"damage":10,"enemies":"Exordium Thugs","floor":10,"turns":3},{"damage":1,"enemies":"downfall:FleeingMerchant","floor":13,"turns":4},{"damage":22,"enemies":"downfall:Defect","floor":16,"turns":6},{"damage":2,"enemies":"3 Byrds","floor":18,"turns":3},{"damage":0,"enemies":"Shell Parasite","floor":19,"turns":4},{"damage":0,"enemies":"Snecko","floor":21,"turns":6},{"damage":39,"enemies":"Snake Plant","floor":22,"turns":6},{"damage":15,"enemies":"Centurion and Healer","floor":23,"turns":9},{"damage":27,"enemies":"Chosen and Byrds","floor":25,"turns":4}],"seed_played":"1766649620602766597","potions_obtained":[{"floor":1,"key":"FearPotion"},{"floor":3,"key":"Fire Potion"},{"floor":3,"key":"EssenceOfSteel"},{"floor":9,"key":"DuplicationPotion"},{"floor":16,"key":"Ancient Potion"},{"floor":18,"key":"GrandPatriotsElixir:ReiMu"},{"floor":21,"key":"Swift Potion"},{"floor":22,"key":"hexamod:EctoCoolerPotion"}],"is_trial":false,"path_per_floor":["M","?","?","M","R","M","T","?","M","M","R","?","$","?","R","B",null,"M","M","?","M","M","M","T","M"],"character_chosen":"GUARDIAN","items_purchased":["Guardian:PrismaticBeam","Guardian:Gem_Green"],"campfire_rested":1,"item_purchase_floors":[13,13],"current_hp_per_floor":[79,79,79,79,79,75,75,53,53,43,43,36,35,35,59,37,80,78,78,78,78,39,24,24,0,0],"gold":716,"neow_bonus":"RANDOM_COMMON_RELIC","is_daily":false,"chose_seed":false,"campfire_upgraded":1,"win_rate":0.0,"timestamp":1608091331,"path_taken":["M","?","?","M","R","?","T","?","M","M","R","?","$","?","R","BOSS","M","M","?","?","M","M","T","M"],"items_purchased_type":["Card","Card"],"build_version":"2020-12-13","purchased_purges":0,"victory":false,"max_hp_per_floor":[80,80,80,80,80,80,80,80,80,80,80,80,80,80,80,80,80,80,80,80,80,80,80,80,80,80],"card_choices":[{"not_picked":["Guardian:Repulse","Guardian:Gem_Lightblue"],"picked":"Guardian:Gem_Blue","floor":1},{"not_picked":["Guardian:GuardianWhirl","Guardian:TemporalShield"],"picked":"Guardian:Gem_Lightblue","floor":4},{"not_picked":["Guardian:Incinerate","Guardian:ShieldSpikes"],"picked":"Guardian:Planning","floor":6},{"not_picked":["Guardian:Emergency","Guardian:PrimingBeam"],"picked":"Guardian:VentSteam","floor":8},{"not_picked":["Guardian:BronzeArmor","Guardian:WalkerClaw"],"picked":"Guardian:Gem_White","floor":9},{"not_picked":["Guardian:Gem_Blue","Guardian:FuturePlans"],"picked":"Guardian:PolyBeam","floor":10},{"not_picked":["Guardian:ChargeCore","Guardian:RollAttack"],"picked":"Guardian:Gem_Fragmented","floor":13},{"not_picked":["Guardian:BaubleBeam","Guardian:ConstructionForm"],"picked":"Guardian:StasisField","floor":16},{"not_picked":["Guardian:VentSteam","Guardian:PiercingHide+1"],"picked":"Guardian:Recover","floor":18},{"not_picked":["Guardian:FuturePlans","Guardian:ShieldCharger"],"picked":"Guardian:Gem_Green","floor":19},{"not_picked":["Guardian:RevengeProtocol","Guardian:Incinerate"],"picked":"Guardian:Gem_White","floor":21},{"not_picked":["Guardian:PrimingBeam+1","Guardian:PrismaticBarrier"],"picked":"Guardian:Suspension","floor":22},{"not_picked":["Guardian:ShieldCharger+1","Guardian:TemporalShield"],"picked":"Guardian:TimeBomb","floor":23}],"player_experience":360055,"relics_obtained":[{"floor":7,"key":"Omamori"}],"event_choices":[{"damage_healed":0,"gold_gain":0,"player_choice":"Donate","damage_taken":0,"relics_obtained":["PaintedHorse:ReiMu"],"max_hp_gain":0,"max_hp_loss":0,"event_name":"yidonshenshe","floor":2,"gold_loss":40},{"damage_healed":0,"gold_gain":0,"player_choice":"Got Potions","damage_taken":0,"max_hp_gain":0,"max_hp_loss":0,"event_name":"Lab","floor":3,"gold_loss":0},{"damage_healed":0,"gold_gain":0,"player_choice":"Success","damage_taken":7,"relics_obtained":["PureWhite:ReiMu"],"max_hp_gain":0,"max_hp_loss":0,"event_name":"Scrap Ooze","floor":12,"gold_loss":0}],"is_beta":false,"boss_relics":[{"not_picked":["Fusion Hammer","Pandora\u0027s Box"],"picked":"energizedSpire:OgreHead"}],"items_purged_floors":[],"is_endless":false,"potions_floor_spawned":[1,6,9,16,18,21,22],"killed_by":"Chosen and Byrds","ascension_level":0}}