{"host":"emzksreay9b8489z","time":1608103866,"event":{"mods":["Act Like it!","BaseMod","CapriCore","Gensokyo","GifTheSpireLib","Minty Spire (QoL Compilation)","Prisma Mod","Say the Spire","StSLib","The Immortal"],"gold_per_floor":[111,111,129,129,141,168,180,219,231,243,265,52,62,75,75,75,75,75],"floor_reached":16,"playtime":841,"items_purged":[],"score":112,"play_id":"d2a16f26-914f-48e9-80f3-1e8ec2179f9c","local_time":"20201216153106","is_ascension_mode":false,"campfire_choices":[{"floor":7,"key":"RECALL"},{"data":"MokouMod:ImperishableFlame","floor":10,"key":"SMITH"},{"data":"MokouMod:Ventilation","floor":15,"key":"SMITH"}],"circlet_count":0,"master_deck":["MokouMod:Strike","MokouMod:Strike","MokouMod:Strike","MokouMod:Strike+1","MokouMod:Strike","MokouMod:Defend","MokouMod:Defend+1","MokouMod:Defend","MokouMod:Defend","MokouMod:HeatSpark+1","MokouMod:RoaringFlare","MokouMod:Singe","MokouMod:EternalBurstReactor","MokouMod:ImperishableFlame+1","MokouMod:FlareStarter","MokouMod:Ventilation+1","MokouMod:Geothermal","MokouMod:TemporalFireSeal"],"relics":["MokouMod:PhoenixFeather","MawBank","Frozen Egg 2","Medical Kit"],"acts_visited":["Exordium"],"potions_floor_usage":[],"damage_taken":[{"damage":1,"enemies":"Cultist","floor":1,"turns":4},{"damage":2,"enemies":"Small Slimes","floor":3,"turns":3},{"damage":6,"enemies":"Jaw Worm","floor":5,"turns":2},{"damage":33,"enemies":"Gremlin Nob","floor":6,"turns":5},{"damage":40,"enemies":"3 Sentries","floor":8,"turns":10},{"damage":16,"enemies":"Large Slime","floor":11,"turns":4},{"damage":19,"enemies":"Blue Slaver","floor":13,"turns":4},{"damage":15,"enemies":"Looter","floor":14,"turns":3},{"damage":13,"enemies":"Hexaghost","floor":16,"turns":8}],"seed_played":"7481488685443885853","potions_obtained":[{"floor":8,"key":"AttackPotion"},{"floor":11,"key":"CultistPotion"},{"floor":14,"key":"CultistPotion"}],"is_trial":false,"path_per_floor":["M","?","M","?","M","E","R","E","T","R","M","$","M","M","R","B"],"character_chosen":"MKU","items_purchased":["MokouMod:Ventilation","Medical Kit"],"campfire_rested":0,"item_purchase_floors":[12,12],"current_hp_per_floor":[81,65,63,63,57,24,24,6,6,6,20,20,1,10,10,0,0,0],"gold":75,"neow_bonus":"TEN_PERCENT_HP_BONUS","is_daily":false,"chose_seed":false,"campfire_upgraded":2,"win_rate":0.0,"timestamp":1608103866,"path_taken":["M","?","M","?","M","E","R","E","T","R","M","$","?","M","R","BOSS"],"items_purchased_type":["Card","Relic"],"build_version":"2020-12-13","purchased_purges":0,"victory":false,"max_hp_per_floor":[82,82,82,82,82,82,82,82,82,82,82,82,82,82,82,82,82,82],"card_choices":[{"not_picked":["MokouMod:Overheat","MokouMod:Ember"],"picked":"MokouMod:RoaringFlare","floor":1},{"not_picked":["MokouMod:Overheat","MokouMod:ImperishableFlame"],"picked":"MokouMod:Singe","floor":3},{"not_picked":["MokouMod:SearingShot","MokouMod:HeatCyclone"],"picked":"MokouMod:EternalBurstReactor","floor":5},{"not_picked":["MokouMod:EternalBurstReactor","MokouMod:ResoluteFlare","MokouMod:FujiyamaVolcano"],"picked":"SKIP","floor":6},{"not_picked":["MokouMod:CrimsonFlare","MokouMod:AdaptivePyromancy"],"picked":"MokouMod:ImperishableFlame","floor":8},{"not_picked":["MokouMod:IgnitionBarrier","MokouMod:Stoke"],"picked":"MokouMod:FlareStarter","floor":11},{"not_picked":["MokouMod:FujiyamaVolcano","MokouMod:EternalBurstReactor"],"picked":"MokouMod:Geothermal","floor":13},{"not_picked":["MokouMod:Stoke","MokouMod:SearingShot"],"picked":"MokouMod:TemporalFireSeal","floor":14}],"player_experience":20406,"relics_obtained":[{"floor":6,"key":"MawBank"},{"floor":8,"key":"Frozen Egg 2"}],"event_choices":[{"damage_healed":0,"gold_gain":0,"player_choice":"Entered Light","damage_taken":16,"max_hp_gain":0,"max_hp_loss":0,"event_name":"Shining Light","floor":2,"gold_loss":0,"cards_upgraded":["MokouMod:Strike","MokouMod:Defend"]},{"damage_healed":0,"gold_gain":0,"player_choice":"Upgraded","damage_taken":0,"max_hp_gain":0,"max_hp_loss":0,"event_name":"Upgrade Shrine","floor":4,"gold_loss":0,"cards_upgraded":["MokouMod:HeatSpark"]}],"is_beta":false,"boss_relics":[],"items_purged_floors":[],"is_endless":false,"potions_floor_spawned":[8,11,14],"killed_by":"Hexaghost","ascension_level":0}}