{"host":"z60ck2mpr6goyib8","time":1608139729,"event":{"mods":["BaseMod","Best Route Mod","Bestiary","Better Third Choice","Block Reminder","Colored Map","Colored Powertips","Googly Eyes","Minty Spire (QoL Compilation)","Quick Restart","Relic Stats","Slay-I","StSLib","everything is the same but u backflip on backflip"],"gold_per_floor":[111,111,129,44,44,44,55,85,139,169,183,183,183],"floor_reached":12,"playtime":516,"items_purged":[],"score":132,"play_id":"f509b24c-f8e4-4682-907e-343f8a57165b","local_time":"20201216172849","is_ascension_mode":true,"campfire_choices":[{"data":"Havoc","floor":6.0,"key":"SMITH"}],"circlet_count":0,"master_deck":["AscendersBane","Strike_R","Strike_R","Strike_R","Strike_R","Defend_R","Defend_R","Defend_R","Defend_R","Bash","Havoc+1","Shrug It Off","Rupture+1","Shrug It Off","Feel No Pain","Burning Pact","Offering","Seeing Red"],"relics":["Burning Blood","NeowsBlessing","Boot","Oddly Smooth Stone","MealTicket"],"acts_visited":["Exordium"],"potions_floor_usage":[],"damage_taken":[{"damage":0.0,"enemies":"2 Louse","floor":1.0,"turns":2.0},{"damage":0.0,"enemies":"Cultist","floor":3.0,"turns":1.0},{"damage":0.0,"enemies":"Jaw Worm","floor":7.0,"turns":1.0},{"damage":18.0,"enemies":"3 Sentries","floor":8.0,"turns":16.0},{"damage":44.0,"enemies":"Lagavulin","floor":10.0,"turns":7.0},{"damage":17.0,"enemies":"Gremlin Gang","floor":11.0,"turns":7.0},{"damage":23,"enemies":"Gremlin Nob","floor":12,"turns":3}],"seed_played":"-2879581064423248289","potions_obtained":[{"floor":7.0,"key":"Block Potion"},{"floor":8.0,"key":"SkillPotion"}],"is_trial":false,"path_per_floor":["M","?","M","$","?","R","M","E","T","E","M","E"],"character_chosen":"IRONCLAD","items_purchased":["Rupture","Shrug It Off"],"campfire_rested":0,"item_purchase_floors":[4,4],"current_hp_per_floor":[78,78,80,80,80,80,80,68,68,30,19,0,0],"gold":183,"neow_bonus":"THREE_ENEMY_KILL","is_daily":false,"chose_seed":false,"campfire_upgraded":1,"win_rate":0.0,"timestamp":1608139729,"path_taken":["M","?","?","$","?","R","M","E","T","E","M","E"],"items_purchased_type":["Card","Card"],"build_version":"2020-12-13","purchased_purges":0,"victory":false,"max_hp_per_floor":[80,80,80,80,80,80,80,80,80,80,80,80,80],"relic_stats":{"counters":[7,37],"MealTicket":0,"Boot":[0],"obtain_stats":[{"NeowsBlessing":0,"Oddly Smooth Stone":9,"MealTicket":10,"Boot":8,"Burning Blood":0},{"NeowsBlessing":0,"Oddly Smooth Stone":4,"MealTicket":5,"Boot":4,"Burning Blood":0},{"NeowsBlessing":0,"Oddly Smooth Stone":20,"MealTicket":27,"Boot":20,"Burning Blood":0}],"Burning Blood":26},"card_choices":[{"not_picked":["Warcry","True Grit"],"picked":"Havoc","floor":1.0},{"not_picked":["Thunderclap","Shrug It Off","Rage"],"picked":"SKIP","floor":3.0},{"not_picked":["Thunderclap","Rage"],"picked":"Shrug It Off","floor":3.0},{"not_picked":["True Grit","Armaments"],"picked":"Feel No Pain","floor":7.0},{"not_picked":["Wild Strike","Iron Wave"],"picked":"Burning Pact","floor":8.0},{"not_picked":["Burning Pact","Armaments"],"picked":"Offering","floor":10.0},{"not_picked":["Clothesline","Shrug It Off"],"picked":"Seeing Red","floor":11.0}],"player_experience":485304,"relics_obtained":[{"floor":8.0,"key":"Boot"},{"floor":9.0,"key":"Oddly Smooth Stone"},{"floor":10.0,"key":"MealTicket"}],"event_choices":[{"cards_removed":["Strike_R"],"damage_healed":0.0,"max_hp_gain":0.0,"max_hp_loss":0.0,"gold_gain":0.0,"event_name":"Wheel of Change","player_choice":"Card Removal","floor":2.0,"gold_loss":0.0,"damage_taken":0.0},{"damage_healed":0.0,"max_hp_gain":0.0,"max_hp_loss":0.0,"gold_gain":0.0,"event_name":"Upgrade Shrine","player_choice":"Upgraded","floor":5.0,"gold_loss":0.0,"damage_taken":0.0,"cards_upgraded":["Rupture"]}],"is_beta":false,"boss_relics":[],"items_purged_floors":[],"is_endless":false,"potions_floor_spawned":[7,8],"killed_by":"Gremlin Nob","ascension_level":10}}