{"host":"2o3sockympbxxanu","time":1608133562,"event":{"mods":["BaseMod","Colored Map","Colored Powertips","Downfall","Marisa£®ÏF”Í°°ƒß¿Ì…≥£©","Minty Spire (QoL Compilation)","StSLib"],"gold_per_floor":[116,116,81,81,99,99,113,130,153,163,183,183,208,228,228,331,331,351,90,90,108,123,164,193,193,193,58,58,79,79,79,79,212,271,306,266,287,327,168,168,212,212,212,153,208,282,293,8,8,8,8],"floor_reached":50,"playtime":10031,"items_purged":["Strike_MRS"],"score":489,"play_id":"73be2f78-9e1d-44d7-9564-58485bd0006e","local_time":"20201216234601","is_ascension_mode":false,"campfire_choices":[{"data":"GrandCross","floor":6.0,"key":"SMITH"},{"floor":15.0,"key":"REST"},{"floor":25.0,"key":"REST"},{"floor":28.0,"key":"REST"},{"data":"Apotheosis","floor":30.0,"key":"SMITH"},{"floor":32.0,"key":"REST"},{"floor":40.0,"key":"REST"},{"floor":42.0,"key":"REST"},{"floor":49.0,"key":"RECALL"}],"circlet_count":0,"master_deck":["Strike_MRS+1","Strike_MRS+1","Defend_MRS","Defend_MRS","Defend_MRS","Defend_MRS","MasterSpark","UpSweep+1","UnstableBomb","GrandCross+1","DC","PropBag+1","EnergyFlow","UltimateShortwave","GrandCross","FairyDestructionRay","OrrerysSun","MilkyWay","Singularity","PowerUp+1","Apotheosis+1","WitchOfGreed","MaximisePower+1","EventHorizon","GrandCross","PowerUp","Parasite","MysteriousBeam+1","OortCloud"],"relics":["MiniHakkero","NeowsBlessing","Ancient Tea Set","Anchor","Runic Pyramid","Membership Card","CeramicFish","The Courier","Tiny House","Strange Spoon","Strawberry","Mummified Hand","Orichalcum","Bronze Scales","Pocketwatch","Gremlin Horn","Blood Vial","CaptainsWheel","Blue Candle"],"acts_visited":["Exordium","TheCity","TheBeyond"],"potions_floor_usage":[50,50],"damage_taken":[{"damage":0.0,"enemies":"2 Louse","floor":1.0,"turns":1.0},{"damage":0.0,"enemies":"Small Slimes","floor":5.0,"turns":1.0},{"damage":0.0,"enemies":"Cultist","floor":7.0,"turns":1.0},{"damage":5.0,"enemies":"Looter","floor":8.0,"turns":2.0},{"damage":3.0,"enemies":"Red Slaver","floor":10.0,"turns":2.0},{"damage":4.0,"enemies":"Gremlin Gang","floor":11.0,"turns":3.0},{"damage":26.0,"enemies":"Lagavulin","floor":13.0,"turns":5.0},{"damage":8.0,"enemies":"Lots of Slimes","floor":14.0,"turns":3.0},{"damage":36.0,"enemies":"The Guardian","floor":16.0,"turns":8.0},{"damage":20.0,"enemies":"Spheric Guardian","floor":18.0,"turns":4.0},{"damage":0.0,"enemies":"Chosen","floor":21.0,"turns":4.0},{"damage":14.0,"enemies":"Snecko","floor":22.0,"turns":4.0},{"damage":31.0,"enemies":"Slavers","floor":23.0,"turns":5.0},{"damage":6.0,"enemies":"Snake Plant","floor":24.0,"turns":2.0},{"damage":24.0,"enemies":"Shelled Parasite and Fungi","floor":29.0,"turns":4.0},{"damage":50.0,"enemies":"Automaton","floor":33.0,"turns":8.0},{"damage":21.0,"enemies":"Orb Walker","floor":35.0,"turns":4.0},{"damage":48.0,"enemies":"3 Darklings","floor":37.0,"turns":5.0},{"damage":12.0,"enemies":"4 Shapes","floor":38.0,"turns":6.0},{"damage":31.0,"enemies":"Writhing Mass","floor":41.0,"turns":5.0},{"damage":25.0,"enemies":"Mind Bloom Boss Battle","floor":46.0,"turns":4.0},{"damage":48.0,"enemies":"Sphere and 2 Shapes","floor":47.0,"turns":4.0},{"damage":31,"enemies":"Awakened One","floor":50,"turns":3}],"seed_played":"-6409801382195774408","potions_obtained":[{"floor":5.0,"key":"LiquidMemories"},{"floor":7.0,"key":"Block Potion"},{"floor":8.0,"key":"Fire Potion"},{"floor":22.0,"key":"Strength Potion"},{"floor":23.0,"key":"PowerPotion"},{"floor":29.0,"key":"Fire Potion"},{"floor":33.0,"key":"champ:CounterPotion"},{"floor":34.0,"key":"BottledSpark"},{"floor":38.0,"key":"Ancient Potion"},{"floor":38.0,"key":"SteroidPotion"},{"floor":41.0,"key":"Regen Potion"},{"floor":41.0,"key":"SmokeBomb"},{"floor":46.0,"key":"FairyPotion"},{"floor":47.0,"key":"PowerPotion"}],"is_trial":false,"path_per_floor":["M","?","?","?","M","R","M","M","T","M","M","?","E","M","R","B",null,"M","$","?","M","M","E","M","R","T","$","R","M","R","T","R","B",null,"M","?","M","M","$","R","M","R","T","$","T","?","M","$","R","B"],"character_chosen":"MARISA","items_purchased":["FairyDestructionRay","Membership Card","OrrerysSun","Apotheosis","FairyPotion","Strange Spoon","Strawberry","Orichalcum","Gremlin Horn","Blood Vial","CaptainsWheel"],"campfire_rested":6,"item_purchase_floors":[19,19,19,27,27,39,39,44,48,48,48],"current_hp_per_floor":[75,60,75,75,75,75,75,70,70,67,63,63,37,29,51,15,75,55,55,55,55,41,10,16,38,38,38,60,36,36,36,58,8,80,59,59,11,23,30,56,25,51,51,51,51,47,26,26,26,0,0],"gold":8,"neow_bonus":"THREE_ENEMY_KILL","is_daily":false,"chose_seed":false,"campfire_upgraded":2,"win_rate":0.0,"timestamp":1608133561,"path_taken":["M","?","?","?","M","R","M","M","T","M","?","?","E","M","R","BOSS","M","$","?","M","?","E","M","R","T","?","R","?","R","?","R","BOSS","M","?","M","?","?","R","M","R","T","$","?","?","M","$","R","BOSS"],"items_purchased_type":["Card","Relic","Card","Card","Potion","Relic","Relic","Relic","Relic","Relic","Relic"],"build_version":"2020-12-13","purchased_purges":1,"victory":false,"max_hp_per_floor":[75,75,75,75,75,75,75,75,75,75,75,75,75,75,75,75,75,75,75,75,75,75,75,75,75,75,75,75,75,75,75,75,75,80,80,80,80,80,87,87,87,87,87,87,87,87,87,87,87,87,87],"card_choices":[{"not_picked":["6A","OpenUniverse"],"picked":"UnstableBomb","floor":1.0},{"not_picked":["UnstableBomb","Robbery"],"picked":"GrandCross","floor":5.0},{"not_picked":["GrandCross","6A"],"picked":"DC","floor":7.0},{"not_picked":["JA","EarthLightRay"],"picked":"PropBag","floor":8.0},{"not_picked":["IllusionStar","Acceleration","MachineGunSpark"],"picked":"SKIP","floor":10.0},{"not_picked":["BlazeAway","ManaConvection","GravityBeat"],"picked":"SKIP","floor":11.0},{"not_picked":["AsteroidBelt","PowerUp"],"picked":"EnergyFlow","floor":13.0},{"not_picked":["CollectingQuirk","OneTimeOff","IllusionStar"],"picked":"SKIP","floor":14.0},{"not_picked":["BlazingStar","JA"],"picked":"UltimateShortwave","floor":16.0},{"not_picked":["NonDirectionalLaser","ShootingEcho"],"picked":"GrandCross","floor":18.0},{"not_picked":["RefractionSpark","ShootingEcho"],"picked":"MilkyWay","floor":21.0},{"not_picked":["UnstableBomb","GravityBeat","RefractionSpark"],"picked":"SKIP","floor":22.0},{"not_picked":["MysteriousBeam","LuminesStrike+1"],"picked":"Singularity","floor":23.0},{"not_picked":["EnergyRecoil+1","BinaryStars"],"picked":"PowerUp+1","floor":24.0},{"not_picked":["DeepEcoloBomb","GrandCross"],"picked":"WitchOfGreed","floor":29.0},{"not_picked":["AbsoluteMagnitude","BigCrunch"],"picked":"MaximisePower","floor":33.0},{"not_picked":["6A+1","AlicesGift"],"picked":"EventHorizon","floor":34.0},{"not_picked":["DC","6A+1"],"picked":"GrandCross","floor":35.0},{"not_picked":["6A","NonDirectionalLaser+1"],"picked":"PowerUp","floor":37.0},{"not_picked":["JA","6A","EarthLightRay"],"picked":"SKIP","floor":38.0},{"not_picked":["NonDirectionalLaser+1","LuminesStrike+1"],"picked":"MysteriousBeam+1","floor":41.0},{"not_picked":["Acceleration","OrrerysSun+1"],"picked":"OortCloud","floor":46.0},{"not_picked":["UnstableBomb","Orbital+1","AlicesGift"],"picked":"SKIP","floor":47.0}],"player_experience":219252,"relics_obtained":[{"floor":9.0,"key":"Ancient Tea Set"},{"floor":13.0,"key":"Anchor"},{"floor":23.0,"key":"CeramicFish"},{"floor":31.0,"key":"The Courier"},{"floor":43.0,"key":"Mummified Hand"},{"floor":45.0,"key":"Bronze Scales"},{"floor":46.0,"key":"Pocketwatch"}],"event_choices":[{"damage_healed":0.0,"max_hp_gain":0.0,"max_hp_loss":0.0,"gold_gain":0.0,"event_name":"Shining Light","player_choice":"Entered Light","floor":2.0,"gold_loss":0.0,"damage_taken":15.0,"cards_upgraded":["Strike_MRS","Strike_MRS"]},{"damage_healed":18.0,"max_hp_gain":0.0,"max_hp_loss":0.0,"gold_gain":0.0,"event_name":"The Cleric","player_choice":"Healed","floor":3.0,"gold_loss":35.0,"damage_taken":0.0},{"damage_healed":0.0,"max_hp_gain":0.0,"max_hp_loss":0.0,"gold_gain":0.0,"event_name":"Upgrade Shrine","player_choice":"Upgraded","floor":4.0,"gold_loss":0.0,"damage_taken":0.0,"cards_upgraded":["UpSweep"]},{"cards_removed":["Strike_MRS"],"damage_healed":0.0,"max_hp_gain":0.0,"max_hp_loss":0.0,"gold_gain":0.0,"event_name":"Purifier","player_choice":"Purged","floor":12.0,"gold_loss":0.0,"damage_taken":0.0},{"damage_healed":0.0,"max_hp_gain":0.0,"max_hp_loss":0.0,"gold_gain":0.0,"event_name":"NoteForYourself","player_choice":"Ignored","floor":20.0,"gold_loss":0.0,"damage_taken":0.0},{"damage_healed":0.0,"max_hp_gain":0.0,"max_hp_loss":0.0,"gold_gain":0.0,"event_name":"Designer","player_choice":"Upgrade","floor":36.0,"gold_loss":40.0,"damage_taken":0.0,"cards_upgraded":["PropBag"]},{"damage_healed":0.0,"max_hp_gain":0.0,"max_hp_loss":0.0,"gold_gain":0.0,"event_name":"MindBloom","player_choice":"Fight","floor":46.0,"gold_loss":0.0,"damage_taken":0.0}],"is_beta":false,"boss_relics":[{"not_picked":["Cursed Key","Busted Crown"],"picked":"Runic Pyramid"},{"not_picked":["Sozu","Calling Bell"],"picked":"Tiny House"}],"items_purged_floors":[39],"is_endless":false,"potions_floor_spawned":[5,7,8,11,22,23,29,38,41,46,47],"killed_by":"Awakened One","ascension_level":0}}