{"host":"poopy","time":1608091296,"event":{"mods":["AchievementEnabler","BaseMod","Minty Spire (QoL Compilation)","StSLib","Waifu the Spire"],"gold_per_floor":[109,128,139,155,174,202,232,279,316,359,371,393,405,429,441,528,540,571,633,664,691,723,735,747,759,817,829,872,897,925,937,949,1033,1045,1070,1107,1119,1119],"floor_reached":37,"playtime":12106,"items_purged":[],"score":751,"play_id":"5e1d47d8-39f1-4ca0-b4be-9b28cc8dcdd5","local_time":"20201215220136","is_ascension_mode":true,"campfire_choices":[{"floor":11.0,"key":"REST"},{"floor":13.0,"key":"REST"},{"data":"Noxious Fumes","floor":15.0,"key":"SMITH"},{"floor":23.0,"key":"REST"},{"floor":25.0,"key":"REST"},{"floor":32.0,"key":"REST"}],"circlet_count":0,"master_deck":["AscendersBane","Strike_G","Strike_G","Defend_G","Defend_G","Defend_G","Defend_G","Defend_G","Survivor","Neutralize","Endless Agony","Endless Agony","Bane","Backflip","Deadly Poison","Sucker Punch","Flying Knee","Sucker Punch","Noxious Fumes+1","Bane","Slice","Burst+1","Storm of Steel+1","Blade Dance+1","Dagger Throw","Poisoned Stab","Cloak And Dagger+1","Slice+1","Dagger Throw","Noxious Fumes","Cloak And Dagger"],"relics":["Ring of the Snake","MawBank","Vajra","Oddly Smooth Stone","Shuriken","Astrolabe","Boot","PreservedInsect","Snake Skull","WristBlade","Turnip"],"acts_visited":["TheCity","TheBeyond"],"potions_floor_usage":[],"damage_taken":[{"damage":7.0,"enemies":"Small Slimes","floor":1.0,"turns":5.0},{"damage":0.0,"enemies":"Cultist","floor":2.0,"turns":4.0},{"damage":2.0,"enemies":"Jaw Worm","floor":3.0,"turns":4.0},{"damage":0.0,"enemies":"3 Louse","floor":4.0,"turns":1.0},{"damage":0.0,"enemies":"2 Fungi Beasts","floor":5.0,"turns":5.0},{"damage":16.0,"enemies":"Lagavulin","floor":6.0,"turns":7.0},{"damage":17.0,"enemies":"Large Slime","floor":7.0,"turns":7.0},{"damage":9.0,"enemies":"3 Sentries","floor":8.0,"turns":9.0},{"damage":1.0,"enemies":"Gremlin Nob","floor":10.0,"turns":3.0},{"damage":6.0,"enemies":"3 Louse","floor":12.0,"turns":3.0},{"damage":0.0,"enemies":"Blue Slaver","floor":14.0,"turns":2.0},{"damage":10.0,"enemies":"The Guardian","floor":16.0,"turns":9.0},{"damage":31.0,"enemies":"2 Thieves","floor":18.0,"turns":4.0},{"damage":0.0,"enemies":"3 Byrds","floor":20.0,"turns":4.0},{"damage":3.0,"enemies":"Centurion and Healer","floor":21.0,"turns":4.0},{"damage":7.0,"enemies":"Shelled Parasite and Fungi","floor":22.0,"turns":3.0},{"damage":43.0,"enemies":"Gremlin Leader","floor":28.0,"turns":5.0},{"damage":14.0,"enemies":"Sentry and Sphere","floor":29.0,"turns":4.0},{"damage":0.0,"enemies":"Centurion and Healer","floor":30.0,"turns":2.0},{"damage":20.0,"enemies":"Collector","floor":33.0,"turns":9.0},{"damage":0,"enemies":"Orb Walker","floor":35,"turns":3},{"damage":24,"enemies":"Mind Bloom Boss Battle","floor":36,"turns":7},{"damage":33,"enemies":"3 Darklings","floor":37,"turns":2}],"seed_played":"-5722419677932067300","potions_obtained":[{"floor":1.0,"key":"Explosive Potion"},{"floor":2.0,"key":"Weak Potion"},{"floor":4.0,"key":"Ancient Potion"},{"floor":7.0,"key":"FearPotion"},{"floor":8.0,"key":"SpeedPotion"},{"floor":12.0,"key":"Swift Potion"},{"floor":20.0,"key":"SpeedPotion"},{"floor":22.0,"key":"Weak Potion"},{"floor":28.0,"key":"LiquidMemories"},{"floor":30.0,"key":"Strength Potion"}],"is_trial":false,"path_per_floor":["M","M","M","M","M","E","M","E","T","E","R","M","R","M","R","B",null,"M","?","M","M","M","R","T","R","T","?","E","M","M","?","R","B",null,"M","?","M"],"character_chosen":"THE_SILENT","items_purchased":[],"campfire_rested":5,"item_purchase_floors":[],"current_hp_per_floor":[58,58,56,56,56,40,23,14,14,13,34,28,49,49,49,39,64,33,33,33,30,23,44,44,65,65,65,22,8,8,8,29,9,56,56,32,0,0],"gold":1119,"neow_bonus":"TEN_PERCENT_HP_BONUS","is_daily":false,"chose_seed":false,"campfire_upgraded":1,"win_rate":0.0,"timestamp":1608091296,"path_taken":["M","M","M","M","M","E","M","E","T","E","R","M","R","M","R","BOSS","M","?","M","M","M","R","?","R","T","?","E","M","M","?","R","BOSS","M","?","M"],"items_purchased_type":[],"build_version":"2020-12-07","purchased_purges":0,"victory":false,"max_hp_per_floor":[72,72,72,72,72,72,72,72,72,72,72,72,72,72,72,72,72,72,72,72,72,72,72,72,72,72,72,72,72,72,72,72,72,72,72,72,72,72],"card_choices":[{"not_picked":["Quick Slash","Concentrate"],"picked":"Endless Agony","floor":1.0},{"not_picked":["Escape Plan","Outmaneuver"],"picked":"Endless Agony","floor":2.0},{"not_picked":["Setup","Backflip"],"picked":"Bane","floor":3.0},{"not_picked":["Distraction","Dodge and Roll"],"picked":"Backflip","floor":4.0},{"not_picked":["Slice","Dodge and Roll"],"picked":"Deadly Poison","floor":5.0},{"not_picked":["Cloak And Dagger","Blade Dance"],"picked":"Sucker Punch","floor":6.0},{"not_picked":["Envenom","PiercingWail"],"picked":"Flying Knee","floor":7.0},{"not_picked":["Choke","Slice"],"picked":"Sucker Punch","floor":8.0},{"not_picked":["Dash","Corpse Explosion"],"picked":"Noxious Fumes","floor":10.0},{"not_picked":["Blade Dance","Blur"],"picked":"Bane","floor":12.0},{"not_picked":["PiercingWail","Dodge and Roll"],"picked":"Slice","floor":14.0},{"not_picked":["Bane","Distraction","Blade Dance"],"picked":"SKIP","floor":18.0},{"not_picked":["Dash","Flying Knee"],"picked":"Dagger Throw","floor":20.0},{"not_picked":["Prepared","Acrobatics","Bouncing Flask"],"picked":"SKIP","floor":21.0},{"not_picked":["Blur","Outmaneuver"],"picked":"Poisoned Stab","floor":22.0},{"not_picked":["Flechettes","Malaise"],"picked":"Cloak And Dagger+1","floor":28.0},{"not_picked":["Blade Dance","Deadly Poison"],"picked":"Slice+1","floor":29.0},{"not_picked":["Tactician","Slice"],"picked":"Dagger Throw","floor":30.0},{"not_picked":["Finisher","Outmaneuver"],"picked":"Noxious Fumes","floor":35},{"not_picked":["Blade Dance+1","Dagger Throw"],"picked":"Cloak And Dagger","floor":36}],"player_experience":4145426,"relics_obtained":[{"floor":6.0,"key":"MawBank"},{"floor":8.0,"key":"Vajra"},{"floor":9.0,"key":"Oddly Smooth Stone"},{"floor":10.0,"key":"Shuriken"},{"floor":24.0,"key":"Boot"},{"floor":26.0,"key":"PreservedInsect"},{"floor":28.0,"key":"Snake Skull"},{"floor":36,"key":"Turnip"}],"event_choices":[{"damage_healed":0.0,"max_hp_gain":0.0,"max_hp_loss":0.0,"gold_gain":50.0,"event_name":"Golden Shrine","player_choice":"Pray","floor":19.0,"gold_loss":0.0,"damage_taken":0.0},{"damage_healed":0.0,"max_hp_gain":0.0,"max_hp_loss":0.0,"gold_gain":0.0,"event_name":"Ghosts","player_choice":"Ignored","floor":27.0,"gold_loss":0.0,"damage_taken":0.0},{"damage_healed":0.0,"max_hp_gain":0.0,"max_hp_loss":0.0,"gold_gain":0.0,"event_name":"Cursed Tome","player_choice":"Ignored","floor":31.0,"gold_loss":0.0,"damage_taken":0.0},{"damage_healed":0,"gold_gain":0,"player_choice":"Fight","damage_taken":0,"max_hp_gain":0,"max_hp_loss":0,"event_name":"MindBloom","floor":36,"gold_loss":0}],"is_beta":true,"boss_relics":[{"not_picked":["Calling Bell","Black Star"],"picked":"Astrolabe"},{"not_picked":["Ring of the Serpent","SlaversCollar"],"picked":"WristBlade"}],"items_purged_floors":[],"is_endless":false,"potions_floor_spawned":[1,2,4,7,8,12,20,22,28,30],"killed_by":"3 Darklings","ascension_level":15}}