{"host":"1c52r9kaxdyo25eq","time":1608137688,"event":{"mods":["AchievementEnabler","BaseMod","Minty Spire (QoL Compilation)","Rare Cards Sparkle","SuperFastMode","everything is the same but u backflip on backflip"],"gold_per_floor":[116,131,131,142,142,142,67,67,67,82,99,99,125,140,140,140,140],"floor_reached":16,"playtime":331,"items_purged":["Defend_G"],"score":204,"play_id":"46b3b7c4-310c-4d38-aad2-9a5249c10df0","local_time":"20201217015448","is_ascension_mode":true,"campfire_choices":[{"data":"Quick Slash","floor":6.0,"key":"SMITH"},{"floor":12.0,"key":"REST"},{"data":"Riddle With Holes","floor":15,"key":"SMITH"}],"circlet_count":0,"master_deck":["AscendersBane","Strike_G","Strike_G","Strike_G","Strike_G","Defend_G","Defend_G","Defend_G+1","Survivor","Neutralize","Backflip","Crippling Poison+1","Quick Slash+1","Riddle With Holes+1","Adrenaline"],"relics":["Ring of the Snake","Oddly Smooth Stone","Art of War"],"acts_visited":["Exordium"],"potions_floor_usage":[],"damage_taken":[{"damage":0.0,"enemies":"Cultist","floor":1.0,"turns":4.0},{"damage":0.0,"enemies":"2 Louse","floor":2.0,"turns":3.0},{"damage":8.0,"enemies":"Jaw Worm","floor":4.0,"turns":5.0},{"damage":3.0,"enemies":"2 Fungi Beasts","floor":10.0,"turns":3.0},{"damage":12.0,"enemies":"Gremlin Gang","floor":11.0,"turns":3.0},{"damage":20.0,"enemies":"Lagavulin","floor":13.0,"turns":6.0},{"damage":0.0,"enemies":"Large Slime","floor":14.0,"turns":6.0},{"damage":9,"enemies":"Slime Boss","floor":16,"turns":5}],"seed_played":"-3922316759514819625","potions_obtained":[{"floor":1.0,"key":"SteroidPotion"},{"floor":2.0,"key":"SteroidPotion"}],"is_trial":false,"path_per_floor":["M","M","?","M","?","R","$","?","T","M","M","R","E","M","R","B"],"character_chosen":"THE_SILENT","items_purchased":[],"campfire_rested":1,"item_purchase_floors":[],"current_hp_per_floor":[59,59,59,51,33,33,33,33,33,30,18,36,16,16,16,7,7],"gold":140,"neow_bonus":"REMOVE_TWO","is_daily":false,"chose_seed":false,"campfire_upgraded":2,"win_rate":0.0,"timestamp":1608137688,"path_taken":["M","M","?","M","?","R","?","?","T","M","?","R","E","M","R","BOSS"],"items_purchased_type":[],"build_version":"2020-12-13","purchased_purges":1,"victory":false,"max_hp_per_floor":[60,60,60,60,60,60,60,60,60,60,60,60,60,60,60,60,60],"card_choices":[{"not_picked":["Sucker Punch","Poisoned Stab"],"picked":"Backflip","floor":1.0},{"not_picked":["Flying Knee","Corpse Explosion"],"picked":"Crippling Poison","floor":2.0},{"not_picked":["Blur","Slice","Quick Slash"],"picked":"SKIP","floor":4.0},{"not_picked":["Blur","Slice"],"picked":"Quick Slash","floor":4.0},{"not_picked":["Backflip","Acrobatics","Riddle With Holes"],"picked":"SKIP","floor":10.0},{"not_picked":["Backflip","Acrobatics"],"picked":"Riddle With Holes","floor":10.0},{"not_picked":["Underhanded Strike","PiercingWail","Distraction"],"picked":"SKIP","floor":11.0},{"not_picked":["Slice","Crippling Poison","Cloak And Dagger"],"picked":"SKIP","floor":13.0},{"not_picked":["Outmaneuver","Crippling Poison"],"picked":"Adrenaline","floor":14.0}],"player_experience":488731,"relics_obtained":[{"floor":13.0,"key":"Art of War"}],"event_choices":[{"damage_healed":0.0,"max_hp_gain":0.0,"max_hp_loss":0.0,"gold_gain":0.0,"event_name":"Liars Game","player_choice":"Ignored","floor":3.0,"gold_loss":0.0,"damage_taken":0.0},{"damage_healed":0.0,"max_hp_gain":0.0,"max_hp_loss":0.0,"gold_gain":0.0,"event_name":"Shining Light","player_choice":"Entered Light","floor":5.0,"gold_loss":0.0,"damage_taken":18.0,"cards_upgraded":["Crippling Poison","Defend_G"]},{"damage_healed":0.0,"max_hp_gain":0.0,"max_hp_loss":0.0,"gold_gain":0.0,"event_name":"WeMeetAgain","player_choice":"Gave Potion","floor":8.0,"gold_loss":0.0,"damage_taken":0.0,"relics_obtained":["Oddly Smooth Stone"]}],"is_beta":false,"boss_relics":[],"items_purged_floors":[7],"is_endless":false,"potions_floor_spawned":[1,2,4],"killed_by":"Slime Boss","ascension_level":20}}