{"host":"eydwxg59205c3vtl","time":1608140567,"event":{"mods":["2.2 Compatiblity","BaseMod","Colored Map","Colored Powertips","Hubris","Minty Spire (QoL Compilation)","StSLib","The Necromancer"],"gold_per_floor":[119,21,21,39,39,39,73,148,148,10,10,10,10,30,30,125,125,144,168,186,198,8,43,43,178,178,192,192,192,217,292,292,390,690,700,700,700,336,354,380,392,392,392,392,392,442,475,490,490,490],"floor_reached":51,"playtime":4506,"items_purged":["Strike_W","Strike_W","Regret"],"score":1356,"play_id":"f8832395-628d-4687-8ef3-769fb6c2d839","local_time":"20201216124247","is_ascension_mode":true,"campfire_choices":[{"data":"Shade_Step","floor":6.0,"key":"SMITH"},{"data":"Toxic_Smoke_Screen","floor":11.0,"key":"SMITH"},{"data":"Plague_Bolt","floor":13.0,"key":"SMITH"},{"data":"Toxic_Smoke_Screen","floor":15.0,"key":"SMITH"},{"data":"Bone_Shift","floor":24,"key":"SMITH"},{"data":"Negative_Energy_Arrows","floor":28,"key":"SMITH"},{"data":"Negative_Energy_Javelin","floor":32,"key":"SMITH"},{"data":"Spectral_Armor","floor":44,"key":"SMITH"},{"data":"Spectral_Armor","floor":49,"key":"SMITH"}],"circlet_count":0,"master_deck":["AscendersBane","Strike_W","Defend_W","Defend_W","Defend_W","Defend_W","Negative_Energy_Arrows+1","Bone_Wall","Plague_Bolt+1","Negative_Energy_Javelin+1","Shade_Step+1","Toxic_Smoke_Screen+1","Summon_Lich+1","Toxic_Smoke_Screen+1","Summon_Death_Knight+1","Spectral_Armor+1","Negative_Energy_Shield","Spectral_Armor+1","Bone_Shift+1","Summon_Undead","Cloudkill","Requiem","CurseOfTheBell","Summon_Vampire_Lady+1","Summon_Vampire_Lady+1","Bone_Shift+1","Negative_Energy_Shield+1","Summon_Death_Knight+1","Siphon_Strength+1"],"relics":["Vampire_Amulet","NeowsBlessing","hubris:Towel","hubris:Icosahedron","Tiny Chest","Frozen Egg 2","Centennial Puzzle","Snecko Eye","Potion Belt","hubris:EmptyBottle","Blue Candle","Toy Ornithopter","Thread and Needle","Happy Flower","Toxic Egg 2","Calling Bell","Boot","Pantograph","Old Coin","Kunai","Mercury Hourglass","Nunchaku","Shuriken","hubris:Zylophone","Letter Opener"],"acts_visited":["Exordium","TheCity","TheBeyond"],"potions_floor_usage":[21,21,23,23,23,23,23,33,33,50,50,50,50,50,50,50,50,50,50,50,50,50,50,50,50,50,50,50],"damage_taken":[{"damage":0.0,"enemies":"Jaw Worm","floor":1.0,"turns":1.0},{"damage":0.0,"enemies":"Small Slimes","floor":4.0,"turns":1.0},{"damage":0.0,"enemies":"Lagavulin","floor":7.0,"turns":1.0},{"damage":2.0,"enemies":"2 Louse","floor":14.0,"turns":3.0},{"damage":34.0,"enemies":"Hexaghost","floor":16.0,"turns":8.0},{"damage":10.0,"enemies":"Chosen","floor":18.0,"turns":5.0},{"damage":4.0,"enemies":"3 Byrds","floor":20.0,"turns":3.0},{"damage":7,"enemies":"Snake Plant","floor":21,"turns":6},{"damage":38,"enemies":"Gremlin Leader","floor":23,"turns":8},{"damage":3,"enemies":"Book of Stabbing","floor":25,"turns":6},{"damage":7,"enemies":"Centurion and Healer","floor":27,"turns":10},{"damage":10,"enemies":"Collector","floor":33,"turns":8},{"damage":1,"enemies":"Orb Walker","floor":35,"turns":3},{"damage":12,"enemies":"3 Darklings","floor":39,"turns":3},{"damage":2,"enemies":"Giant Head","floor":40,"turns":7},{"damage":1,"enemies":"Maw","floor":41,"turns":6},{"damage":10,"enemies":"2 Orb Walkers","floor":46,"turns":4},{"damage":13,"enemies":"Reptomancer","floor":47,"turns":5},{"damage":1,"enemies":"Transient","floor":48,"turns":5},{"damage":3,"enemies":"Donu and Deca","floor":50,"turns":2}],"seed_played":"7014369018412992638","potions_obtained":[{"floor":1.0,"key":"Block Potion"},{"floor":14.0,"key":"Weak Potion"},{"floor":18.0,"key":"EntropicBrew"},{"floor":20.0,"key":"CultistPotion"},{"floor":23,"key":"Swift Potion"},{"floor":39,"key":"Ancient Potion"},{"floor":40,"key":"SteroidPotion"},{"floor":46,"key":"DistilledChaos"},{"floor":48,"key":"PowerPotion"}],"is_trial":false,"path_per_floor":["M","$","?","M","?","R","E","?","T","$","R","?","R","M","R","B",null,"M","T","M","M","$","E","R","E","T","M","R","?","T","T","R","B",null,"M","?","?","$","M","E","M","T","T","R","?","?","E","M","R","B",null],"character_chosen":"NECROMANCER","items_purchased":["Negative_Energy_Javelin","Summon_Lich+1","hubris:EmptyBottle","Spectral_Armor","Kunai"],"campfire_rested":0,"item_purchase_floors":[2,10,22,22,38],"current_hp_per_floor":[70,70,70,74,74,74,75,64,64,64,64,64,64,66,66,34,65,57,57,59,54,54,55,55,54,54,51,51,51,51,51,51,75,75,75,75,75,75,72,75,75,75,75,75,75,67,75,75,75,75],"gold":490,"neow_bonus":"THREE_ENEMY_KILL","is_daily":false,"chose_seed":false,"campfire_upgraded":9,"win_rate":0.0,"timestamp":1608140567,"path_taken":["M","$","?","M","?","R","E","?","T","?","R","?","R","M","R","BOSS","M","?","?","M","$","E","R","E","T","M","R","?","?","?","R","BOSS","M","?","?","$","?","E","M","?","T","R","?","?","E","M","R","BOSS"],"items_purchased_type":["Card","Card","Relic","Card","Relic"],"build_version":"2020-12-13","purchased_purges":3,"victory":true,"max_hp_per_floor":[75,75,75,75,75,75,75,75,75,75,75,75,75,75,75,75,75,75,75,75,75,75,75,75,75,75,75,75,75,75,75,75,75,75,75,75,75,75,75,75,75,75,75,75,75,75,75,75,75,75],"card_choices":[{"not_picked":["Blood_Curse","Vampiric_Strike"],"picked":"Plague_Bolt","floor":1.0},{"not_picked":["Bone_Spikes","Summon_Lich"],"picked":"Shade_Step","floor":4.0},{"not_picked":["Blood_Whip","Bone_Bullets"],"picked":"Toxic_Smoke_Screen","floor":7.0},{"not_picked":["Death_Knell","Negative_Energy_Mist"],"picked":"Toxic_Smoke_Screen","floor":14.0},{"not_picked":["Reap_The_Weak","Detonate_Bones"],"picked":"Summon_Death_Knight+1","floor":16.0},{"not_picked":["Scare","Negative_Energy_Sphere"],"picked":"Spectral_Armor","floor":18.0},{"not_picked":["Corrupt","Necrotic_Claws"],"picked":"Negative_Energy_Shield","floor":20.0},{"not_picked":["Corrupt","Negative_Energy_Shield","Death_Coil"],"picked":"SKIP","floor":21},{"not_picked":["Negative_Energy_Bomb","Chill_Blood+1"],"picked":"Bone_Shift","floor":23},{"not_picked":["Spectral_Armor","Bone_Bullets"],"picked":"Summon_Undead","floor":25},{"not_picked":["Shackles_Of_Pain","Strike_from_Beyond"],"picked":"Cloudkill","floor":27},{"not_picked":["Blood_Magic+1","Blood_Wake"],"picked":"Requiem","floor":33},{"not_picked":["Blood_Whip+1","Bone_Spikes"],"picked":"Summon_Vampire_Lady+1","floor":35},{"not_picked":["Toxic_Smoke_Screen+1","Vampiric_Strike"],"picked":"Bone_Shift+1","floor":39},{"not_picked":["Negative_Energy_Sphere+1","Detonate_Bones","Death_March_Dance+1"],"picked":"SKIP","floor":40},{"not_picked":["Consume_Illness+1","Life_Drain"],"picked":"Negative_Energy_Shield+1","floor":41},{"not_picked":["Stop_Heart+1","Bone_Bullets"],"picked":"Summon_Death_Knight+1","floor":47},{"not_picked":["Bone_Bullets+1","Bone_Armor+1"],"picked":"Siphon_Strength+1","floor":48}],"player_experience":531264,"relics_obtained":[{"floor":7.0,"key":"Tiny Chest"},{"floor":9.0,"key":"Frozen Egg 2"},{"floor":19.0,"key":"Potion Belt"},{"floor":23,"key":"Blue Candle"},{"floor":25,"key":"Toy Ornithopter"},{"floor":26,"key":"Thread and Needle"},{"floor":30,"key":"Happy Flower"},{"floor":31,"key":"Toxic Egg 2"},{"floor":34,"key":"Boot"},{"floor":34,"key":"Pantograph"},{"floor":34,"key":"Old Coin"},{"floor":40,"key":"Mercury Hourglass"},{"floor":42,"key":"Nunchaku"},{"floor":43,"key":"Shuriken"},{"floor":46,"key":"hubris:Zylophone"},{"floor":47,"key":"Letter Opener"}],"event_choices":[{"damage_healed":0.0,"max_hp_gain":0.0,"max_hp_loss":0.0,"gold_gain":75.0,"event_name":"World of Goop","player_choice":"Gather Gold","floor":8.0,"gold_loss":0.0,"damage_taken":11.0},{"damage_healed":0.0,"max_hp_gain":0.0,"max_hp_loss":0.0,"gold_gain":0.0,"event_name":"Big Fish","player_choice":"Box","floor":12.0,"gold_loss":0.0,"damage_taken":0.0,"relics_obtained":["Centennial Puzzle"],"cards_obtained":["Regret"]},{"damage_healed":0,"gold_gain":0,"player_choice":"Ignored","damage_taken":0,"max_hp_gain":0,"max_hp_loss":0,"event_name":"Ghosts","floor":29,"gold_loss":0},{"cards_removed":["Strike_W"],"damage_healed":0,"gold_gain":0,"player_choice":"Removed Attack","damage_taken":0,"max_hp_gain":0,"max_hp_loss":0,"event_name":"Falling","floor":36,"gold_loss":0},{"damage_healed":0,"gold_gain":0,"player_choice":"Copied","damage_taken":0,"max_hp_gain":0,"max_hp_loss":0,"event_name":"Duplicator","floor":37,"gold_loss":0,"cards_obtained":["Summon_Vampire_Lady"]},{"damage_healed":0,"gold_gain":0,"player_choice":"Ignored","damage_taken":0,"max_hp_gain":0,"max_hp_loss":0,"event_name":"Tomb of Lord Red Mask","floor":45,"gold_loss":0},{"damage_healed":0,"gold_gain":0,"player_choice":"Fight","damage_taken":0,"max_hp_gain":0,"max_hp_loss":0,"event_name":"Mysterious Sphere","floor":46,"gold_loss":0}],"is_beta":false,"boss_relics":[{"not_picked":["Velvet Choker","hubris:HollowSoul"],"picked":"Snecko Eye"},{"not_picked":["hubris:Stopwatch","hubris:GrandSneckoEye"],"picked":"Calling Bell"}],"items_purged_floors":[2,10,38],"is_endless":false,"potions_floor_spawned":[1,14,18,20,23,39,40,46,48],"ascension_level":10}}