{"host":"b94931fzay7ri6da","time":1608099611,"event":{"mods":["AchievementEnabler","BaseMod","Colored Map","Colored Powertips","Downfall","Minty Spire (QoL Compilation)","Quick Restart","StSLib","SuperFastMode"],"gold_per_floor":[116,134,152,152,172,186,186,59,59,93,93,93,107,107,107],"floor_reached":14,"playtime":463,"items_purged":[],"score":92,"play_id":"f1a8e4b1-94bf-4488-9d22-69192e65a31f","local_time":"20201216062011","is_ascension_mode":false,"campfire_choices":[{"data":"PathToVictory","floor":11,"key":"SMITH"}],"circlet_count":0,"master_deck":["Strike_P","Strike_P","Strike_P","Strike_P","Defend_P+1","Defend_P","Defend_P","Defend_P","Eruption","Vigilance","PathToVictory","PathToVictory+1","CutThroughFate","Adaptation","FlurryOfBlows","Nirvana","ThirdEye","LessonLearned","PathToVictory"],"relics":["PureWater","GoldenEye","Sundial"],"acts_visited":["Exordium"],"potions_floor_usage":[],"damage_taken":[{"damage":6,"enemies":"Jaw Worm","floor":1,"turns":5},{"damage":0,"enemies":"Cultist","floor":2,"turns":2},{"damage":0,"enemies":"2 Louse","floor":3,"turns":2},{"damage":0,"enemies":"2 Fungi Beasts","floor":5,"turns":2},{"damage":9,"enemies":"Blue Slaver","floor":6,"turns":4},{"damage":38,"enemies":"Gremlin Nob","floor":10,"turns":5},{"damage":4,"enemies":"3 Louse","floor":13,"turns":4},{"damage":54,"enemies":"Lagavulin","floor":14,"turns":3}],"seed_played":"-1832417097969689222","potions_obtained":[{"floor":2,"key":"Guardian:BlockOnCardUsePotion"},{"floor":6,"key":"hexamod:EctoCoolerPotion"},{"floor":10,"key":"PowerPotion"}],"is_trial":false,"path_per_floor":["M","M","M","?","M","M","?","$","T","E","R","?","M","E"],"character_chosen":"WATCHER","items_purchased":["Nirvana","ThirdEye"],"campfire_rested":0,"item_purchase_floors":[8,8],"current_hp_per_floor":[73,73,73,66,66,57,57,57,57,19,19,45,41,0,0],"gold":107,"neow_bonus":"TEN_PERCENT_HP_BONUS","is_daily":false,"chose_seed":false,"campfire_upgraded":1,"win_rate":0.0,"timestamp":1608099611,"path_taken":["M","M","M","?","?","M","?","$","T","E","R","?","M","E"],"items_purchased_type":["Card","Card"],"build_version":"2020-12-13","purchased_purges":0,"victory":false,"max_hp_per_floor":[79,79,79,79,79,79,79,79,79,79,79,79,79,79,79],"card_choices":[{"not_picked":["FlyingSleeves","ThirdEye"],"picked":"PathToVictory","floor":1},{"not_picked":["Perseverance","FearNoEvil"],"picked":"PathToVictory","floor":2},{"not_picked":["ThirdEye","Protect"],"picked":"CutThroughFate","floor":3},{"not_picked":["FollowUp","WheelKick"],"picked":"Adaptation","floor":5},{"not_picked":["LikeWater","EmptyBody"],"picked":"FlurryOfBlows","floor":6},{"not_picked":["Protect","EmptyBody"],"picked":"LessonLearned","floor":10},{"not_picked":["WindmillStrike","Weave"],"picked":"PathToVictory","floor":13}],"player_experience":292927,"relics_obtained":[{"floor":9,"key":"GoldenEye"},{"floor":10,"key":"Sundial"}],"event_choices":[{"damage_healed":0,"gold_gain":0,"player_choice":"Damaged","damage_taken":7,"max_hp_gain":0,"max_hp_loss":0,"event_name":"Wheel of Change","floor":4,"gold_loss":0},{"damage_healed":0,"gold_gain":0,"player_choice":"Ignored","damage_taken":0,"max_hp_gain":0,"max_hp_loss":0,"event_name":"Golden Wing","floor":7,"gold_loss":0},{"damage_healed":26,"gold_gain":0,"player_choice":"Banana","damage_taken":0,"max_hp_gain":0,"max_hp_loss":0,"event_name":"Big Fish","floor":12,"gold_loss":0}],"is_beta":false,"boss_relics":[],"items_purged_floors":[],"is_endless":false,"potions_floor_spawned":[2,6,10,13],"killed_by":"Lagavulin","ascension_level":0}}