{"host":"dwyzfvnzfcqffr30","time":1608115474,"event":{"mods":["2.2 Compatiblity","Act Like it!","BaseMod","Beaked The Cultist","Better Altar","Better Sensory Stone","Better Third Choice","Clockwork Mod","Colored Map","Colored Powertips","Conspire","Elementarium","GifTheSpireLib","Halation","Hubris","Jedi Mod","Menagerie","Mimic Mod","Minty Spire (QoL Compilation)","Permanent Neow","Random Character Button","Replay The Spire","Spicy Shops","StSLib","Stuff the Spire","The Construct","The Druid","TheFirefly","Trackpad","vexMod"],"gold_per_floor":[361,380,380,403,51,51,82,82,82,207,207,230,230,385,385,506,506,520,540,553,15,28,163,163,163,163],"floor_reached":25,"playtime":1862,"items_purged":["Clumsy"],"score":328,"play_id":"8f3975f4-5c1d-41c7-b9d3-9e58c7aff8df","local_time":"20201216024434","is_ascension_mode":true,"campfire_choices":[{"data":"construct:Autoturret+1","floor":6,"key":"SMITH"},{"data":"construct:Zapper+1","floor":8,"key":"SMITH"},{"data":"construct:Zapper+1","floor":11,"key":"SMITH"},{"floor":13,"key":"REST"},{"data":"construct:Synchronize+1","floor":15,"key":"SMITH"},{"floor":24,"key":"REST"}],"circlet_count":0,"master_deck":["construct:Strike_Gold+1","construct:Strike_Gold+1","construct:Strike_Gold+1","construct:Strike_Gold+1","construct:Strike_Gold+1","construct:Defend_Gold+1","construct:Defend_Gold+1","construct:Defend_Gold+1","construct:Defend_Gold+1","construct:Defend_Gold+1","construct:AttackMode+1","construct:DefenseMode+1","MasterReality+1","construct:GuardCore+1","construct:SweepLaser+1","construct:Autoturret+2","construct:Zapper+2","construct:Zapper+2","construct:Synchronize+2","construct:MemoryTap+1","construct:Isolate+1","construct:Boost+1","construct:Autoturret+1","construct:Failsafe+1"],"relics":["construct:ClockworkPhoenix","Molten Egg 2","Toxic Egg 2","Frozen Egg 2","Quantum Egg","Bottled Tornado","Golden Idol","hubris:64BitClover","trackpad:Mousetrap","StuffTheSpire:TintedRock","jedi:HeartOfTheCards","TungstenRod","hubris:Teleporter","halation:LoveArrow","Counterbalance","vexMod:Cooldron","ReplayTheSpireMod:Ninjato"],"acts_visited":["Menagerie:Menagerie","Elementarium:Elementarium"],"potions_floor_usage":[10,14,19,19,22],"damage_taken":[{"damage":6,"enemies":"Menagerie:WhisperingWraith","floor":1,"turns":4},{"damage":0,"enemies":"Menagerie:MonstrousExperiment","floor":2,"turns":3},{"damage":0,"enemies":"Menagerie:StygianBoar","floor":4,"turns":2},{"damage":19,"enemies":"Menagerie:Hydra","floor":7,"turns":4},{"damage":12,"enemies":"Menagerie:VoidReaper","floor":10,"turns":6},{"damage":0,"enemies":"Menagerie:MaskedSummoner","floor":14,"turns":6},{"damage":3,"enemies":"Menagerie:AVATARS","floor":16,"turns":4},{"damage":9,"enemies":"Elementarium:2_ELEMENTALS","floor":18,"turns":3},{"damage":0,"enemies":"Elementarium:MUD_AND_TAR_GOLEMS","floor":19,"turns":3},{"damage":17,"enemies":"Elementarium:RubyGolem","floor":20,"turns":4},{"damage":17,"enemies":"Elementarium:VOID_CORRUPTION_AND_ORB_OF_FIRE","floor":22,"turns":3},{"damage":11,"enemies":"Elementarium:ElementalPortal","floor":23,"turns":5},{"damage":43,"enemies":"Elementarium:WarGolem","floor":25,"turns":3}],"seed_played":"-5780515490683040056","potions_obtained":[{"floor":1,"key":"Swift Potion"},{"floor":4,"key":"CultistPotion"},{"floor":10,"key":"BlessingOfTheForge"},{"floor":18,"key":"Energy Potion"},{"floor":20,"key":"Adrenaline Potion"}],"is_trial":false,"path_per_floor":["M","M","?","M","$","R","E","R","T","E","R","T","R","E","R_BF","B",null,"M","M","M","$","M","E","R","E"],"character_chosen":"THE_CONSTRUCT_MOD","items_purchased":["hubris:64BitClover","trackpad:Mousetrap","Counterbalance","vexMod:Cooldron","construct:Autoturret+1"],"campfire_rested":2,"item_purchase_floors":[5,5,21,21,21],"current_hp_per_floor":[71,71,71,71,71,71,52,52,52,40,40,40,61,61,61,58,68,62,62,45,45,28,21,42,0,0],"gold":163,"neow_bonus":"TWO_FIFTY_GOLD","is_daily":false,"chose_seed":false,"campfire_upgraded":4,"win_rate":0.0,"timestamp":1608115474,"path_taken":["M","M","?","M","$","R","E","R","T","E","R","?","R","E","R_BF","BOSS","M","M","M","?","M","E","R","E"],"items_purchased_type":["Relic","Relic","Relic","Relic","Card"],"build_version":"2020-12-13","purchased_purges":1,"victory":false,"max_hp_per_floor":[77,77,71,71,71,71,71,71,71,71,71,71,71,71,71,71,71,71,71,71,71,71,71,71,71,71],"card_choices":[{"not_picked":["construct:BatteryAcid+1","construct:Impenetrable+1"],"picked":"construct:GuardCore+1","floor":1},{"not_picked":["construct:ScopeCore+1","construct:VentSteam+1"],"picked":"construct:SweepLaser+1","floor":2},{"not_picked":["construct:SaveState+1","construct:CripplingShot+1"],"picked":"construct:Autoturret+1","floor":4},{"not_picked":["construct:Analyze+1","construct:BatteryAcid+1"],"picked":"construct:Zapper+1","floor":7},{"not_picked":["construct:Analyze+1","construct:MassProduction+1"],"picked":"construct:Zapper+1","floor":10},{"not_picked":["construct:Autoturret+1","construct:SuppressiveFire+1"],"picked":"construct:Synchronize+1","floor":14},{"not_picked":["construct:ShieldGenerator+1","construct:HyperBeam+1"],"picked":"construct:MemoryTap+1","floor":16},{"not_picked":["construct:ShiftStrike+1","construct:OneWayMirror+1"],"picked":"construct:Isolate+1","floor":18},{"not_picked":["construct:SweepLaser+1","construct:GuardCore+1"],"picked":"construct:Boost+1","floor":19},{"not_picked":["construct:ScrapCannon+1","construct:HyperBeam+1","construct:SuppressiveFire+1"],"picked":"SKIP","floor":20},{"not_picked":["construct:FocusedBeam+1","construct:Autoturret+1","construct:Dampening+1"],"picked":"SKIP","floor":22},{"not_picked":["construct:ShieldBurst+1","construct:Backup+1"],"picked":"construct:Failsafe+1","floor":23}],"player_experience":1229307,"relics_obtained":[{"floor":7,"key":"StuffTheSpire:TintedRock"},{"floor":9,"key":"jedi:HeartOfTheCards"},{"floor":10,"key":"TungstenRod"},{"floor":14,"key":"hubris:Teleporter"},{"floor":23,"key":"ReplayTheSpireMod:Ninjato"}],"event_choices":[{"damage_healed":0,"gold_gain":0,"player_choice":"Simplicity","damage_taken":0,"max_hp_gain":0,"max_hp_loss":10,"event_name":"betterThird:BetterWriting","floor":0,"gold_loss":0},{"damage_healed":0,"gold_gain":0,"player_choice":"Upgraded","damage_taken":0,"max_hp_gain":0,"max_hp_loss":0,"event_name":"Upgrade Shrine","floor":0,"gold_loss":0,"cards_upgraded":["construct:AttackMode"]},{"damage_healed":0,"gold_gain":0,"player_choice":"Upgraded","damage_taken":0,"max_hp_gain":0,"max_hp_loss":0,"event_name":"Upgrade Shrine","floor":0,"gold_loss":0,"cards_upgraded":["construct:DefenseMode"]},{"damage_healed":0,"gold_gain":0,"player_choice":"Lose Max HP","damage_taken":0,"relics_obtained":["Golden Idol"],"max_hp_gain":0,"max_hp_loss":6,"event_name":"Golden Idol","floor":3,"gold_loss":0}],"is_beta":false,"boss_relics":[{"not_picked":["vexMod:NewClearReactor","Fusion Hammer"],"picked":"halation:LoveArrow"}],"items_purged_floors":[5],"is_endless":false,"potions_floor_spawned":[1,4,10,18,20],"killed_by":"Elementarium:WarGolem","ascension_level":6}}