{"host":"fsg5c3uzlzpyvbg8","time":1608154746,"event":{"mods":["BaseMod","Downfall","Minty Spire (QoL Compilation)","StSLib"],"gold_per_floor":[99,199,124,135,135,135,161,193,207,132,149,176,176,176,186,288,288,288,301,301,318,336,336,336,536,553,588,605,96,196,181,198,294,294,219,244,244,264,264,278,358,390,390,420,434,434,484,495,513,513,513,538,198,198,198],"floor_reached":56,"playtime":5584,"items_purged":["Guardian:Strike_Guardian","Guardian:Strike_Guardian"],"score":1378,"play_id":"cd622282-ba72-4841-9c62-3cbd714bab8f","local_time":"20201216153906","is_ascension_mode":false,"campfire_choices":[{"floor":1,"key":"RECALL"},{"data":"Guardian:TwinSlam","floor":3,"key":"SMITH"},{"data":"Guardian:CurlUp","floor":6,"key":"SMITH"},{"floor":10,"key":"REST"},{"data":"Guardian:BaubleBeam","floor":18,"key":"SMITH"},{"data":"Guardian:ChargeCore","floor":23,"key":"SMITH"},{"data":"Guardian:Strike_Guardian","floor":35,"key":"PURGE"},{"data":"Guardian:Suspension","floor":37,"key":"SMITH"},{"floor":39,"key":"REST"},{"data":"Guardian:Clone","floor":43,"key":"SMITH"},{"floor":54,"key":"REST"}],"circlet_count":0,"master_deck":["Guardian:Strike_Guardian","Guardian:Defend_Guardian","Guardian:Defend_Guardian","Guardian:Defend_Guardian","Guardian:CurlUp+1","Guardian:TwinSlam+1","Guardian:TemporalStrike+1","Guardian:Suspension+1","Guardian:ArmoredProtocol","Guardian:EvasiveProtocol","Guardian:PiercingHide","Guardian:BaubleBeam+1","Guardian:BronzeArmor","Guardian:ChargeCore+1","Guardian:RollAttack+1","Guardian:ShieldSpikes","Guardian:SpikerProtocol","Guardian:Orbwalk+1","Guardian:RevengeProtocol","Guardian:Clone+1","Guardian:BronzeArmor","expansioncontent:SlimeTackle","Guardian:ExploitGems","Guardian:Orbwalk"],"relics":["Guardian:ModeShifterPlus","downfall:HeartBlessingRed","Matryoshka","downfall:HeartBlessingBlue","Odd Mushroom","Guardian:PickAxe","Pen Nib","WingedGreaves","Du-Vu Doll","Shuriken","Mercury Hourglass","Peace Pipe","Meat on the Bone","Philosopher\u0027s Stone","downfall:HeartBlessingGreen","TungstenRod","Juzu Bracelet","Kunai","FossilizedHelix","Ice Cream","Bird Faced Urn","Pear","Bottled Flame","Boot"],"acts_visited":["Exordium","TheCity","TheBeyond","TheEnding"],"potions_floor_usage":[16,27,27,33,49,55,55,55],"damage_taken":[{"damage":0,"enemies":"Cultist","floor":4,"turns":3},{"damage":31,"enemies":"Gremlin Nob","floor":8,"turns":5},{"damage":0,"enemies":"Small Slimes","floor":9,"turns":3},{"damage":5,"enemies":"2 Louse","floor":11,"turns":2},{"damage":9,"enemies":"The Mushroom Lair","floor":12,"turns":4},{"damage":2,"enemies":"Large Slime","floor":15,"turns":6},{"damage":45,"enemies":"downfall:Defect","floor":16,"turns":9},{"damage":1,"enemies":"3 Byrds","floor":19,"turns":3},{"damage":0,"enemies":"Centurion and Healer","floor":21,"turns":5},{"damage":0,"enemies":"Snecko","floor":22,"turns":5},{"damage":1,"enemies":"Shelled Parasite and Fungi","floor":26,"turns":4},{"damage":0,"enemies":"Gremlin Leader","floor":27,"turns":2},{"damage":0,"enemies":"Cultist and Chosen","floor":28,"turns":4},{"damage":0,"enemies":"downfall:FleeingMerchant","floor":29,"turns":4},{"damage":15,"enemies":"downfall:Silent","floor":30,"turns":5},{"damage":1,"enemies":"downfall:FleeingMerchant","floor":31,"turns":4},{"damage":1,"enemies":"Snake Plant","floor":32,"turns":2},{"damage":50,"enemies":"downfall:Ironclad","floor":33,"turns":7},{"damage":21,"enemies":"Nemesis","floor":36,"turns":5},{"damage":17,"enemies":"Orb Walker","floor":38,"turns":4},{"damage":1,"enemies":"3 Shapes","floor":40,"turns":3},{"damage":0,"enemies":"Giant Head","floor":42,"turns":7},{"damage":0,"enemies":"Nemesis","floor":44,"turns":5},{"damage":0,"enemies":"3 Darklings","floor":45,"turns":2},{"damage":4,"enemies":"Mind Bloom Boss Battle","floor":47,"turns":5},{"damage":4,"enemies":"downfall:FleeingMerchant","floor":48,"turns":3},{"damage":14,"enemies":"Writhing Mass","floor":49,"turns":3},{"damage":0,"enemies":"downfall:Watcher","floor":50,"turns":6},{"damage":44,"enemies":"downfall:CharBossMerchant","floor":52,"turns":9},{"damage":89,"enemies":"downfall:NeowBoss","floor":55,"turns":22}],"seed_played":"-410952511348343027","potions_obtained":[{"floor":8,"key":"PowerPotion"},{"floor":9,"key":"FearPotion"},{"floor":15,"key":"LiquidMemories"},{"floor":20,"key":"Regen Potion"},{"floor":28,"key":"Explosive Potion"},{"floor":30,"key":"SkillPotion"},{"floor":33,"key":"Explosive Potion"},{"floor":36,"key":"PowerPotion"},{"floor":49,"key":"Energy Potion"}],"is_trial":false,"path_per_floor":["R","?","R","M","?","R","T","E","M","R","M","?","?","?","M","B",null,"R","M","?","M","M","R","T","?","M","E","M","$","?","$","M","B",null,"R","E","R","M","R","M","T","E","R","E","M","?","?","$","M","B",null,"E","$","R","B",null],"character_chosen":"GUARDIAN","items_purchased":["Shuriken","Mercury Hourglass","Pear","Boot","Guardian:Orbwalk","champ:CounterPotion"],"campfire_rested":3,"item_purchase_floors":[29,29,48,53,53,53],"current_hp_per_floor":[80,80,80,80,80,80,80,49,49,86,81,72,72,72,70,25,90,90,89,89,89,89,89,89,89,88,88,88,88,73,72,71,33,90,90,69,69,52,79,78,78,78,78,78,78,78,74,84,74,82,100,59,59,89,35],"gold":198,"neow_bonus":"THREE_CARDS","is_daily":false,"chose_seed":false,"campfire_upgraded":6,"win_rate":0.0,"timestamp":1608154746,"path_taken":["R","?","R","M","?","R","T","E","M","R","M","?","?","?","M","BOSS","R","M","?","M","?","R","T","?","M","E","?","$","?","?","M","BOSS","R","E","R","M","R","M","T","E","R","E","M","?","?","$","M","BOSS","E","$","R","BOSS"],"items_purchased_type":["Relic","Relic","Relic","Relic","Card","Potion"],"build_version":"2020-12-13","purchased_purges":2,"victory":true,"max_hp_per_floor":[80,80,80,80,80,80,80,80,80,90,90,90,90,90,90,90,90,90,90,90,90,90,90,90,90,90,90,90,90,90,90,90,90,90,90,90,90,90,90,90,90,90,90,90,90,90,90,100,100,100,100,100,100,100,100],"card_choices":[{"not_picked":["Guardian:ShieldCharger","Guardian:Gem_Green"],"picked":"Guardian:Gem_Cyan","floor":0},{"not_picked":["Guardian:VentSteam","Guardian:PrismaticBarrier","Guardian:SentryBeam"],"picked":"SKIP","floor":4},{"not_picked":["Guardian:Reroute","Guardian:Planning"],"picked":"Guardian:TemporalStrike","floor":8},{"not_picked":["Guardian:TemporalShield","Guardian:Repulse"],"picked":"Guardian:Suspension","floor":9},{"not_picked":["Guardian:MultiBeam","Guardian:Gem_Lightblue"],"picked":"Guardian:ArmoredProtocol","floor":11},{"not_picked":["Guardian:Suspension","Guardian:Gem_Lightblue"],"picked":"Guardian:EvasiveProtocol","floor":12},{"not_picked":["Guardian:Reroute","Guardian:TemporalShield"],"picked":"Guardian:PiercingHide","floor":15},{"not_picked":["Guardian:Gem_Orange","Guardian:TimeSifter"],"picked":"Guardian:BaubleBeam","floor":16},{"not_picked":["Guardian:Recover","Guardian:TemporalShield+1"],"picked":"Guardian:Gem_Red","floor":19},{"not_picked":["Guardian:Suspension+1","Guardian:DonusPower"],"picked":"Guardian:BronzeArmor","floor":21},{"not_picked":["Guardian:PiercingHide","Guardian:TemporalShield"],"picked":"Guardian:ChargeCore","floor":22},{"not_picked":["Guardian:ConstructionForm","Guardian:PiercingHide+1"],"picked":"Guardian:RollAttack+1","floor":26},{"not_picked":["Guardian:PrimingBeam","Guardian:PiercingHide"],"picked":"Guardian:ShieldSpikes","floor":27},{"not_picked":["Guardian:PiercingHide","Guardian:SentryBeam+1","Guardian:VentSteam"],"picked":"SKIP","floor":28},{"not_picked":["Guardian:RollAttack+1","Guardian:Gem_Lightblue"],"picked":"Guardian:SpikerProtocol","floor":29},{"not_picked":["Guardian:Gem_Red","Guardian:Planning"],"picked":"Guardian:Orbwalk+1","floor":30},{"not_picked":["Guardian:Reroute","Guardian:Recover","Guardian:PrimingBeam"],"picked":"SKIP","floor":31},{"not_picked":["Guardian:Suspension","Guardian:TemporalStrike+1","Guardian:FastForward"],"picked":"SKIP","floor":32},{"not_picked":["Guardian:Gem_Synthetic","Guardian:StasisStrike"],"picked":"Guardian:RevengeProtocol","floor":33},{"not_picked":["Guardian:ChargeCore","Guardian:ShieldSpikes+1","Guardian:EvasiveProtocol+1"],"picked":"SKIP","floor":36},{"not_picked":["Guardian:BronzeArmor+1","Guardian:TemporalStrike+1"],"picked":"Guardian:Gem_Red","floor":38},{"not_picked":["Guardian:Recover+1","Guardian:Suspension"],"picked":"Guardian:Clone","floor":40},{"not_picked":["Guardian:TemporalShield+1","Guardian:Clone","Guardian:GuardianWhirl+1"],"picked":"SKIP","floor":42},{"not_picked":["Guardian:Incinerate","Guardian:Preprogram+1","Guardian:Gem_Cyan"],"picked":"SKIP","floor":44},{"not_picked":["Guardian:ShieldSpikes","Guardian:Gem_Fragmented","Guardian:Reroute+1"],"picked":"SKIP","floor":45},{"not_picked":["Guardian:RefractedBeam","Guardian:Gem_Green"],"picked":"Guardian:ExploitGems","floor":48},{"not_picked":["Guardian:TemporalShield+1","Guardian:PiercingHide","Guardian:ArmoredProtocol"],"picked":"SKIP","floor":49},{"not_picked":["Guardian:ShieldSpikes","Guardian:PrimingBeam","Guardian:TemporalShield+1"],"picked":"SKIP","floor":52}],"player_experience":422628,"relics_obtained":[{"floor":8,"key":"Matryoshka"},{"floor":12,"key":"Odd Mushroom"},{"floor":24,"key":"Pen Nib"},{"floor":24,"key":"WingedGreaves"},{"floor":27,"key":"Du-Vu Doll"},{"floor":30,"key":"Peace Pipe"},{"floor":30,"key":"Meat on the Bone"},{"floor":36,"key":"TungstenRod"},{"floor":41,"key":"Juzu Bracelet"},{"floor":41,"key":"Kunai"},{"floor":42,"key":"FossilizedHelix"},{"floor":44,"key":"Ice Cream"},{"floor":47,"key":"Bird Faced Urn"},{"floor":52,"key":"Bottled Flame"}],"event_choices":[{"damage_healed":0,"gold_gain":0,"player_choice":"Fought Mushrooms","damage_taken":0,"max_hp_gain":0,"max_hp_loss":0,"event_name":"Mushrooms","floor":12,"gold_loss":0},{"damage_healed":0,"gold_gain":0,"player_choice":"Grow","damage_taken":0,"max_hp_gain":0,"max_hp_loss":0,"event_name":"Living Wall","floor":13,"gold_loss":0,"cards_upgraded":["Guardian:TemporalStrike"]},{"damage_healed":0,"gold_gain":0,"player_choice":"Got Potions","damage_taken":0,"max_hp_gain":0,"max_hp_loss":0,"event_name":"Lab","floor":20,"gold_loss":0},{"damage_healed":0,"gold_gain":200,"player_choice":"Gold","damage_taken":0,"max_hp_gain":0,"max_hp_loss":0,"event_name":"Wheel of Change","floor":25,"gold_loss":0}],"is_beta":false,"boss_relics":[{"not_picked":["Runic Dome","Coffee Dripper"],"picked":"Guardian:ModeShifterPlus"},{"not_picked":["Fusion Hammer","Velvet Choker"],"picked":"Philosopher\u0027s Stone"}],"items_purged_floors":[48,53],"is_endless":false,"potions_floor_spawned":[8,9,15,28,30,33,36,38,42,49],"ascension_level":0}}