{"host":"b94931fzay7ri6da","time":1608104775,"event":{"mods":["AchievementEnabler","BaseMod","Colored Map","Colored Powertips","Downfall","Minty Spire (QoL Compilation)","Quick Restart","StSLib","SuperFastMode"],"gold_per_floor":[212,224,74,92,54,54,82,108,108,108,108,108],"floor_reached":11,"playtime":383,"items_purged":[],"score":75,"play_id":"d69a6861-a013-4b0d-a92c-6dbb16661622","local_time":"20201216074615","is_ascension_mode":true,"campfire_choices":[{"data":"Eruption","floor":6,"key":"SMITH"}],"circlet_count":0,"master_deck":["Strike_P","Strike_P","Strike_P","Strike_P","Defend_P","Defend_P","Defend_P","Defend_P","Eruption+1","Vigilance","Prostrate","Conclude","Meditate","Worship","InnerPeace","Alpha+1"],"relics":["PureWater","Tiny Chest","Letter Opener","Odd Mushroom","Shuriken"],"acts_visited":["Exordium"],"potions_floor_usage":[11],"damage_taken":[{"damage":2,"enemies":"Small Slimes","floor":1,"turns":3},{"damage":0,"enemies":"Cultist","floor":2,"turns":2},{"damage":0,"enemies":"Jaw Worm","floor":4,"turns":1},{"damage":23,"enemies":"Gremlin Nob","floor":7,"turns":4},{"damage":22,"enemies":"The Mushroom Lair","floor":8,"turns":4},{"damage":32,"enemies":"3 Sentries","floor":11,"turns":4}],"seed_played":"-1852206969342924154","potions_obtained":[{"floor":7,"key":"Ancient Potion"}],"is_trial":false,"path_per_floor":["M","M","$","M","$","R","E","?","T","?","E"],"character_chosen":"WATCHER","items_purchased":["Tiny Chest","Worship"],"campfire_rested":0,"item_purchase_floors":[3,5],"current_hp_per_floor":[70,70,70,70,70,70,47,25,25,25,0,0],"gold":108,"neow_bonus":"HUNDRED_GOLD","is_daily":false,"chose_seed":false,"campfire_upgraded":1,"win_rate":0.0,"timestamp":1608104775,"path_taken":["M","M","$","M","$","R","E","?","T","?","E"],"items_purchased_type":["Relic","Card"],"build_version":"2020-12-13","purchased_purges":0,"victory":false,"max_hp_per_floor":[72,72,72,72,72,72,72,72,72,72,72,72],"card_choices":[{"not_picked":["InnerPeace","FollowUp"],"picked":"Prostrate","floor":1},{"not_picked":["Evaluate","ThirdEye"],"picked":"Conclude","floor":2},{"not_picked":["ClearTheMind","Wireheading"],"picked":"Meditate","floor":4},{"not_picked":["FearNoEvil","Halt"],"picked":"InnerPeace","floor":7},{"not_picked":["MentalFortress","EmptyBody"],"picked":"Alpha","floor":8}],"player_experience":301927,"relics_obtained":[{"floor":7,"key":"Letter Opener"},{"floor":8,"key":"Odd Mushroom"},{"floor":9,"key":"Shuriken"}],"event_choices":[{"damage_healed":0,"gold_gain":0,"player_choice":"Fought Mushrooms","damage_taken":0,"max_hp_gain":0,"max_hp_loss":0,"event_name":"Mushrooms","floor":8,"gold_loss":0},{"damage_healed":0,"gold_gain":0,"player_choice":"Grow","damage_taken":0,"max_hp_gain":0,"max_hp_loss":0,"event_name":"Living Wall","floor":10,"gold_loss":0,"cards_upgraded":["Alpha"]}],"is_beta":false,"boss_relics":[],"items_purged_floors":[],"is_endless":false,"potions_floor_spawned":[7],"killed_by":"3 Sentries","ascension_level":1}}