{"host":"6xsbn6ynqlzwllfm","time":1608095667,"event":{"mods":["2.2 Compatiblity","BaseMod","Bestiary","Colored Map","Colored Powertips","Downfall","Googly Eyes","Highlight Path","Minty Spire (QoL Compilation)","Relic Stats","Slay the Relics Exporter","StSLib"],"gold_per_floor":[116,128,128,203,219,219,232,264,264,59,59,6,6,24,24,124,124,141,157,169,26,26,26,56,72,72,92,92,109,109,9,9,9,9],"floor_reached":33,"playtime":1343,"items_purged":["Guardian:Strike_Guardian","Guardian:Strike_Guardian"],"score":387,"play_id":"e112f925-1d9e-4429-9ecb-8586523635ee","local_time":"20201216001427","is_ascension_mode":true,"campfire_choices":[{"data":"Guardian:RefractedBeam+1","floor":6,"key":"SMITH"},{"floor":11,"key":"RECALL"},{"data":"Guardian:StasisField","floor":15,"key":"SMITH"},{"data":"Guardian:RevengeProtocol","floor":23,"key":"SMITH"},{"data":"Guardian:Clone","floor":28,"key":"SMITH"},{"data":"Guardian:BronzeArmor","floor":30,"key":"SMITH"},{"data":"Guardian:RefractedBeam+2","floor":32,"key":"SMITH"}],"circlet_count":0,"master_deck":["Guardian:Defend_Guardian","Guardian:Defend_Guardian","Guardian:Defend_Guardian","Guardian:Defend_Guardian","Guardian:CurlUp","Guardian:TwinSlam","Guardian:RefractedBeam+3","Guardian:ShieldSpikes","Guardian:Reroute","Guardian:BronzeArmor+1","Guardian:DonusPower","Guardian:Incinerate","Guardian:StasisField+1","Guardian:RevengeProtocol+1","Guardian:Planning","Guardian:PolyBeam","Guardian:Clone+1","Guardian:Recover+1","Guardian:TemporalShield+1"],"relics":["Cursed Key","Ice Cream","Empty Cage","Lee\u0027s Waffle","StoneCalendar"],"acts_visited":["Exordium","TheCity"],"potions_floor_usage":[16],"damage_taken":[{"damage":0,"enemies":"Jaw Worm","floor":1,"turns":3},{"damage":0,"enemies":"2 Louse","floor":2,"turns":2},{"damage":0,"enemies":"Small Slimes","floor":5,"turns":3},{"damage":21,"enemies":"Gremlin Gang","floor":7,"turns":5},{"damage":11,"enemies":"3 Sentries","floor":8,"turns":7},{"damage":1,"enemies":"Exordium Thugs","floor":14,"turns":4},{"damage":11,"enemies":"Hexaghost","floor":16,"turns":4},{"damage":7,"enemies":"2 Thieves","floor":18,"turns":4},{"damage":2,"enemies":"3 Byrds","floor":19,"turns":6},{"damage":13,"enemies":"Snecko","floor":20,"turns":3},{"damage":8,"enemies":"Book of Stabbing","floor":24,"turns":5},{"damage":4,"enemies":"Centurion and Healer","floor":25,"turns":5},{"damage":24,"enemies":"Snake Plant","floor":27,"turns":3},{"damage":7,"enemies":"Cultist and Chosen","floor":29,"turns":7},{"damage":47,"enemies":"Collector","floor":33,"turns":7}],"seed_played":"3246974146688162734","potions_obtained":[{"floor":7,"key":"SteroidPotion"},{"floor":8,"key":"SpeedPotion"},{"floor":27,"key":"PowerPotion"}],"is_trial":false,"path_per_floor":["M","M","?","?","M","R","M","E","T","$","R","$","?","M","R","B",null,"M","M","M","$","?","R","E","M","T","M","R","M","R","$","R","B"],"character_chosen":"GUARDIAN","items_purchased":["Guardian:Gem_Red","Guardian:DonusPower","Guardian:Incinerate","Lee\u0027s Waffle"],"campfire_rested":0,"item_purchase_floors":[10,10,12,21],"current_hp_per_floor":[72,72,72,61,61,61,40,29,29,29,29,29,29,28,28,17,64,57,55,42,87,87,87,79,75,75,51,51,44,44,44,44,0,0],"gold":9,"neow_bonus":"BOSS_RELIC","is_daily":false,"chose_seed":false,"campfire_upgraded":6,"win_rate":0.0,"timestamp":1608095667,"path_taken":["M","M","?","?","M","R","M","E","T","?","R","$","?","M","R","BOSS","M","?","M","$","?","R","E","?","T","M","R","M","R","?","R","BOSS"],"items_purchased_type":["Card","Card","Card","Relic"],"build_version":"2020-12-13","purchased_purges":2,"victory":false,"max_hp_per_floor":[80,80,80,80,80,80,80,80,80,80,80,80,80,80,80,80,80,80,80,80,87,87,87,87,87,87,87,87,87,87,87,87,87,87],"relic_stats":{"Lee\u0027s Waffle":45,"counters":[15,68],"StoneCalendar":[117],"Cursed Key":0,"obtain_stats":[{"Ice Cream":8,"Lee\u0027s Waffle":21,"Guardian:ModeShifter":0,"StoneCalendar":24,"Cursed Key":0,"Empty Cage":17},{"Ice Cream":5,"Lee\u0027s Waffle":10,"Guardian:ModeShifter":0,"StoneCalendar":11,"Cursed Key":0,"Empty Cage":7},{"Ice Cream":20,"Lee\u0027s Waffle":41,"Guardian:ModeShifter":0,"StoneCalendar":46,"Cursed Key":0,"Empty Cage":28}]},"card_choices":[{"not_picked":["Guardian:CrystalBeam","Guardian:VentSteam"],"picked":"Guardian:RefractedBeam","floor":1},{"not_picked":["Guardian:CrystalBeam","Guardian:PolyBeam"],"picked":"Guardian:ShieldSpikes","floor":2},{"not_picked":["Guardian:Gem_Lightblue","Guardian:RollAttack"],"picked":"Guardian:Reroute","floor":5},{"not_picked":["Guardian:Planning","Guardian:TemporalShield"],"picked":"Guardian:Gem_Red","floor":7},{"not_picked":["Guardian:Gem_Lightblue","Guardian:TemporalStrike"],"picked":"Guardian:BronzeArmor","floor":8},{"not_picked":["Guardian:Gem_Cyan","Guardian:PiercingHide"],"picked":"Guardian:Gem_Crimson","floor":14},{"not_picked":["Guardian:FierceBash","Guardian:GemFire"],"picked":"Guardian:RevengeProtocol","floor":16},{"not_picked":["Guardian:Recover","Guardian:Gem_Blue"],"picked":"Guardian:Planning","floor":18},{"not_picked":["Guardian:EvasiveProtocol","Guardian:Reroute+1"],"picked":"Guardian:PolyBeam","floor":19},{"not_picked":["Guardian:Gem_Lightblue","Guardian:Gem_Red"],"picked":"Guardian:Clone","floor":20},{"not_picked":["Guardian:PiercingHide","Guardian:HyperBeam_Guardian"],"picked":"Guardian:Gem_Blue","floor":24},{"not_picked":["Guardian:PrismaticBarrier","Guardian:Gem_Cyan"],"picked":"Guardian:Recover+1","floor":25},{"not_picked":["Guardian:WalkerClaw","Guardian:RollAttack"],"picked":"Guardian:TemporalShield+1","floor":27},{"not_picked":["Guardian:ShieldCharger","Guardian:Planning","Guardian:PrimingBeam"],"picked":"SKIP","floor":29}],"player_experience":1196804,"relics_obtained":[{"floor":8,"key":"Ice Cream"},{"floor":24,"key":"StoneCalendar"}],"event_choices":[{"damage_healed":0,"gold_gain":0,"player_choice":"Grow","damage_taken":0,"max_hp_gain":0,"max_hp_loss":0,"event_name":"Living Wall","floor":3,"gold_loss":0,"cards_upgraded":["Guardian:RefractedBeam"]},{"damage_healed":0,"gold_gain":75,"player_choice":"Gather Gold","damage_taken":11,"max_hp_gain":0,"max_hp_loss":0,"event_name":"World of Goop","floor":4,"gold_loss":0},{"damage_healed":0,"gold_gain":0,"player_choice":"2 cards matched","damage_taken":0,"max_hp_gain":0,"max_hp_loss":0,"event_name":"Match and Keep!","floor":13,"gold_loss":0,"cards_obtained":["Guardian:Gem_Red","Guardian:StasisField"]}],"is_beta":false,"boss_relics":[{"not_picked":["Snecko Eye","Fusion Hammer"],"picked":"Empty Cage"}],"items_purged_floors":[10,31],"is_endless":false,"potions_floor_spawned":[7,8,27],"killed_by":"Collector","ascension_level":9}}