{"host":"wshh0nphwn6jv7vj","time":1608138455,"event":{"mods":["BaseMod","Bestiary","Minty Spire (QoL Compilation)"],"gold_per_floor":[113,129,129,140,140,174,187,187,214,226,255,39,49,68,68,141,141,157,3,17,89,89,89],"floor_reached":22,"playtime":1577,"items_purged":["Strike_G","Strike_G"],"score":329,"play_id":"b0a3c419-52d6-4d87-a03f-5a9632a992b1","local_time":"20201216120735","is_ascension_mode":true,"campfire_choices":[{"data":"Neutralize","floor":8,"key":"SMITH"},{"data":"Caltrops","floor":10,"key":"SMITH"},{"floor":15,"key":"REST"}],"circlet_count":0,"master_deck":["AscendersBane","Strike_G","Strike_G+1","Strike_G+1","Defend_G","Defend_G","Defend_G","Defend_G","Defend_G","Survivor","Neutralize+1","Slice","Dodge and Roll","Blade Dance","Dagger Throw","Caltrops+1","Skewer","Deflect","Blur","Burst","Escape Plan","Backflip","PiercingWail"],"relics":["Ring of the Snake","NeowsBlessing","Snake Skull","MawBank","Regal Pillow","Fusion Hammer","Matryoshka"],"acts_visited":["Exordium","TheCity"],"potions_floor_usage":[6,7,7,22,22],"damage_taken":[{"damage":0,"enemies":"Jaw Worm","floor":1,"turns":1},{"damage":0,"enemies":"2 Louse","floor":2,"turns":1},{"damage":0,"enemies":"Cultist","floor":4,"turns":1},{"damage":8,"enemies":"3 Sentries","floor":6,"turns":13},{"damage":9,"enemies":"Exordium Thugs","floor":7,"turns":4},{"damage":21,"enemies":"Gremlin Gang","floor":11,"turns":5},{"damage":0,"enemies":"2 Fungi Beasts","floor":13,"turns":2},{"damage":0,"enemies":"Looter","floor":14,"turns":3},{"damage":24,"enemies":"Hexaghost","floor":16,"turns":13},{"damage":22,"enemies":"Spheric Guardian","floor":18,"turns":6},{"damage":4,"enemies":"3 Byrds","floor":20,"turns":1},{"damage":28,"enemies":"Cultist and Chosen","floor":22,"turns":8}],"seed_played":"6109177747449012491","potions_obtained":[{"floor":1,"key":"EssenceOfSteel"},{"floor":4,"key":"BlessingOfTheForge"},{"floor":6,"key":"Explosive Potion"},{"floor":16,"key":"Energy Potion"},{"floor":20,"key":"Explosive Potion"}],"is_trial":false,"path_per_floor":["M","M","?","M","?","E","M","R","T","R","M","$","M","M","R","B",null,"M","$","M","T","M"],"character_chosen":"THE_SILENT","items_purchased":["Regal Pillow","Backflip"],"campfire_rested":1,"item_purchase_floors":[12,19],"current_hp_per_floor":[59,59,59,59,39,31,22,22,22,22,1,1,1,1,35,11,52,30,30,26,26,0,0],"gold":89,"neow_bonus":"THREE_ENEMY_KILL","is_daily":false,"chose_seed":false,"campfire_upgraded":2,"win_rate":0.0,"timestamp":1608138455,"path_taken":["M","M","?","M","?","E","M","R","T","R","?","$","M","M","R","BOSS","M","$","?","?","M"],"items_purchased_type":["Relic","Card"],"build_version":"2020-12-13","purchased_purges":2,"victory":false,"max_hp_per_floor":[66,66,66,66,66,66,66,66,66,66,66,66,66,66,66,66,66,66,66,66,66,66,66],"card_choices":[{"not_picked":["Heel Hook","Catalyst"],"picked":"Slice","floor":1},{"not_picked":["Acrobatics","Flechettes"],"picked":"Dodge and Roll","floor":2},{"not_picked":["Bouncing Flask","Dagger Throw"],"picked":"Blade Dance","floor":4},{"not_picked":["Heel Hook","PiercingWail"],"picked":"Dagger Throw","floor":6},{"not_picked":["Dagger Throw","Endless Agony"],"picked":"Caltrops","floor":7},{"not_picked":["Acrobatics","Underhanded Strike"],"picked":"Skewer","floor":11},{"not_picked":["Calculated Gamble","Grand Finale"],"picked":"Deflect","floor":13},{"not_picked":["Flying Knee","Dagger Throw"],"picked":"Blur","floor":14},{"not_picked":["Adrenaline","Storm of Steel"],"picked":"Burst","floor":16},{"not_picked":["Dodge and Roll","Skewer"],"picked":"Escape Plan","floor":18},{"not_picked":["Concentrate+1","Reflex+1"],"picked":"PiercingWail","floor":20}],"player_experience":1423642,"relics_obtained":[{"floor":6,"key":"Snake Skull"},{"floor":9,"key":"MawBank"},{"floor":21,"key":"Matryoshka"}],"event_choices":[{"damage_healed":0,"gold_gain":0,"player_choice":"Ignored","damage_taken":0,"max_hp_gain":0,"max_hp_loss":0,"event_name":"Liars Game","floor":3,"gold_loss":0},{"damage_healed":0,"gold_gain":0,"player_choice":"Entered Light","damage_taken":20,"max_hp_gain":0,"max_hp_loss":0,"event_name":"Shining Light","floor":5,"gold_loss":0,"cards_upgraded":["Strike_G","Strike_G"]}],"is_beta":false,"boss_relics":[{"not_picked":["Ectoplasm","SacredBark"],"picked":"Fusion Hammer"}],"items_purged_floors":[12,19],"is_endless":false,"potions_floor_spawned":[1,4,6,16,20],"killed_by":"Cultist and Chosen","ascension_level":15}}