{"host":"94qggqh0xz0sp6ai","time":1608085344,"event":{"mods":["Abigail Mod","Act Like it!","BaseMod","CapriCore","Downfall","Friendly Minions","Gensokyo","Hermit","Jorbs\u0027s Wanderer Trilogy","Koishi","Marisa（霧雨　魔理沙）","Minty Spire (QoL Compilation)","Permanent Neow","Reimu（博??梦）","StSLib","The Alterego","The Construct","The Cursed","The Hierophant","The Immortal","The Senshi","The Servant 0.9.4","TheBandit","Waifu the Spire"],"gold_per_floor":[118,138,157,97,21,21,46,65,134,134,134,134,163,176,176,250,250,263,277,277,83,99,99,99,99,126,126,126,3,3,37,37,116,116,126,126,45,58,58,58],"floor_reached":39,"playtime":1281,"items_purged":[],"score":865,"play_id":"865e5645-ac2e-49e1-ad5a-390348bbefc9","local_time":"20201215202224","is_ascension_mode":true,"campfire_choices":[{"data":"TheCursedMod:HellfireBreathing","floor":6,"key":"SMITH"},{"data":"TheCursedMod:FleshFromBone","floor":10,"key":"SMITH"},{"data":"TheCursedMod:CursedWand","floor":12,"key":"SMITH"},{"data":"TheCursedMod:FleshFromBone","floor":15,"key":"SMITH"},{"floor":23,"key":"REST"},{"data":"TheCursedMod:VoidForm","floor":25,"key":"SMITH"},{"data":"TheCursedMod:LuckyCharm","floor":30,"key":"SMITH"},{"data":"TheCursedMod:TacticalStrike","floor":32,"key":"SMITH"}],"circlet_count":0,"master_deck":["AscendersBane","TheCursedMod:Strike_TheCursed","TheCursedMod:Strike_TheCursed","TheCursedMod:Strike_TheCursed","TheCursedMod:Strike_TheCursed","TheCursedMod:Defend_TheCursed","TheCursedMod:Defend_TheCursed","TheCursedMod:Defend_TheCursed","TheCursedMod:Defend_TheCursed","TheCursedMod:CursedWand+1","TheCursedMod:CleanUpWorkshop","TheCursedMod:Dregs","TheCursedMod:CollectTribute","TheCursedMod:SpitefulStrike","TheCursedMod:HellfireBreathing+1","TheCursedMod:HellsGateOpen","TheCursedMod:StingEye","TheCursedMod:FleshFromBone+1","TheCursedMod:ManaBullet","TheCursedMod:FleshFromBone","TheCursedMod:FleshFromBone+1","TheCursedMod:VoidForm+1","TheCursedMod:RapidMovement","TheCursedMod:CursedAmulet","TheCursedMod:SurpriseAttack","TheCursedMod:TacticalStrike+1","TheCursedMod:RapidMovement+1","TheCursedMod:LuckyCharm+1","TheCursedMod:RapidMovement","TheCursedMod:WearCloak","TheCursedMod:RavingStaff+1","TheCursedMod:DarkBarrier+1","TheCursedMod:AbyssShockwave","expansioncontent:CaCaw","TheCursedMod:LuckyCharm"],"relics":["TheCursedMod:BlackMagic101","PaintedHorse:ReiMu","Pocketwatch","Kunai","CultistMask","Dream Catcher","SlaversCollar","Anchor","Guardian:PocketSentry","Blue Candle","Philosopher\u0027s Stone"],"acts_visited":["Exordium","TheCity","TheBeyond"],"potions_floor_usage":[8,16,33],"damage_taken":[{"damage":4,"enemies":"2 Louse","floor":1,"turns":3},{"damage":5,"enemies":"Jaw Worm","floor":2,"turns":4},{"damage":0,"enemies":"Cultist","floor":3,"turns":3},{"damage":12,"enemies":"Lagavulin","floor":7,"turns":7},{"damage":1,"enemies":"Looter","floor":8,"turns":3},{"damage":8,"enemies":"Gremlin Nob","floor":13,"turns":4},{"damage":3,"enemies":"2 Fungi Beasts","floor":14,"turns":4},{"damage":9,"enemies":"Slime Boss","floor":16,"turns":10},{"damage":1,"enemies":"Spheric Guardian","floor":18,"turns":5},{"damage":2,"enemies":"Chosen","floor":19,"turns":4},{"damage":14,"enemies":"Centurion and Healer","floor":22,"turns":5},{"damage":0,"enemies":"Book of Stabbing","floor":31,"turns":5},{"damage":8,"enemies":"Collector","floor":33,"turns":8},{"damage":1,"enemies":"Orb Walker","floor":35,"turns":5},{"damage":41,"enemies":"3 Darklings","floor":38,"turns":4},{"damage":24,"enemies":"Sphere and 2 Shapes","floor":39,"turns":3}],"seed_played":"-8250751697740902428","potions_obtained":[{"floor":1,"key":"FearPotion"},{"floor":3,"key":"LiquidMemories"},{"floor":8,"key":"AttackPotion"},{"floor":18,"key":"PowerPotion"},{"floor":38,"key":"LiquidBronze"}],"is_trial":false,"path_per_floor":["M","M","M","?","$","R","E","M","T","R","?","R","E","M","R","B",null,"M","M","?","$","M","R","?","R","T","?","?","$","R","E","R","B",null,"M","?","$","M","M"],"character_chosen":"THE_CURSED","items_purchased":["TheCursedMod:StingEye","Anchor","TheCursedMod:SurpriseAttack","TheCursedMod:LuckyCharm","TheCursedMod:RapidMovement","TheCursedMod:WearCloak","expansioncontent:CaCaw"],"campfire_rested":1,"item_purchase_floors":[5,21,21,29,29,29,37],"current_hp_per_floor":[60,55,55,55,55,55,43,42,42,42,42,42,34,31,31,22,59,58,56,36,36,22,44,44,44,44,44,38,38,38,38,38,30,65,64,64,64,23,0,0],"gold":58,"neow_bonus":"ONE_RANDOM_RARE_CARD","is_daily":false,"chose_seed":false,"campfire_upgraded":7,"win_rate":0.0,"timestamp":1608085344,"path_taken":["M","M","M","?","$","R","E","M","T","R","?","R","E","M","R","BOSS","M","M","?","$","M","R","?","R","T","?","?","$","R","E","R","BOSS","M","?","$","M","?"],"items_purchased_type":["Card","Relic","Card","Card","Card","Card","Card"],"build_version":"2020-12-13","purchased_purges":0,"victory":false,"max_hp_per_floor":[71,71,71,71,71,71,71,71,71,71,71,71,71,71,71,71,71,71,71,76,76,76,76,76,76,76,76,76,76,76,76,76,76,76,76,76,76,76,76,76],"card_choices":[{"not_picked":["TheCursedMod:CursedBlade","TheCursedMod:SurpriseAttack"],"picked":"TheCursedMod:SpitefulStrike","floor":1},{"not_picked":["TheCursedMod:CursedAmulet","TheCursedMod:CursedMace"],"picked":"TheCursedMod:HellfireBreathing","floor":2},{"not_picked":["TheCursedMod:ReleasedKnowledge","TheCursedMod:AbyssShockwave"],"picked":"TheCursedMod:HellsGateOpen","floor":3},{"not_picked":["TheCursedMod:CursedBoomerang","TheCursedMod:BlessingInDisguise"],"picked":"TheCursedMod:FleshFromBone","floor":7},{"not_picked":["TheCursedMod:CursedBlade","TheCursedMod:CollectTribute"],"picked":"TheCursedMod:ManaBullet","floor":8},{"not_picked":["TheCursedMod:CursedArmor","TheCursedMod:DoubleShield"],"picked":"TheCursedMod:FleshFromBone","floor":13},{"not_picked":["TheCursedMod:Torture","TheCursedMod:CursedMace"],"picked":"TheCursedMod:FleshFromBone","floor":14},{"not_picked":["TheCursedMod:UltimatePain","TheCursedMod:ForbiddenAlchemy"],"picked":"TheCursedMod:VoidForm","floor":16},{"not_picked":["TheCursedMod:CursedStaff+1","TheCursedMod:SmokeScreen"],"picked":"TheCursedMod:RapidMovement","floor":18},{"not_picked":["TheCursedMod:CursedBlade","TheCursedMod:SurpriseAttack"],"picked":"TheCursedMod:CursedAmulet","floor":19},{"not_picked":["TheCursedMod:CursedBoomerang","TheCursedMod:CircleOfCorruption"],"picked":"TheCursedMod:TacticalStrike","floor":22},{"not_picked":["TheCursedMod:CollectTribute","TheCursedMod:TacticalStrike+1"],"picked":"TheCursedMod:RapidMovement+1","floor":23},{"not_picked":["TheCursedMod:CursedShiv","TheCursedMod:SpreadPlague"],"picked":"TheCursedMod:RavingStaff+1","floor":31},{"not_picked":["TheCursedMod:ParallelWorld","TheCursedMod:CursedRelics"],"picked":"TheCursedMod:DarkBarrier","floor":33},{"not_picked":["TheCursedMod:Torture","TheCursedMod:CircleOfCorruption"],"picked":"TheCursedMod:AbyssShockwave","floor":35},{"not_picked":["TheCursedMod:CircleOfCorruption","TheCursedMod:CursedShiv"],"picked":"TheCursedMod:LuckyCharm","floor":38}],"player_experience":1393873,"relics_obtained":[{"floor":7,"key":"Pocketwatch"},{"floor":9,"key":"Kunai"},{"floor":13,"key":"Dream Catcher"},{"floor":26,"key":"Guardian:PocketSentry"},{"floor":31,"key":"Blue Candle"}],"event_choices":[{"damage_healed":0,"gold_gain":0,"player_choice":"Donate","damage_taken":0,"relics_obtained":["PaintedHorse:ReiMu"],"max_hp_gain":0,"max_hp_loss":0,"event_name":"yidonshenshe","floor":4,"gold_loss":60},{"damage_healed":0,"gold_gain":0,"player_choice":"Trade","damage_taken":0,"relics_obtained":["CultistMask"],"max_hp_gain":0,"max_hp_loss":0,"event_name":"FaceTrader","floor":11,"gold_loss":0},{"damage_healed":0,"gold_gain":0,"player_choice":"Shed Blood","damage_taken":25,"max_hp_gain":5,"max_hp_loss":0,"event_name":"Forgotten Altar","floor":20,"gold_loss":0},{"damage_healed":0,"gold_gain":0,"player_choice":"Ignored","damage_taken":0,"max_hp_gain":0,"max_hp_loss":0,"event_name":"Vampires","floor":27,"gold_loss":0},{"damage_healed":0,"gold_gain":0,"player_choice":"","damage_taken":6,"max_hp_gain":0,"max_hp_loss":0,"event_name":"Knowing Skull","floor":28,"potions_obtained":[],"gold_loss":0,"cards_obtained":[]},{"damage_healed":0,"gold_gain":0,"player_choice":"Upgraded","damage_taken":0,"max_hp_gain":0,"max_hp_loss":0,"event_name":"Upgrade Shrine","floor":36,"gold_loss":0,"cards_upgraded":["TheCursedMod:DarkBarrier"]}],"is_beta":false,"boss_relics":[{"not_picked":["theSenshi:MoonKaleidoScopeRelic","Sozu"],"picked":"SlaversCollar"},{"not_picked":["Runic Pyramid","Fusion Hammer"],"picked":"Philosopher\u0027s Stone"}],"items_purged_floors":[],"is_endless":false,"potions_floor_spawned":[1,3,8,13,14,18,31,38],"killed_by":"Sphere and 2 Shapes","ascension_level":15}}