{"host":"sav7uxregyirlf69","time":1608138324,"event":{"mods":["AchievementEnabler","BaseMod","Colored Map","DeckTracker","Keyboard Shortcuts","Minty Spire (QoL Compilation)","READ ME - Guardian Mod","StSLib","SuperFastMode"],"gold_per_floor":[210,230,230,230,230,257,257,288,364,364,374,394,409,420,420,494,544,556,606,521,446,33,61,61,61,61],"floor_reached":25,"playtime":430,"items_purged":["Strike_G"],"score":458,"play_id":"5ac5ae5e-b0e0-42f4-ab83-ba5166e766da","local_time":"20201217020524","is_ascension_mode":true,"campfire_choices":[{"floor":7,"key":"REST"},{"data":"Bouncing Flask","floor":10,"key":"SMITH"},{"data":"Noxious Fumes","floor":15,"key":"SMITH"},{"data":"Venomology","floor":24,"key":"SMITH"}],"circlet_count":0,"master_deck":["AscendersBane","Strike_G+1","Strike_G+1","Strike_G","Defend_G","Defend_G+1","Defend_G","Defend_G","Defend_G","Survivor+1","Neutralize+1","Poisoned Stab","Dash","Venomology+1","Bouncing Flask+1","Noxious Fumes+1","Leg Sweep","Deadly Poison","Corpse Explosion","Footwork","Tactician","Wraith Form v2"],"relics":["Ring of the Snake","War Paint","Strawberry","Snake Skull","Mercury Hourglass","Tiny House","Tiny Chest","TheAbacus","Orichalcum"],"acts_visited":["Exordium","TheCity"],"potions_floor_usage":[6,8,8,12,13,14,16,16,18,18,18,23,25,25],"damage_taken":[{"damage":6,"enemies":"Cultist","floor":1,"turns":4},{"damage":0,"enemies":"2 Louse","floor":2,"turns":3},{"damage":17,"enemies":"3 Sentries","floor":6,"turns":5},{"damage":18,"enemies":"Gremlin Nob","floor":8,"turns":4},{"damage":0,"enemies":"Small Slimes","floor":11,"turns":3},{"damage":0,"enemies":"Exordium Thugs","floor":12,"turns":3},{"damage":0,"enemies":"2 Fungi Beasts","floor":13,"turns":3},{"damage":0,"enemies":"Exordium Wildlife","floor":14,"turns":2},{"damage":4,"enemies":"Hexaghost","floor":16,"turns":7},{"damage":18,"enemies":"3 Byrds","floor":18,"turns":5},{"damage":19,"enemies":"Book of Stabbing","floor":23,"turns":7},{"damage":36,"enemies":"Gremlin Leader","floor":25,"turns":5}],"seed_played":"-3568295399427223142","potions_obtained":[{"floor":2,"key":"LiquidBronze"},{"floor":6,"key":"SkillPotion"},{"floor":8,"key":"Explosive Potion"},{"floor":13,"key":"Strength Potion"},{"floor":17,"key":"SneckoOil"},{"floor":18,"key":"Block Potion"}],"is_trial":false,"path_per_floor":["M","M","?","?","?","E","R","E","T","R","M","M","M","M","R","B",null,"M","?","?","?","$","E","R","E"],"character_chosen":"THE_SILENT","items_purchased":["Footwork","Tactician","TheAbacus"],"campfire_rested":1,"item_purchase_floors":[22,22,22],"current_hp_per_floor":[53,53,48,28,28,18,39,21,21,21,21,21,21,21,21,17,64,46,46,46,46,46,27,27,0,0],"gold":61,"neow_bonus":"HUNDRED_GOLD","is_daily":false,"chose_seed":false,"campfire_upgraded":3,"win_rate":0.0,"timestamp":1608138324,"path_taken":["M","M","?","?","?","E","R","E","T","R","M","?","M","M","R","BOSS","M","?","?","?","$","E","R","E"],"items_purchased_type":["Card","Card","Relic"],"build_version":"2020-12-13","purchased_purges":1,"victory":false,"max_hp_per_floor":[66,66,66,66,66,73,73,73,73,73,73,73,73,73,73,73,78,78,78,78,78,78,78,78,78,78],"card_choices":[{"not_picked":["Blade Dance","Backflip"],"picked":"Poisoned Stab","floor":1},{"not_picked":["Calculated Gamble","Concentrate"],"picked":"Dash","floor":2},{"not_picked":["Caltrops","Slice","All Out Attack"],"picked":"SKIP","floor":6},{"not_picked":["Bullet Time","Phantasmal Killer"],"picked":"Bouncing Flask","floor":8},{"not_picked":["Predator","Dagger Spray"],"picked":"Noxious Fumes","floor":11},{"not_picked":["Calculated Gamble","Sucker Punch"],"picked":"Leg Sweep","floor":12},{"not_picked":["Bane","Outmaneuver"],"picked":"Deadly Poison","floor":13},{"not_picked":["Finisher","Cloak And Dagger","Expertise"],"picked":"SKIP","floor":14},{"not_picked":["Malaise","A Thousand Cuts"],"picked":"Corpse Explosion","floor":16},{"not_picked":["Acrobatics","Dagger Spray+1","Prepared"],"picked":"SKIP","floor":18},{"not_picked":["Acrobatics","Sucker Punch"],"picked":"Wraith Form v2","floor":23}],"player_experience":926173,"relics_obtained":[{"floor":6,"key":"Strawberry"},{"floor":8,"key":"Snake Skull"},{"floor":9,"key":"Mercury Hourglass"},{"floor":23,"key":"Orichalcum"}],"event_choices":[{"damage_healed":0,"gold_gain":0,"player_choice":"Success","damage_taken":5,"relics_obtained":["War Paint"],"max_hp_gain":0,"max_hp_loss":0,"event_name":"Scrap Ooze","floor":3,"gold_loss":0},{"damage_healed":0,"gold_gain":0,"player_choice":"Entered Light","damage_taken":20,"max_hp_gain":0,"max_hp_loss":0,"event_name":"Shining Light","floor":4,"gold_loss":0,"cards_upgraded":["Strike_G","Neutralize"]},{"damage_healed":0,"gold_gain":0,"player_choice":"1 cards matched","damage_taken":0,"max_hp_gain":0,"max_hp_loss":0,"event_name":"Match and Keep!","floor":5,"gold_loss":0,"cards_obtained":["Venomology"]},{"damage_healed":0,"gold_gain":50,"player_choice":"Stole From Cult","damage_taken":0,"max_hp_gain":0,"max_hp_loss":0,"event_name":"Nest","floor":19,"gold_loss":0},{"damage_healed":0,"gold_gain":0,"player_choice":"Obtained Relic","damage_taken":0,"relics_obtained":["Tiny Chest"],"max_hp_gain":0,"max_hp_loss":0,"event_name":"Addict","floor":20,"gold_loss":85},{"cards_removed":["Strike_G"],"damage_healed":0,"gold_gain":0,"player_choice":"Gave Gold","damage_taken":0,"max_hp_gain":0,"max_hp_loss":0,"event_name":"Beggar","floor":21,"gold_loss":75}],"is_beta":false,"boss_relics":[{"not_picked":["Sozu","Busted Crown"],"picked":"Tiny House"}],"items_purged_floors":[22],"is_endless":false,"potions_floor_spawned":[2,6,8,12,13,18],"killed_by":"Gremlin Leader","ascension_level":20}}