{"host":"1bqbj1s4pyvm9utn","time":1608089886,"event":{"mods":["AchievementEnabler","Aspiration","Bard","BaseMod","Beaked The Cultist","Better Altar","Better Match","Better Note","Better Sensory Stone","Better Skull","Better Third Choice","BetterRewards","CCEM","Clawfect","Colored Map","Conspire","Downfall","GifTheSpireLib","Halation","Hermit","Highlight Path","Hubris","Humility","Infinite Spire","Jedi Mod","Jorbs\u0027s Wanderer Trilogy","Mad Scientist","Marisa????????","Mimic Mod","Minty Spire (QoL Compilation)","Permanent Neow","Replay The Spire","Shade Mod","Shop Mod","Spicy Shops","StSLib","Stuff the Spire","The Bug Knight","The Construct","The Cursed","The Disciple","The Gatherer","The Hierophant","The Jungle","The Mystic","The Necromancer","The Runesmith","The Servant 0.9.4","The Spell Scribe","The Witch","Unceasing Turn Reminder","everything is the same but u backflip on backflip","slay the spire mod where everything is the same but ironclad has a cowboy hat","vexMod"],"gold_per_floor":[99,115,40,58,137,137,162,73,73,73,73,87,157,227,241,241,241],"floor_reached":16,"playtime":1259,"items_purged":[],"score":107,"play_id":"81e5ddcb-6f6c-4901-98db-ef73099d1ef8","local_time":"20201215193806","is_ascension_mode":true,"campfire_choices":[{"floor":1,"key":"RECALL"},{"data":"expansioncontent:LastStand","floor":3,"key":"SMITH"},{"floor":10,"key":"REST"}],"circlet_count":0,"master_deck":["hexamod:Strike+1","hexamod:Strike+1","hexamod:Strike+1","hexamod:Strike+1","hexamod:Defend","hexamod:Defend","hexamod:Defend","hexamod:Defend","hexamod:Sear","hexamod:Float","expansioncontent:LastStand+1","hexamod:SwordOfDarkness","hexamod:SpectersWail","hexamod:SpectersWail","hexamod:GhostLash","Magnetism","expansioncontent:YouAreMine","ReplayUltimateDefense","hexamod:ShieldOfDarkness","hexamod:EmpoweredFlame","hexamod:EtherealExpedition","hexamod:GhostOfSpireFuture"],"relics":["hexamod:SpiritBrand","downfall:HeartBlessingRed","hubris:MobiusCoin","ReplayTheSpireMod:ShopPack","Replay:Bottled Eggs"],"acts_visited":["Exordium"],"potions_floor_usage":[12,13,16,16],"damage_taken":[{"damage":0,"enemies":"Cultist","floor":2,"turns":3},{"damage":2,"enemies":"2 Louse","floor":4,"turns":3},{"damage":45,"enemies":"3 Sentries","floor":5,"turns":9},{"damage":0,"enemies":"downfall:FleeingMerchant","floor":8,"turns":4},{"damage":1,"enemies":"Jaw Worm","floor":12,"turns":3},{"damage":5,"enemies":"Lots of Slimes","floor":13,"turns":3},{"damage":2,"enemies":"Large Slime","floor":14,"turns":4},{"damage":0,"enemies":"Blue Slaver","floor":15,"turns":3},{"damage":39,"enemies":"downfall:Silent","floor":16,"turns":4}],"seed_played":"4609456554722221318","potions_obtained":[{"floor":5,"key":"Weak Potion"},{"floor":12,"key":"Energy Potion"},{"floor":14,"key":"CultistPotion"},{"floor":15,"key":"Venom Potion"}],"is_trial":false,"path_per_floor":["R","M","R","M","E","?","T","$","?","R","T","M","M","M","M","B"],"character_chosen":"THE_SPIRIT","items_purchased":["ReplayTheSpireMod:ShopPack"],"campfire_rested":1,"item_purchase_floors":[8],"current_hp_per_floor":[70,70,70,68,23,23,23,23,23,44,44,43,38,36,36,0,0],"gold":241,"neow_bonus":"RANDOM_COLORLESS","is_daily":false,"chose_seed":false,"campfire_upgraded":1,"win_rate":0.0,"timestamp":1608089886,"path_taken":["R_BF","M","R","M","E","?","T","$","?","R","?","M","?","M","M","BOSS"],"items_purchased_type":["Relic"],"build_version":"2020-12-13","purchased_purges":0,"victory":false,"max_hp_per_floor":[70,70,70,70,70,70,70,70,70,70,70,70,70,70,70,70,70],"card_choices":[{"not_picked":["Mind Blast","PanicButton"],"picked":"expansioncontent:LastStand","floor":0.0},{"not_picked":["hexamod:BacktrackSmack","hexamod:HeatMetal"],"picked":"hexamod:SwordOfDarkness","floor":2},{"not_picked":["hexamod:ShieldOfDarkness","hexamod:BacktrackSmack"],"picked":"hexamod:SpectersWail","floor":4},{"not_picked":["hexamod:WildfireWeapon","hexamod:SoulSteal"],"picked":"hexamod:SpectersWail","floor":5},{"not_picked":["hexamod:Haunt","hexamod:Again"],"picked":"hexamod:GhostLash","floor":8},{"not_picked":["expansioncontent:QuickStudy","Midas Touch"],"picked":"Magnetism","floor":8},{"not_picked":["Replay:Bootleg Shield Generator","expansioncontent:PrepareCrush"],"picked":"expansioncontent:YouAreMine","floor":8},{"not_picked":["hubris:EnhanceAbility","Replay:Bootleg Shield Generator"],"picked":"ReplayUltimateDefense","floor":8},{"not_picked":["hexamod:SpectersWail","hexamod:SpectralAdrenaline"],"picked":"hexamod:ShieldOfDarkness","floor":12},{"not_picked":["hexamod:Firestarter","hexamod:HauntingEcho"],"picked":"hexamod:EmpoweredFlame","floor":13},{"not_picked":["hexamod:BurningTouch","hexamod:UnleashSpirits"],"picked":"hexamod:EtherealExpedition","floor":14},{"not_picked":["hexamod:Firestarter","hexamod:GhostLash"],"picked":"hexamod:GhostOfSpireFuture","floor":15}],"player_experience":805714,"relics_obtained":[{"floor":5,"key":"hubris:MobiusCoin"},{"floor":11,"key":"Replay:Bottled Eggs"}],"event_choices":[{"damage_healed":0,"gold_gain":0,"player_choice":"Disagree","damage_taken":0,"max_hp_gain":0,"max_hp_loss":0,"event_name":"conspire:LoneGhost","floor":6,"gold_loss":0},{"damage_healed":0,"gold_gain":0,"player_choice":"LEAVE","damage_taken":0,"max_hp_gain":0,"max_hp_loss":0,"event_name":"betterThird:BetterScrap","floor":9,"gold_loss":0,"cards_obtained":["jedi:sharpshooter"]}],"is_beta":false,"boss_relics":[],"items_purged_floors":[],"is_endless":false,"potions_floor_spawned":[5,12,14,15],"killed_by":"downfall:Silent","ascension_level":1}}