{"host":"k4e6oxvdzzmkrew5","time":1608149257,"event":{"mods":["AchievementEnabler","BaseMod","BetterRewards","Clawfect","Colored Map","Custom Start","Highlight Path","Minty Spire (QoL Compilation)","Permanent Neow","Remove Card Discount Mod","Shop Mod","StSLib","Unceasing Turn Reminder"],"gold_per_floor":[109,409,359,359,534,562,617,647,674,692,692,708,708,56,56,154,154,171,171,270,299,233,268,287,487,487,503,517,529,555,14,14,113,113,124,124,124,135,182,210,227,241,267,267,278,312,312,32,32,32],"floor_reached":51,"playtime":3650,"items_purged":["Doubt","Offering"],"score":1001,"play_id":"8fb14047-38bb-4907-8f69-e96cff22c592","local_time":"20201216140737","is_ascension_mode":false,"campfire_choices":[{"data":"Catalyst","floor":11,"key":"SMITH"},{"data":"Bouncing Flask","floor":13,"key":"SMITH"},{"data":"Metallicize","floor":15,"key":"SMITH"},{"data":"Burst","floor":32,"key":"SMITH"},{"data":"Madness","floor":44,"key":"SMITH"},{"data":"Panacea","floor":49,"key":"SMITH"}],"circlet_count":0,"master_deck":["Good Instincts","Finesse","Trip","Bite+1","Bite+1","Bouncing Flask+1","Catalyst+1","Burst+1","Corpse Explosion+1","Bullet Time+1","Caltrops","Noxious Fumes","Demon Form+1","Metallicize+1","Barricade","Metallicize+1","Panacea+1","Madness+1","Inflame+1","Exhume+1","Madness+1","Berserk+1"],"relics":["Burning Blood","TwistedFunnel","The Specimen","War Paint","Unceasing Top","Snake Skull","Mummified Hand","Membership Card","The Courier","Bottled Flame","Bottled Lightning","Bottled Tornado","Black Star","Old Coin","Question Card","Gremlin Horn","Blood Vial","Blue Candle","Regal Pillow","MerchantsRug","Strange Spoon","Oddly Smooth Stone","Mango","HornCleat","Pear","Strawberry","Bag of Preparation","Eternal Feather","Philosopher\u0027s Stone","Red Mask","White Beast Statue","Frozen Egg 2","Sundial","PreservedInsect","MawBank","Pantograph","Paper Frog","Centennial Puzzle","Happy Flower","Toxic Egg 2","Pen Nib","Whetstone","Coffee Dripper","Turnip","Letter Opener","Shuriken","Anchor","Bag of Marbles","Singing Bowl","Molten Egg 2","Potion Belt","Bronze Scales"],"acts_visited":["Exordium","TheCity","TheBeyond"],"potions_floor_usage":[6,18,24,27,27,29,30,33,33,39,40,45,46,50,50],"damage_taken":[{"damage":0,"enemies":"2 Louse","floor":1,"turns":2},{"damage":16,"enemies":"Lagavulin","floor":6,"turns":3},{"damage":4,"enemies":"Gremlin Nob","floor":7,"turns":3},{"damage":21,"enemies":"3 Sentries","floor":8,"turns":3},{"damage":11,"enemies":"Small Slimes","floor":10,"turns":3},{"damage":1,"enemies":"Cultist","floor":12,"turns":3},{"damage":0,"enemies":"Slime Boss","floor":16,"turns":2},{"damage":0,"enemies":"Spheric Guardian","floor":18,"turns":2},{"damage":15,"enemies":"Masked Bandits","floor":21,"turns":2},{"damage":27,"enemies":"Slavers","floor":23,"turns":2},{"damage":0,"enemies":"Shell Parasite","floor":24,"turns":3},{"damage":0,"enemies":"Snake Plant","floor":27,"turns":3},{"damage":13,"enemies":"Shelled Parasite and Fungi","floor":28,"turns":3},{"damage":3,"enemies":"Centurion and Healer","floor":29,"turns":2},{"damage":0,"enemies":"Gremlin Leader","floor":30,"turns":4},{"damage":4,"enemies":"Champ","floor":33,"turns":3},{"damage":2,"enemies":"3 Darklings","floor":35,"turns":2},{"damage":12,"enemies":"Orb Walker","floor":38,"turns":2},{"damage":8,"enemies":"2 Orb Walkers","floor":39,"turns":2},{"damage":0,"enemies":"Giant Head","floor":40,"turns":3},{"damage":2,"enemies":"3 Darklings","floor":41,"turns":2},{"damage":16,"enemies":"Jaw Worm Horde","floor":42,"turns":2},{"damage":0,"enemies":"Transient","floor":45,"turns":4},{"damage":0,"enemies":"Nemesis","floor":46,"turns":3},{"damage":5,"enemies":"Donu and Deca","floor":50,"turns":3}],"seed_played":"8051385361745519334","potions_obtained":[{"floor":1,"key":"AttackPotion"},{"floor":10,"key":"ElixirPotion"},{"floor":12,"key":"BlessingOfTheForge"},{"floor":16,"key":"EssenceOfSteel"},{"floor":21,"key":"BloodPotion"},{"floor":24,"key":"SkillPotion"},{"floor":27,"key":"Fruit Juice"},{"floor":28,"key":"Fire Potion"},{"floor":29,"key":"EssenceOfSteel"},{"floor":30,"key":"ElixirPotion"},{"floor":33,"key":"Ancient Potion"},{"floor":35,"key":"DuplicationPotion"},{"floor":39,"key":"Fire Potion"},{"floor":40,"key":"BloodPotion"},{"floor":42,"key":"AttackPotion"},{"floor":45,"key":"Fire Potion"},{"floor":46,"key":"ColorlessPotion"}],"is_trial":true,"path_per_floor":["M","?","?","?","?","E","?","E","T","M","R","M","R","$","R","B",null,"M","?","?","?","$","E","M","?","T","M","M","M","E","$","R","B",null,"M","?","?","M","?","E","M","M","T","R","M","E","?","$","R","B",null],"character_chosen":"IRONCLAD","items_purchased":["MerchantsRug","Strange Spoon","Oddly Smooth Stone","Mango","HornCleat","Pear","Strawberry","Bag of Preparation","Eternal Feather","Swift Potion","Panacea","Madness","Pantograph","Paper Frog","Centennial Puzzle","Happy Flower","Toxic Egg 2","Pen Nib","Whetstone","ColorlessPotion","Molten Egg 2","Potion Belt","Weak Potion","Ancient Potion","Energy Potion","Bronze Scales"],"campfire_rested":0,"item_purchase_floors":[14,14,14,14,14,14,14,14,14,22,22,22,31,31,31,31,31,31,31,31,48,48,48,48,48,48],"current_hp_per_floor":[80,80,80,80,80,70,76,65,65,66,66,77,77,108,111,111,111,111,111,111,106,106,91,101,101,101,116,111,116,116,116,116,116,116,116,101,101,103,106,116,116,106,106,116,116,118,118,118,118,118],"gold":32,"neow_bonus":"","is_daily":false,"chose_seed":false,"campfire_upgraded":6,"win_rate":0.0,"timestamp":1608149257,"path_taken":["M","?","?","?","?","E","?","E","T","M","R","M","R","$","R","BOSS","M","?","?","?","$","E","M","?","T","M","?","M","E","$","R","BOSS","M","?","?","?","?","E","M","M","T","R","M","E","?","$","R","BOSS"],"items_purchased_type":["Relic","Relic","Relic","Relic","Relic","Relic","Relic","Relic","Relic","Potion","Card","Card","Relic","Relic","Relic","Relic","Relic","Relic","Relic","Potion","Relic","Relic","Potion","Potion","Potion","Relic"],"build_version":"2020-12-13","purchased_purges":2,"victory":true,"max_hp_per_floor":[80,80,80,80,80,80,80,80,80,80,80,80,80,111,111,111,111,111,111,111,111,111,111,111,111,111,116,116,116,116,116,116,116,116,116,116,116,116,116,116,116,116,116,116,116,118,118,118,118,118],"card_choices":[{"not_picked":["Reckless Charge","Whirlwind","Sever Soul"],"picked":"SKIP","floor":1},{"not_picked":["Seeing Red","Sword Boomerang","Double Tap"],"picked":"SKIP","floor":6},{"not_picked":["Headbutt","Feel No Pain","Infernal Blade","Rage"],"picked":"SKIP","floor":8},{"not_picked":["Thunderclap","Pommel Strike","Headbutt","Body Slam"],"picked":"SKIP","floor":10},{"not_picked":["Burning Pact","Shockwave","Hemokinesis","Searing Blow"],"picked":"SKIP","floor":12},{"not_picked":["Double Tap","Juggernaut","Limit Break"],"picked":"Offering","floor":16},{"not_picked":["Whirlwind+1","Infernal Blade","Anger","Pommel Strike"],"picked":"SKIP","floor":18},{"not_picked":["Warcry","Headbutt","Cleave"],"picked":"Metallicize+1","floor":21},{"not_picked":["Iron Wave","Heavy Blade","True Grit+1","Flex"],"picked":"SKIP","floor":23},{"not_picked":["Flame Barrier","Sword Boomerang+1","Rupture+1","True Grit"],"picked":"SKIP","floor":24},{"not_picked":["Infernal Blade","Wild Strike","Heavy Blade","Hemokinesis+1"],"picked":"SKIP","floor":27},{"not_picked":["Heavy Blade","Warcry","Carnage","Wild Strike"],"picked":"SKIP","floor":28},{"not_picked":["Clothesline","Twin Strike","Flex","Iron Wave"],"picked":"SKIP","floor":29},{"not_picked":["Double Tap","Feel No Pain+1","Wild Strike"],"picked":"Inflame+1","floor":30},{"not_picked":["Barricade+1","Limit Break+1","Double Tap+1"],"picked":"Exhume+1","floor":33},{"not_picked":["Body Slam+1","Carnage+1","Sentinel+1","Battle Trance+1"],"picked":"SKIP","floor":35},{"not_picked":["Rampage","Flex+1","Armaments+1","Sword Boomerang"],"picked":"SKIP","floor":38},{"not_picked":["Metallicize+1","Clothesline","Shrug It Off+1"],"picked":"Berserk+1","floor":40},{"not_picked":["Body Slam+1","Infernal Blade+1","Wild Strike","Thunderclap"],"picked":"SKIP","floor":41},{"not_picked":["Body Slam+1","Metallicize+1","Heavy Blade","Headbutt"],"picked":"SKIP","floor":42},{"not_picked":["Sever Soul","Combust+1","Clothesline","Rampage+1"],"picked":"SKIP","floor":45},{"not_picked":["Thunderclap","Flex+1","Burning Pact+1","Carnage+1"],"picked":"Singing Bowl","floor":46}],"player_experience":136220,"relics_obtained":[{"floor":6,"key":"Dead Branch"},{"floor":6,"key":"Question Card"},{"floor":8,"key":"Blood Vial"},{"floor":8,"key":"Blue Candle"},{"floor":9,"key":"Regal Pillow"},{"floor":21,"key":"Red Mask"},{"floor":23,"key":"White Beast Statue"},{"floor":23,"key":"Frozen Egg 2"},{"floor":26,"key":"Sundial"},{"floor":30,"key":"PreservedInsect"},{"floor":30,"key":"MawBank"},{"floor":39,"key":"Turnip"},{"floor":40,"key":"Letter Opener"},{"floor":40,"key":"Shuriken"},{"floor":43,"key":"Anchor"},{"floor":46,"key":"Bag of Marbles"},{"floor":46,"key":"Singing Bowl"}],"event_choices":[{"damage_healed":0,"gold_gain":0,"player_choice":"Box","damage_taken":0,"relics_obtained":["Old Coin"],"max_hp_gain":0,"max_hp_loss":0,"event_name":"Big Fish","floor":2,"gold_loss":0,"cards_obtained":["Regret"]},{"cards_removed":["Regret"],"damage_healed":0,"gold_gain":0,"player_choice":"Card Removal","damage_taken":0,"max_hp_gain":0,"max_hp_loss":0,"event_name":"The Cleric","floor":3,"gold_loss":50},{"damage_healed":0,"gold_gain":0,"player_choice":"Grow","damage_taken":0,"max_hp_gain":0,"max_hp_loss":0,"event_name":"Living Wall","floor":4,"gold_loss":0,"cards_upgraded":["Demon Form"]},{"damage_healed":0,"gold_gain":175,"player_choice":"AGREE","damage_taken":0,"max_hp_gain":0,"max_hp_loss":0,"event_name":"Liars Game","floor":5,"gold_loss":0,"cards_obtained":["Doubt"]},{"damage_healed":0,"gold_gain":0,"player_choice":"Searched \u00273\u0027 times","damage_taken":0,"relics_obtained":["Gremlin Horn"],"max_hp_gain":0,"max_hp_loss":0,"event_name":"Dead Adventurer","floor":7,"gold_loss":0},{"damage_healed":0,"gold_gain":0,"player_choice":"Ignored","damage_taken":0,"max_hp_gain":0,"max_hp_loss":0,"event_name":"Ghosts","floor":19,"gold_loss":0},{"damage_healed":0,"gold_gain":99,"player_choice":"Stole From Cult","damage_taken":0,"max_hp_gain":0,"max_hp_loss":0,"event_name":"Nest","floor":20,"gold_loss":0},{"damage_healed":0,"gold_gain":0,"player_choice":"Fought Bandits","damage_taken":0,"max_hp_gain":0,"max_hp_loss":0,"event_name":"Masked Bandits","floor":21,"gold_loss":0},{"damage_healed":0,"gold_gain":200,"player_choice":"Gold","damage_taken":0,"max_hp_gain":0,"max_hp_loss":0,"event_name":"Wheel of Change","floor":25,"gold_loss":0},{"damage_healed":0,"gold_gain":0,"player_choice":"Embrace Madness","damage_taken":15,"max_hp_gain":0,"max_hp_loss":0,"event_name":"Winding Halls","floor":36,"gold_loss":0,"cards_obtained":["Madness","Madness"]},{"damage_healed":0,"gold_gain":0,"player_choice":"Ignored","damage_taken":0,"max_hp_gain":0,"max_hp_loss":0,"event_name":"SecretPortal","floor":37,"gold_loss":0},{"damage_healed":0,"gold_gain":0,"player_choice":"Fight","damage_taken":0,"max_hp_gain":0,"max_hp_loss":0,"event_name":"Mysterious Sphere","floor":39,"gold_loss":0},{"cards_removed":["Madness"],"damage_healed":0,"gold_gain":0,"player_choice":"Removed Skill","damage_taken":0,"max_hp_gain":0,"max_hp_loss":0,"event_name":"Falling","floor":47,"gold_loss":0}],"is_beta":false,"boss_relics":[{"not_picked":["Cursed Key","Black Star"],"picked":"Philosopher\u0027s Stone"},{"not_picked":["Sozu","Mark of Pain"],"picked":"Coffee Dripper"}],"items_purged_floors":[14,31],"is_endless":false,"potions_floor_spawned":[1,10,12,16,21,23,24,27,28,29,30,33,35,38,39,40,41,42,45,46],"ascension_level":0}}