{"host":"qvm8mnkwg7phaqzl","time":1608117343,"event":{"mods":["2.2 Compatiblity","A Magickal Journey","Act Like it!","Aspiration","Astrologer","Bard","BaseMod","Beaked The Cultist","Better Altar","Better Match","Better Note","Better Sensory Stone","Better Skull","Better Third Choice","CCEM","CatGirl Mod","Chen","Colored Map","Conspire","DeckTracker","Downfall","Elementarium","Friendly Minions","Gensokyo","GifTheSpireLib","Halation","Hubris","Koishi","Marisa（霧雨　魔理沙）","Mathematician","Minty Spire (QoL Compilation)","Onozuka Komachi Mod","Potionbrewer","Random Character Button","Rare Cards Sparkle","Reimu（博??梦）","Replay The Spire","Somnambulant","StSLib","The Accelerator","The Blackbeard","The Bladedancer","The Bug Knight","The Construct","The Cursed","The Disciple","The Druid","The Elementalist","The Factory","The Florist","The Forsaken","The Gatherer","The Hierophant","The Judge","The Juggle","The Jungle","The Mystic","The Necromancer","The Poker Player","The Problem Sleuth","The Runesmith","The Sage","The Servant 0.9.4","The Spell Scribe","The Valiant","The Witch","TheArtist","TheFirefly","Wandering Minibosses","Youmu（魂魄妖梦）","Yuyuko","vexMod","yUi"],"gold_per_floor":[114,114,130,246,266,292,311,324,350,350,385,402,27,42,42,144,144,156,175,191,210,135,29,29,63,87,121,121,135,135,154,154,249,249,263,263,163,177,177,212,212,241,241,251,251,28,28,28,28,28,28],"floor_reached":50,"playtime":6265,"items_purged":["Strike_Lin:ReiMu","Strike_Lin:ReiMu","Strike_Lin:ReiMu"],"score":602,"play_id":"2a069107-d8e0-4228-9b0f-9ac32a81ab84","local_time":"20201216051543","is_ascension_mode":false,"campfire_choices":[{"data":"InherentArray:ReiMu","floor":15.0,"key":"SMITH"},{"data":"PhosphorusFlame:ReiMu","floor":24.0,"key":"SMITH"},{"data":"SealNeedle:ReiMu","floor":28.0,"key":"SMITH"},{"data":"Determination:ReiMu","floor":30.0,"key":"SMITH"},{"floor":32,"key":"RECALL"},{"data":"AirManeuver:ReiMu","floor":41,"key":"SMITH"},{"data":"NineCharacters:ReiMu","floor":49,"key":"SMITH"}],"circlet_count":0,"master_deck":["Strike_Lin:ReiMu","Defend_Lin:ReiMu","Defend_Lin:ReiMu","NB:ReiMu","Stagnation:ReiMu","AirManeuver:ReiMu+1","OctopathBindingBorder2:ReiMu","PhosphorusFlame:ReiMu+1","Determination:ReiMu","InherentArray:ReiMu+1","InherentArray:ReiMu","Determination:ReiMu+1","Authority:ReiMu","PrayRite:ReiMu","KyokaiOfKami:ReiMu","Revelation:ReiMu+1","PrayRite:ReiMu","LovePray:ReiMu+1","SubcavityFantasy:ReiMu+1","RainPray2:ReiMu","SealNeedle:ReiMu+1","CleanRite:ReiMu","UpKicking:ReiMu","TightArray:ReiMu","KamiRite:ReiMu","FineLineFantasy:ReiMu","potionbrewer:Catalyze","LearningPray:ReiMu+1","Determination:ReiMu","Parasite","NineCharacters:ReiMu+1"],"relics":["FlyPower:ReiMu","NeowsBlessing","Kunai","Bow_fan:ReiMu","hubris:Towel","aspiration:HiddenCompartment","Empty Cage","aspiration:HatOfInfinitePower","Lantern","vexMod:BarristanHead","CCEMRelics:PorcelainBowl","potionbrewer:BottledElixir","hubris:Icosahedron"],"acts_visited":["Gensokyo:Gensokyo","TheCity","TheBeyond"],"potions_floor_usage":[33,35,42,50],"damage_taken":[{"damage":0.0,"enemies":"Gensokyo:2_Kodama","floor":1.0,"turns":1.0},{"damage":0.0,"enemies":"Gensokyo:Python","floor":3.0,"turns":1.0},{"damage":0.0,"enemies":"Gensokyo:3_Fairies","floor":5.0,"turns":1.0},{"damage":23.0,"enemies":"Gensokyo:Cirno","floor":6.0,"turns":9.0},{"damage":1.0,"enemies":"Gensokyo:Kitsune","floor":7.0,"turns":5.0},{"damage":0.0,"enemies":"Gensokyo:2_Rabbits","floor":8.0,"turns":6.0},{"damage":0.0,"enemies":"Gensokyo:Aya","floor":11.0,"turns":5.0},{"damage":15.0,"enemies":"Gensokyo:Gryphon_and_Rabbit","floor":12.0,"turns":5.0},{"damage":6.0,"enemies":"Gensokyo:5_Fairies","floor":14.0,"turns":5.0},{"damage":7.0,"enemies":"Gensokyo:Kokoro","floor":16.0,"turns":11.0},{"damage":2.0,"enemies":"conspire:FuzzyDice","floor":18.0,"turns":10.0},{"damage":23.0,"enemies":"3 Byrds","floor":19.0,"turns":5.0},{"damage":2.0,"enemies":"Centurion and Healer","floor":20.0,"turns":6.0},{"damage":12.0,"enemies":"Snecko","floor":21.0,"turns":3.0},{"damage":4.0,"enemies":"Replay:Snechameleon","floor":25.0,"turns":7.0},{"damage":7.0,"enemies":"HollowMod:Nosk","floor":27.0,"turns":6.0},{"damage":0.0,"enemies":"Snake Plant","floor":29.0,"turns":5.0},{"damage":3,"enemies":"Centurion and Healer","floor":31,"turns":5},{"damage":11,"enemies":"Collector","floor":33,"turns":8},{"damage":36,"enemies":"3 Darklings","floor":35,"turns":5},{"damage":5,"enemies":"Orb Walker","floor":38,"turns":2},{"damage":21,"enemies":"Nemesis","floor":40,"turns":7},{"damage":0,"enemies":"beaked:SuperParasite","floor":42,"turns":6},{"damage":0,"enemies":"Writhing Mass","floor":44,"turns":3},{"damage":5,"enemies":"Time Eater","floor":50,"turns":8}],"seed_played":"-2086212075850542824","potions_obtained":[{"floor":1.0,"key":"sneckomod:MuddlingPotion"},{"floor":6.0,"key":"Strength Potion"},{"floor":8.0,"key":"sneckomod:MuddlingPotion"},{"floor":14.0,"key":"Block Potion"},{"floor":16.0,"key":"Block Potion"},{"floor":20.0,"key":"Death Potion"},{"floor":25.0,"key":"potionbrewer:CleansingPotion"},{"floor":29.0,"key":"HakureiPotion:ReiMu"},{"floor":35,"key":"Ancient Potion"},{"floor":40,"key":"PinkPotion:ReiMu"},{"floor":42,"key":"BlessingOfTheForge"}],"is_trial":false,"path_per_floor":["M","?","M","?","M","E","M","M","T","?","E","M","$","M","R","B",null,"M","M","M","M","?","$","R","E","T","E","R","M","R","M","R_BF","B",null,"M","?","$","M","?","E","R","E","T","M","?","$","?","$","R","B"],"character_chosen":"REIMU","items_purchased":["Determination:ReiMu","Authority:ReiMu","RainPray2:ReiMu","SealNeedle:ReiMu","Fruit Juice"],"campfire_rested":0,"item_purchase_floors":[13,13,23,23,46],"current_hp_per_floor":[65,65,65,58,58,35,34,34,34,34,34,19,19,13,13,6,65,63,40,38,26,26,26,26,22,22,15,15,15,15,12,12,1,65,29,29,29,24,24,3,3,3,3,3,3,3,3,3,3,0,0],"gold":28,"neow_bonus":"THREE_ENEMY_KILL","is_daily":false,"chose_seed":false,"campfire_upgraded":6,"win_rate":0.0,"timestamp":1608117343,"path_taken":["M","?","M","?","?","E","M","M","T","?","E","M","$","M","R","BOSS","M","M","M","M","?","?","R","E","T","E","R","M","R","M","R_BF","BOSS","M","?","$","M","?","E","R","E","T","M","?","?","?","$","R","BOSS"],"items_purchased_type":["Card","Card","Card","Card","Potion"],"build_version":"2020-12-13","purchased_purges":3,"victory":false,"max_hp_per_floor":[65,65,65,65,65,65,65,65,65,65,65,65,65,65,65,65,65,65,65,65,65,65,65,65,65,65,65,65,65,65,65,65,65,65,65,65,65,65,65,65,65,65,65,65,65,65,65,65,65,65,65],"card_choices":[{"not_picked":["FantasyMoon:ReiMu","Amulet:ReiMu"],"picked":"AirManeuver:ReiMu","floor":1.0},{"not_picked":["AlertArray:ReiMu","Meditation:ReiMu"],"picked":"OctopathBindingBorder2:ReiMu","floor":3.0},{"not_picked":["SafetyPray:ReiMu","TightArray:ReiMu"],"picked":"PhosphorusFlame:ReiMu","floor":5.0},{"not_picked":["KamiSacrifice:ReiMu","NineCharacters:ReiMu","MountainWay:ReiMu"],"picked":"SKIP","floor":6.0},{"not_picked":["FantasyMoon:ReiMu","Gathering:ReiMu"],"picked":"Determination:ReiMu","floor":7.0},{"not_picked":["SubcavityInstant:ReiMu","Gathering:ReiMu"],"picked":"InherentArray:ReiMu","floor":8.0},{"not_picked":["CareerPray:ReiMu","PayForSelf:ReiMu"],"picked":"InherentArray:ReiMu","floor":11.0},{"not_picked":["Crusade:ReiMu","SpringWay:ReiMu","Intuition:ReiMu"],"picked":"SKIP","floor":12.0},{"not_picked":["BarrageOfMoneybags:ReiMu","ForcedLanding:ReiMu"],"picked":"PrayRite:ReiMu","floor":14.0},{"not_picked":["BlastKick2:ReiMu","CeremonyResonance:ReiMu"],"picked":"KyokaiOfKami:ReiMu","floor":16.0},{"not_picked":["Intuition:ReiMu+1","Conquer:ReiMu"],"picked":"Revelation:ReiMu+1","floor":18.0},{"not_picked":["Meditation:ReiMu","EmergencyTakeOff:ReiMu"],"picked":"PrayRite:ReiMu","floor":19.0},{"not_picked":["SafetyPray:ReiMu","PrepareRite:ReiMu+1"],"picked":"LovePray:ReiMu+1","floor":20.0},{"not_picked":["SafetyPray:ReiMu","Conquer:ReiMu+1","ForcedLanding:ReiMu"],"picked":"SKIP","floor":21.0},{"not_picked":["CardOfSanctity:ReiMu+1","Determination:ReiMu+1"],"picked":"SubcavityFantasy:ReiMu+1","floor":22.0},{"not_picked":["SpreadBorder2:ReiMu","BarrageOfMoneybags:ReiMu"],"picked":"CleanRite:ReiMu","floor":25.0},{"not_picked":["FantasyBorder:ReiMu","BarrageOfMoneybags:ReiMu"],"picked":"UpKicking:ReiMu","floor":27.0},{"not_picked":["Meditation:ReiMu","ManaGlint:ReiMu"],"picked":"TightArray:ReiMu","floor":29.0},{"not_picked":["PassingAway:ReiMu+1","WonderfulDomain:ReiMu","Enchanting:ReiMu+1"],"picked":"SKIP","floor":31},{"not_picked":["SubcavityFantasy:ReiMu","KyokaiOfKami:ReiMu"],"picked":"KamiRite:ReiMu","floor":33},{"not_picked":["Conquer:ReiMu","ManaGlint:ReiMu"],"picked":"FineLineFantasy:ReiMu","floor":35},{"not_picked":["FineLineFantasy:ReiMu+1","SubcavityInstant:ReiMu"],"picked":"LearningPray:ReiMu+1","floor":38},{"not_picked":["MikOfLucky:ReiMu+1","LearningPray:ReiMu","Revelation:ReiMu"],"picked":"SKIP","floor":40},{"not_picked":["DoubleButterfly:ReiMu","Meditation:ReiMu+1"],"picked":"Determination:ReiMu","floor":42},{"not_picked":["EmergencyTakeOff:ReiMu","PhosphorusFlame:ReiMu"],"picked":"NineCharacters:ReiMu","floor":44}],"player_experience":575542,"relics_obtained":[{"floor":6.0,"key":"Kunai"},{"floor":9.0,"key":"Bow_fan:ReiMu"},{"floor":11.0,"key":"aspiration:HiddenCompartment"},{"floor":25.0,"key":"aspiration:HatOfInfinitePower"},{"floor":26.0,"key":"Lantern"},{"floor":27.0,"key":"vexMod:BarristanHead"},{"floor":40,"key":"CCEMRelics:PorcelainBowl"},{"floor":42,"key":"potionbrewer:BottledElixir"}],"event_choices":[{"damage_healed":0.0,"max_hp_gain":0.0,"max_hp_loss":0.0,"gold_gain":116.0,"event_name":"betterSkull:BetterSkull","player_choice":"GO ","floor":4.0,"gold_loss":0.0,"damage_taken":8.0,"cards_upgraded":[],"relics_obtained":[]},{"damage_healed":0.0,"max_hp_gain":0.0,"max_hp_loss":0.0,"gold_gain":0.0,"event_name":"betterMatch:BetterMatch","player_choice":"2","floor":22.0,"gold_loss":0.0,"damage_taken":0.0,"cards_obtained":["betterMatch:RareCard"]},{"damage_healed":0,"gold_gain":3,"player_choice":"4","damage_taken":0,"max_hp_gain":0,"max_hp_loss":0,"event_name":"betterStone:BetterStone","floor":36,"gold_loss":0,"cards_obtained":["potionbrewer:Catalyze"]}],"is_beta":false,"boss_relics":[{"not_picked":["construct:ClawGrip","vexMod:EndlessSickness"],"picked":"Empty Cage"},{"not_picked":["aspiration:PoetsPen_weak","halation:Prosthetics","sagemod:Falmels_Amulet"]}],"items_purged_floors":[13,37,46],"is_endless":false,"potions_floor_spawned":[1,6,8,14,16,20,25,29,31,35,40,42],"killed_by":"Time Eater","ascension_level":0}}