{"host":"a7kkotolxcg5vljr","time":1608154142,"event":{"mods":["2.2 Compatiblity","AchievementEnabler","Act Like it!","BaseMod","Better Altar","Better Skull","Better Third Choice","Colored Map","Colored Powertips","Downfall","Hermit","Highlight Path","Marisa????????","Minty Spire (QoL Compilation)","Quick Restart","Rare Cards Sparkle","Replay The Spire","Spicy Shops","StSLib","The Cursed","The Disciple","The Servant 0.9.4"],"gold_per_floor":[117,117,136,153,153,188,208,54,132,132,57,57,73,85,85,183,183,201,300,335,353,353,353,364,379,379,515,544,43,43,43],"floor_reached":30,"playtime":1151,"items_purged":["ReplayTheSpireMod:Restless Dread","Spreading Infection"],"score":257,"play_id":"966263f9-0d92-40c2-87a6-3c453d485446","local_time":"20201216162902","is_ascension_mode":false,"campfire_choices":[{"floor":12,"key":"RECALL"},{"floor":15,"key":"REST"},{"floor":23,"key":"REST"}],"circlet_count":0,"master_deck":["Strike_G","Strike_G","Strike_G","Strike_G","Strike_G","Defend_G","Defend_G","Defend_G","Defend_G","Defend_G","Survivor","Neutralize","ReplayTheSpireMod:Scrap Shanks","Poisoned Stab","Bane","Dash","Replay:Bag of Tricks+1","Flying Knee","Blade Dance+1","Adrenaline+1","Overencumbered","Parasite","Poisoned Stab","Deadly Poison+1","Bane","Deadly Poison+1","Deadly Poison+1","Cloak And Dagger+1","Sneak Up+1","Bouncing Flask+1","Adrenaline+1","Noxious Fumes","Deadly Poison+1"],"relics":["ChewingGum","Ring of Fangs","ReplayTheSpireMod:Ring of Collecting","Torii","Vajra","Ring of Fury","Toxic Egg 2","Replay:Ancient Bell","PreservedInsect","Matryoshka","Incense Burner","Red Mask","ReplayTheSpireMod:Ring of Challenge","ReplayTheSpireMod:Ninjato","Pet Ghost","Strawberry","Dead Branch"],"acts_visited":["Exordium","TheCity"],"potions_floor_usage":[6,6,16,20,25,30],"damage_taken":[{"damage":0,"enemies":"2 Louse","floor":1,"turns":3},{"damage":6,"enemies":"Jaw Worm","floor":3,"turns":4},{"damage":0,"enemies":"Small Slimes","floor":4,"turns":3},{"damage":11,"enemies":"Lagavulin","floor":6,"turns":6},{"damage":1,"enemies":"2 Fungi Beasts","floor":7,"turns":4},{"damage":7,"enemies":"3 Louse","floor":13,"turns":2},{"damage":6,"enemies":"Exordium Thugs","floor":14,"turns":4},{"damage":24,"enemies":"Fading Forest","floor":16,"turns":11},{"damage":29,"enemies":"Spheric Guardian","floor":18,"turns":6},{"damage":23,"enemies":"Masked Bandits","floor":20,"turns":5},{"damage":0,"enemies":"Chosen","floor":21,"turns":3},{"damage":0,"enemies":"Centurion and Healer","floor":24,"turns":4},{"damage":13,"enemies":"Sentry and Sphere","floor":25,"turns":6},{"damage":2,"enemies":"Chosen and Byrds","floor":28,"turns":3},{"damage":31,"enemies":"Slavers","floor":30,"turns":2}],"seed_played":"-3615523876839225374","potions_obtained":[{"floor":1,"key":"Dexterity Potion"},{"floor":3,"key":"Strength Potion"},{"floor":14,"key":"PowerPotion"},{"floor":18,"key":"Fire Potion"},{"floor":24,"key":"Block Potion"},{"floor":27,"key":"Milkshake"}],"is_trial":false,"path_per_floor":["M","?","M","M","?","E","M","$","T","?","$","R","M","M","R","B",null,"M","?","?","M","?","R","M","M","T","?","M","$","E"],"character_chosen":"THE_SILENT","items_purchased":["Vajra","Noxious Fumes","Dead Branch","Deadly Poison+1"],"campfire_rested":2,"item_purchase_floors":[8,29,29,29],"current_hp_per_floor":[70,70,64,64,64,53,52,52,52,52,52,52,45,39,60,36,70,41,41,18,18,18,39,39,26,26,33,31,31,0,0],"gold":43,"neow_bonus":"BOSS_RELIC","is_daily":false,"chose_seed":false,"campfire_upgraded":0,"win_rate":0.0,"timestamp":1608154142,"path_taken":["M","?","M","M","?","E","M","$","T","?","?","R","?","M","R","BOSS","M","?","?","M","?","R","M","M","T","?","M","$","E"],"items_purchased_type":["Relic","Card","Relic","Card"],"build_version":"2020-12-13","purchased_purges":2,"victory":false,"max_hp_per_floor":[70,70,70,70,70,70,70,70,70,70,70,70,70,70,70,70,70,70,70,70,70,70,70,70,70,70,77,77,77,77,77],"card_choices":[{"not_picked":["Crippling Poison","ReplayTheSpireMod:Speed Training"],"picked":"ReplayTheSpireMod:Scrap Shanks","floor":1},{"not_picked":["Outmaneuver","Prepared"],"picked":"Bouncing Flask","floor":3},{"not_picked":["Expertise","Dagger Throw"],"picked":"Poisoned Stab","floor":4},{"not_picked":["Acrobatics","Riddle With Holes"],"picked":"Bane","floor":6},{"not_picked":["Dagger Spray","Underhanded Strike"],"picked":"Dash","floor":7},{"not_picked":["ReplayTheSpireMod:Necrosis+1","Masterful Stab"],"picked":"Flying Knee","floor":13},{"not_picked":["Outmaneuver+1","Blur+1"],"picked":"Blade Dance+1","floor":14},{"not_picked":["Replay:Bag of Tricks+1","Storm of Steel+1"],"picked":"Adrenaline+1","floor":16},{"not_picked":["Wraith","Looming Evil"],"picked":"Overencumbered","floor":17},{"not_picked":["ReplayTheSpireMod:IOU","Replay:Hysterical Blindness"],"picked":"Parasite","floor":17},{"not_picked":["Languid","Looming Evil"],"picked":"Spreading Infection","floor":17},{"not_picked":["Sneak Up+1","Flying Knee"],"picked":"Poisoned Stab","floor":18},{"not_picked":["Malaise+1","Footwork+1"],"picked":"Deadly Poison+1","floor":20},{"not_picked":["Cloak And Dagger+1","Leg Sweep+1"],"picked":"Bane","floor":21},{"not_picked":["Deflect+1","Backflip+1"],"picked":"Deadly Poison+1","floor":24},{"not_picked":["Concentrate+1","Endless Agony+1"],"picked":"Deadly Poison+1","floor":25},{"not_picked":["Reflex+1","Bane+1"],"picked":"Cloak And Dagger+1","floor":27},{"not_picked":["Hidden Blade+1","Skewer+1"],"picked":"Sneak Up+1","floor":27},{"not_picked":["Skewer","Masterful Stab"],"picked":"Bouncing Flask+1","floor":27},{"not_picked":["Prepared+1","Slice+1"],"picked":"Adrenaline+1","floor":28}],"player_experience":338404,"relics_obtained":[{"floor":5,"key":"Ring of Fangs"},{"floor":5,"key":"ReplayTheSpireMod:Ring of Collecting"},{"floor":6,"key":"Torii"},{"floor":9,"key":"Ring of Fury"},{"floor":9,"key":"Toxic Egg 2"},{"floor":20,"key":"Red Mask"},{"floor":26,"key":"ReplayTheSpireMod:Ring of Challenge"},{"floor":26,"key":"ReplayTheSpireMod:Ninjato"},{"floor":27,"key":"Pet Ghost"},{"floor":27,"key":"Strawberry"}],"event_choices":[{"damage_healed":0,"gold_gain":0,"player_choice":"Leave","damage_taken":0,"max_hp_gain":0,"max_hp_loss":0,"event_name":"The Cleric","floor":2,"gold_loss":0},{"damage_healed":0,"gold_gain":99,"player_choice":"Steal","damage_taken":0,"max_hp_gain":0,"max_hp_loss":0,"event_name":"betterThird:BetterNest","floor":19,"gold_loss":0},{"damage_healed":0,"gold_gain":0,"player_choice":"Fought Bandits","damage_taken":0,"max_hp_gain":0,"max_hp_loss":0,"event_name":"Masked Bandits","floor":20,"gold_loss":0},{"damage_healed":0,"gold_gain":0,"player_choice":"Ignored","damage_taken":0,"max_hp_gain":0,"max_hp_loss":0,"event_name":"Vampires","floor":22,"gold_loss":0}],"is_beta":false,"boss_relics":[{"not_picked":["WristBlade","Fusion Hammer"],"picked":"Replay:Ancient Bell"},{"not_picked":["Toy Ornithopter","ReplayTheSpireMod:Lightbulb"],"picked":"PreservedInsect"},{"not_picked":["The Courier","Replay:Accelerometer"],"picked":"Matryoshka"},{"not_picked":["Counterbalance","Replay:Arrowhead"],"picked":"Incense Burner"}],"items_purged_floors":[11,29],"is_endless":false,"potions_floor_spawned":[1,3,14,18,24],"killed_by":"Slavers","ascension_level":0}}