{"host":"4qkvkh7pd9qr2mca","time":1608148461,"event":{"mods":["AchievementEnabler","BaseMod","Colored Map","Colored Powertips","Highlight Path","Minty Spire (QoL Compilation)","Permanent Neow","Quick Restart","StSLib","SuperFastMode"],"gold_per_floor":[139,178,208,44,44,44,60,114,114,153,230,269,269,269,269,390,390,404,604,619,619,644,644],"floor_reached":22,"playtime":678,"items_purged":[],"score":417,"play_id":"36d0ddfc-9830-4d15-96a9-ed24bd7a6431","local_time":"20201216205421","is_ascension_mode":true,"campfire_choices":[{"data":"HandOfGreed","floor":6.0,"key":"SMITH"},{"floor":15,"key":"REST"}],"circlet_count":0,"master_deck":["AscendersBane","Survivor","Neutralize+1","HandOfGreed+1","Deadly Poison","Noxious Fumes","Burst","Flying Knee","Blade Dance","Backflip","Finisher","Malaise","Calculated Gamble","Corpse Explosion","Finisher","Calculated Gamble","Dodge and Roll","Flying Knee","Setup","Poisoned Stab","Storm of Steel","Endless Agony","Escape Plan","Backflip","Bite","Bite","Bite","Bite","Bite"],"relics":["Ring of the Snake","Boot","Ninja Scroll","Incense Burner","Pandora\u0027s Box"],"acts_visited":["Exordium","TheCity"],"potions_floor_usage":[11],"damage_taken":[{"damage":1.0,"enemies":"Jaw Worm","floor":1.0,"turns":4.0},{"damage":7.0,"enemies":"Small Slimes","floor":2.0,"turns":4.0},{"damage":1.0,"enemies":"Cultist","floor":3.0,"turns":5.0},{"damage":1.0,"enemies":"2 Fungi Beasts","floor":7.0,"turns":5.0},{"damage":15.0,"enemies":"Lagavulin","floor":8.0,"turns":6.0},{"damage":0,"enemies":"Blue Slaver","floor":10,"turns":1},{"damage":12,"enemies":"3 Sentries","floor":11,"turns":5},{"damage":0,"enemies":"Looter","floor":12,"turns":1},{"damage":13,"enemies":"Slime Boss","floor":16,"turns":9},{"damage":28,"enemies":"Shell Parasite","floor":18,"turns":4},{"damage":6,"enemies":"2 Thieves","floor":20,"turns":3},{"damage":41,"enemies":"Cultist and Chosen","floor":22,"turns":5}],"seed_played":"5697975755064786466","potions_obtained":[{"floor":3.0,"key":"LiquidMemories"},{"floor":7.0,"key":"LiquidMemories"},{"floor":11,"key":"EssenceOfSteel"},{"floor":12,"key":"Poison Potion"}],"is_trial":false,"path_per_floor":["M","M","M","$","?","R","M","E","T","M","E","M","?","?","R","B",null,"M","?","M","?","M"],"character_chosen":"THE_SILENT","items_purchased":["Burst"],"campfire_rested":1,"item_purchase_floors":[4],"current_hp_per_floor":[43,36,35,35,35,35,34,19,19,19,7,7,7,2,21,8,52,24,24,18,18,0,0],"gold":644,"neow_bonus":"RANDOM_COLORLESS_2","is_daily":false,"chose_seed":false,"campfire_upgraded":1,"win_rate":0.0,"timestamp":1608148461,"path_taken":["M","M","M","$","?","R","M","E","T","M","E","M","?","?","R","BOSS","M","?","?","?","M"],"items_purchased_type":["Card"],"build_version":"2020-12-13","purchased_purges":0,"victory":false,"max_hp_per_floor":[66,66,66,66,66,66,66,66,66,66,66,66,66,66,66,66,66,66,66,66,46,46,46],"card_choices":[{"not_picked":["Secret Weapon","Transmutation"],"picked":"HandOfGreed","floor":0.0},{"not_picked":["Prepared","Expertise"],"picked":"Deadly Poison","floor":1.0},{"not_picked":["Cloak And Dagger","Dodge and Roll","Underhanded Strike"],"picked":"SKIP","floor":2.0},{"not_picked":["Bane","Calculated Gamble"],"picked":"Noxious Fumes","floor":3.0},{"not_picked":["Dagger Throw","Skewer"],"picked":"Flying Knee","floor":7.0},{"not_picked":["Concentrate","Dagger Spray"],"picked":"Blade Dance","floor":8.0},{"not_picked":["Deflect","Prepared","Flying Knee"],"picked":"SKIP","floor":10},{"not_picked":["Distraction","Accuracy"],"picked":"Backflip","floor":11},{"not_picked":["Bane","Sucker Punch"],"picked":"Finisher","floor":12},{"not_picked":["Glass Knife","A Thousand Cuts"],"picked":"Malaise","floor":16},{"not_picked":["Dagger Spray","Quick Slash"],"picked":"Escape Plan","floor":18},{"not_picked":["Dagger Spray","Dodge and Roll"],"picked":"Backflip","floor":20}],"player_experience":338238,"relics_obtained":[{"floor":8.0,"key":"Boot"},{"floor":9.0,"key":"Ninja Scroll"},{"floor":11,"key":"Incense Burner"}],"event_choices":[{"damage_healed":0.0,"max_hp_gain":0.0,"max_hp_loss":0.0,"gold_gain":0.0,"event_name":"Liars Game","player_choice":"Ignored","floor":5.0,"gold_loss":0.0,"damage_taken":0.0},{"damage_healed":0,"gold_gain":0,"player_choice":"Grow","damage_taken":0,"max_hp_gain":0,"max_hp_loss":0,"event_name":"Living Wall","floor":13,"gold_loss":0,"cards_upgraded":["Neutralize"]},{"damage_healed":0,"gold_gain":0,"player_choice":"Fled","damage_taken":5,"max_hp_gain":0,"max_hp_loss":0,"event_name":"Scrap Ooze","floor":14,"gold_loss":0},{"damage_healed":0,"gold_gain":250,"player_choice":"Bet on Owner","damage_taken":0,"max_hp_gain":0,"max_hp_loss":0,"event_name":"The Joust","floor":19,"gold_loss":50},{"damage_healed":0,"gold_gain":0,"player_choice":"Became a vampire","damage_taken":0,"max_hp_gain":0,"max_hp_loss":20,"event_name":"Vampires","floor":21,"gold_loss":0,"cards_obtained":["Bite","Bite","Bite","Bite","Bite"]}],"is_beta":false,"boss_relics":[{"not_picked":["HoveringKite","Velvet Choker"],"picked":"Pandora\u0027s Box"}],"items_purged_floors":[],"is_endless":false,"potions_floor_spawned":[3,7,11,12,16,20],"killed_by":"Cultist and Chosen","ascension_level":20}}