{"host":"l6e22pz6uluuhpt6","time":1608077680,"event":{"mods":["BaseMod","Downfall","Minty Spire (QoL Compilation)","StSLib"],"gold_per_floor":[99,127,127,127,127,127,181,208,219,244,274,285,285,303,318,419,419,194,194,194,194,210,245,245,18,28,28,113,133,18,18,32,136,136,136,136,136],"floor_reached":36,"playtime":2801,"items_purged":["hexamod:Defend","hexamod:Defend"],"score":518,"play_id":"d9bc37dd-b59f-44bb-8900-46aaa74c1b08","local_time":"20201215191440","is_ascension_mode":true,"campfire_choices":[{"data":"hexamod:Sear","floor":1,"key":"SMITH"},{"data":"hexamod:NightmareGuise","floor":4,"key":"SMITH"},{"floor":6,"key":"RECALL"},{"data":"hexamod:GhostShield","floor":18,"key":"SMITH"},{"data":"hexamod:Toasty","floor":20,"key":"SMITH"},{"data":"hexamod:TimeOfNeed","floor":27,"key":"SMITH"},{"data":"hexamod:RetreatToShadows","floor":35,"key":"SMITH"}],"circlet_count":0,"master_deck":["hexamod:Strike","hexamod:Strike","hexamod:Defend","hexamod:Sear+1","hexamod:Float","hexamod:NightmareGuise+1","hexamod:GhostShield+1","hexamod:WildfireWeapon","hexamod:BurningTouch","hexamod:RainOfEmbers","hexamod:GhostShield","hexamod:PhantomCloak","hexamod:Toasty+1","hexamod:GhostShield+1","hexamod:GhostShield+1","hexamod:TimeOfNeed+1","hexamod:GhostflameBarrier","hexamod:Incineration+1","hexamod:RetreatToShadows+1","hexamod:Sear","Discovery","hexamod:SuperheatedStrike","CurseOfTheBell"],"relics":["hexamod:SpiritBrand","downfall:HeartsMalice","Art of War","Meat on the Bone","Blue Candle","Empty Cage","downfall:HeartBlessingBlue","downfall:HeartBlessingGreen","downfall:HeartBlessingRed","Juzu Bracelet","Eternal Feather","Calling Bell","Akabeko","InkBottle","Peace Pipe"],"acts_visited":["Exordium","TheCity","TheBeyond"],"potions_floor_usage":[14,16,36,36,36],"damage_taken":[{"damage":0,"enemies":"Gremlin Nob","floor":2,"turns":1},{"damage":0,"enemies":"Small Slimes","floor":3,"turns":1},{"damage":0,"enemies":"Lagavulin","floor":8,"turns":1},{"damage":0,"enemies":"Jaw Worm","floor":9,"turns":4},{"damage":33,"enemies":"Gremlin Nob","floor":10,"turns":6},{"damage":0,"enemies":"2 Louse","floor":12,"turns":4},{"damage":28,"enemies":"Gremlin Gang","floor":14,"turns":5},{"damage":0,"enemies":"Large Slime","floor":15,"turns":3},{"damage":18,"enemies":"downfall:Watcher","floor":16,"turns":10},{"damage":0,"enemies":"Chosen","floor":19,"turns":1},{"damage":16,"enemies":"Snake Plant","floor":22,"turns":6},{"damage":24,"enemies":"Slavers","floor":23,"turns":7},{"damage":0,"enemies":"downfall:FleeingMerchant","floor":25,"turns":4},{"damage":5,"enemies":"Centurion and Healer","floor":26,"turns":7},{"damage":19,"enemies":"3 Cultists","floor":29,"turns":8},{"damage":0,"enemies":"downfall:FleeingMerchant","floor":30,"turns":4},{"damage":17,"enemies":"Shelled Parasite and Fungi","floor":32,"turns":5},{"damage":20,"enemies":"downfall:Defect","floor":33,"turns":9},{"damage":108,"enemies":"Giant Head","floor":36,"turns":11}],"seed_played":"-760188687261233185","potions_obtained":[{"floor":8,"key":"CultistPotion"},{"floor":10,"key":"Swift Potion"},{"floor":16,"key":"SpeedPotion"},{"floor":22,"key":"Ancient Potion"},{"floor":32,"key":"hexamod:InfernoChargePotion"},{"floor":33,"key":"DuplicationPotion"}],"is_trial":false,"path_per_floor":["R","E","M","R","?","R","T","E","M","E","?","M","?","M","M","B",null,"R","M","R","?","M","E","T","$","M","R","?","M","$","?","M","B",null,"R","E"],"character_chosen":"THE_SPIRIT","items_purchased":["hexamod:TimeOfNeed"],"campfire_rested":0,"item_purchase_floors":[25],"current_hp_per_floor":[70,70,70,70,75,75,75,75,75,42,42,42,42,26,38,32,75,85,85,85,85,69,45,45,45,52,61,47,40,52,52,47,39,85,85,0,0],"gold":136,"neow_bonus":"THREE_ENEMY_KILL","is_daily":false,"chose_seed":false,"campfire_upgraded":6,"win_rate":0.0,"timestamp":1608077680,"path_taken":["R","E","M","R","?","R","T","E","M","E","?","M","?","M","M","BOSS","R","M","R","?","M","E","T","$","M","R","?","M","$","?","M","BOSS","R","E"],"items_purchased_type":["Card"],"build_version":"2020-12-13","purchased_purges":2,"victory":false,"max_hp_per_floor":[70,70,70,70,75,75,75,75,75,75,75,75,75,75,75,75,75,85,85,85,85,85,85,85,85,85,85,85,85,85,85,85,85,85,85,85,85],"card_choices":[{"not_picked":["hexamod:PhantomFireball","hexamod:EmpoweredFlame","hexamod:CatchUp"],"picked":"SKIP","floor":2},{"not_picked":["hexamod:BacktrackSmack","hexamod:FastForward"],"picked":"hexamod:NightmareGuise","floor":3},{"not_picked":["hexamod:Rewind","hexamod:HauntingEcho"],"picked":"hexamod:GhostShield","floor":8},{"not_picked":["hexamod:RadiantFlame","hexamod:HeatShield"],"picked":"hexamod:WildfireWeapon","floor":9},{"not_picked":["hexamod:GhostOfSpireFuture","hexamod:InspiringFlames"],"picked":"hexamod:BurningTouch","floor":10},{"not_picked":["hexamod:SwordOfDarkness","hexamod:NightmareStrike"],"picked":"hexamod:RainOfEmbers","floor":12},{"not_picked":["hexamod:RecurringNightmare","hexamod:Firestarter"],"picked":"hexamod:GhostShield","floor":14},{"not_picked":["hexamod:GhostOfSpireFuture","hexamod:RetreatToShadows"],"picked":"hexamod:PhantomCloak","floor":15},{"not_picked":["hexamod:EmpoweringStance","hexamod:ApocalypticArmor"],"picked":"hexamod:Toasty","floor":16},{"not_picked":["hexamod:ThirdSeal","hexamod:SecondSeal"],"picked":"hexamod:GhostShield+1","floor":19},{"not_picked":["hexamod:ShieldOfDarkness","hexamod:FastForward","hexamod:GhostShield"],"picked":"SKIP","floor":22},{"not_picked":["hexamod:Again","hexamod:RadiantFlame+1","hexamod:HauntingEcho"],"picked":"SKIP","floor":23},{"not_picked":["hexamod:BacktrackSmack","hexamod:InspiringFlames"],"picked":"hexamod:GhostShield+1","floor":25},{"not_picked":["hexamod:RainOfEmbers","hexamod:SecondSeal"],"picked":"hexamod:GhostflameBarrier","floor":26},{"not_picked":["hexamod:ApocalypseNow","hexamod:HauntingEcho","hexamod:SpectersWail"],"picked":"SKIP","floor":29},{"not_picked":["hexamod:HeatCrush","hexamod:BurningTouch"],"picked":"hexamod:Incineration+1","floor":30},{"not_picked":["hexamod:SwordOfDarkness","hexamod:PhantomCloak"],"picked":"hexamod:SuperheatedStrike","floor":32}],"player_experience":251572,"relics_obtained":[{"floor":2,"key":"Art of War"},{"floor":8,"key":"Meat on the Bone"},{"floor":10,"key":"Blue Candle"},{"floor":23,"key":"Juzu Bracelet"},{"floor":24,"key":"Eternal Feather"},{"floor":34,"key":"Akabeko"},{"floor":34,"key":"InkBottle"},{"floor":34,"key":"Peace Pipe"}],"event_choices":[{"damage_healed":0,"gold_gain":0,"player_choice":"Donut","damage_taken":0,"max_hp_gain":5,"max_hp_loss":0,"event_name":"Big Fish","floor":5,"gold_loss":0},{"cards_removed":["hexamod:Defend"],"damage_healed":0,"gold_gain":0,"player_choice":"Purged","damage_taken":0,"max_hp_gain":0,"max_hp_loss":0,"event_name":"Purifier","floor":21,"gold_loss":0}],"is_beta":false,"boss_relics":[{"not_picked":["hexamod:IceCube","Velvet Choker"],"picked":"Empty Cage"},{"not_picked":["Black Star","SacredBark"],"picked":"Calling Bell"}],"items_purged_floors":[25,30],"is_endless":false,"potions_floor_spawned":[8,10,16,22,32,33],"killed_by":"Giant Head","ascension_level":1}}