{"host":"pvedlq59if0kbxhz","time":1608154547,"event":{"mods":["Act Like it!","BaseMod","Duelist Mod","Friendly Minions","GifTheSpireLib","Gold Saver","Minty Spire (QoL Compilation)","Replay The Spire","Shop Mod","StSLib","The Jungle"],"gold_per_floor":[111,111,111,386,399,399,415,429,429,429,429,121,135,145,145,244,244,254,254,272,282,282,300,300,300],"floor_reached":24,"playtime":1685,"items_purged":[],"score":190,"play_id":"adbf5835-03e4-4763-80f9-08adbf0dfae3","local_time":"20201216163547","is_ascension_mode":false,"campfire_choices":[{"data":"Hello World","floor":6,"key":"SMITH"},{"floor":10,"key":"REST"},{"data":"Double Energy","floor":15,"key":"SMITH"}],"circlet_count":0,"master_deck":["Strike_B","Strike_B","Strike_B","Defend_B","Defend_B","Defend_B","Zap","Dualcast","Coolheaded","Parasite","Regret","Hello World+1","Conserve Battery","Double Energy+1","All For One","Conserve Battery","Electrodynamics","Auto Shields","Loop","ReplaySort","Chill","FTL+1"],"relics":["Cracked Core","ReplayTheSpireMod:Ring of Challenge","Ring of Shattering","Garlic","Gremlin Horn","ReplayTheSpireMod:TigerMarble","Replay:Antivirus Software","Ring of Chaos"],"acts_visited":["Exordium","Exordium"],"potions_floor_usage":[20,20,20,24,24],"damage_taken":[{"damage":2,"enemies":"2 Louse","floor":1,"turns":3},{"damage":2,"enemies":"Small Slimes","floor":5,"turns":3},{"damage":3,"enemies":"Cultist","floor":7,"turns":3},{"damage":15,"enemies":"Exordium Wildlife","floor":8,"turns":4},{"damage":10,"enemies":"Gremlin Gang","floor":13,"turns":6},{"damage":0,"enemies":"3 Louse","floor":14,"turns":2},{"damage":21,"enemies":"Slime Boss","floor":16,"turns":8},{"damage":5,"enemies":"theJungle:GiantWrat","floor":18,"turns":5},{"damage":0,"enemies":"theJungle:Flameango_and_Byrd","floor":20,"turns":2},{"damage":12,"enemies":"theJungle:2_Snecko_Cultists","floor":21,"turns":3},{"damage":17,"enemies":"Snake Plant","floor":23,"turns":5},{"damage":29,"enemies":"theJungle:Lyon","floor":24,"turns":3}],"seed_played":"5702438842757262375","potions_obtained":[{"floor":5,"key":"Ancient Potion"},{"floor":16,"key":"PotionOfCapacity"},{"floor":19,"key":"BlessingOfTheForge"},{"floor":21,"key":"BlessingOfTheForge"},{"floor":23,"key":"Cursed Concoction"}],"is_trial":false,"path_per_floor":["M","?","?","?","M","R","M","M","T","R","T","$","M","M","R","B",null,"M","?","M","M","?","M","M"],"character_chosen":"DEFECT","items_purchased":["ReplayTheSpireMod:TigerMarble","Replay:Antivirus Software"],"campfire_rested":1,"item_purchase_floors":[12,12],"current_hp_per_floor":[80,73,73,73,71,71,68,53,53,77,77,77,67,67,67,46,82,77,45,45,33,33,16,0,0],"gold":300,"neow_bonus":"TEN_PERCENT_HP_BONUS","is_daily":false,"chose_seed":false,"campfire_upgraded":2,"win_rate":0.0,"timestamp":1608154547,"path_taken":["M","?","?","?","M","R","M","?","T","R","?","$","M","?","R","BOSS","M","?","M","M","?","M","M"],"items_purchased_type":["Relic","Relic"],"build_version":"2020-12-13","purchased_purges":0,"victory":false,"max_hp_per_floor":[82,82,82,82,82,82,82,82,82,82,82,82,82,82,82,82,82,82,82,82,82,82,82,82,82],"card_choices":[{"not_picked":["Leap","Hologram"],"picked":"Coolheaded","floor":1},{"not_picked":["Barrage","Hologram"],"picked":"Hello World","floor":5},{"not_picked":["Leap","Compile Driver"],"picked":"Conserve Battery","floor":7},{"not_picked":["Compile Driver","Sweeping Beam"],"picked":"Double Energy","floor":8},{"not_picked":["Streamline","Ball Lightning"],"picked":"All For One","floor":13},{"not_picked":["Barrage","Beam Cell"],"picked":"Conserve Battery","floor":14},{"not_picked":["Mirror Shield","Creative AI"],"picked":"Electrodynamics","floor":16},{"not_picked":["BootSequence","Steam"],"picked":"Auto Shields","floor":18},{"not_picked":["Blizzard","Sweeping Beam"],"picked":"Loop","floor":20},{"not_picked":["ReplaySolidLightProjector","Panic Button+1"],"picked":"ReplaySort","floor":21},{"not_picked":["Panic Button","Steam"],"picked":"FTL+1","floor":23}],"player_experience":6443,"relics_obtained":[{"floor":3,"key":"ReplayTheSpireMod:Ring of Challenge"},{"floor":3,"key":"Ring of Shattering"},{"floor":9,"key":"Garlic"},{"floor":11,"key":"Gremlin Horn"}],"event_choices":[{"cards_removed":["Strike_B"],"damage_healed":0,"gold_gain":0,"player_choice":"Card Removal","damage_taken":7,"max_hp_gain":0,"max_hp_loss":0,"event_name":"Golden Wing","floor":2,"gold_loss":0},{"damage_healed":0,"gold_gain":275,"player_choice":"Desecrate","damage_taken":0,"max_hp_gain":0,"max_hp_loss":0,"event_name":"Golden Shrine","floor":4,"gold_loss":0,"cards_obtained":["Regret"]},{"damage_healed":0,"gold_gain":0,"cards_transformed":["Defend_B"],"player_choice":"Transformed","damage_taken":0,"max_hp_gain":0,"max_hp_loss":0,"event_name":"Transmorgrifier","floor":22,"gold_loss":0,"cards_obtained":["Chill"]}],"is_beta":false,"boss_relics":[{"not_picked":["Black Star","Replay:Wanted Poster"],"picked":"Ring of Chaos"}],"items_purged_floors":[],"is_endless":false,"potions_floor_spawned":[5,16,21,23],"killed_by":"theJungle:Lyon","ascension_level":0}}