{"host":"3o6vp6vwg41o825i","time":1608140155,"event":{"mods":["AchievementEnabler","Act Like it!","Aspiration","BaseMod","Better Altar","Better Match","Better Note","Better Sensory Stone","Better Skull","Better Third Choice","BetterRewards","CCEM","Clawfect","Colored Map","Conspire","GifTheSpireLib","Halation","Hallownest","Highlight Path","Hubris","Infinite Spire","Jorbs\u0027s Wanderer Trilogy","Mimic Mod","Minty Spire (QoL Compilation)","Replay The Spire","Shop Mod","StSLib","Stuff the Spire","The Bug Knight","The Cursed","The Jungle","Unceasing Turn Reminder","everything is the same but u backflip on backflip"],"gold_per_floor":[114,114,133,133,146,146,160,160,160,160,171,209,227,239,239,335,335,353,353,365,54,69,69,96,96,121,131,131,230,115,149,149,248,248,262,278,278,291,305,305,335,335,367,367,385,385,405,417,417,417,417],"floor_reached":50,"playtime":2339,"items_purged":[],"score":581,"play_id":"53ef3150-1677-45cd-af06-86f1e894bcea","local_time":"20201216183555","is_ascension_mode":false,"campfire_choices":[{"floor":6,"key":"REST"},{"floor":10,"key":"REST"},{"floor":15,"key":"REST"},{"data":"infinitespire:Execution","floor":25,"key":"SMITH"},{"data":"infinitespire:OneForAll","floor":32,"key":"SMITH"},{"data":"Demon Form","floor":40,"key":"SMITH"},{"floor":42,"key":"REST"},{"floor":49,"key":"RECALL"}],"circlet_count":0,"master_deck":["conspire:GhostlyStrike","conspire:GhostlyStrike","conspire:GhostlyStrike","conspire:GhostlyStrike","conspire:GhostlyStrike","conspire:GhostlyDefend","conspire:GhostlyDefend","conspire:GhostlyDefend","conspire:GhostlyDefend","Bash","infinitespire:OneForAll+1","Rage","Run Through","Heavy Blade","Panache+1","ReplayTheSpireMod:Strike From Hell","Armaments+1","Flex","Thunderclap+1","infinitespire:Execution+1","Flex+1","Life Link+1","Uppercut+1","Demon Form+1"],"relics":["Black Blood","NeowsBlessing","Tiny Chest","aspiration:ChemicalBlood","Simple Rune","hubris:Reverence","Blood Vial","Replay:Bronze Core","Replay:Multitool","Philosopher\u0027s Stone","hubris:CrystalStatue","infinitespire:Golems Mask","Replay:Rubber Ducky","Letter Opener","Thread and Needle","hubris:BundleOfHerbs","halation:Trompette"],"acts_visited":["Exordium","TheCity","TheBeyond"],"potions_floor_usage":[7,11,12,14,16,16,16,16,18,18,20,24,31,33,33,35,35,38,39,40,41,41,41,43,43,45,48,50,50,50,50,50],"damage_taken":[{"damage":0,"enemies":"Jaw Worm","floor":1,"turns":1},{"damage":0,"enemies":"Small Slimes","floor":3,"turns":1},{"damage":0,"enemies":"Cultist","floor":5,"turns":1},{"damage":30,"enemies":"Lots of Slimes","floor":7,"turns":5},{"damage":13,"enemies":"Exordium Wildlife","floor":11,"turns":4},{"damage":12,"enemies":"Looter","floor":12,"turns":8},{"damage":10,"enemies":"Looter","floor":13,"turns":2},{"damage":5,"enemies":"2 Fungi Beasts","floor":14,"turns":3},{"damage":66,"enemies":"The Guardian","floor":16,"turns":10},{"damage":25,"enemies":"conspire:FuzzyDice","floor":18,"turns":5},{"damage":16,"enemies":"Spheric Guardian","floor":20,"turns":4},{"damage":0,"enemies":"Centurion and Healer","floor":22,"turns":7},{"damage":1,"enemies":"conspire:SneckoGhost","floor":24,"turns":4},{"damage":7,"enemies":"Snecko","floor":27,"turns":3},{"damage":4,"enemies":"Book of Stabbing","floor":31,"turns":3},{"damage":63,"enemies":"Automaton","floor":33,"turns":6},{"damage":34,"enemies":"3 Darklings","floor":35,"turns":4},{"damage":2,"enemies":"Orb Walker","floor":36,"turns":3},{"damage":23,"enemies":"Spire Growth","floor":38,"turns":4},{"damage":25,"enemies":"4 Shapes","floor":39,"turns":4},{"damage":65,"enemies":"Nemesis","floor":41,"turns":5},{"damage":3,"enemies":"Writhing Mass","floor":43,"turns":5},{"damage":28,"enemies":"Writhing Mass","floor":45,"turns":4},{"damage":20,"enemies":"Spire Growth","floor":47,"turns":4},{"damage":26,"enemies":"4 Shapes","floor":48,"turns":3},{"damage":56,"enemies":"Donu and Deca","floor":50,"turns":4}],"seed_played":"288781092221856347","potions_obtained":[{"floor":1,"key":"GamblersBrew"},{"floor":3,"key":"BlessingOfTheForge"},{"floor":16,"key":"Fire Potion"},{"floor":18,"key":"Flashbang"},{"floor":22,"key":"Explosive Potion"},{"floor":24,"key":"Dexterity Potion"},{"floor":33,"key":"BloodPotion"},{"floor":35,"key":"Venom Potion"},{"floor":35,"key":"Elixir"},{"floor":38,"key":"Ancient Potion"},{"floor":39,"key":"BloodPotion"},{"floor":48,"key":"Reflective Coating"},{"floor":50,"key":"Reflective Coating"}],"is_trial":false,"path_per_floor":["M","?","M","?","M","R","M","?","T","R","M","MIM","M","M","R","B",null,"M","AVR","M","$","M","R","E","R","T","M","?","?","?","E","R","B",null,"M","M","AVR","M","M","R","E","R","MIM","R","M","T","M","M","R","B"],"character_chosen":"IRONCLAD","items_purchased":["hubris:CrystalStatue","Life Link+1"],"campfire_rested":4,"item_purchase_floors":[21,21],"current_hp_per_floor":[80,80,80,28,34,58,34,34,34,58,51,45,43,46,70,12,80,61,61,69,69,77,80,80,80,80,79,79,79,79,80,80,23,80,74,80,80,69,58,74,23,47,58,80,69,69,63,51,51,0,0],"gold":417,"neow_bonus":"THREE_ENEMY_KILL","is_daily":false,"chose_seed":false,"campfire_upgraded":3,"win_rate":0.0,"timestamp":1608140155,"path_taken":["M","?","M","?","?","R","?","?","T","R","M","?","M","M","R","BOSS","M","AVR","M","$","M","R","E","R","T","M","?","?","?","E","R","BOSS","M","M","AVR","M","M","R","E","R","MIM","R","M","?","M","M","R","BOSS"],"items_purchased_type":["Relic","Card"],"build_version":"2020-12-13","purchased_purges":0,"victory":false,"max_hp_per_floor":[80,80,80,80,80,80,80,80,80,80,80,80,80,80,80,80,80,80,80,80,80,80,80,80,80,80,80,80,80,80,80,80,80,80,80,80,80,80,80,80,80,80,80,80,85,85,85,85,85,85,85],"card_choices":[{"not_picked":["Warcry","Run Through"],"picked":"infinitespire:OneForAll","floor":1},{"not_picked":["Blood for Blood","Wild Strike"],"picked":"Rage","floor":3},{"not_picked":["Clash","Twin Strike"],"picked":"Run Through","floor":5},{"not_picked":["Twin Strike","Warcry"],"picked":"Heavy Blade","floor":7},{"not_picked":["Panacea","Mind Blast"],"picked":"Panache","floor":8},{"not_picked":["Armaments","Rupture"],"picked":"ReplayTheSpireMod:Strike From Hell","floor":11},{"not_picked":["Clash","ReplayTheSpireMod:Strike From Hell"],"picked":"Armaments","floor":12},{"not_picked":["Twin Strike","Massacre"],"picked":"Flex","floor":13},{"not_picked":["Searing Blow","Spot Weakness","Heavy Blade"],"picked":"SKIP","floor":14},{"not_picked":["Twin Strike","Heavy Blade"],"picked":"Thunderclap+1","floor":18},{"not_picked":["Perfected Strike+1","Evolve"],"picked":"Flex+1","floor":20},{"not_picked":["Clash","ReplayTheSpireMod:Strike From Hell","Armaments"],"picked":"SKIP","floor":22},{"not_picked":["Anger","Clash+1"],"picked":"Uppercut+1","floor":24},{"not_picked":["Replay:Undeath\u0027s Touch+1","Perfected Strike","Battle Trance"],"picked":"SKIP","floor":27},{"not_picked":["Perfected Strike+1","Warcry","Pommel Strike"],"picked":"SKIP","floor":31},{"not_picked":["Replay:Many Hands","Limit Break"],"picked":"Demon Form","floor":33},{"not_picked":["Whirlwind","StuffTheSpire:Resist+1","StuffTheSpire:Slingshot"],"picked":"SKIP","floor":35},{"not_picked":["True Grit","Anger","ReplayTheSpireMod:Muscle Training"],"picked":"SKIP","floor":36},{"not_picked":["ReplayTheSpireMod:Strike From Hell+1","StuffTheSpire:Slingshot+1","Iron Wave+1"],"picked":"SKIP","floor":38},{"not_picked":["Dual Wield","Rage","StuffTheSpire:RockThrow+1"],"picked":"SKIP","floor":39},{"not_picked":["Iron Wave","Whirlwind+1","True Grit+1"],"picked":"SKIP","floor":41},{"not_picked":["Pommel Strike","Iron Wave","Dark Embrace"],"picked":"SKIP","floor":45},{"not_picked":["Run Through+1","Havoc","ReplayReversal"],"picked":"SKIP","floor":47},{"not_picked":["StuffTheSpire:BloodClot+1","Iron Wave+1","Rupture"],"picked":"SKIP","floor":48}],"player_experience":220986,"relics_obtained":[{"floor":9,"key":"hubris:Reverence"},{"floor":12,"key":"Blood Vial"},{"floor":24,"key":"infinitespire:Golems Mask"},{"floor":31,"key":"Replay:Rubber Ducky"},{"floor":41,"key":"Thread and Needle"},{"floor":43,"key":"hubris:BundleOfHerbs"},{"floor":46,"key":"halation:Trompette"}],"event_choices":[{"damage_healed":0,"gold_gain":0,"player_choice":"Agree","damage_taken":0,"max_hp_gain":0,"max_hp_loss":0,"event_name":"conspire:LoneGhost","floor":2,"gold_loss":0},{"damage_healed":0,"gold_gain":0,"player_choice":"RE RE RE ","damage_taken":58,"relics_obtained":["Tiny Chest","aspiration:ChemicalBlood","Simple Rune"],"max_hp_gain":0,"max_hp_loss":0,"event_name":"betterSkull:BetterSkull","floor":4,"gold_loss":0,"cards_upgraded":[]},{"damage_healed":0,"gold_gain":1,"player_choice":"1","damage_taken":0,"max_hp_gain":0,"max_hp_loss":0,"event_name":"betterStone:BetterStone","floor":8,"gold_loss":0},{"damage_healed":0,"gold_gain":0,"player_choice":"Ignored","damage_taken":0,"max_hp_gain":0,"max_hp_loss":0,"event_name":"betterNote:BetterNote","floor":28,"gold_loss":0,"cards_obtained":["Defend_P"]},{"damage_healed":0,"gold_gain":99,"player_choice":"Steal","damage_taken":0,"max_hp_gain":0,"max_hp_loss":0,"event_name":"betterThird:BetterNest","floor":29,"gold_loss":0}],"is_beta":false,"boss_relics":[{"not_picked":["Coffee Dripper","hubris:Stopwatch"],"picked":"Replay:Bronze Core"},{"not_picked":["halation:Prosthetics","Replay:Fungal Core"],"picked":"Black Blood"}],"items_purged_floors":[],"is_endless":false,"potions_floor_spawned":[1,3,13,16,22,24,33,35,38,48],"killed_by":"Donu and Deca","ascension_level":0}}