{"host":"guyab0tlx1bjcpcr","time":1608153945,"event":{"mods":["Aspiration","BaseMod","Beaked The Cultist","Better Third Choice","Conspire","GifTheSpireLib","Halation","Hubris","Minty Spire (QoL Compilation)","Replay The Spire","Robot Space Explorer","Spikes Relics","StSLib","Stuff the Spire","SuperFastMode","The Servant 0.9.4","Wandering Minibosses","vexMod"],"gold_per_floor":[115,115,131,131,147,147,158,158,158,192,35,51,64,95,95,95,95],"floor_reached":16,"playtime":1575,"items_purged":[],"score":224,"play_id":"f392df2a-5d79-4dc9-be8a-3780b9d258d8","local_time":"20201216152545","is_ascension_mode":true,"campfire_choices":[{"data":"Neutralize","floor":6,"key":"SMITH"},{"data":"Masterful Stab","floor":8,"key":"SMITH"},{"floor":15,"key":"REST"}],"circlet_count":0,"master_deck":["AscendersBane","Strike_G","Strike_G","Strike_G","Strike_G","Defend_G","Defend_G","Defend_G","Defend_G","Defend_G","Survivor","Quick Slash","Quick Slash","Masterful Stab+1","Neutralize+1","Dagger Spray"],"relics":["Ring of the Snake","Paper Crane","Akabeko","StuffTheSpire:Mouthbags","MealTicket"],"acts_visited":["Exordium"],"potions_floor_usage":[14,14],"damage_taken":[{"damage":12,"enemies":"Cultist","floor":1,"turns":6},{"damage":4,"enemies":"Small Slimes","floor":3,"turns":5},{"damage":2,"enemies":"Jaw Worm","floor":5,"turns":4},{"damage":0,"enemies":"Looter","floor":7,"turns":3},{"damage":17,"enemies":"3 Sentries","floor":10,"turns":13},{"damage":1,"enemies":"3 Louse","floor":12,"turns":3},{"damage":4,"enemies":"Exordium Thugs","floor":13,"turns":4},{"damage":7,"enemies":"Lagavulin","floor":14,"turns":3},{"damage":45,"enemies":"The Guardian","floor":16,"turns":12}],"seed_played":"8887667507270116534","potions_obtained":[{"floor":3,"key":"SteroidPotion"},{"floor":10,"key":"AttackPotion"}],"is_trial":false,"path_per_floor":["M","?","M","?","M","R","M","R","T","E","$","M","M","E","R","B"],"character_chosen":"THE_SILENT","items_purchased":["StuffTheSpire:Mouthbags"],"campfire_rested":1,"item_purchase_floors":[11],"current_hp_per_floor":[53,53,49,49,47,47,47,47,47,30,30,29,25,18,39,0,0],"gold":95,"neow_bonus":"TEN_PERCENT_HP_BONUS","is_daily":false,"chose_seed":false,"campfire_upgraded":2,"win_rate":0.0,"timestamp":1608153945,"path_taken":["M","?","?","?","M","R","M","R","T","E","$","M","M","E","R","BOSS"],"items_purchased_type":["Relic"],"build_version":"2020-12-13","purchased_purges":0,"victory":false,"max_hp_per_floor":[72,72,72,72,72,72,72,72,72,72,72,72,72,72,72,72,72],"card_choices":[{"not_picked":["Acrobatics","Underhanded Strike"],"picked":"Quick Slash","floor":1},{"not_picked":["StuffTheSpire:DoubleShiv","Poisoned Stab"],"picked":"Quick Slash","floor":3},{"not_picked":["Eviscerate","Bane"],"picked":"Masterful Stab","floor":5},{"not_picked":["Acrobatics","Slice","InfectiousVector"],"picked":"SKIP","floor":7},{"not_picked":["StuffTheSpire:Injection","StuffTheSpire:Shiver","aspiration:Lunge"],"picked":"SKIP","floor":10},{"not_picked":["StuffTheSpire:MirrorStance","Hidden Blade","Flying Knee"],"picked":"SKIP","floor":12},{"not_picked":["StuffTheSpire:BumpUp","Dagger Throw","Fluid Movement"],"picked":"SKIP","floor":13},{"not_picked":["Skewer","Acrobatics"],"picked":"Dagger Spray","floor":14}],"player_experience":1839643,"relics_obtained":[{"floor":9,"key":"Paper Crane"},{"floor":10,"key":"Akabeko"},{"floor":14,"key":"MealTicket"}],"event_choices":[{"cards_removed":["Strike_G"],"damage_healed":0,"gold_gain":0,"player_choice":"Purged","damage_taken":0,"max_hp_gain":0,"max_hp_loss":0,"event_name":"Purifier","floor":2,"gold_loss":0},{"damage_healed":49,"gold_gain":0,"player_choice":"Leave","damage_taken":0,"max_hp_gain":0,"max_hp_loss":72,"event_name":"betterThird:BetterShining","floor":4,"gold_loss":0}],"is_beta":false,"boss_relics":[],"items_purged_floors":[],"is_endless":false,"potions_floor_spawned":[3,10,12,13],"killed_by":"The Guardian","ascension_level":20}}