{"host":"a7kkotolxcg5vljr","time":1608150264,"event":{"mods":["2.2 Compatiblity","AchievementEnabler","Act Like it!","BaseMod","Better Altar","Better Skull","Better Third Choice","Colored Map","Colored Powertips","Downfall","Hermit","Highlight Path","Marisa????????","Minty Spire (QoL Compilation)","Quick Restart","Rare Cards Sparkle","Replay The Spire","Spicy Shops","StSLib","The Cursed","The Disciple","The Servant 0.9.4"],"gold_per_floor":[112,112,139,4,4,29,42,42,67,86,111,111,129,129,129,233,233,219,219,239,239,239,239,239],"floor_reached":23,"playtime":745,"items_purged":["Regret"],"score":249,"play_id":"0ade9ad0-33ca-45e2-804e-e9ca1c7a7b1c","local_time":"20201216152424","is_ascension_mode":false,"campfire_choices":[{"floor":12,"key":"RECALL"}],"circlet_count":0,"master_deck":["Strike_R","Strike_R","Strike_R+1","Strike_R","Strike_R","Defend_R","Defend_R","Defend_R+1","Bash","Infernal Blade","Iron Wave","Perfected Strike","Self Repair+1","Warcry","Cleave","Thunderclap","Burning Pact","Whirlwind+1","Heavy Blade+1"],"relics":["NeowsBlessing","Bronze Scales","Cauldron","Bag of Preparation","Simple Rune","Iron Core","Pet Ghost","Ring of Chaos","ReplayTheSpireMod:Ring of Exchange","Ring of Hypnosis"],"acts_visited":["Exordium","TheCity"],"potions_floor_usage":[11,11,11,11,11,16,21],"damage_taken":[{"damage":0,"enemies":"Cultist","floor":1,"turns":1},{"damage":0,"enemies":"Lagavulin","floor":6,"turns":1},{"damage":0,"enemies":"Jaw Worm","floor":7,"turns":1},{"damage":7,"enemies":"Small Slimes","floor":10,"turns":4},{"damage":8,"enemies":"Gremlin Nob","floor":11,"turns":2},{"damage":10,"enemies":"Exordium Thugs","floor":13,"turns":4},{"damage":39,"enemies":"Fading Forest","floor":16,"turns":11},{"damage":35,"enemies":"2 Thieves","floor":18,"turns":4},{"damage":49,"enemies":"Spheric Guardian","floor":20,"turns":6},{"damage":0,"enemies":"Snake Plant","floor":21,"turns":2},{"damage":53,"enemies":"Book of Stabbing","floor":23,"turns":5}],"seed_played":"-65064580318063478","potions_obtained":[{"floor":4,"key":"EntropicBrew"},{"floor":4,"key":"ColorlessPotion"},{"floor":4,"key":"Slimebound:ThreeZeroPotion"},{"floor":11,"key":"DistilledChaos"}],"is_trial":false,"path_per_floor":["M","?","T","$","?","E","M","?","T","M","E","R","M","?","R_BF","B",null,"M","?","M","M","?","E"],"character_chosen":"IRONCLAD","items_purchased":["Cauldron"],"campfire_rested":0,"item_purchase_floors":[4],"current_hp_per_floor":[80,80,80,80,80,80,80,80,80,80,80,80,80,80,80,51,80,55,90,51,51,51,0,0],"gold":239,"neow_bonus":"THREE_ENEMY_KILL","is_daily":false,"chose_seed":false,"campfire_upgraded":0,"win_rate":0.0,"timestamp":1608150264,"path_taken":["M","?","?","$","?","E","M","?","T","M","E","R","?","?","R_BF","BOSS","M","?","?","M","?","E"],"items_purchased_type":["Relic"],"build_version":"2020-12-13","purchased_purges":1,"victory":false,"max_hp_per_floor":[80,80,80,80,80,80,80,80,80,80,80,80,80,80,80,80,80,80,90,90,90,90,90,90],"card_choices":[{"not_picked":["Body Slam","Abandon"],"picked":"Infernal Blade","floor":1},{"not_picked":["Fiend Fire","Pummel"],"picked":"Iron Wave","floor":6},{"not_picked":["Pommel Strike","Flex"],"picked":"Perfected Strike","floor":7},{"not_picked":["Sword Boomerang","Cleave"],"picked":"Warcry","floor":10},{"not_picked":["Armaments","Searing Blow"],"picked":"Cleave","floor":11},{"not_picked":["Steam Power","Battle Trance"],"picked":"Thunderclap","floor":13},{"not_picked":["Brutality","Demon Form"],"picked":"Berserk","floor":16},{"not_picked":["Pommel Strike","Clothesline"],"picked":"Whirlwind+1","floor":18},{"not_picked":["Shrug It Off+1","Wild Strike+1"],"picked":"Heavy Blade+1","floor":20}],"player_experience":325549,"relics_obtained":[{"floor":3,"key":"Bronze Scales"},{"floor":6,"key":"Simple Rune"},{"floor":11,"key":"Pet Ghost"},{"floor":22,"key":"ReplayTheSpireMod:Ring of Exchange"},{"floor":22,"key":"Ring of Hypnosis"}],"event_choices":[{"damage_healed":0,"gold_gain":0,"player_choice":"Ignored","damage_taken":0,"max_hp_gain":0,"max_hp_loss":0,"event_name":"Golden Wing","floor":2,"gold_loss":0},{"damage_healed":0,"gold_gain":0,"player_choice":"Box","damage_taken":0,"relics_obtained":["Bag of Preparation"],"max_hp_gain":0,"max_hp_loss":0,"event_name":"Big Fish","floor":5,"gold_loss":0,"cards_obtained":["Regret"]},{"cards_removed":["Regret"],"damage_healed":0,"gold_gain":0,"player_choice":"Forget","damage_taken":0,"max_hp_gain":0,"max_hp_loss":0,"event_name":"Living Wall","floor":14,"gold_loss":0},{"cards_removed":["Berserk"],"damage_healed":25,"gold_gain":0,"player_choice":"Offered Rare","damage_taken":0,"max_hp_gain":10,"max_hp_loss":0,"event_name":"Bonfire Elementals","floor":19,"gold_loss":0}],"is_beta":false,"boss_relics":[{"not_picked":["Pandora\u0027s Box","Snecko Eye"],"picked":"Ring of Chaos"}],"items_purged_floors":[4],"is_endless":false,"potions_floor_spawned":[6,11,21],"killed_by":"Book of Stabbing","ascension_level":0}}