{"host":"l1b36ekckrizojma","time":1608095546,"event":{"mods":["BaseMod","Colored Powertips","Downfall","Minty Spire (QoL Compilation)","Replay The Spire","StSLib","óô»ðÖ¸ÄÏ"],"gold_per_floor":[99,99,99,99,161,86,86,11,46,46,96,113,130,148,166,265,265,265,27,43,43,43,56,70,70,70,70,103,103,116,116,116,130,147,245,245,245,262,262,279,296,345,345,370,382,394,421,433,445,457,488,500],"floor_reached":53,"playtime":4631,"items_purged":[],"score":830,"play_id":"dd22484a-0414-4b1b-9ec9-609067ab80f2","local_time":"20201216131226","is_ascension_mode":false,"campfire_choices":[{"floor":1.0,"key":"RECALL"},{"data":"Slimebound:Split","floor":6.0,"key":"SMITH"},{"data":"Slimebound:SplitLeeching","floor":8.0,"key":"SMITH"},{"data":"Slimebound:Nibble","floor":10.0,"key":"SMITH"},{"data":"Slimebound:MinionMaster","floor":18.0,"key":"SMITH"},{"data":"Slimebound:ProtectTheBoss","floor":25,"key":"SMITH"},{"data":"Slimebound:SplitBruiser","floor":27,"key":"SMITH"},{"data":"Slimebound:LeechLife","floor":37,"key":"SMITH"},{"data":"Slimebound:RainOfGoop","floor":45,"key":"SMITH"}],"circlet_count":0,"master_deck":["Slimebound:Strike_Slimebound+1","Slimebound:Strike_Slimebound+1","Slimebound:Tackle","Slimebound:Defend_Slimebound+1","Slimebound:Defend_Slimebound+1","Slimebound:Defend_Slimebound+1","Slimebound:Defend_Slimebound+1","Slimebound:Split+1","Slimebound:CorrosiveSpit","Slimebound:Chomp","Slimebound:SplitLeeching+1","Slimebound:FinishingTackle","Slimebound:PressTheAttack","Slimebound:Nibble+1","Doubt","Slimebound:RainOfGoop+1","Slimebound:SplitBruiser+1","Slimebound:SlimeSpikes","Slimebound:SplitLeeching","Slimebound:Icky","Slimebound:MinionMaster+1","CurseOfTheBell","Slimebound:SpikyOuterGoop","expansioncontent:QuickStudy+1","Slimebound:SlimeSpikes+1","Slimebound:SlimeSpikes+1","Slimebound:SlimeSlap","Slimebound:GoopSpray+1","Sickly","Slimebound:ProtectTheBoss+1","Slimebound:SplitMire+1","Slimebound:FormOfPuddle+1","Slimebound:SlimeTap+1","ReplayTheSpireMod:IOU","Slimebound:LeechLife+1","Slimebound:Prepare+1","Slimebound:DisruptingSlam","Slimebound:SplitAcid+1","Slimebound:FormOfPuddle+1","Slimebound:DisruptingSlam","Writhe","Slimebound:FormOfPuddle+1","Slimebound:RallyTheTroops","Slimebound:SplitBruiser+1"],"relics":["Slimebound:AbsorbEndCombat","downfall:HeartsMalice","ReplayTheSpireMod:Shallot","downfall:HeartBlessingRed","downfall:HeartBlessingBlue","Thread and Needle","Ring of Fury","Ring of Greed","Replay:Wax Seal","Calling Bell","MealTicket","Toxic Egg 2","Bird Faced Urn","StoneCalendar","Bronze Scales","downfall:RedIOU","Enchiridion","SlaversCollar","Durian","Calipers","MawBank","Juzu Bracelet"],"acts_visited":["Exordium","TheCity","TheBeyond"],"potions_floor_usage":[35,35,35,42,52,52,52],"damage_taken":[{"damage":0.0,"enemies":"Cultist","floor":2.0,"turns":1.0},{"damage":0.0,"enemies":"Jaw Worm","floor":3.0,"turns":1.0},{"damage":0.0,"enemies":"Small Slimes","floor":4.0,"turns":1.0},{"damage":48.0,"enemies":"Lagavulin Event","floor":5.0,"turns":6.0},{"damage":16.0,"enemies":"Replay:BlueRogue","floor":9.0,"turns":4.0},{"damage":4.0,"enemies":"Exordium Wildlife","floor":12.0,"turns":2.0},{"damage":15.0,"enemies":"Large Slime","floor":13.0,"turns":4.0},{"damage":12.0,"enemies":"Red Slaver","floor":14.0,"turns":4.0},{"damage":12.0,"enemies":"Lots of Slimes","floor":15.0,"turns":3.0},{"damage":57.0,"enemies":"downfall:Defect","floor":16.0,"turns":6.0},{"damage":20.0,"enemies":"downfall:FleeingMerchant","floor":19.0,"turns":4.0},{"damage":21.0,"enemies":"3 Byrds","floor":20.0,"turns":4.0},{"damage":45,"enemies":"3 Cultists","floor":23,"turns":7},{"damage":54,"enemies":"Centurion and Healer","floor":24,"turns":7},{"damage":41,"enemies":"Replay:Snechameleon","floor":28,"turns":6},{"damage":31,"enemies":"Cultist and Chosen","floor":30,"turns":5},{"damage":28,"enemies":"Chosen and Byrds","floor":33,"turns":5},{"damage":22,"enemies":"Snecko","floor":34,"turns":4},{"damage":50,"enemies":"downfall:Silent","floor":35,"turns":6},{"damage":45,"enemies":"3 Darklings","floor":38,"turns":5},{"damage":14,"enemies":"3 Shapes","floor":40,"turns":4},{"damage":48,"enemies":"Maw","floor":41,"turns":8},{"damage":66,"enemies":"2 Orb Walkers","floor":42,"turns":5},{"damage":14,"enemies":"R_Hoarder","floor":44,"turns":7},{"damage":35,"enemies":"Sphere and 2 Shapes","floor":47,"turns":4},{"damage":7,"enemies":"Spire Growth","floor":51,"turns":7},{"damage":5,"enemies":"downfall:Ironclad","floor":52,"turns":7}],"seed_played":"-8127604731891417249","potions_obtained":[{"floor":9.0,"key":"Strength Potion"},{"floor":12.0,"key":"Reflective Coating"},{"floor":14.0,"key":"Weak Potion"},{"floor":28,"key":"ColorlessPotion"},{"floor":30,"key":"champ:CounterPotion"},{"floor":33,"key":"FearPotion"},{"floor":35,"key":"Adrenaline Potion"},{"floor":41,"key":"Doom Potion"},{"floor":42,"key":"Strength Potion"},{"floor":49,"key":"Toxic Potion"},{"floor":49,"key":"Explosive Potion"}],"is_trial":false,"path_per_floor":["R","M","M","M","?","R","T","R","E","R","?","M","M","M","M","B",null,"R","$","M","PTL","PTL","M","M","R","T","R","E","?","M","?","?","M","M","B",null,"R","M","?","M","M","?","T","E","R","?","M","?","?","?","M","B",null],"character_chosen":"SLIMEBOUND","items_purchased":["expansioncontent:QuickStudy+1","Slimebound:SlimeSpikes+1"],"campfire_rested":0,"item_purchase_floors":[19,19],"current_hp_per_floor":[60,60,60,60,28,28,28,38,34,34,34,46,55,63,67,41,70,70,66,59,59,59,49,39,39,39,39,28,28,35,35,19,29,35,35,70,70,56,56,66,64,29,29,75,75,75,70,70,70,70,75,75],"gold":512,"neow_bonus":"THREE_ENEMY_KILL","is_daily":false,"chose_seed":false,"campfire_upgraded":8,"win_rate":0.0,"timestamp":1608095546,"path_taken":["R","?","M","M","?","R","T","R","E","R","?","M","M","M","M","BOSS","R","$","M","PTL","PTL","M","M","R","T","R","E","?","M","?","?","?","M","BOSS","R","M","?","M","?","?","T","E","R","?","M","?","?","?","M","BOSS"],"items_purchased_type":["Card","Card"],"build_version":"2020-12-13","purchased_purges":0,"victory":true,"max_hp_per_floor":[60,60,60,60,60,60,60,70,70,70,70,70,70,70,70,70,70,70,70,70,70,70,70,70,70,70,70,70,70,70,70,70,70,70,70,70,70,70,70,70,70,75,75,75,75,75,75,75,75,75,75,75],"card_choices":[{"not_picked":["Slimebound:SpikyOuterGoop","Slimebound:ViciousTackle"],"picked":"Slimebound:Chomp","floor":2.0},{"not_picked":["Slimebound:FinishingTackle","Slimebound:ComboTackle"],"picked":"Slimebound:SplitLeeching","floor":3.0},{"not_picked":["Slimebound:SplitMire","Slimebound:SplitBruiser"],"picked":"Slimebound:FinishingTackle","floor":4.0},{"not_picked":["Slimebound:SplitAcid","Slimebound:Schlurp"],"picked":"Slimebound:PressTheAttack","floor":5.0},{"not_picked":["Slimebound:SplitAcid","Slimebound:SlimeBarrage"],"picked":"Slimebound:Nibble","floor":9.0},{"not_picked":["Slimebound:FormOfPuddle","Slimebound:SelfFormingGoo"],"picked":"Slimebound:RainOfGoop","floor":12.0},{"not_picked":["Slimebound:SlimeSpikes","Slimebound:LeechingTouch"],"picked":"Slimebound:SplitBruiser","floor":13.0},{"not_picked":["Slimebound:ViciousTackle","Slimebound:PressTheAttack"],"picked":"Slimebound:SlimeSpikes","floor":14.0},{"not_picked":["Slimebound:ComboTackle","Slimebound:ViciousTackle"],"picked":"Slimebound:SplitLeeching","floor":15.0},{"not_picked":["Slimebound:PrepareCrush","Slimebound:OneTwoCombo"],"picked":"Slimebound:MinionMaster","floor":16.0},{"not_picked":["Slimebound:Schlurp+1","Slimebound:FinishingTackle"],"picked":"Slimebound:SpikyOuterGoop","floor":19.0},{"not_picked":["Slimebound:ForwardTackle","Slimebound:SamplingLick+1"],"picked":"Slimebound:SlimeSlap","floor":20.0},{"not_picked":["Slimebound:SamplingLick+1","Slimebound:SplitBruiser+1"],"picked":"Slimebound:GoopSpray+1","floor":23},{"not_picked":["Slimebound:SlimeBarrage","Slimebound:SplitLeeching+1"],"picked":"Slimebound:ProtectTheBoss","floor":24},{"not_picked":["Slimebound:BestDefense+1","Slimebound:GoopSpray+1"],"picked":"Slimebound:SplitMire+1","floor":28},{"not_picked":["Slimebound:Schlurp+1","Slimebound:FinishingTackle"],"picked":"Slimebound:FormOfPuddle+1","floor":30},{"not_picked":["Slimebound:Grow","Slimebound:RejuvenatingLick+1"],"picked":"Slimebound:SlimeBarrage","floor":33},{"not_picked":["Slimebound:Gluttony","Slimebound:MegaLick+1"],"picked":"Slimebound:SlimeTap+1","floor":34},{"not_picked":["Slimebound:MinionMaster","Slimebound:SlimeSlap"],"picked":"Slimebound:LeechLife","floor":35},{"not_picked":["Slimebound:LeechEnergy","Slimebound:SlimeSpikes+1"],"picked":"Slimebound:Prepare+1","floor":38},{"not_picked":["Slimebound:SplitLeeching+1","Slimebound:SamplingLick+1"],"picked":"Slimebound:SplitAcid+1","floor":40},{"not_picked":["Slimebound:GoopSpray+1","Slimebound:SamplingLick+1"],"picked":"Slimebound:FormOfPuddle+1","floor":41},{"not_picked":["Slimebound:Schlurp+1","Slimebound:LeechEnergy+1"],"picked":"Slimebound:DisruptingSlam","floor":42},{"not_picked":["Slimebound:PressTheAttack+1","Slimebound:SplitMire+1"],"picked":"Slimebound:FormOfPuddle+1","floor":44},{"not_picked":["Slimebound:SpikyOuterGoop+1","Slimebound:GoopSpray+1"],"picked":"Slimebound:RallyTheTroops","floor":47},{"not_picked":["Slimebound:ForwardTackle","Slimebound:Dissolve+1"],"picked":"Slimebound:SplitBruiser+1","floor":51}],"player_experience":56610,"relics_obtained":[{"floor":5.0,"key":"ReplayTheSpireMod:Shallot"},{"floor":9.0,"key":"Thread and Needle"},{"floor":11.0,"key":"Ring of Fury"},{"floor":11.0,"key":"Ring of Greed"},{"floor":11.0,"key":"Smiling Mask"},{"floor":11.0,"key":"Replay:Wax Seal"},{"floor":17.0,"key":"MealTicket"},{"floor":17.0,"key":"Toxic Egg 2"},{"floor":17.0,"key":"Bird Faced Urn"},{"floor":26,"key":"StoneCalendar"},{"floor":28,"key":"Bronze Scales"},{"floor":32,"key":"Enchiridion"},{"floor":42,"key":"Durian"},{"floor":43,"key":"Calipers"},{"floor":44,"key":"MawBank"},{"floor":46,"key":"Juzu Bracelet"}],"event_choices":[{"damage_healed":0,"gold_gain":0,"player_choice":"Simplicity","damage_taken":0,"max_hp_gain":0,"max_hp_loss":0,"event_name":"Back to Basics","floor":31,"gold_loss":0,"cards_upgraded":["Slimebound:Strike_Slimebound","Slimebound:Strike_Slimebound","Slimebound:Strike_Slimebound","Slimebound:Defend_Slimebound","Slimebound:Defend_Slimebound","Slimebound:Defend_Slimebound","Slimebound:Defend_Slimebound"]},{"damage_healed":0,"gold_gain":0,"cards_transformed":["Slimebound:SlimeBarrage"],"player_choice":"Transformed","damage_taken":0,"max_hp_gain":0,"max_hp_loss":0,"event_name":"Transmorgrifier","floor":39,"gold_loss":0,"cards_obtained":["Slimebound:DisruptingSlam"]},{"damage_healed":0,"gold_gain":0,"player_choice":"Fight","damage_taken":0,"max_hp_gain":0,"max_hp_loss":0,"event_name":"Mysterious Sphere","floor":42,"gold_loss":0},{"cards_removed":["Slimebound:Strike_Slimebound"],"damage_healed":0,"gold_gain":0,"player_choice":"Removed Attack","damage_taken":0,"max_hp_gain":0,"max_hp_loss":0,"event_name":"Falling","floor":48,"gold_loss":0},{"damage_healed":0,"gold_gain":0,"player_choice":"Got Potions","damage_taken":0,"max_hp_gain":0,"max_hp_loss":0,"event_name":"Lab","floor":49,"gold_loss":0}],"is_beta":false,"boss_relics":[{"not_picked":["Replay:Drink Me","ReplayTheSpireMod:DimensionalGlitch"],"picked":"Calling Bell"},{"not_picked":["Replay:Bronze Core","Velvet Choker"],"picked":"SlaversCollar"}],"items_purged_floors":[],"is_endless":false,"potions_floor_spawned":[9,12,14,28,30,33,35,41,42],"ascension_level":0}}