{"host":"jak4ncvfzor9mys0","time":1608106784,"event":{"mods":["2.2 Compatiblity","AchievementEnabler","BaseMod","Better Altar","Better Match","Better Note","Better Sensory Stone","Better Skull","Better Third Choice","BetterRewards","Block Reminder","Colored Map","Colored Powertips","Energized Spire","Gold Saver","Hubris","Infinite Spire","Key Reminder","Minty Spire (QoL Compilation)","Rare Cards Sparkle","Red Circlet Mod","Relic Sorter","Relic Stats","Replay The Spire","Retaliation","StSLib","SuperFastMode","The Blue Laboratory"],"gold_per_floor":[690,704,722,732,748,773,773,773,800,800,800,828,667,687,687,786,786,806,354,354,371,390,418,429,429,429],"floor_reached":25,"playtime":1221,"items_purged":["Gash+1","Strike_B","Strike_B","Strike_B"],"score":335,"play_id":"4cd0d591-b5bf-45f1-a16c-a4462de89096","local_time":"20201216001944","is_ascension_mode":false,"campfire_choices":[{"data":"Gash","floor":8,"key":"SMITH"},{"floor":15,"key":"REST"}],"circlet_count":0,"master_deck":["Gash+1","Strike_B","Defend_B","Defend_B","Defend_B","Defend_B","Zap","Dualcast","Stack+1","Rebound","Chill","Gash+1","Cold Snap","Conserve Battery","BootSequence","Gash+1","Leap","Leap","Leap"],"relics":["Cracked Core","Replay:Accelerometer","Replay:Antivirus Software","Nunchaku","Question Card","hubris:Backtick","Ice Cream","PreservedInsect","Sling"],"acts_visited":["Exordium","TheCity"],"potions_floor_usage":[6,16,23],"damage_taken":[{"damage":1,"enemies":"Jaw Worm","floor":1,"turns":2},{"damage":0,"enemies":"2 Louse","floor":2,"turns":2},{"damage":1,"enemies":"Small Slimes","floor":3,"turns":3},{"damage":16,"enemies":"3 Louse","floor":4,"turns":4},{"damage":3,"enemies":"Looter","floor":5,"turns":3},{"damage":2,"enemies":"3 Sentries","floor":6,"turns":8},{"damage":28,"enemies":"Gremlin Nob","floor":12,"turns":5},{"damage":0,"enemies":"2 Fungi Beasts","floor":14,"turns":3},{"damage":3,"enemies":"The Guardian","floor":16,"turns":10},{"damage":5,"enemies":"Chosen","floor":18,"turns":7},{"damage":7,"enemies":"3 Byrds","floor":21,"turns":7},{"damage":17,"enemies":"Snecko","floor":22,"turns":8},{"damage":63,"enemies":"Nightmare","floor":23,"turns":9},{"damage":5,"enemies":"Centurion and Healer","floor":24,"turns":12}],"seed_played":"-563344588345648649","potions_obtained":[{"floor":1,"key":"Strength Potion"},{"floor":3,"key":"FairyPotion"},{"floor":6,"key":"ColorlessPotion"},{"floor":16,"key":"SkillPotion"},{"floor":21,"key":"blueLaboratory:StoneskinPotion"},{"floor":23,"key":"blueLaboratory:BottleOfVodka"},{"floor":24,"key":"Strength Potion"}],"is_trial":false,"path_per_floor":["M","M","M","M","M","E","?","R","T","?","?","E","$","M","R","B",null,"M","$","?","M","M","NM","M","?"],"character_chosen":"DEFECT","items_purchased":["Stack","Rebound","Gash+1","PreservedInsect","Sling"],"campfire_rested":1,"item_purchase_floors":[0,0,13,19,19],"current_hp_per_floor":[74,74,73,57,54,52,52,52,52,75,75,47,47,47,69,66,75,70,70,70,63,46,7,2,0,0],"gold":429,"neow_bonus":"","is_daily":false,"chose_seed":false,"campfire_upgraded":1,"win_rate":0.0,"timestamp":1608106784,"path_taken":["M","M","M","M","M","E","?","R","T","?","?","E","$","M","R","BOSS","M","$","?","M","M","NM","M","?"],"items_purchased_type":["Card","Card","Card","Relic","Relic"],"build_version":"2020-12-13","purchased_purges":4,"victory":false,"max_hp_per_floor":[75,75,75,75,75,75,75,75,75,75,75,75,75,75,75,75,75,75,75,75,75,75,75,75,75,75],"relic_stats":{"Nunchaku":[47],"counters":[132,471],"PreservedInsect":715,"Question Card":10,"obtain_stats":[{"Ice Cream":17,"hubris:BallOfYels":107,"Replay:Accelerometer":7,"Tiny House":20,"energizedSpire:UnstableMolecules":107,"CeramicFish":148,"Vajra":53,"Whetstone":35,"hubris:MysteriousPyramids":8,"Boot":89,"Sling":19,"FrozenCore":17,"Blood Vial":67,"Lizard Tail":11,"Centennial Puzzle":138,"Replay:Frozen Program":38,"HornCleat":70,"infinitespire:Golems Mask":0,"MealTicket":94,"HandDrill":36,"Replay:Wax Seal":7,"hubris:TinFlute":26,"Replay:Bottled Steam":142,"hubris:MobiusCoin":26,"Girya":45,"Pear":44,"hubris:SoftwareUpdate":84,"Oddly Smooth Stone":43,"hubris:SphereOfDissonance":128,"Eternal Feather":6,"hubris:HollowSoul":34,"Ring of Chaos":68,"Pen Nib":109,"infinitespire:Beetle Shell":112,"Replay:Ancient Bell":34,"War Paint":24,"Question Card":12,"infinitespire:EvilPickle":34,"Bottled Flame":25,"Replay:Baseball":156,"infinitespire:Lychee Nut":96,"Shuriken":0,"Onion Ring":40,"Nloth\u0027s Gift":20,"Black Star":51,"hubris:ToyBattleship":57,"hubris:TenFootPole":101,"Symbiotic Virus":43,"Unceasing Top":57,"infinitespire:PuzzleCube":96,"energizedSpire:OldTV":102,"ReplayFunnel":155,"Carrot":52,"Regal Pillow":147,"Blue Doll":124,"hubris:SlimyHat":9,"ClockworkSouvenir":121,"Replay:Rubber Ducky":156,"Nunchaku":75,"Replay:Bandana":78,"hubris:Icosahedron":3,"Matryoshka":12,"energizedSpire:CursedPentagram":17,"hubris:Backtick":17,"hubris:Stopwatch":31,"WingedGreaves":23,"Red Mask":82,"Replay:Antivirus Software":43,"Replay:Bottled Eggs":34,"Cracked Core":0,"hubris:GlazedTorus":40,"Gremlin Food":60,"Potion Belt":31,"Inserter":34,"ReplayTheSpireMod:Ninjato":112,"hubris:64BitClover":20,"Golden Idol":55,"Circlet":116,"PreservedInsect":111,"hubris:MedicalManual":124,"Geode":126,"hubris:Towel":39,"Orichalcum":26,"Mercury Hourglass":8,"Nuclear Battery":17,"Anchor":88,"Ornamental Fan":90,"Garlic":122,"Bag of Marbles":145,"ReplayTheSpireMod:Lightbulb":12,"hubris:OldNail":9},{"Ice Cream":127,"hubris:BallOfYels":76,"Replay:Accelerometer":124,"Tiny House":32,"energizedSpire:UnstableMolecules":76,"CeramicFish":92,"Vajra":49,"Whetstone":40,"hubris:MysteriousPyramids":28,"Boot":67,"Sling":128,"FrozenCore":10,"Blood Vial":57,"Lizard Tail":28,"Centennial Puzzle":87,"Replay:Frozen Program":19,"HornCleat":58,"infinitespire:Golems Mask":24,"MealTicket":69,"HandDrill":18,"Replay:Wax Seal":27,"hubris:TinFlute":14,"Replay:Bottled Steam":90,"hubris:MobiusCoin":35,"Girya":46,"Pear":22,"hubris:SoftwareUpdate":66,"Oddly Smooth Stone":44,"hubris:SphereOfDissonance":84,"Eternal Feather":5,"hubris:HollowSoul":39,"Ring of Chaos":57,"Pen Nib":76,"infinitespire:Beetle Shell":78,"Replay:Ancient Bell":110,"War Paint":107,"Question Card":125,"infinitespire:EvilPickle":39,"Bottled Flame":35,"Replay:Baseball":95,"infinitespire:Lychee Nut":71,"Shuriken":96,"Onion Ring":114,"Nloth\u0027s Gift":11,"Black Star":48,"hubris:ToyBattleship":52,"hubris:TenFootPole":74,"Symbiotic Virus":21,"Unceasing Top":52,"infinitespire:PuzzleCube":71,"energizedSpire:OldTV":74,"ReplayFunnel":94,"Carrot":49,"Regal Pillow":91,"Blue Doll":82,"hubris:SlimyHat":6,"ClockworkSouvenir":81,"Replay:Rubber Ducky":95,"Nunchaku":61,"Replay:Bandana":62,"hubris:Icosahedron":26,"Matryoshka":28,"energizedSpire:CursedPentagram":104,"hubris:Backtick":127,"hubris:Stopwatch":109,"WingedGreaves":13,"Red Mask":65,"Replay:Antivirus Software":44,"Replay:Bottled Eggs":110,"Cracked Core":0,"hubris:GlazedTorus":44,"Gremlin Food":53,"Potion Belt":109,"Inserter":17,"ReplayTheSpireMod:Ninjato":78,"hubris:64BitClover":32,"Golden Idol":50,"Circlet":79,"PreservedInsect":77,"hubris:MedicalManual":82,"Geode":83,"hubris:Towel":19,"Orichalcum":35,"Mercury Hourglass":6,"Nuclear Battery":30,"Anchor":67,"Ornamental Fan":67,"Garlic":82,"Bag of Marbles":91,"ReplayTheSpireMod:Lightbulb":28,"hubris:OldNail":28},{"Ice Cream":428,"hubris:BallOfYels":267,"Replay:Accelerometer":410,"Tiny House":150,"energizedSpire:UnstableMolecules":267,"CeramicFish":286,"Vajra":209,"Whetstone":177,"hubris:MysteriousPyramids":137,"Boot":244,"Sling":435,"FrozenCore":44,"Blood Vial":225,"Lizard Tail":137,"Centennial Puzzle":279,"Replay:Frozen Program":88,"HornCleat":227,"infinitespire:Golems Mask":124,"MealTicket":248,"HandDrill":82,"Replay:Wax Seal":132,"hubris:TinFlute":62,"Replay:Bottled Steam":284,"hubris:MobiusCoin":161,"Girya":202,"Pear":106,"hubris:SoftwareUpdate":242,"Oddly Smooth Stone":191,"hubris:SphereOfDissonance":276,"Eternal Feather":20,"hubris:HollowSoul":173,"Ring of Chaos":225,"Pen Nib":267,"infinitespire:Beetle Shell":269,"Replay:Ancient Bell":351,"War Paint":339,"Question Card":415,"infinitespire:EvilPickle":173,"Bottled Flame":161,"Replay:Baseball":290,"infinitespire:Lychee Nut":257,"Shuriken":296,"Onion Ring":366,"Nloth\u0027s Gift":48,"Black Star":208,"hubris:ToyBattleship":214,"hubris:TenFootPole":265,"Symbiotic Virus":100,"Unceasing Top":214,"infinitespire:PuzzleCube":257,"energizedSpire:OldTV":265,"ReplayFunnel":289,"Carrot":209,"Regal Pillow":285,"Blue Doll":274,"hubris:SlimyHat":24,"ClockworkSouvenir":273,"Replay:Rubber Ducky":290,"Nunchaku":233,"Replay:Bandana":235,"hubris:Icosahedron":130,"Matryoshka":137,"energizedSpire:CursedPentagram":326,"hubris:Backtick":428,"hubris:Stopwatch":345,"WingedGreaves":58,"Red Mask":239,"Replay:Antivirus Software":191,"Replay:Bottled Eggs":351,"Cracked Core":0,"hubris:GlazedTorus":191,"Gremlin Food":216,"Potion Belt":345,"Inserter":78,"ReplayTheSpireMod:Ninjato":269,"hubris:64BitClover":150,"Golden Idol":210,"Circlet":270,"PreservedInsect":268,"hubris:MedicalManual":274,"Geode":275,"hubris:Towel":88,"Orichalcum":161,"Mercury Hourglass":24,"Nuclear Battery":145,"Anchor":244,"Ornamental Fan":244,"Garlic":274,"Bag of Marbles":285,"ReplayTheSpireMod:Lightbulb":137,"hubris:OldNail":137}]},"card_choices":[{"not_picked":["Undo","Hologram"],"picked":"Chill","floor":1},{"not_picked":["Steam","Go for the Eyes","Barrage"],"picked":"SKIP","floor":2},{"not_picked":["Capacitor","hubris:PowerSurge"],"picked":"Gash","floor":3},{"not_picked":["Panic Button","Fusion"],"picked":"Cold Snap","floor":4},{"not_picked":["Crystallizer","Rebound"],"picked":"Conserve Battery","floor":5},{"not_picked":["ReplayTheSpireMod:Reroute Power","Biased Cognition","Rebound"],"picked":"SKIP","floor":6},{"not_picked":["Static Discharge","ReplayRNGCard"],"picked":"BootSequence","floor":12},{"not_picked":["Glacier","Streamline","Static Discharge"],"picked":"Leap","floor":14},{"not_picked":["Barrage+1","Compile Driver","Ball Lightning+1"],"picked":"Leap","floor":18},{"not_picked":["ReplaySolidLightProjector","ReplayTheSpireMod:Reroute Power","Electrodynamics","FIFO Queue"],"picked":"SKIP","floor":21},{"not_picked":["Ball Lightning","Aggregate+1","White Noise","Chill"],"picked":"SKIP","floor":22},{"not_picked":["Turbo","Multi-Cast","Steam"],"picked":"Leap","floor":23},{"not_picked":["Force Field+1","Hologram+1","Rebound+1","Undo+1"],"picked":"SKIP","floor":24}],"player_experience":2624154,"relics_obtained":[{"floor":9,"key":"Nunchaku"},{"floor":12,"key":"Question Card"},{"floor":23,"key":"Replay:Antivirus Software"}],"event_choices":[{"damage_healed":25,"gold_gain":0,"player_choice":"Banana","damage_taken":0,"max_hp_gain":0,"max_hp_loss":0,"event_name":"Big Fish","floor":10,"gold_loss":0},{"cards_removed":["Strike_B"],"damage_healed":0,"gold_gain":0,"player_choice":"Give","damage_taken":0,"max_hp_gain":0,"max_hp_loss":0,"event_name":"betterNote:BetterNote","floor":20,"gold_loss":0,"cards_obtained":["Strike_B"]}],"is_beta":false,"boss_relics":[{"not_picked":["Philosopher\u0027s Stone","Cursed Key"],"picked":"hubris:Backtick"}],"items_purged_floors":[0,0,13,19],"is_endless":true,"potions_floor_spawned":[1,3,6,16,21,23,24],"ascension_level":0}}