{"host":"md0dejzd6k70gl1f","time":1608153628,"event":{"mods":["BaseMod","Minty Spire (QoL Compilation)","Quick Restart"],"gold_per_floor":[109,121,135,20,38,73,73,101,101,134,158,168,148,161,161,161,161],"floor_reached":16,"playtime":508,"items_purged":[],"score":244,"play_id":"63e86420-88f7-4daf-939f-b7f3d109dabd","local_time":"20201216222028","is_ascension_mode":true,"campfire_choices":[{"floor":7.0,"key":"REST"},{"floor":15,"key":"REST"}],"circlet_count":0,"master_deck":["AscendersBane","Strike_G","Strike_G","Strike_G","Strike_G","Strike_G","Defend_G","Defend_G","Defend_G","Defend_G","Defend_G","Survivor","Neutralize","Underhanded Strike","Sucker Punch","Leg Sweep","Crippling Poison","PiercingWail","Quick Slash","Dagger Spray","PiercingWail","Backflip","All Out Attack"],"relics":["Ring of the Snake","NeowsBlessing","Vajra","Snake Skull","Ninja Scroll","TungstenRod","Odd Mushroom"],"acts_visited":["Exordium"],"potions_floor_usage":[10,16,16],"damage_taken":[{"damage":0.0,"enemies":"Cultist","floor":1.0,"turns":1.0},{"damage":0.0,"enemies":"2 Louse","floor":2.0,"turns":1.0},{"damage":0.0,"enemies":"Small Slimes","floor":3.0,"turns":1.0},{"damage":1.0,"enemies":"Red Slaver","floor":5.0,"turns":6.0},{"damage":30.0,"enemies":"3 Sentries","floor":6.0,"turns":16.0},{"damage":35.0,"enemies":"Lagavulin","floor":8.0,"turns":8.0},{"damage":5,"enemies":"3 Sentries","floor":10,"turns":6},{"damage":3,"enemies":"The Mushroom Lair","floor":11,"turns":4},{"damage":0,"enemies":"Exordium Thugs","floor":12,"turns":3},{"damage":0,"enemies":"Lots of Slimes","floor":14,"turns":1},{"damage":18,"enemies":"Slime Boss","floor":16,"turns":8}],"seed_played":"8656876245093880243","potions_obtained":[{"floor":6.0,"key":"Swift Potion"},{"floor":8.0,"key":"LiquidMemories"},{"floor":10,"key":"Ancient Potion"},{"floor":13,"key":"CultistPotion"}],"is_trial":false,"path_per_floor":["M","M","M","$","M","E","R","E","T","E","?","M","?","M","R","B"],"character_chosen":"THE_SILENT","items_purchased":["Crippling Poison","PiercingWail"],"campfire_rested":2,"item_purchase_floors":[4,4],"current_hp_per_floor":[59,59,59,59,58,28,47,12,12,7,4,4,4,4,23,5,5],"gold":161,"neow_bonus":"THREE_ENEMY_KILL","is_daily":false,"chose_seed":false,"campfire_upgraded":0,"win_rate":0.0,"timestamp":1608153628,"path_taken":["M","M","M","$","?","E","R","E","T","E","?","M","?","?","R","BOSS"],"items_purchased_type":["Card","Card"],"build_version":"2020-12-13","purchased_purges":0,"victory":false,"max_hp_per_floor":[66,66,66,66,66,66,66,66,66,66,66,66,66,66,66,66,66],"card_choices":[{"not_picked":["Slice","Tactician"],"picked":"Underhanded Strike","floor":1.0},{"not_picked":["Escape Plan","Dagger Throw"],"picked":"Sucker Punch","floor":2.0},{"not_picked":["Deflect","Dodge and Roll"],"picked":"Leg Sweep","floor":3.0},{"not_picked":["Dodge and Roll","Expertise"],"picked":"Quick Slash","floor":5.0},{"not_picked":["Skewer","Deflect"],"picked":"Dagger Spray","floor":6.0},{"not_picked":["Night Terror","Terror"],"picked":"PiercingWail","floor":8.0},{"not_picked":["Dagger Spray","Bane","Dodge and Roll"],"picked":"SKIP","floor":10},{"not_picked":["Venomology","Underhanded Strike"],"picked":"Backflip","floor":11},{"not_picked":["Skewer","Bane"],"picked":"All Out Attack","floor":12},{"not_picked":["Deflect","Dagger Spray","Flying Knee"],"picked":"SKIP","floor":14}],"player_experience":429981,"relics_obtained":[{"floor":6.0,"key":"Vajra"},{"floor":8.0,"key":"Snake Skull"},{"floor":9.0,"key":"Ninja Scroll"},{"floor":10,"key":"TungstenRod"},{"floor":11,"key":"Odd Mushroom"}],"event_choices":[{"damage_healed":0,"gold_gain":0,"player_choice":"Fought Mushrooms","damage_taken":0,"max_hp_gain":0,"max_hp_loss":0,"event_name":"Mushrooms","floor":11,"gold_loss":0},{"damage_healed":0,"gold_gain":0,"player_choice":"Bought 1 Potion","damage_taken":0,"max_hp_gain":0,"max_hp_loss":0,"event_name":"The Woman in Blue","floor":13,"gold_loss":0}],"is_beta":false,"boss_relics":[],"items_purged_floors":[],"is_endless":false,"potions_floor_spawned":[6,8,10,14],"killed_by":"Slime Boss","ascension_level":20}}