{"host":"oeeu8njhzvf3llor","time":1608133878,"event":{"mods":["BaseMod","Better Match","Better Note","Better Skull","Better Third Choice","Colored Map","Hubris","Minty Spire (QoL Compilation)","Rare Cards Sparkle","Replay The Spire","Shop Mod","Spicy Shops","StSLib","Swap Starting Deck Mod"],"gold_per_floor":[110,130,20,38,58,92,92,104,104,104,104,104,179,179,191,303,315,344,372,399,31,31,31,31],"floor_reached":23,"playtime":707,"items_purged":["Strike_B"],"score":201,"play_id":"5d265934-7648-4ad7-818e-aa2cc6f7b318","local_time":"20201216105118","is_ascension_mode":true,"campfire_choices":[{"floor":7,"key":"REST"},{"floor":10,"key":"REST"},{"floor":12,"key":"REST"},{"floor":15,"key":"DIG"}],"circlet_count":0,"master_deck":["Strike_B","Strike_B","Strike_B","Defend_B","Defend_B","Defend_B","Defend_B","Zap","Dualcast","Darkness","Sweeping Beam","Doom and Gloom","Ball Lightning","Hologram","Conserve Battery","Amplify","ReplayTheSpireMod:Calculation Training","Rebound","hubris:PowerSurge","Strike_R"],"relics":["Cracked Core","hubris:TenFootPole","ReplayFunnel","Pet Ghost","Replay:Mystery Machine","MawBank","hubris:BlackHole","MerchantsRug","Prayer Wheel"],"acts_visited":["Exordium","TheCity"],"potions_floor_usage":[6,23],"damage_taken":[{"damage":1,"enemies":"Cultist","floor":1,"turns":4},{"damage":3,"enemies":"Jaw Worm","floor":2,"turns":3},{"damage":0,"enemies":"2 Louse","floor":4,"turns":2},{"damage":5,"enemies":"Lots of Slimes","floor":5,"turns":2},{"damage":54,"enemies":"Gremlin Nob","floor":6,"turns":5},{"damage":19,"enemies":"2 Fungi Beasts","floor":8,"turns":3},{"damage":20,"enemies":"The Guardian","floor":16,"turns":12},{"damage":0,"enemies":"Chosen","floor":18,"turns":4},{"damage":0,"enemies":"Shell Parasite","floor":19,"turns":3},{"damage":3,"enemies":"Chosen and Byrds","floor":20,"turns":8},{"damage":81,"enemies":"Gremlin Leader","floor":23,"turns":9}],"seed_played":"-8408432703522454836","potions_obtained":[{"floor":1,"key":"BlessingOfTheForge"},{"floor":2,"key":"Strength Potion"},{"floor":5,"key":"ColorlessPotion"},{"floor":19,"key":"Swift Potion"}],"is_trial":false,"path_per_floor":["M","M","$","M","M","E","R","M","T","R","?","R","?","T","R_BF","B",null,"M","M","M","$","?","E"],"character_chosen":"DEFECT","items_purchased":["Doom and Gloom","MerchantsRug","Prayer Wheel"],"campfire_rested":3,"item_purchase_floors":[3,21,21],"current_hp_per_floor":[74,71,71,71,66,12,34,15,15,37,37,59,54,54,54,34,75,75,75,72,72,72,0,0],"gold":31,"neow_bonus":"RANDOM_COMMON_RELIC","is_daily":false,"chose_seed":false,"campfire_upgraded":0,"win_rate":0.0,"timestamp":1608133878,"path_taken":["M","M","$","?","M","E","R","M","T","R","?","R","?","?","R_BF","BOSS","M","M","M","$","?","E"],"items_purchased_type":["Card","Relic","Relic"],"build_version":"2020-12-13","purchased_purges":1,"victory":false,"max_hp_per_floor":[75,75,75,75,75,75,75,75,75,75,75,75,75,75,75,75,75,75,75,75,75,75,75,75],"card_choices":[{"not_picked":["Steam Power","Self Repair"],"picked":"Darkness","floor":1},{"not_picked":["Turbo","ReplayTheSpireMod:Calculation Training"],"picked":"Sweeping Beam","floor":2},{"not_picked":["Hello World","Force Field"],"picked":"Ball Lightning","floor":4},{"not_picked":["Capacitor","Rebound"],"picked":"Hologram","floor":5},{"not_picked":["Chaos","Turbo","Glacier"],"picked":"SKIP","floor":6},{"not_picked":["Streamline","Rebound"],"picked":"Conserve Battery","floor":8},{"not_picked":["Reboot","hubris:Prefetch"],"picked":"Amplify","floor":16},{"not_picked":["Steam","Conserve Battery"],"picked":"ReplayTheSpireMod:Calculation Training","floor":18},{"not_picked":["Turbo","Compile Driver+1"],"picked":"Rebound","floor":19},{"not_picked":["Undo","Ball Lightning+1"],"picked":"hubris:PowerSurge","floor":20}],"player_experience":469295,"relics_obtained":[{"floor":6,"key":"ReplayFunnel"},{"floor":9,"key":"Pet Ghost"},{"floor":14,"key":"MawBank"},{"floor":15,"key":"Mummified Hand"}],"event_choices":[{"damage_healed":0,"gold_gain":0,"player_choice":"Searched \u00271\u0027 times","damage_taken":0,"relics_obtained":["Replay:Mystery Machine"],"max_hp_gain":0,"max_hp_loss":0,"event_name":"Dead Adventurer","floor":11,"gold_loss":0},{"damage_healed":0,"gold_gain":75,"player_choice":"Gold","damage_taken":11,"max_hp_gain":0,"max_hp_loss":0,"event_name":"betterThird:BetterGoop","floor":13,"gold_loss":0},{"damage_healed":0,"gold_gain":0,"player_choice":"Take","damage_taken":0,"max_hp_gain":0,"max_hp_loss":0,"event_name":"betterNote:BetterNote","floor":22,"gold_loss":0,"cards_obtained":["Strike_R"]}],"is_beta":false,"boss_relics":[{"not_picked":["hubris:HollowSoul","Calling Bell"],"picked":"hubris:BlackHole"}],"items_purged_floors":[3],"is_endless":false,"potions_floor_spawned":[1,2,5,19],"killed_by":"Gremlin Leader","ascension_level":1}}