{"host":"viqlxz8almhbqoia","time":1608080848,"event":{"mods":["BaseMod","CapriCore","Colored Map","Custom Start","DeckTracker","Hermit","Minty Spire (QoL Compilation)","READ ME - Guardian Mod","StSLib","SuperFastMode"],"gold_per_floor":[360,360,310,328,328,328,347,382,433,433,443,462,480,169,169,267,267,282,282,89,100,100,126,76,93,93,93,93,126,145,95,95,200,200,235,1234,1035,1050,960,960,436,436,436,466,485,545,561,593,593,593],"floor_reached":51,"playtime":3020,"items_purged":["hermit:Strike_Hermit","hermit:Strike_Hermit","hermit:Strike_Hermit","hermit:Defend_Hermit","Normality"],"score":795,"play_id":"12be8f35-ee04-43ea-bdae-7c65721ed2be","local_time":"20201216100728","is_ascension_mode":false,"campfire_choices":[{"data":"hermit:Snapshot","floor":6.0,"key":"SMITH"},{"data":"hermit:Roughhouse","floor":10.0,"key":"SMITH"},{"data":"hermit:Dive","floor":15,"key":"SMITH"},{"data":"hermit:Covet","floor":32,"key":"SMITH"},{"data":"Panacea","floor":40,"key":"SMITH"},{"data":"hermit:Brawl","floor":42,"key":"SMITH"},{"floor":49,"key":"REST"}],"circlet_count":0,"master_deck":["hermit:Defend_Hermit+1","hermit:Defend_Hermit+1","hermit:Defend_Hermit","hermit:Snapshot+1","hermit:Covet+1","hermit:Combo+1","hermit:Malice","hermit:Roughhouse+1","hermit:TrackingShot","hermit:Dive+1","PiercingWail+1","Master of Strategy","Flex+1","hermit:DeadOrAlive+1","hermit:Dive","Panacea+1","hermit:Brawl+1","Undo","hermit:WideOpen+1"],"relics":["hermit:Momento","Bronze Scales","Smiling Mask","Gremlin Horn","Velvet Choker","FaceOfCleric","PrismaticShard","Vajra","Turnip","Dream Catcher","Cursed Key","OrangePellets","Boot","War Paint","Frozen Egg 2","Ginger"],"acts_visited":["Exordium","TheCity","TheBeyond"],"potions_floor_usage":[16,33,33,50,50,50],"damage_taken":[{"damage":9.0,"enemies":"Small Slimes","floor":1.0,"turns":4.0},{"damage":1.0,"enemies":"2 Louse","floor":4.0,"turns":3.0},{"damage":0.0,"enemies":"Cultist","floor":7.0,"turns":3.0},{"damage":24.0,"enemies":"Lagavulin","floor":8.0,"turns":5.0},{"damage":3.0,"enemies":"Red Slaver","floor":11.0,"turns":4.0},{"damage":5.0,"enemies":"Looter","floor":12.0,"turns":3.0},{"damage":0,"enemies":"Large Slime","floor":13,"turns":2},{"damage":5,"enemies":"Hexaghost","floor":16,"turns":10},{"damage":5,"enemies":"3 Byrds","floor":18,"turns":3},{"damage":3,"enemies":"2 Thieves","floor":21,"turns":3},{"damage":13,"enemies":"Gremlin Leader","floor":23,"turns":7},{"damage":0,"enemies":"Chosen and Byrds","floor":25,"turns":3},{"damage":8,"enemies":"Book of Stabbing","floor":29,"turns":5},{"damage":0,"enemies":"Centurion and Healer","floor":30,"turns":5},{"damage":47,"enemies":"Automaton","floor":33,"turns":10},{"damage":0,"enemies":"3 Shapes","floor":35,"turns":7},{"damage":8,"enemies":"Orb Walker","floor":38,"turns":4},{"damage":24,"enemies":"Reptomancer","floor":44,"turns":6},{"damage":0,"enemies":"Spire Growth","floor":45,"turns":4},{"damage":20,"enemies":"Giant Head","floor":46,"turns":8},{"damage":3,"enemies":"Sphere and 2 Shapes","floor":47,"turns":6},{"damage":11,"enemies":"Jaw Worm Horde","floor":48,"turns":4},{"damage":2,"enemies":"Time Eater","floor":50,"turns":6}],"seed_played":"-621659273589701440","potions_obtained":[{"floor":4.0,"key":"ColorlessPotion"},{"floor":7.0,"key":"Block Potion"},{"floor":13,"key":"Weak Potion"},{"floor":18,"key":"Block Potion"},{"floor":21,"key":"AttackPotion"},{"floor":38,"key":"Fire Potion"},{"floor":45,"key":"AttackPotion"},{"floor":47,"key":"Dexterity Potion"}],"is_trial":false,"path_per_floor":["M","?","?","M","?","R","M","E","T","R","M","M","M","$","R","B",null,"M","?","$","M","?","E","$","M","T","?","?","E","M","$","R","B",null,"M","?","$","M","?","R","$","R","T","E","M","E","M","M","R","B",null],"character_chosen":"HERMIT","items_purchased":["Gremlin Horn","PrismaticShard","Strength Potion","Dexterity Potion","hermit:Dive","OrangePellets","Boot","War Paint","hermit:Brawl"],"campfire_rested":1,"item_purchase_floors":[14,20,37,37,37,41,41,41,41],"current_hp_per_floor":[66,59,59,58,58,58,58,34,34,34,31,26,26,26,26,21,75,70,70,70,68,68,56,56,57,57,42,69,62,63,63,63,17,86,87,87,87,80,80,80,80,80,80,57,58,39,37,27,54,53],"gold":593,"neow_bonus":"TWO_FIFTY_GOLD","is_daily":false,"chose_seed":false,"campfire_upgraded":6,"win_rate":0.0,"timestamp":1608080848,"path_taken":["M","?","?","M","?","R","M","E","T","R","M","M","M","$","R","BOSS","M","?","$","?","?","E","$","M","T","?","?","E","M","$","R","BOSS","M","?","$","M","?","R","$","R","T","E","M","E","?","M","R","BOSS"],"items_purchased_type":["Relic","Relic","Potion","Potion","Card","Relic","Relic","Relic","Card"],"build_version":"2020-12-13","purchased_purges":5,"victory":true,"max_hp_per_floor":[75,75,75,75,75,75,75,75,75,75,75,75,75,75,75,75,75,75,75,75,76,76,77,77,78,78,83,83,84,85,85,85,86,86,87,87,87,88,88,88,88,88,88,89,90,91,92,93,93,94],"card_choices":[{"not_picked":["hermit:LowProfile","hermit:NoHoldsBarred"],"picked":"hermit:Combo","floor":1.0},{"not_picked":["hermit:Roulette","hermit:TakeCover","hermit:HoleUp"],"picked":"SKIP","floor":4.0},{"not_picked":["hermit:Desperado","hermit:Manifest"],"picked":"hermit:Malice","floor":7.0},{"not_picked":["hermit:BodyArmor","hermit:SprayPray"],"picked":"hermit:Roughhouse","floor":8.0},{"not_picked":["hermit:HighCaliber","hermit:Vantage"],"picked":"hermit:TrackingShot","floor":11.0},{"not_picked":["hermit:ItchyTrigger","hermit:Deadeye","hermit:Ricochet"],"picked":"SKIP","floor":12.0},{"not_picked":["hermit:BodyArmor","hermit:Ricochet"],"picked":"hermit:Dive","floor":13},{"not_picked":["hermit:Deadeye","hermit:Manifest","hermit:SprayPray"],"picked":"SKIP","floor":18},{"not_picked":["Perseverance+1","Concentrate"],"picked":"PiercingWail+1","floor":21},{"not_picked":["Trip","Slice"],"picked":"Master of Strategy","floor":23},{"not_picked":["hermit:Vantage","Infinite Blades"],"picked":"Flex+1","floor":25},{"not_picked":["hermit:HoleUp","Wireheading","hermit:LowProfile"],"picked":"SKIP","floor":29},{"not_picked":["Cloak And Dagger","hermit:Coalescence","Flash of Steel+1"],"picked":"SKIP","floor":30},{"not_picked":["Fiend Fire","hermit:FromBeyond"],"picked":"hermit:DeadOrAlive","floor":33},{"not_picked":["Dark Shackles+1","EmptyBody+1","hermit:Vantage+1"],"picked":"SKIP","floor":35},{"not_picked":["Dark Embrace+1","Shrug It Off+1"],"picked":"Panacea","floor":38},{"not_picked":["Setup","Seek","Cold Snap"],"picked":"SKIP","floor":44},{"not_picked":["Rupture+1","Prepared","Cleave"],"picked":"SKIP","floor":45},{"not_picked":["JustLucky","Gash","Tempest+1"],"picked":"SKIP","floor":46},{"not_picked":["hermit:Misfire","hermit:LuckOfTheDraw"],"picked":"Undo","floor":47},{"not_picked":["Beam Cell","Wireheading+1"],"picked":"hermit:WideOpen+1","floor":48}],"player_experience":886548,"relics_obtained":[{"floor":8.0,"key":"Bronze Scales"},{"floor":9.0,"key":"Smiling Mask"},{"floor":23,"key":"Vajra"},{"floor":26,"key":"Turnip"},{"floor":29,"key":"Dream Catcher"},{"floor":44,"key":"Frozen Egg 2"},{"floor":46,"key":"Ginger"}],"event_choices":[{"cards_removed":["Regret"],"damage_healed":0.0,"max_hp_gain":0.0,"max_hp_loss":0.0,"gold_gain":0.0,"event_name":"Golden Wing","player_choice":"Card Removal","floor":2.0,"gold_loss":0.0,"damage_taken":7.0},{"cards_removed":["hermit:Strike_Hermit"],"damage_healed":0.0,"max_hp_gain":0.0,"max_hp_loss":0.0,"gold_gain":0.0,"event_name":"The Cleric","player_choice":"Card Removal","floor":3.0,"gold_loss":50.0,"damage_taken":0.0},{"damage_healed":0.0,"max_hp_gain":0.0,"max_hp_loss":0.0,"gold_gain":0.0,"event_name":"Upgrade Shrine","player_choice":"Upgraded","floor":5.0,"gold_loss":0.0,"damage_taken":0.0,"cards_upgraded":["hermit:Combo"]},{"damage_healed":0,"gold_gain":0,"player_choice":"Trade","damage_taken":0,"relics_obtained":["FaceOfCleric"],"max_hp_gain":0,"max_hp_loss":0,"event_name":"FaceTrader","floor":19,"gold_loss":0},{"damage_healed":0,"gold_gain":0,"player_choice":"Ignored","damage_taken":0,"max_hp_gain":0,"max_hp_loss":0,"event_name":"Ghosts","floor":22,"gold_loss":0},{"damage_healed":0,"gold_gain":0,"player_choice":"Shed Blood","damage_taken":20,"max_hp_gain":5,"max_hp_loss":0,"event_name":"Forgotten Altar","floor":27,"gold_loss":0},{"damage_healed":27,"gold_gain":0,"player_choice":"Heal","damage_taken":0,"max_hp_gain":0,"max_hp_loss":0,"event_name":"The Library","floor":28,"gold_loss":0},{"damage_healed":0,"gold_gain":999,"player_choice":"Gold","damage_taken":0,"max_hp_gain":0,"max_hp_loss":0,"event_name":"MindBloom","floor":36,"gold_loss":0,"cards_obtained":["Normality","Normality"]},{"cards_removed":["Normality"],"damage_healed":0,"gold_gain":0,"player_choice":"Upgrade and Remove","damage_taken":0,"max_hp_gain":0,"max_hp_loss":0,"event_name":"Designer","floor":39,"gold_loss":90,"cards_upgraded":["hermit:DeadOrAlive"]}],"is_beta":false,"boss_relics":[{"not_picked":["Runic Dome","SacredBark"],"picked":"Velvet Choker"},{"not_picked":["Sozu","Coffee Dripper"],"picked":"Cursed Key"}],"items_purged_floors":[14,20,24,31,37],"is_endless":false,"potions_floor_spawned":[4,7,13,18,21,23,38,45,47],"ascension_level":0}}