{"host":"0lnx88jdgcrh6gmr","time":1608149728,"event":{"mods":["2.2 Compatiblity","AchievementEnabler","BaseMod","Beaked The Cultist","Better Note","Better Skull","Better Third Choice","Block Reminder","Colored Map","Displayed Cursed Tome","Glutton Mod","Googly Eyes","Hermit","Highlight Path","Minty Spire (QoL Compilation)","Rare Cards Sparkle","Relic Stats","Shade Mod","Spicy Shops","StSLib","The Construct","The Cursed","The Disciple","The Mystic","The Servant 0.9.4","Unceasing Turn Reminder","everything is the same but u backflip on backflip","slay the spire mod where everything is the same but ironclad has a cowboy hat"],"gold_per_floor":[115,115,115,134,150,150,167,167,213,213,227,241,241,274,274,274,274],"floor_reached":16,"playtime":631,"items_purged":[],"score":102,"play_id":"ac03a854-1bbe-463a-8f97-30333e971f75","local_time":"20201216131528","is_ascension_mode":false,"campfire_choices":[{"floor":6,"key":"REST"},{"data":"Stack","floor":8,"key":"SMITH"},{"floor":13,"key":"REST"},{"floor":15,"key":"REST"}],"circlet_count":0,"master_deck":["Strike_B","Strike_B","Strike_B","Defend_B+1","Defend_B","Defend_B","Zap+1","Dualcast","Consume","Stack+1","Defragment","Leap","Stack","Conserve Battery","Ball Lightning","Sweeping Beam"],"relics":["Cracked Core","Lantern","Blood Vial"],"acts_visited":["Exordium"],"potions_floor_usage":[14],"damage_taken":[{"damage":0,"enemies":"2 Louse","floor":1,"turns":2},{"damage":14,"enemies":"Small Slimes","floor":4,"turns":3},{"damage":1,"enemies":"Cultist","floor":5,"turns":4},{"damage":13,"enemies":"Gremlin Gang","floor":7,"turns":5},{"damage":9,"enemies":"Lots of Slimes","floor":11,"turns":5},{"damage":17,"enemies":"Large Slime","floor":12,"turns":6},{"damage":22,"enemies":"Gremlin Nob","floor":14,"turns":5},{"damage":46,"enemies":"Hexaghost","floor":16,"turns":10}],"seed_played":"1662186221840968160","potions_obtained":[{"floor":4,"key":"Explosive Potion"},{"floor":7,"key":"DuplicationPotion"},{"floor":11,"key":"PowerPotion"}],"is_trial":false,"path_per_floor":["M","?","?","M","M","R","M","R","T","?","M","M","R","E","R","B"],"character_chosen":"DEFECT","items_purchased":[],"campfire_rested":3,"item_purchase_floors":[],"current_hp_per_floor":[75,60,60,46,45,67,54,54,54,47,38,21,43,21,43,0,0],"gold":274,"neow_bonus":"THREE_CARDS","is_daily":false,"chose_seed":false,"campfire_upgraded":1,"win_rate":0.0,"timestamp":1608149728,"path_taken":["M","?","?","M","M","R","M","R","T","?","M","M","R","E","R","BOSS"],"items_purchased_type":[],"build_version":"2020-12-13","purchased_purges":0,"victory":false,"max_hp_per_floor":[75,75,75,75,75,75,75,75,75,75,75,75,75,75,75,75,75],"relic_stats":{"Blood Vial":2,"counters":[8,40],"obtain_stats":[{"Blood Vial":14,"Lantern":9,"Cracked Core":0},{"Blood Vial":7,"Lantern":4,"Cracked Core":0},{"Blood Vial":30,"Lantern":14,"Cracked Core":0}]},"card_choices":[{"not_picked":["Stack","Hologram"],"picked":"Consume","floor":0},{"not_picked":["Steam Power","Cold Snap"],"picked":"Stack","floor":1},{"not_picked":["Hologram","Streamline"],"picked":"Defragment","floor":4},{"not_picked":["Chaos","Melter"],"picked":"Leap","floor":5},{"not_picked":["Chaos","Skim"],"picked":"Stack","floor":7},{"not_picked":["Glacier","Doom and Gloom"],"picked":"Conserve Battery","floor":11},{"not_picked":["Beam Cell","Gash"],"picked":"Ball Lightning","floor":12},{"not_picked":["Stack","Conserve Battery"],"picked":"Sweeping Beam","floor":14}],"player_experience":191519,"relics_obtained":[{"floor":9,"key":"Lantern"},{"floor":14,"key":"Blood Vial"}],"event_choices":[{"damage_healed":75,"gold_gain":0,"player_choice":"Upgrade","damage_taken":15,"max_hp_gain":0,"max_hp_loss":75,"event_name":"betterThird:BetterShining","floor":2,"gold_loss":0,"cards_upgraded":["Zap","Defend_B"]},{"cards_removed":["Strike_B"],"damage_healed":0,"gold_gain":0,"player_choice":"Forget","damage_taken":0,"max_hp_gain":0,"max_hp_loss":0,"event_name":"Living Wall","floor":3,"gold_loss":0},{"cards_removed":["Defend_B"],"damage_healed":0,"gold_gain":0,"player_choice":"Card Removal","damage_taken":7,"max_hp_gain":0,"max_hp_loss":0,"event_name":"Golden Wing","floor":10,"gold_loss":0}],"is_beta":false,"boss_relics":[],"items_purged_floors":[],"is_endless":false,"potions_floor_spawned":[4,7,11],"killed_by":"Hexaghost","ascension_level":0}}