{"host":"6xsbn6ynqlzwllfm","time":1608079780,"event":{"mods":["2.2 Compatiblity","BaseMod","Bestiary","Colored Map","Colored Powertips","Downfall","Googly Eyes","Highlight Path","Minty Spire (QoL Compilation)","Relic Stats","Slay the Relics Exporter","StSLib"],"gold_per_floor":[116,131,48,68,68,68,99,99,153,165,193,216,259,291,303,315,315],"floor_reached":16,"playtime":722,"items_purged":[],"score":207,"play_id":"057b33dc-114f-4c60-86aa-6cc2909db102","local_time":"20201215194940","is_ascension_mode":true,"campfire_choices":[{"floor":6,"key":"REST"},{"data":"Zap","floor":8,"key":"SMITH"},{"floor":10,"key":"REST"},{"data":"Beam Cell","floor":15,"key":"SMITH"}],"circlet_count":0,"master_deck":["AscendersBane","Strike_B","Strike_B","Strike_B","Strike_B","Defend_B","Defend_B","Defend_B","Defend_B","Zap+1","Dualcast","Streamline","Sweeping Beam","Doom and Gloom","Cold Snap","Beam Cell+1","Ball Lightning","Steam","Seek","Ball Lightning"],"relics":["Inserter","Lantern","Orichalcum","MawBank","HornCleat"],"acts_visited":["Exordium"],"potions_floor_usage":[7,16],"damage_taken":[{"damage":9,"enemies":"2 Louse","floor":1,"turns":4},{"damage":4,"enemies":"Small Slimes","floor":2,"turns":3},{"damage":1,"enemies":"Cultist","floor":4,"turns":3},{"damage":26,"enemies":"Lagavulin","floor":7,"turns":8},{"damage":12,"enemies":"Red Slaver","floor":11,"turns":3},{"damage":6,"enemies":"Lots of Slimes","floor":12,"turns":3},{"damage":12,"enemies":"Gremlin Nob","floor":13,"turns":4},{"damage":5,"enemies":"Blue Slaver","floor":14,"turns":3},{"damage":21,"enemies":"The Guardian","floor":16,"turns":7}],"seed_played":"6172370635013228270","potions_obtained":[{"floor":1,"key":"Ancient Potion"},{"floor":2,"key":"DuplicationPotion"},{"floor":12,"key":"Swift Potion"}],"is_trial":false,"path_per_floor":["M","M","$","M","?","R","E","R","T","R","M","M","E","M","R","B"],"character_chosen":"DEFECT","items_purchased":["Doom and Gloom"],"campfire_rested":2,"item_purchase_floors":[3],"current_hp_per_floor":[55,51,51,50,39,60,34,34,34,55,43,37,25,20,20,0,0],"gold":315,"neow_bonus":"BOSS_RELIC","is_daily":false,"chose_seed":false,"campfire_upgraded":2,"win_rate":0.0,"timestamp":1608079780,"path_taken":["M","M","$","M","?","R","E","R","T","R","M","M","E","M","R","BOSS"],"items_purchased_type":["Card"],"build_version":"2020-12-13","purchased_purges":0,"victory":false,"max_hp_per_floor":[71,71,71,71,71,71,71,71,71,71,71,71,71,71,71,71,71],"relic_stats":{"Inserter":[19],"counters":[9,38],"Orichalcum":[60],"MawBank":84,"obtain_stats":[{"Lantern":5,"Inserter":0,"HornCleat":13,"Orichalcum":7,"Cracked Core":0,"MawBank":9},{"Lantern":3,"Inserter":0,"HornCleat":7,"Orichalcum":4,"Cracked Core":0,"MawBank":4},{"Lantern":10,"Inserter":0,"HornCleat":28,"Orichalcum":18,"Cracked Core":0,"MawBank":18}]},"card_choices":[{"not_picked":["Undo","Turbo"],"picked":"Streamline","floor":1},{"not_picked":["Aggregate","Streamline"],"picked":"Sweeping Beam","floor":2},{"not_picked":["Heatsinks","Hologram"],"picked":"Cold Snap","floor":4},{"not_picked":["Force Field","Streamline"],"picked":"Beam Cell","floor":7},{"not_picked":["Leap","Turbo"],"picked":"Ball Lightning","floor":11},{"not_picked":["Go for the Eyes","Beam Cell"],"picked":"Steam","floor":12},{"not_picked":["Auto Shields","Redo"],"picked":"Seek","floor":13},{"not_picked":["Barrage","Rip and Tear"],"picked":"Ball Lightning","floor":14}],"player_experience":1188312,"relics_obtained":[{"floor":7,"key":"Orichalcum"},{"floor":9,"key":"MawBank"},{"floor":13,"key":"HornCleat"}],"event_choices":[{"damage_healed":0,"gold_gain":0,"player_choice":"Success","damage_taken":11,"relics_obtained":["Lantern"],"max_hp_gain":0,"max_hp_loss":0,"event_name":"Scrap Ooze","floor":5,"gold_loss":0}],"is_beta":false,"boss_relics":[],"items_purged_floors":[],"is_endless":false,"potions_floor_spawned":[1,2,4,12],"killed_by":"The Guardian","ascension_level":17}}