{"host":"6p0attdrtjqaih7v","time":1608095429,"event":{"mods":["2.2 Compatiblity","AchievementEnabler","Bard","BaseMod","Better Skull","Better Third Choice","Colored Powertips","Hermit","Highlight Path","Jorbs\u0027s Wanderer Trilogy","Key Reminder","Minty Spire (QoL Compilation)","Permanent Neow","Quick Restart","Random Character Button","Relic Stats","Replay The Spire","StSLib","The Construct"],"gold_per_floor":[116,129,12,27,39,39,13,13,13,13,33,33,67,85,85,85,85],"floor_reached":16,"playtime":620,"items_purged":[],"score":198,"play_id":"95b61cd5-97a6-42f2-a39d-89590d53909d","local_time":"20201216001029","is_ascension_mode":true,"campfire_choices":[{"data":"Neutralize","floor":6,"key":"SMITH"},{"floor":10,"key":"REST"},{"data":"Acrobatics","floor":12,"key":"SMITH"},{"floor":15,"key":"REST"}],"circlet_count":0,"master_deck":["AscendersBane","Strike_G","Strike_G","Strike_G","Strike_G","Strike_G","Defend_G","Defend_G","Defend_G","Defend_G","Defend_G","Survivor","Neutralize+1","Acrobatics+1","Tactician","Tactician","All Out Attack","ReplayTheSpireMod:Speed Training","Deflect","Terror","Storm of Steel","Quick Slash"],"relics":["Ring of the Snake","Ornamental Fan","Orichalcum"],"acts_visited":["Exordium"],"potions_floor_usage":[13,13,16],"damage_taken":[{"damage":12,"enemies":"Cultist","floor":1,"turns":6},{"damage":0,"enemies":"2 Louse","floor":2,"turns":4},{"damage":0,"enemies":"Small Slimes","floor":4,"turns":3},{"damage":16,"enemies":"Exordium Wildlife","floor":5,"turns":5},{"damage":15,"enemies":"Exordium Thugs","floor":7,"turns":6},{"damage":7,"enemies":"Blue Slaver","floor":11,"turns":6},{"damage":11,"enemies":"Gremlin Nob","floor":13,"turns":4},{"damage":0,"enemies":"3 Louse","floor":14,"turns":3},{"damage":42,"enemies":"Slime Boss","floor":16,"turns":6}],"seed_played":"-326960362400605153","potions_obtained":[{"floor":5,"key":"GamblersBrew"},{"floor":7,"key":"Block Potion"},{"floor":13,"key":"FearPotion"}],"is_trial":false,"path_per_floor":["M","M","$","M","M","R","M","?","T","R","M","R","E","M","R","B"],"character_chosen":"THE_SILENT","items_purchased":["Tactician","All Out Attack"],"campfire_rested":2,"item_purchase_floors":[3,3],"current_hp_per_floor":[47,47,47,47,31,31,16,16,16,35,28,28,17,17,36,0,0],"gold":85,"neow_bonus":"THREE_CARDS","is_daily":false,"chose_seed":false,"campfire_upgraded":2,"win_rate":0.0,"timestamp":1608095429,"path_taken":["M","M","?","M","M","R","M","?","T","R","M","R","E","M","R","BOSS"],"items_purchased_type":["Card","Card"],"build_version":"2020-12-13","purchased_purges":0,"victory":false,"max_hp_per_floor":[66,66,66,66,66,66,66,66,66,66,66,66,66,66,66,66,66],"relic_stats":{"counters":[9,43],"Ornamental Fan":[20],"Orichalcum":[6],"obtain_stats":[{"Ornamental Fan":9,"Orichalcum":13,"Ring of the Snake":0},{"Ornamental Fan":5,"Orichalcum":7,"Ring of the Snake":0},{"Ornamental Fan":24,"Orichalcum":34,"Ring of the Snake":0}],"Ring of the Snake":[18]},"card_choices":[{"not_picked":["Quick Slash","Cloak And Dagger"],"picked":"Acrobatics","floor":0},{"not_picked":["Dodge and Roll","Sucker Punch"],"picked":"Tactician","floor":1},{"not_picked":["Cloak And Dagger","Deadly Poison","Distraction"],"picked":"SKIP","floor":2},{"not_picked":["Flying Knee","Slice"],"picked":"ReplayTheSpireMod:Speed Training","floor":4},{"not_picked":["Catalyst","Masterful Stab"],"picked":"Deflect","floor":5},{"not_picked":["Deflect","Backstab","Outmaneuver"],"picked":"SKIP","floor":7},{"not_picked":["All Out Attack","Sucker Punch"],"picked":"Terror","floor":11},{"not_picked":["Reflex","Blade Dance"],"picked":"Storm of Steel","floor":13},{"not_picked":["Deadly Poison","Masterful Stab"],"picked":"Quick Slash","floor":14}],"player_experience":859321,"relics_obtained":[{"floor":9,"key":"Ornamental Fan"},{"floor":13,"key":"Orichalcum"}],"event_choices":[],"is_beta":false,"boss_relics":[],"items_purged_floors":[],"is_endless":false,"potions_floor_spawned":[5,7,11,13],"killed_by":"Slime Boss","ascension_level":18}}