{"host":"6xsbn6ynqlzwllfm","time":1608131671,"event":{"mods":["2.2 Compatiblity","BaseMod","Bestiary","Colored Map","Colored Powertips","Downfall","Googly Eyes","Highlight Path","Minty Spire (QoL Compilation)","Relic Stats","Slay the Relics Exporter","StSLib"],"gold_per_floor":[113,16,26,38,38,38,64,64,64,83,100,116,151,151,151,222,222,147,147,67,67,67,67,67,67,67,67,67,67,67,67,67,67,67,67,67,67,67,67,67,67,67,67,67,67,67,67,67,67,67],"floor_reached":51,"playtime":2750,"items_purged":["Guardian:SentryBeam"],"score":1206,"play_id":"f5044c9b-d599-4b95-8e50-09c3dcffe031","local_time":"20201216101431","is_ascension_mode":true,"campfire_choices":[{"data":"Guardian:CurlUp","floor":6,"key":"SMITH"},{"data":"Guardian:PiercingHide","floor":8,"key":"SMITH"},{"data":"Guardian:StasisStrike","floor":15,"key":"SMITH"},{"data":"Guardian:Planning","floor":23,"key":"SMITH"},{"data":"Guardian:TimeCapacitor","floor":25,"key":"SMITH"},{"data":"Guardian:StasisStrike","floor":27,"key":"SMITH"},{"data":"Guardian:TimeCapacitor","floor":29,"key":"SMITH"},{"floor":32,"key":"REST"},{"data":"Guardian:BaubleBeam","floor":42,"key":"SMITH"},{"floor":44,"key":"REST"},{"floor":49,"key":"REST"}],"circlet_count":0,"master_deck":["AscendersBane","Guardian:CurlUp+1","Guardian:TwinSlam","Guardian:BaubleBeam+1","Guardian:GemFinder","Guardian:Recover","Guardian:StasisStrike+1","Guardian:TemporalShield","Guardian:Repulse","Guardian:TemporalStrike","Guardian:PiercingHide+1","Guardian:StasisStrike+1","Guardian:ShieldCharger","Guardian:PrismaticBeam+1","Guardian:Planning+1","Guardian:Clone","Guardian:TimeCapacitor+1","Guardian:Recover","Guardian:Reroute+1","Guardian:TimeCapacitor+1","Shame","Guardian:GemFire+1","Guardian:Harden+1","Guardian:Planning+1","Madness","Master of Strategy","Guardian:PrismaticBarrier+1","Guardian:MultiBeam+1","Guardian:MultiBeam+1"],"relics":["Pandora\u0027s Box","Bottled Lightning","Toy Ornithopter","Molten Egg 2","Ectoplasm","Regal Pillow","Meat on the Bone","Lantern","Philosopher\u0027s Stone","Boot","StoneCalendar","Sundial"],"acts_visited":["Exordium","TheCity","TheBeyond"],"potions_floor_usage":[13,16,33,33,47],"damage_taken":[{"damage":7,"enemies":"Jaw Worm","floor":1,"turns":3},{"damage":6,"enemies":"Cultist","floor":3,"turns":6},{"damage":6,"enemies":"Small Slimes","floor":4,"turns":5},{"damage":0,"enemies":"Lagavulin","floor":7,"turns":9},{"damage":0,"enemies":"3 Louse","floor":10,"turns":3},{"damage":2,"enemies":"Blue Slaver","floor":11,"turns":5},{"damage":0,"enemies":"Exordium Thugs","floor":12,"turns":4},{"damage":16,"enemies":"3 Sentries","floor":13,"turns":10},{"damage":20,"enemies":"The Guardian","floor":16,"turns":10},{"damage":0,"enemies":"2 Thieves","floor":18,"turns":5},{"damage":2,"enemies":"Spheric Guardian","floor":19,"turns":4},{"damage":12,"enemies":"Chosen and Byrds","floor":21,"turns":5},{"damage":5,"enemies":"Snake Plant","floor":22,"turns":6},{"damage":17,"enemies":"Gremlin Leader","floor":24,"turns":6},{"damage":3,"enemies":"Centurion and Healer","floor":28,"turns":6},{"damage":39,"enemies":"Cultist and Chosen","floor":30,"turns":7},{"damage":36,"enemies":"Automaton","floor":33,"turns":11},{"damage":12,"enemies":"3 Darklings","floor":35,"turns":3},{"damage":7,"enemies":"Orb Walker","floor":38,"turns":3},{"damage":4,"enemies":"Nemesis","floor":40,"turns":3},{"damage":0,"enemies":"3 Darklings","floor":41,"turns":2},{"damage":0,"enemies":"Jaw Worm Horde","floor":45,"turns":1},{"damage":48,"enemies":"Giant Head","floor":46,"turns":6},{"damage":11,"enemies":"4 Shapes","floor":47,"turns":2},{"damage":21,"enemies":"Writhing Mass","floor":48,"turns":5},{"damage":22,"enemies":"Time Eater","floor":50,"turns":7}],"seed_played":"8126895129725009379","potions_obtained":[{"floor":3,"key":"Explosive Potion"},{"floor":4,"key":"ColorlessPotion"},{"floor":11,"key":"Regen Potion"},{"floor":12,"key":"SpeedPotion"},{"floor":16,"key":"Ancient Potion"},{"floor":18,"key":"Regen Potion"},{"floor":30,"key":"DuplicationPotion"},{"floor":35,"key":"Explosive Potion"},{"floor":46,"key":"LiquidMemories"},{"floor":47,"key":"Explosive Potion"}],"is_trial":false,"path_per_floor":["M","$","M","M","?","R","E","R","T","M","M","M","E","?","R","B",null,"M","M","$","M","M","R","E","R","T","R","M","R","M","?","R","B",null,"M","?","$","M","?","E","M","R","T","R","M","E","M","M","R","B",null],"character_chosen":"GUARDIAN","items_purchased":["Guardian:Gem_Cyan","Guardian:TimeCapacitor"],"campfire_rested":3,"item_purchase_floors":[2,20],"current_hp_per_floor":[65,65,59,53,53,53,53,53,53,53,51,51,40,40,40,40,70,70,68,68,56,51,51,34,34,34,34,43,43,16,16,55,44,71,59,59,59,52,42,50,50,50,50,80,80,44,50,41,80,58],"gold":67,"neow_bonus":"BOSS_RELIC","is_daily":false,"chose_seed":false,"campfire_upgraded":8,"win_rate":0.0,"timestamp":1608131671,"path_taken":["M","$","M","M","?","R","E","R","T","M","M","?","E","?","R","BOSS","M","?","$","M","M","R","E","R","T","R","M","R","M","?","R","BOSS","M","?","?","M","?","E","M","R","T","R","M","E","M","M","R","BOSS"],"items_purchased_type":["Card","Card"],"build_version":"2020-12-13","purchased_purges":1,"victory":true,"max_hp_per_floor":[80,80,80,80,80,80,80,80,80,80,80,80,80,80,80,80,80,80,80,80,80,80,80,80,80,80,80,80,80,80,80,80,80,80,80,80,80,80,80,80,80,80,80,80,80,80,80,80,80,80],"relic_stats":{"Regal Pillow":36,"counters":[26,137],"Sundial":[0],"Pandora\u0027s Box":["Guardian:BaubleBeam","Guardian:SentryBeam","Guardian:GemFinder","Guardian:Recover","Guardian:StasisStrike","Guardian:TemporalShield","Guardian:Repulse","Guardian:TemporalStrike"],"StoneCalendar":[52],"Ectoplasm":409,"Boot":[18],"obtain_stats":[{"Regal Pillow":24,"Lantern":31,"Guardian:ModeShifter":0,"StoneCalendar":43,"Boot":40,"Sundial":46,"Pandora\u0027s Box":0,"Molten Egg 2":13,"Philosopher\u0027s Stone":34,"Ectoplasm":17,"Bottled Lightning":7,"Toy Ornithopter":9,"Meat on the Bone":26},{"Regal Pillow":14,"Lantern":16,"Guardian:ModeShifter":0,"StoneCalendar":21,"Boot":20,"Sundial":23,"Pandora\u0027s Box":0,"Molten Egg 2":8,"Philosopher\u0027s Stone":17,"Ectoplasm":9,"Bottled Lightning":4,"Toy Ornithopter":4,"Meat on the Bone":14},{"Regal Pillow":81,"Lantern":94,"Guardian:ModeShifter":0,"StoneCalendar":116,"Boot":114,"Sundial":123,"Pandora\u0027s Box":0,"Molten Egg 2":45,"Philosopher\u0027s Stone":105,"Ectoplasm":55,"Bottled Lightning":23,"Toy Ornithopter":23,"Meat on the Bone":81}],"Toy Ornithopter":25,"Meat on the Bone":72},"card_choices":[{"not_picked":["Guardian:Gem_Lightblue","Guardian:Gem_Red"],"picked":"Guardian:Gem_Cyan","floor":1},{"not_picked":["Guardian:TemporalShield","Guardian:Clone"],"picked":"Guardian:PiercingHide","floor":1},{"not_picked":["Guardian:Gem_Green","Guardian:Gem_Lightblue"],"picked":"Guardian:Gem_Cyan","floor":3},{"not_picked":["Guardian:TemporalStrike","Guardian:Gem_Lightblue"],"picked":"Guardian:StasisStrike","floor":3},{"not_picked":["Guardian:Gem_Green","Guardian:Gem_Lightblue"],"picked":"Guardian:Gem_Cyan","floor":4},{"not_picked":["Guardian:TemporalShield","Guardian:TimeBomb"],"picked":"Guardian:Gem_Yellow","floor":4},{"not_picked":["Guardian:Gem_Cyan","Guardian:Gem_Red"],"picked":"Guardian:Gem_Lightblue","floor":7},{"not_picked":["Guardian:VentSteam","Guardian:PrismaticBeam"],"picked":"Guardian:Gem_Cyan","floor":7},{"not_picked":["Guardian:Gem_Red","Guardian:Gem_Lightblue"],"picked":"Guardian:Gem_Green","floor":10},{"not_picked":["Guardian:FloatingOrbs","Guardian:CrystalBeam"],"picked":"Guardian:ShieldCharger","floor":10},{"not_picked":["Guardian:ArmoredProtocol","Guardian:PiercingHide"],"picked":"Guardian:Gem_Purple","floor":12},{"not_picked":["Guardian:Gem_Cyan","Guardian:ChargeCore+1"],"picked":"Guardian:PrismaticBeam+1","floor":13},{"not_picked":["Guardian:Gem_Cyan","Guardian:Gem_Green"],"picked":"Guardian:Gem_Red","floor":13},{"not_picked":["Guardian:Gem_Green","Guardian:Gem_Cyan"],"picked":"Guardian:Gem_Red","floor":16},{"not_picked":["Guardian:HyperBeam_Guardian+1","Guardian:BaubleBeam+1"],"picked":"Guardian:Gem_Synthetic","floor":16},{"not_picked":["Guardian:Gem_Red","Guardian:Gem_Cyan"],"picked":"Guardian:Gem_Green","floor":18},{"not_picked":["Guardian:ArmoredProtocol","Guardian:Recover"],"picked":"Guardian:Planning","floor":18},{"not_picked":["Guardian:ChargeCore+1","Guardian:DonusPower"],"picked":"Guardian:Clone","floor":19},{"not_picked":["Guardian:ChargeCore+1","Guardian:Gem_Lightblue"],"picked":"Guardian:Recover","floor":21},{"not_picked":["Guardian:TimeBomb","Guardian:Gem_Crimson"],"picked":"Guardian:Reroute+1","floor":22},{"not_picked":["Guardian:Gem_Green","Guardian:ShieldCharger+1","Guardian:SpikerProtocol"],"picked":"SKIP","floor":24},{"not_picked":["Guardian:Suspension","Guardian:TemporalShield"],"picked":"Guardian:TimeCapacitor","floor":28},{"not_picked":["Guardian:ShieldCharger+1","Guardian:RollAttack+1","Guardian:ArmoredProtocol"],"picked":"SKIP","floor":30},{"not_picked":["Guardian:HyperBeam_Guardian+1","Guardian:FierceBash+1"],"picked":"Guardian:GemFire+1","floor":33},{"not_picked":["Guardian:DecasProtection","Guardian:VentSteam"],"picked":"Guardian:Harden+1","floor":35},{"not_picked":["Impatience","Panacea"],"picked":"Madness","floor":39},{"not_picked":["Thinking Ahead","Deep Breath"],"picked":"Master of Strategy","floor":39},{"not_picked":["Guardian:Gem_Cyan","Guardian:BronzeArmor"],"picked":"Guardian:PrismaticBarrier+1","floor":40},{"not_picked":["Guardian:SentryBeam+1","Guardian:Emergency"],"picked":"Guardian:MultiBeam+1","floor":41},{"not_picked":["Guardian:Gem_Lightblue","Guardian:VentSteam"],"picked":"Guardian:MultiBeam+1","floor":45},{"not_picked":["Guardian:Gem_Red","Guardian:Gem_Lightblue"],"picked":"Guardian:Gem_Cyan","floor":46},{"not_picked":["Guardian:Gem_Crimson","Guardian:Repulse","Guardian:PolyBeam+1"],"picked":"SKIP","floor":46},{"not_picked":["Guardian:RollAttack+1","Guardian:Gem_Green","Guardian:BaubleBeam+1"],"picked":"SKIP","floor":47},{"not_picked":["Guardian:Incinerate+1","Guardian:PrimingBeam+1","Guardian:FloatingOrbs"],"picked":"SKIP","floor":48}],"player_experience":1216187,"relics_obtained":[{"floor":7,"key":"Bottled Lightning"},{"floor":9,"key":"Toy Ornithopter"},{"floor":13,"key":"Molten Egg 2"},{"floor":24,"key":"Regal Pillow"},{"floor":26,"key":"Meat on the Bone"},{"floor":40,"key":"Boot"},{"floor":43,"key":"StoneCalendar"},{"floor":46,"key":"Sundial"}],"event_choices":[{"damage_healed":0,"gold_gain":0,"player_choice":"Stole Relic","damage_taken":0,"relics_obtained":["Lantern"],"max_hp_gain":0,"max_hp_loss":0,"event_name":"Addict","floor":31,"gold_loss":0,"cards_obtained":["Shame"]},{"damage_healed":0,"gold_gain":0,"player_choice":"Copied","damage_taken":0,"max_hp_gain":0,"max_hp_loss":0,"event_name":"Duplicator","floor":36,"gold_loss":0,"cards_obtained":["Guardian:Planning"]},{"damage_healed":0,"gold_gain":0,"player_choice":"Memory 3","damage_taken":10,"max_hp_gain":0,"max_hp_loss":0,"event_name":"SensoryStone","floor":39,"gold_loss":0}],"is_beta":false,"boss_relics":[{"not_picked":["Velvet Choker","Runic Dome"],"picked":"Ectoplasm"},{"not_picked":["SlaversCollar","Fusion Hammer"],"picked":"Philosopher\u0027s Stone"}],"items_purged_floors":[2],"is_endless":false,"potions_floor_spawned":[3,4,11,12,16,18,24,28,30,35,46,47,48],"ascension_level":13}}