{"host":"z7uf2ohomj0wklrw","time":1608139149,"event":{"mods":["BaseMod","Downfall","Minty Spire (QoL Compilation)","StSLib"],"gold_per_floor":[99,112,212,212,212,212,281,300,626,626,637,653,410,430,448,448,448],"floor_reached":16,"playtime":1058,"items_purged":["champ:Strike"],"score":102,"play_id":"c86bd77e-229d-4424-bdd9-b7bbe2ac03a7","local_time":"20201216101909","is_ascension_mode":false,"campfire_choices":[{"data":"champ:Taunt","floor":1,"key":"SMITH"},{"data":"champ:FlashCut","floor":5,"key":"SMITH"},{"data":"champ:AdrenalArmor","floor":10,"key":"SMITH"}],"circlet_count":0,"master_deck":["champ:Strike","champ:Strike","champ:Defend","champ:Defend","champ:Defend","champ:Execute","champ:Taunt+1","champ:BladeFlurry","champ:EnragedBash","champ:FlashCut+1","champ:AdrenalArmor+1","champ:TornadoPunch","champ:Lariat","champ:PerfectForm","champ:IgnorePain"],"relics":["champ:ChampionCrown","champ:LiftRelic","Mummified Hand","Old Coin"],"acts_visited":["Exordium"],"potions_floor_usage":[12,16],"damage_taken":[{"damage":16,"enemies":"Small Slimes","floor":2,"turns":4},{"damage":0,"enemies":"2 Louse","floor":8,"turns":2},{"damage":30,"enemies":"Lagavulin","floor":9,"turns":7},{"damage":9,"enemies":"Cultist","floor":11,"turns":3},{"damage":6,"enemies":"Gremlin Gang","floor":12,"turns":2},{"damage":9,"enemies":"downfall:FleeingMerchant","floor":13,"turns":4},{"damage":3,"enemies":"Red Slaver","floor":14,"turns":4},{"damage":13,"enemies":"Exordium Wildlife","floor":15,"turns":4},{"damage":58,"enemies":"downfall:Ironclad","floor":16,"turns":9}],"seed_played":"2664351302691215884","potions_obtained":[{"floor":2,"key":"CultistPotion"},{"floor":6,"key":"LiquidBronze"},{"floor":6,"key":"Regen Potion"},{"floor":6,"key":"AttackPotion"},{"floor":14,"key":"ColorlessPotion"}],"is_trial":false,"path_per_floor":["R","M","?","?","R","?","T","M","E","R","M","M","$","M","M","B"],"character_chosen":"THE_CHAMP","items_purchased":["champ:IgnorePain"],"campfire_rested":0,"item_purchase_floors":[13],"current_hp_per_floor":[63,49,49,49,49,49,49,49,21,21,21,17,17,27,29,0,0],"gold":448,"neow_bonus":"TRANSFORM_TWO_CARDS","is_daily":false,"chose_seed":false,"campfire_upgraded":3,"win_rate":0.0,"timestamp":1608139149,"path_taken":["R","M","?","?","R","?","T","M","E","R","?","?","?","M","M","BOSS"],"items_purchased_type":["Card"],"build_version":"2020-12-13","purchased_purges":1,"victory":false,"max_hp_per_floor":[90,90,90,90,90,90,90,90,90,90,90,90,90,90,90,90,90],"card_choices":[{"not_picked":["champ:CrookedStrike","champ:TornadoPunch"],"picked":"champ:FlashCut","floor":2},{"not_picked":["champ:DefensiveShout","champ:BringItOn","champ:CrookedStrike"],"picked":"SKIP","floor":8},{"not_picked":["champ:DefensiveShout","champ:Riposte"],"picked":"champ:AdrenalArmor","floor":9},{"not_picked":["champ:FanOfKnives","champ:FightOn"],"picked":"champ:TornadoPunch","floor":11},{"not_picked":["champ:DefensiveStyle","champ:StanceDance"],"picked":"champ:Lariat","floor":12},{"not_picked":["champ:Backstep","champ:StrikeOfGenius"],"picked":"champ:PerfectForm","floor":13},{"not_picked":["champ:TornadoPunch","champ:AdrenalArmor","champ:EndlessRage"],"picked":"SKIP","floor":14},{"not_picked":["champ:FanOfKnives","champ:CrookedStrike","champ:DancingMaster"],"picked":"SKIP","floor":15}],"player_experience":926086,"relics_obtained":[{"floor":7,"key":"Mummified Hand"},{"floor":9,"key":"Old Coin"}],"event_choices":[{"damage_healed":0,"gold_gain":0,"player_choice":"Got Potions","damage_taken":0,"max_hp_gain":0,"max_hp_loss":0,"event_name":"Lab","floor":6,"gold_loss":0}],"is_beta":false,"boss_relics":[],"items_purged_floors":[13],"is_endless":false,"potions_floor_spawned":[2,8,14,15],"killed_by":"downfall:Ironclad","ascension_level":0}}