{"host":"njb27ds59h4j3ikk","time":1608137464,"event":{"mods":["AchievementEnabler","BaseMod","Better Altar","Better Match","Better Note","Better Sensory Stone","Better Skull","Better Third Choice","BetterRewards","Downfall","Hermit","Hubris","Minty Spire (QoL Compilation)","Permanent Neow","Quarter Circle Forward PUNCH!","Quick Restart","Rare Cards Sparkle","Replay The Spire","Shop Mod","StSLib","Trackpad","Transform Curses"],"gold_per_floor":[99,129,27,27,27,27,104,104,114,114,168,168,182,282,294,389,439,439,489,34,54,104,117,144,144,178,178,228,278,298,39,55,153,153,3,106,117,152,152,169,169,54,104,29,43,53,70,84,100,100,100,126,24,24,24,24],"floor_reached":55,"playtime":3738,"items_purged":[],"score":813,"play_id":"9bead56a-a13d-47e1-9768-250fa1fa97a3","local_time":"20201216115104","is_ascension_mode":false,"campfire_choices":[{"data":"champ:Execute","floor":1.0,"key":"SMITH"},{"data":"champ:ShieldThrow","floor":5.0,"key":"SMITH"},{"floor":8.0,"key":"REST"},{"data":"champ:DeathBlow","floor":10.0,"key":"SMITH"},{"data":"champ:Encircle","floor":18.0,"key":"SMITH"},{"floor":25.0,"key":"RECALL"},{"data":"champ:RapidStrikes","floor":27.0,"key":"SMITH"},{"data":"champ:Haymaker","floor":35.0,"key":"SMITH"},{"data":"1","floor":39.0,"key":"LIFT"},{"floor":44.0,"key":"REST"},{"data":"champ:Improvising","floor":54,"key":"SMITH"}],"circlet_count":0,"master_deck":["champ:Strike","champ:Strike","champ:Strike+1","champ:Defend","champ:Defend","champ:Defend","champ:Defend","champ:Execute+1","champ:Taunt+1","champ:ShieldThrow+1","champ:StanceDance","champ:SkillfulDodge+1","champ:Riposte+1","champ:DeathBlow+1","champ:Encircle+1","champ:CrookedStrike","champ:FlashCut","champ:FanOfKnives","champ:ShieldSlam","champ:BladeFlurry","champ:ArenaPreparation+1","champ:RapidStrikes+1","champ:TornadoPunch+1","champ:Haymaker+1","champ:AdrenalArmor","Hallucinations","champ:Backstep","champ:StrikeOfGenius","champ:Improvising+1","CurseOfTheBell","champ:FlashCut+1","champ:BladeFlurry+1","champ:CrownThrow","champ:Backstep+1","champ:BerserkersShout+1","champ:CrookedStrike+1","champ:Shatter+1","champ:FocusedDefense+1","champ:CalledShot+1"],"relics":["champ:ChampionCrown","hubris:Potato","Shuriken","trackpad:Compendium","Mercury Hourglass","downfall:CloakOfManyFaces","CultistMask","FaceOfCleric","NlothsMask","GremlinMask","SsserpentHead","Tiny House","Nloth\u0027s Gift","Bronze Scales","qcfpunch:Necklace_of_Skulls","Dream Catcher","hubris:Towel","Ring of Hypnosis","Ring of Fury","Chameleon Ring","Calling Bell","hexamod:BolsterEngine","ReplayTheSpireMod:Shallot","Girya","downfall:HeartBlessingRed","downfall:HeartBlessingGreen","Du-Vu Doll","qcfpunch:Red_Beret","Gremlin Horn","Replay:Baseball","downfall:HeartBlessingBlue","Blue Doll"],"acts_visited":["Exordium","TheCity","TheBeyond","TheEnding"],"potions_floor_usage":[49,50,50,55,55],"damage_taken":[{"damage":71.0,"enemies":"Gremlin Nob","floor":2.0,"turns":6.0},{"damage":0.0,"enemies":"downfall:FleeingMerchant","floor":3.0,"turns":4.0},{"damage":0.0,"enemies":"Cultist","floor":6.0,"turns":1.0},{"damage":4.0,"enemies":"2 Louse","floor":9.0,"turns":3.0},{"damage":0.0,"enemies":"Small Slimes","floor":13.0,"turns":2.0},{"damage":3.0,"enemies":"downfall:FaceTrader","floor":14.0,"turns":5.0},{"damage":0.0,"enemies":"2 Fungi Beasts","floor":15.0,"turns":3.0},{"damage":11.0,"enemies":"downfall:Watcher","floor":16.0,"turns":8.0},{"damage":10.0,"enemies":"downfall:FleeingMerchant","floor":20.0,"turns":4.0},{"damage":4.0,"enemies":"Chosen","floor":21.0,"turns":3.0},{"damage":3.0,"enemies":"Spheric Guardian","floor":23.0,"turns":3.0},{"damage":18.0,"enemies":"Gremlin Leader","floor":26.0,"turns":5.0},{"damage":15.0,"enemies":"Snake Plant","floor":30.0,"turns":3.0},{"damage":2.0,"enemies":"downfall:FleeingMerchant","floor":31.0,"turns":4.0},{"damage":14.0,"enemies":"Snecko","floor":32.0,"turns":4.0},{"damage":38.0,"enemies":"downfall:Defect","floor":33.0,"turns":7.0},{"damage":38.0,"enemies":"2 Orb Walkers","floor":36.0,"turns":5.0},{"damage":6.0,"enemies":"3 Shapes","floor":37.0,"turns":3.0},{"damage":45.0,"enemies":"R_Hoarder","floor":38.0,"turns":9.0},{"damage":0.0,"enemies":"Orb Walker","floor":40.0,"turns":3.0},{"damage":6.0,"enemies":"downfall:FleeingMerchant","floor":42.0,"turns":3.0},{"damage":0.0,"enemies":"Jaw Worm Horde","floor":45.0,"turns":2.0},{"damage":0,"enemies":"4 Shapes","floor":46,"turns":3},{"damage":11,"enemies":"Sphere and 2 Shapes","floor":47,"turns":3},{"damage":26,"enemies":"Spire Growth","floor":48,"turns":3},{"damage":20,"enemies":"Writhing Mass","floor":49,"turns":4},{"damage":43,"enemies":"downfall:Silent","floor":50,"turns":9},{"damage":69,"enemies":"downfall:CharBossMerchant","floor":52,"turns":9},{"damage":119,"enemies":"downfall:NeowBoss","floor":55,"turns":20}],"seed_played":"-7793339720188834210","potions_obtained":[{"floor":2.0,"key":"hexamod:EctoCoolerPotion"},{"floor":9.0,"key":"Strength Potion"},{"floor":14.0,"key":"Guardian:BlockOnCardUsePotion"},{"floor":15.0,"key":"Regen Potion"},{"floor":17.0,"key":"Fire Potion"},{"floor":21.0,"key":"Explosive Potion"},{"floor":23.0,"key":"SpeedPotion"},{"floor":36.0,"key":"Elixir"},{"floor":46,"key":"LiquidMemories"},{"floor":52,"key":"champ:TechniquePotion"}],"is_trial":false,"path_per_floor":["R","E","$","?","R","M","T","R","M","R","?","?","M","?","M","B",null,"R","?","$","M","?","M","T","R","E","R","?","?","M","$","M","B",null,"R","?","M","E","R","M","T","$","?","R","M","M","M","M","M","B",null,"E","$","R","B"],"character_chosen":"THE_CHAMP","items_purchased":["champ:SkillfulDodge","PowerPotion","Bronze Scales","qcfpunch:Necklace_of_Skulls","champ:RapidStrikes","Chameleon Ring","Gremlin Horn","Replay:Baseball","Adrenaline Potion","BlessingOfTheForge","sneckomod:MuddlingPotion"],"campfire_rested":2,"item_purchase_floors":[3,3,20,20,20,31,42,42,42,53,53],"current_hp_per_floor":[90,29,39,39,39,39,39,66,67,67,67,38,63,90,91,92,97,97,97,95,99,99,100,100,100,101,101,101,101,87,103,90,105,105,105,93,96,79,79,80,80,75,75,120,121,122,118,118,109,126,126,113,113,113,0,0],"gold":24,"neow_bonus":"UPGRADE_CARD","is_daily":false,"chose_seed":false,"campfire_upgraded":7,"win_rate":0.0,"timestamp":1608137464,"path_taken":["R","E","?","?","R","M","T","R","M","R","?","?","M","?","M","BOSS","R","?","$","M","?","M","T","R","E","R","?","?","M","$","M","BOSS","R","?","M","E","R","M","T","$","?","R","M","M","M","M","M","BOSS","E","$","R","BOSS"],"items_purchased_type":["Card","Potion","Relic","Relic","Card","Relic","Relic","Relic","Potion","Potion","Potion"],"build_version":"2020-12-13","purchased_purges":0,"victory":false,"max_hp_per_floor":[90,90,90,90,90,90,90,90,90,90,90,90,90,90,91,92,97,97,97,98,99,99,100,100,100,101,101,101,101,102,103,104,105,105,105,106,107,108,108,109,109,110,110,120,121,122,123,124,125,126,126,127,127,127,132,132],"card_choices":[{"not_picked":["champ:RapidStrikes","champ:GladiatorsShout"],"picked":"champ:ShieldThrow","floor":2.0},{"not_picked":["champ:SkillfulDodge","champ:Haymaker"],"picked":"champ:StanceDance","floor":3.0},{"not_picked":["champ:StanceDance","champ:BladeFlurry"],"picked":"champ:Riposte","floor":6.0},{"not_picked":["champ:Backstep","champ:DefensiveShout"],"picked":"champ:DeathBlow","floor":9.0},{"not_picked":["champ:DefensiveShout","champ:Riposte"],"picked":"champ:Encircle","floor":11.0},{"not_picked":["champ:PerfectForm","champ:BladeFlurry"],"picked":"champ:CrookedStrike","floor":11.0},{"not_picked":["champ:FocusedBerserking","champ:BerserkersShout","champ:PerfectedStrike"],"picked":"SKIP","floor":13.0},{"not_picked":["champ:HeartStrike","champ:FalseCounter"],"picked":"champ:FlashCut","floor":14.0},{"not_picked":["champ:FaceSlap","champ:Backstep"],"picked":"champ:FanOfKnives","floor":15.0},{"not_picked":["champ:CheapShot","champ:CrownThrow"],"picked":"champ:ShieldSlam","floor":16.0},{"not_picked":["champ:SkillfulDodge","champ:Duel"],"picked":"champ:BladeFlurry","floor":17.0},{"not_picked":["champ:BerserkersShout","champ:GladiatorStyle"],"picked":"champ:ArenaPreparation+1","floor":20.0},{"not_picked":["champ:Haymaker+1","champ:ArenaPreparation"],"picked":"champ:TornadoPunch+1","floor":21.0},{"not_picked":["champ:Encircle+1","champ:BringItOn"],"picked":"champ:Haymaker","floor":23.0},{"not_picked":["champ:ArenaPreparation","champ:HoldFirm"],"picked":"champ:AdrenalArmor","floor":26.0},{"not_picked":["champ:Lariat","champ:PerfectedStrike","champ:SkillfulDodge"],"picked":"SKIP","floor":30.0},{"not_picked":["champ:BerserkersShout","champ:PerfectedStrike+1"],"picked":"champ:Backstep","floor":31.0},{"not_picked":["champ:BladeFlurry","champ:Riposte"],"picked":"champ:StrikeOfGenius","floor":32.0},{"not_picked":["champ:IgnorePain","champ:HoldFirm"],"picked":"champ:Improvising","floor":33.0},{"not_picked":["champ:Haymaker+1","champ:StanceDance"],"picked":"champ:FlashCut+1","floor":36.0},{"not_picked":["champ:Haymaker","champ:ShieldThrow"],"picked":"champ:BladeFlurry+1","floor":37.0},{"not_picked":["champ:RapidStrikes+1","champ:ShieldSlam"],"picked":"champ:CrownThrow","floor":38.0},{"not_picked":["champ:FlashCut+1","champ:CalledShot"],"picked":"champ:Backstep+1","floor":40.0},{"not_picked":["champ:EnGarde","champ:DefensiveShout"],"picked":"champ:BerserkersShout+1","floor":44.0},{"not_picked":["champ:Shatter","champ:Backstep+1"],"picked":"champ:CrookedStrike+1","floor":45.0},{"not_picked":["champ:SwordThrow","champ:FocusedGladiator"],"picked":"champ:Shatter+1","floor":46},{"not_picked":["champ:DefensiveShout+1","champ:BringItOn+1","champ:FlashCut"],"picked":"SKIP","floor":47},{"not_picked":["champ:RapidStrikes+1","champ:DefensiveShout+1"],"picked":"champ:FocusedDefense+1","floor":48},{"not_picked":["champ:Shatter+1","champ:FlashCut"],"picked":"champ:CalledShot+1","floor":49},{"not_picked":["champ:ShieldSlam","champ:Circumvent"],"picked":"champ:FightOn","floor":52}],"player_experience":1199078,"relics_obtained":[{"floor":2.0,"key":"hubris:Potato"},{"floor":7.0,"key":"Shuriken"},{"floor":11.0,"key":"hubris:Metronome"},{"floor":14.0,"key":"downfall:CloakOfManyFaces"},{"floor":26.0,"key":"Dream Catcher"},{"floor":29.0,"key":"Ring of Hypnosis"},{"floor":29.0,"key":"Ring of Fury"},{"floor":34.0,"key":"hexamod:BolsterEngine"},{"floor":34.0,"key":"ReplayTheSpireMod:Shallot"},{"floor":34.0,"key":"Girya"},{"floor":36.0,"key":"Du-Vu Doll"},{"floor":38.0,"key":"qcfpunch:Red_Beret"},{"floor":52,"key":"Blue Doll"}],"event_choices":[{"damage_healed":0.0,"max_hp_gain":0.0,"max_hp_loss":0.0,"gold_gain":1.0,"event_name":"betterThird:BetterScrap","player_choice":"Relic Relic ","floor":12.0,"gold_loss":0.0,"damage_taken":29.0,"cards_obtained":["SpiritShield"]},{"damage_healed":0.0,"max_hp_gain":0.0,"max_hp_loss":0.0,"gold_gain":0.0,"event_name":"betterNote:BetterNote","player_choice":"Ignored","floor":22.0,"gold_loss":0.0,"damage_taken":0.0,"cards_obtained":["hexamod:SpectralSpark"]},{"damage_healed":0.0,"max_hp_gain":0.0,"max_hp_loss":0.0,"gold_gain":0.0,"event_name":"Mysterious Sphere","player_choice":"Fight","floor":36.0,"gold_loss":0.0,"damage_taken":0.0},{"cards_removed":["champ:Strike"],"damage_healed":0.0,"max_hp_gain":0.0,"max_hp_loss":0.0,"gold_gain":0.0,"event_name":"Falling","player_choice":"Removed Attack","floor":43.0,"gold_loss":0.0,"damage_taken":0.0}],"is_beta":false,"boss_relics":[{"not_picked":["Replay:Bronze Core","Replay:Drink Me"],"picked":"Tiny House"},{"not_picked":["Velvet Choker","qcfpunch:Killian_Engine_Alpha"],"picked":"Calling Bell"}],"items_purged_floors":[],"is_endless":false,"potions_floor_spawned":[2,9,14,15,21,23,26,36,38,46,52],"killed_by":"downfall:NeowBoss","ascension_level":0}}