{"host":"wha9hktbkslqvblg","time":1608100352,"event":{"mods":["BaseMod","Colored Map","Minty Spire (QoL Compilation)","Relic Stats","SuperFastMode","everything is the same but u backflip on backflip"],"gold_per_floor":[109,10,10,10,28,57,57,84,84,97,18,33,33,66,66,142,142,162,177,77,77,77,77,77,77,100,100,129,129,129,148,148,219,219,234,247,257,273,273,305,9,39,39,53,53,53,72,72,72,72,72,72,72,72,104,104],"floor_reached":57,"playtime":1411,"items_purged":["Strike_R","Defend_R","Defend_R"],"score":3377,"play_id":"85d9e5f3-c1a0-427a-8a91-bb432d6d6203","local_time":"20201216153232","is_ascension_mode":true,"campfire_choices":[{"data":"Body Slam","floor":7.0,"key":"SMITH"},{"data":"Burning Pact","floor":15.0,"key":"SMITH"},{"data":"Shrug It Off","floor":23.0,"key":"SMITH"},{"data":"Flame Barrier","floor":25.0,"key":"SMITH"},{"data":"Pommel Strike","floor":29.0,"key":"SMITH"},{"data":"Entrench","floor":32.0,"key":"SMITH"},{"data":"Evolve","floor":46,"key":"SMITH"},{"floor":49,"key":"RECALL"},{"data":"Bloodletting","floor":53,"key":"SMITH"}],"circlet_count":0,"master_deck":["AscendersBane","Defend_R","Pummel","Shrug It Off+1","Impervious","Body Slam+1","Burning Pact+1","Pommel Strike+1","Flame Barrier+1","Impervious","Evolve+1","Entrench+1","Bloodletting+1","Master of Strategy"],"relics":["Burning Blood","NeowsBlessing","Calipers","Bag of Preparation","Mercury Hourglass","Singing Bowl","Empty Cage","Strawberry","Red Mask","Philosopher\u0027s Stone","Turnip","Medical Kit","White Beast Statue","Gambling Chip","Mango","Letter Opener"],"acts_visited":["Exordium","TheCity","TheBeyond","TheEnding"],"potions_floor_usage":[],"damage_taken":[{"damage":0.0,"enemies":"Cultist","floor":1.0,"turns":1.0},{"damage":0.0,"enemies":"Jaw Worm","floor":5.0,"turns":1.0},{"damage":0.0,"enemies":"3 Sentries","floor":6.0,"turns":2.0},{"damage":24.0,"enemies":"Lagavulin","floor":8.0,"turns":8.0},{"damage":0.0,"enemies":"2 Louse","floor":10.0,"turns":2.0},{"damage":1.0,"enemies":"Red Slaver","floor":12.0,"turns":3.0},{"damage":7.0,"enemies":"3 Sentries","floor":14.0,"turns":7.0},{"damage":27.0,"enemies":"The Guardian","floor":16.0,"turns":13.0},{"damage":7.0,"enemies":"Shell Parasite","floor":18.0,"turns":7.0},{"damage":5.0,"enemies":"3 Byrds","floor":19.0,"turns":5.0},{"damage":9.0,"enemies":"Masked Bandits","floor":28.0,"turns":4.0},{"damage":14.0,"enemies":"Sentry and Sphere","floor":31.0,"turns":5.0},{"damage":9.0,"enemies":"Automaton","floor":33.0,"turns":4.0},{"damage":3.0,"enemies":"3 Shapes","floor":35.0,"turns":3.0},{"damage":6.0,"enemies":"3 Darklings","floor":36.0,"turns":4.0},{"damage":6.0,"enemies":"Maw","floor":37.0,"turns":3.0},{"damage":3.0,"enemies":"Writhing Mass","floor":38.0,"turns":3.0},{"damage":6,"enemies":"Nemesis","floor":40,"turns":3},{"damage":6,"enemies":"Giant Head","floor":42,"turns":3},{"damage":3,"enemies":"Jaw Worm Horde","floor":44,"turns":3},{"damage":6,"enemies":"4 Shapes","floor":47,"turns":3},{"damage":12,"enemies":"Donu and Deca","floor":50,"turns":3},{"damage":12,"enemies":"Awakened One","floor":51,"turns":3},{"damage":3,"enemies":"Shield and Spear","floor":55,"turns":2},{"damage":12,"enemies":"The Heart","floor":56,"turns":4}],"seed_played":"-2737862862390812605","potions_obtained":[{"floor":1.0,"key":"ElixirPotion"},{"floor":10.0,"key":"PowerPotion"},{"floor":12.0,"key":"ColorlessPotion"},{"floor":28.0,"key":"SpeedPotion"},{"floor":33.0,"key":"CultistPotion"},{"floor":38.0,"key":"Swift Potion"},{"floor":42,"key":"LiquidMemories"},{"floor":47,"key":"PowerPotion"}],"is_trial":false,"path_per_floor":["M","$","$","?","M","E","R","E","T","M","$","M","?","E","R","B",null,"M","M","$","?","?","R","?","R","T","T","?","R","?","M","R","B",null,"M","M","M","M","?","E","$","E","T","M","?","R","M","T","R","B","B",null,"R","$","E","B",null],"character_chosen":"IRONCLAD","items_purchased":["Shrug It Off","Flame Barrier","Medical Kit"],"campfire_rested":0,"item_purchase_floors":[2,11,41],"current_hp_per_floor":[74,74,74,74,75,75,75,57,57,63,63,68,68,69,69,48,70,71,74,74,51,51,51,51,51,58,58,57,57,57,51,51,50,87,92,94,96,101,101,103,103,105,105,110,104,104,106,120,120,114,108,127,127,127,132,126],"gold":104,"neow_bonus":"THREE_ENEMY_KILL","is_daily":false,"chose_seed":false,"campfire_upgraded":8,"win_rate":0.0,"timestamp":1608100352,"path_taken":["M","?","$","?","M","E","R","E","T","?","$","?","?","E","R","BOSS","M","M","$","?","?","R","?","R","T","?","?","R","?","?","R","BOSS","M","M","M","M","?","E","$","E","T","?","?","R","M","?","R","BOSS","BOSS","R","$","E","BOSS"],"items_purchased_type":["Card","Card","Relic"],"build_version":"2020-12-13","purchased_purges":3,"victory":true,"max_hp_per_floor":[75,75,75,75,75,75,75,75,75,75,75,75,75,77,77,77,77,79,81,81,86,86,86,86,86,93,93,95,95,95,97,97,99,99,101,103,105,107,107,109,109,111,111,113,117,117,119,133,133,133,133,133,133,133,135,135],"relic_stats":{"Singing Bowl":34,"counters":[25,99],"Gambling Chip":[11],"Turnip":[2],"Bag of Preparation":[42],"Letter Opener":[30],"Medical Kit":[2],"obtain_stats":[{"Calipers":6,"NeowsBlessing":0,"Singing Bowl":14,"Mango":48,"Bag of Preparation":8,"Letter Opener":55,"Empty Cage":17,"Medical Kit":41,"Burning Blood":0,"White Beast Statue":42,"Mercury Hourglass":9,"Strawberry":26,"Gambling Chip":43,"Philosopher\u0027s Stone":34,"Turnip":40,"Red Mask":28},{"Calipers":3,"NeowsBlessing":0,"Singing Bowl":7,"Mango":21,"Bag of Preparation":4,"Letter Opener":24,"Empty Cage":8,"Medical Kit":18,"Burning Blood":0,"White Beast Statue":19,"Mercury Hourglass":4,"Strawberry":10,"Gambling Chip":19,"Philosopher\u0027s Stone":13,"Turnip":18,"Red Mask":11},{"Calipers":4,"NeowsBlessing":0,"Singing Bowl":24,"Mango":87,"Bag of Preparation":12,"Letter Opener":95,"Empty Cage":37,"Medical Kit":78,"Burning Blood":0,"White Beast Statue":81,"Mercury Hourglass":12,"Strawberry":49,"Gambling Chip":81,"Philosopher\u0027s Stone":62,"Turnip":78,"Red Mask":53}],"Burning Blood":139,"Mercury Hourglass":[338]},"card_choices":[{"not_picked":["Whirlwind","Searing Blow"],"picked":"Pummel","floor":1.0},{"not_picked":["Clothesline","Shrug It Off","Perfected Strike"],"picked":"SKIP","floor":5.0},{"not_picked":["Flame Barrier","Shockwave"],"picked":"Body Slam","floor":6.0},{"not_picked":["Perfected Strike","Heavy Blade"],"picked":"Burning Pact","floor":8.0},{"not_picked":["Wild Strike","Sword Boomerang"],"picked":"Pommel Strike","floor":10.0},{"not_picked":["Heavy Blade","Thunderclap","Fire Breathing"],"picked":"SKIP","floor":12.0},{"not_picked":["Anger","Wild Strike","Corruption"],"picked":"Singing Bowl","floor":14.0},{"not_picked":["Bludgeon","Double Tap"],"picked":"Impervious","floor":16.0},{"not_picked":["Uppercut","Shrug It Off+1","Iron Wave"],"picked":"Singing Bowl","floor":18.0},{"not_picked":["Clothesline","Blood for Blood","Havoc"],"picked":"Singing Bowl","floor":19.0},{"not_picked":["True Grit","Anger","Heavy Blade"],"picked":"Singing Bowl","floor":28.0},{"not_picked":["Dual Wield","Heavy Blade","Rampage+1"],"picked":"Singing Bowl","floor":31.0},{"not_picked":["Immolate","Brutality","Double Tap"],"picked":"Singing Bowl","floor":33.0},{"not_picked":["Ghostly Armor+1","Bloodletting","Rage"],"picked":"Singing Bowl","floor":35.0},{"not_picked":["Clash+1","Body Slam+1","Perfected Strike+1"],"picked":"Singing Bowl","floor":36.0},{"not_picked":["Perfected Strike","Infernal Blade","Twin Strike"],"picked":"Singing Bowl","floor":37.0},{"not_picked":["Perfected Strike","Clash","Shrug It Off"],"picked":"Singing Bowl","floor":38.0},{"not_picked":["Sever Soul","Carnage","Fiend Fire"],"picked":"Singing Bowl","floor":40},{"not_picked":["Shrug It Off","Thunderclap","Second Wind"],"picked":"Singing Bowl","floor":42},{"not_picked":["Power Through+1","Twin Strike","Heavy Blade+1"],"picked":"Singing Bowl","floor":44},{"not_picked":["Mind Blast","Madness"],"picked":"Master of Strategy","floor":45},{"not_picked":["Good Instincts","PanicButton","Forethought"],"picked":"Singing Bowl","floor":45},{"not_picked":["Blind","Jack Of All Trades","Mayhem"],"picked":"Singing Bowl","floor":45},{"not_picked":["Flex","Heavy Blade","Infernal Blade"],"picked":"Singing Bowl","floor":47},{"not_picked":["Ghostly Armor","Metallicize","Anger"],"picked":"Singing Bowl","floor":55}],"player_experience":851378,"relics_obtained":[{"floor":6.0,"key":"Calipers"},{"floor":8.0,"key":"Bag of Preparation"},{"floor":9.0,"key":"Mercury Hourglass"},{"floor":14.0,"key":"Singing Bowl"},{"floor":26.0,"key":"Strawberry"},{"floor":28.0,"key":"Red Mask"},{"floor":40,"key":"Turnip"},{"floor":42,"key":"White Beast Statue"},{"floor":43,"key":"Gambling Chip"},{"floor":48,"key":"Mango"},{"floor":55,"key":"Letter Opener"}],"event_choices":[{"damage_healed":0.0,"max_hp_gain":0.0,"max_hp_loss":0.0,"gold_gain":0.0,"cards_transformed":["Strike_R"],"event_name":"Transmorgrifier","player_choice":"Transformed","floor":4.0,"gold_loss":0.0,"damage_taken":0.0,"cards_obtained":["Impervious"]},{"cards_removed":["Strike_R"],"damage_healed":0.0,"max_hp_gain":0.0,"max_hp_loss":0.0,"gold_gain":0.0,"event_name":"Purifier","player_choice":"Purged","floor":13.0,"gold_loss":0.0,"damage_taken":0.0},{"damage_healed":0.0,"max_hp_gain":5.0,"max_hp_loss":0.0,"gold_gain":0.0,"event_name":"Forgotten Altar","player_choice":"Shed Blood","floor":21.0,"gold_loss":0.0,"damage_taken":28.0},{"damage_healed":0.0,"max_hp_gain":0.0,"max_hp_loss":0.0,"gold_gain":0.0,"event_name":"The Library","player_choice":"Read","floor":22.0,"gold_loss":0.0,"damage_taken":0.0,"cards_obtained":["Evolve"]},{"damage_healed":0.0,"max_hp_gain":0.0,"max_hp_loss":0.0,"gold_gain":0.0,"event_name":"Masked Bandits","player_choice":"Fought Bandits","floor":28.0,"gold_loss":0.0,"damage_taken":0.0},{"damage_healed":0.0,"max_hp_gain":0.0,"max_hp_loss":0.0,"gold_gain":0.0,"cards_transformed":["Bash","Defend_R"],"event_name":"Drug Dealer","player_choice":"Became Test Subject","floor":30.0,"gold_loss":0.0,"damage_taken":0.0,"cards_obtained":["Entrench","Bloodletting"]},{"damage_healed":0,"gold_gain":0,"player_choice":"Ignored","damage_taken":0,"max_hp_gain":0,"max_hp_loss":0,"event_name":"Duplicator","floor":39,"gold_loss":0},{"damage_healed":0,"gold_gain":0,"player_choice":"Memory 3","damage_taken":10,"max_hp_gain":0,"max_hp_loss":0,"event_name":"SensoryStone","floor":45,"gold_loss":0}],"is_beta":false,"boss_relics":[{"not_picked":["Fusion Hammer","Cursed Key"],"picked":"Empty Cage"},{"not_picked":["Sozu","Snecko Eye"],"picked":"Philosopher\u0027s Stone"}],"items_purged_floors":[2,20,41],"is_endless":false,"potions_floor_spawned":[1,10,12,28,33,37,38,42,44,47,55],"ascension_level":20}}