{"host":"2461dio7vetlq1z3","time":1608145025,"event":{"mods":["2.2 Compatiblity","AchievementEnabler","BaseMod","Better Third Choice","Hermit","Minty Spire (QoL Compilation)","Relic Stats","Spicy Shops","StSLib","The Animator","Waifu the Spire"],"gold_per_floor":[115,66,66,141,14,14,26,68,68,68,68,107,72,87,87,214,214,234,234,258,40,40,40,72,72,98,98,160,160,160,179,179],"floor_reached":31,"playtime":1849,"items_purged":["animator:Strike"],"score":332,"play_id":"00b6de47-1d75-46af-817a-fdc70d436e24","local_time":"20201216195705","is_ascension_mode":true,"campfire_choices":[{"data":"animator:DwarfShaman","floor":6,"key":"SMITH"},{"data":"animator:Sloth","floor":11,"key":"SMITH"},{"data":"animator:YunYun","floor":15,"key":"SMITH"},{"floor":23,"key":"REST"},{"data":"animator:Gluttony","floor":25,"key":"SMITH"},{"floor":27,"key":"REST"},{"data":"animator:Pride","floor":30,"key":"SMITH"}],"circlet_count":0,"master_deck":["animator:Strike_Fate","animator:Defend_Fate","animator:Defend","animator:Defend","animator:Defend","animator:Alexander","animator:Rider","animator:Tatsumaki","animator:DwarfShaman+1","animator:GuildGirl","animator:Sloth+1","animator:Witch","animator:YunYun+1","animator:GoblinSlayer","animator:Gluttony+1","animator:Gluttony","animator:Pride+1"],"relics":["animator:VividPicture","animator:TheMissingPiece","NeowsBlessing","Question Card","Vajra","Bag of Marbles","PreservedInsect","DollysMirror","Enchiridion","Calipers","animator:WornHelmet","Blood Vial"],"acts_visited":["Exordium","TheCity"],"potions_floor_usage":[16,20],"damage_taken":[{"damage":0,"enemies":"2 Louse","floor":1,"turns":1},{"damage":0,"enemies":"Jaw Worm","floor":7,"turns":1},{"damage":0,"enemies":"Gremlin Nob","floor":8,"turns":1},{"damage":13,"enemies":"3 Sentries","floor":12,"turns":7},{"damage":0,"enemies":"Cultist","floor":14,"turns":3},{"damage":12,"enemies":"Slime Boss","floor":16,"turns":6},{"damage":33,"enemies":"Shell Parasite","floor":18,"turns":6},{"damage":6,"enemies":"Spheric Guardian","floor":20,"turns":3},{"damage":12,"enemies":"Book of Stabbing","floor":24,"turns":3},{"damage":3,"enemies":"animator:HornedBat","floor":28,"turns":2},{"damage":0,"enemies":"Chosen and Byrds","floor":31,"turns":4}],"seed_played":"-6193512562804946129","potions_obtained":[{"floor":8,"key":"Swift Potion"},{"floor":12,"key":"Ancient Potion"},{"floor":14,"key":"LiquidMemories"},{"floor":20,"key":"Strength Potion"}],"is_trial":false,"path_per_floor":["M","$","?","?","$","R","M","E","T","$","R","E","?","M","R","B",null,"M","?","M","$","?","R","E","R","T","R","E","?","R","M"],"character_chosen":"THE_ANIMATOR","items_purchased":["animator:DwarfShaman","Question Card","DollysMirror"],"campfire_rested":2,"item_purchase_floors":[2,5,21],"current_hp_per_floor":[66,66,59,48,48,48,48,48,48,48,48,35,51,51,51,39,66,34,34,32,32,16,36,28,28,28,48,49,49,49,55,55],"gold":179,"neow_bonus":"THREE_ENEMY_KILL","is_daily":false,"chose_seed":false,"campfire_upgraded":5,"win_rate":0.0,"timestamp":1608145025,"path_taken":["M","$","?","?","?","R","M","E","T","$","R","E","?","M","R","BOSS","M","?","M","$","?","R","E","R","T","R","E","?","R","M"],"items_purchased_type":["Card","Relic","Relic"],"build_version":"2020-12-13","purchased_purges":1,"victory":false,"max_hp_per_floor":[66,66,66,66,66,66,66,66,66,66,66,66,66,66,66,66,66,67,67,67,67,67,67,67,67,67,67,67,67,67,67,67],"relic_stats":{"Blood Vial":2,"counters":[11,36],"PreservedInsect":82,"Question Card":22,"obtain_stats":[{"Calipers":24,"NeowsBlessing":0,"animator:TheMissingPiece":0,"Vajra":8,"Enchiridion":22,"PreservedInsect":12,"animator:WornHelmet":26,"Question Card":5,"Blood Vial":28,"DollysMirror":21,"animator:LivingPicture":0,"Bag of Marbles":9,"animator:VividPicture":17},{"Calipers":9,"NeowsBlessing":0,"animator:TheMissingPiece":0,"Vajra":3,"Enchiridion":8,"PreservedInsect":4,"animator:WornHelmet":9,"Question Card":1,"Blood Vial":10,"DollysMirror":8,"animator:LivingPicture":0,"Bag of Marbles":3,"animator:VividPicture":6},{"Calipers":30,"NeowsBlessing":0,"animator:TheMissingPiece":0,"Vajra":3,"Enchiridion":27,"PreservedInsect":9,"animator:WornHelmet":30,"Question Card":1,"Blood Vial":32,"DollysMirror":27,"animator:LivingPicture":0,"Bag of Marbles":3,"animator:VividPicture":18}]},"card_choices":[{"not_picked":["animator:Entoma","animator:Shigure"],"picked":"animator:Tatsumaki","floor":1},{"not_picked":["animator:Megumin","animator:HighElfArcher","animator:Caster"],"picked":"animator:GuildGirl","floor":7},{"not_picked":["animator:Geryuganshoop","animator:Yuuichirou","animator:Aqua"],"picked":"animator:Sloth","floor":8},{"not_picked":["animator:GuildGirl","animator:Spearman","animator:CowGirl"],"picked":"animator:Witch","floor":12},{"not_picked":["animator:Megumin","animator:Alexander","animator:Berserker"],"picked":"animator:YunYun","floor":14},{"not_picked":["animator:Saber","animator:Eris","animator:Albedo"],"picked":"animator:GoblinSlayer","floor":16},{"not_picked":["animator:Assassin+1","animator:Shinoa+1","animator:Alexander"],"picked":"animator:Gluttony","floor":18},{"not_picked":["animator:ShinjiMatou","animator:HiiragiShinya","animator:Mitsurugi","animator:Eris"],"picked":"SKIP","floor":20},{"not_picked":["animator:SilverFang","animator:PandorasActor","animator:DwarfShaman"],"picked":"animator:Pride","floor":28}],"player_experience":754648,"relics_obtained":[{"floor":8,"key":"Vajra"},{"floor":9,"key":"Bag of Marbles"},{"floor":12,"key":"PreservedInsect"},{"floor":22,"key":"Enchiridion"},{"floor":24,"key":"Calipers"},{"floor":26,"key":"animator:WornHelmet"},{"floor":28,"key":"Blood Vial"}],"event_choices":[{"cards_removed":["animator:Strike"],"damage_healed":0,"gold_gain":0,"player_choice":"Card Removal","damage_taken":7,"max_hp_gain":0,"max_hp_loss":0,"event_name":"Golden Wing","floor":3,"gold_loss":0},{"damage_healed":0,"gold_gain":75,"player_choice":"Gold","damage_taken":11,"max_hp_gain":0,"max_hp_loss":0,"event_name":"betterThird:BetterGoop","floor":4,"gold_loss":0},{"damage_healed":16,"gold_gain":0,"player_choice":"Healed","damage_taken":0,"max_hp_gain":0,"max_hp_loss":0,"event_name":"The Cleric","floor":13,"gold_loss":35},{"cards_removed":["animator:Strike"],"damage_healed":0,"gold_gain":0,"player_choice":"Elegance","damage_taken":0,"max_hp_gain":0,"max_hp_loss":0,"event_name":"betterThird:BetterWriting","floor":19,"gold_loss":0},{"damage_healed":0,"gold_gain":0,"player_choice":"Obtained Book","damage_taken":16,"max_hp_gain":0,"max_hp_loss":0,"event_name":"Cursed Tome","floor":22,"gold_loss":0},{"damage_healed":0,"gold_gain":0,"player_choice":"Bought 0 Potions","damage_taken":0,"max_hp_gain":0,"max_hp_loss":0,"event_name":"The Woman in Blue","floor":29,"gold_loss":0}],"is_beta":false,"boss_relics":[{"not_picked":["Runic Dome","Astrolabe"],"picked":"animator:VividPicture"}],"items_purged_floors":[21],"is_endless":false,"potions_floor_spawned":[8,12,14,20],"killed_by":"Chosen and Byrds","ascension_level":2}}