{"host":"m5n96f98ibl1zi71","time":1608097079,"event":{"mods":["Aspiration","BaseMod","Conspire","Curses Come First","Downfall","Hubris","Minty Spire (QoL Compilation)","Quick Restart","Shop Mod","StSLib","Uncapped"],"gold_per_floor":[118,118,118,135,152,152,170,170,193,220,220,269,269,295,295,295,295],"floor_reached":16,"playtime":1456,"items_purged":[],"score":225,"play_id":"9eec2286-4821-4cf8-a87b-db1d90b5f312","local_time":"20201216153759","daily_mods":["Specialized","Diverse","DeadlyEvents"],"is_ascension_mode":false,"campfire_choices":[{"floor":6.0,"key":"REST"},{"floor":8,"key":"REST"},{"floor":15,"key":"REST"}],"circlet_count":0,"master_deck":["conspire:GhostlyStrike+1","conspire:GhostlyStrike+1","conspire:GhostlyStrike+1","conspire:GhostlyStrike+1","conspire:GhostlyDefend","conspire:GhostlyDefend","conspire:GhostlyDefend","conspire:GhostlyDefend","Eruption+1","Vigilance","Undo","Undo","Undo","Undo","Undo","sneckomod:UnknownUncommonSkill","Guardian:DecasProtection","hexamod:PhantomCloak","Poisoned Stab+1","hexamod:ThirdSeal"],"relics":["PureWater","Matryoshka","MealTicket","sneckomod:BlankCard","CeramicFish","hubris:SlimyHat"],"acts_visited":["Exordium"],"potions_floor_usage":[16],"damage_taken":[{"damage":7.0,"enemies":"Small Slimes","floor":1.0,"turns":3.0},{"damage":0.0,"enemies":"2 Louse","floor":4.0,"turns":3.0},{"damage":0.0,"enemies":"conspire:RoseBush","floor":5.0,"turns":5.0},{"damage":22,"enemies":"Large Slime","floor":7,"turns":9},{"damage":66,"enemies":"Lagavulin","floor":10,"turns":16},{"damage":0,"enemies":"hubris:Merchant","floor":11,"turns":1},{"damage":6,"enemies":"Lots of Slimes","floor":14,"turns":7},{"damage":35,"enemies":"Hexaghost","floor":16,"turns":11}],"seed_played":"-1452911452429701725","potions_obtained":[{"floor":10,"key":"BlessingOfTheForge"},{"floor":14,"key":"Energy Potion"}],"is_trial":true,"path_per_floor":["M","?","?","M","M","R","M","R","T","E","$","T","?","M","R","B"],"character_chosen":"WATCHER","items_purchased":[],"campfire_rested":3,"item_purchase_floors":[],"current_hp_per_floor":[65,47,47,47,47,68,46,67,67,1,16,16,16,10,31,0,0],"gold":295,"neow_bonus":"","is_daily":false,"chose_seed":false,"campfire_upgraded":0,"win_rate":0.0,"timestamp":1608097079,"path_taken":["M","?","?","M","M","R","M","R","T","E","$","?","?","?","R","BOSS"],"items_purchased_type":[],"build_version":"2020-12-13","purchased_purges":0,"victory":false,"max_hp_per_floor":[72,72,72,72,72,72,72,72,72,72,72,72,72,72,72,72,72],"card_choices":[{"not_picked":["EmptyFist","hexamod:BurningTouch"],"picked":"sneckomod:UnknownUncommonSkill","floor":1.0},{"not_picked":["Shrug It Off","Slimebound:Schlurp"],"picked":"Guardian:DecasProtection","floor":4.0},{"not_picked":["hexamod:SpectralAdrenaline","sneckomod:Nope","hexamod:HeatMetal"],"picked":"SKIP","floor":5.0},{"not_picked":["SashWhip","EmptyBody"],"picked":"hexamod:PhantomCloak","floor":7},{"not_picked":["Deflect","sneckomod:Unknown0Cost"],"picked":"Poisoned Stab","floor":10},{"not_picked":["Bane","hexamod:BurningTouch"],"picked":"hexamod:ThirdSeal","floor":14}],"player_experience":381409,"relics_obtained":[{"floor":9,"key":"MealTicket"},{"floor":9,"key":"Happy Flower"},{"floor":10,"key":"sneckomod:BlankCard"},{"floor":12,"key":"CeramicFish"},{"floor":12,"key":"hubris:SlimyHat"}],"event_choices":[{"damage_healed":0.0,"max_hp_gain":0.0,"max_hp_loss":0.0,"gold_gain":0.0,"event_name":"Scrap Ooze","player_choice":"Success","floor":2.0,"gold_loss":0.0,"damage_taken":18.0,"relics_obtained":["Matryoshka"]},{"damage_healed":0.0,"max_hp_gain":0.0,"max_hp_loss":0.0,"gold_gain":0.0,"event_name":"conspire:LoneGhost","player_choice":"Agree","floor":3.0,"gold_loss":0.0,"damage_taken":0.0}],"is_beta":false,"boss_relics":[],"items_purged_floors":[],"is_endless":true,"potions_floor_spawned":[10,14],"killed_by":"Hexaghost","ascension_level":0}}