{"host":"90jl2h70xtuoeg0i","time":1608102748,"event":{"mods":["AchievementEnabler","BaseMod","Colored Map","Colored Powertips","Minty Spire (QoL Compilation)","Relic Stats","ojb\u0027s Better Paths Mod","ojb\u0027s Info Mod"],"gold_per_floor":[117,131,143,143,153,186,186,186,186],"floor_reached":8,"playtime":538,"items_purged":[],"score":113,"play_id":"2aa5db55-e982-4a4a-987f-ef04afd86858","local_time":"20201216021228","is_ascension_mode":true,"campfire_choices":[{"floor":7,"key":"REST"}],"circlet_count":0,"master_deck":["AscendersBane","Strike_G","Strike_G","Strike_G","Strike_G","Strike_G","Defend_G","Defend_G","Defend_G","Defend_G","Survivor","Neutralize","Eviscerate","Eviscerate","Acrobatics"],"relics":["Ring of the Snake","Ginger","Anchor"],"acts_visited":["Exordium"],"potions_floor_usage":[6,8,8],"damage_taken":[{"damage":2,"enemies":"Small Slimes","floor":1,"turns":5},{"damage":1,"enemies":"Cultist","floor":2,"turns":4},{"damage":3,"enemies":"Jaw Worm","floor":3,"turns":4},{"damage":13,"enemies":"3 Louse","floor":5,"turns":4},{"damage":22,"enemies":"3 Sentries","floor":6,"turns":11},{"damage":32,"enemies":"Lagavulin","floor":8,"turns":4}],"seed_played":"-6547438882939589430","potions_obtained":[{"floor":1,"key":"DuplicationPotion"},{"floor":3,"key":"PowerPotion"},{"floor":5,"key":"FearPotion"},{"floor":6,"key":"Strength Potion"}],"is_trial":false,"path_per_floor":["M","M","M","?","M","E","R","E"],"character_chosen":"THE_SILENT","items_purchased":[],"campfire_rested":1,"item_purchase_floors":[],"current_hp_per_floor":[42,41,38,38,25,3,22,0,0],"gold":186,"neow_bonus":"ONE_RARE_RELIC","is_daily":false,"chose_seed":false,"campfire_upgraded":0,"win_rate":0.0,"timestamp":1608102748,"path_taken":["M","M","M","?","?","E","R","E"],"items_purchased_type":[],"build_version":"2020-12-13","purchased_purges":0,"victory":false,"max_hp_per_floor":[66,66,66,66,66,66,66,66,66],"relic_stats":{"counters":[6,32],"Ginger":[1],"obtain_stats":[{"Anchor":6,"Ginger":0,"Ring of the Snake":0},{"Anchor":5,"Ginger":0,"Ring of the Snake":0},{"Anchor":28,"Ginger":0,"Ring of the Snake":0}],"Ring of the Snake":[12]},"card_choices":[{"not_picked":["Expertise","Deadly Poison"],"picked":"Eviscerate","floor":1},{"not_picked":["Acrobatics","Crippling Poison"],"picked":"Eviscerate","floor":2},{"not_picked":["Skewer","Cloak And Dagger","Backflip"],"picked":"SKIP","floor":3},{"not_picked":["Acrobatics","Blur","Backflip"],"picked":"SKIP","floor":5},{"not_picked":["Sucker Punch","Outmaneuver"],"picked":"Acrobatics","floor":6}],"player_experience":1299774,"relics_obtained":[{"floor":6,"key":"Anchor"}],"event_choices":[{"cards_removed":["Defend_G"],"damage_healed":0,"gold_gain":0,"player_choice":"Purged","damage_taken":0,"max_hp_gain":0,"max_hp_loss":0,"event_name":"Purifier","floor":4,"gold_loss":0}],"is_beta":false,"boss_relics":[],"items_purged_floors":[],"is_endless":false,"potions_floor_spawned":[1,3,5,6],"killed_by":"Lagavulin","ascension_level":19}}