{"host":"bg8va46pgqgvtzim","time":1608127397,"event":{"mods":["BaseMod","Minty Spire (QoL Compilation)","Quick Restart","StSLib","SuperFastMode"],"gold_per_floor":[111,121,132,132,132,161,174,205,281,316,316,333,333,348,348,448,448,462,387,312,312,325,325,356,356,381,414,414,434,434,449,449,545,545,565,582,326,344,344,379,379,379,379,392,392,418,418,430,430,430,430,430,76,102,102],"floor_reached":56,"playtime":1683,"items_purged":["Strike_G","Strike_G","Defend_G"],"score":1706,"play_id":"b0d34e25-c85b-4452-a7ef-cfef91613498","local_time":"20201216220317","is_ascension_mode":true,"campfire_choices":[{"data":"Noxious Fumes","floor":11.0,"key":"SMITH"},{"data":"Tactician","floor":13.0,"key":"SMITH"},{"data":"Acrobatics","floor":15.0,"key":"SMITH"},{"data":"Eviscerate","floor":23.0,"key":"SMITH"},{"data":"Tools of the Trade","floor":25.0,"key":"SMITH"},{"data":"Reflex","floor":28.0,"key":"SMITH"},{"data":"Acrobatics","floor":30.0,"key":"SMITH"},{"floor":32.0,"key":"RECALL"},{"data":"Madness","floor":41.0,"key":"SMITH"},{"data":"Finesse","floor":45.0,"key":"SMITH"},{"data":"Neutralize","floor":47.0,"key":"SMITH"},{"data":"Flash of Steel","floor":49.0,"key":"SMITH"},{"data":"Dash","floor":52.0,"key":"SMITH"}],"circlet_count":0,"master_deck":["Defend_G","Defend_G","Defend_G","Defend_G","Survivor","Neutralize+1","Storm of Steel","Dash+1","Noxious Fumes+1","Acrobatics+1","Reflex+1","Tactician+1","Eviscerate+1","Acrobatics+1","Tools of the Trade+1","Underhanded Strike+1","Finesse+1","Madness+1","Flash of Steel+1","Calculated Gamble","Forethought+1"],"relics":["Ring of the Snake","Bag of Marbles","Kunai","Sundial","Anchor","Matryoshka","Calipers","Empty Cage","Dream Catcher","Vajra","Art of War","Runic Pyramid","Potion Belt","Akabeko","Bag of Preparation","StrikeDummy","TungstenRod","PrismaticShard","Strawberry"],"acts_visited":["Exordium","TheCity","TheBeyond","TheEnding"],"potions_floor_usage":[55,55,55,55,55],"damage_taken":[{"damage":0.0,"enemies":"2 Louse","floor":1.0,"turns":3.0},{"damage":0.0,"enemies":"Jaw Worm","floor":2.0,"turns":4.0},{"damage":0.0,"enemies":"Small Slimes","floor":3.0,"turns":3.0},{"damage":5.0,"enemies":"Gremlin Nob","floor":6.0,"turns":3.0},{"damage":0.0,"enemies":"3 Louse","floor":7.0,"turns":6.0},{"damage":0.0,"enemies":"3 Sentries","floor":8.0,"turns":8.0},{"damage":31.0,"enemies":"Gremlin Nob","floor":10.0,"turns":5.0},{"damage":0.0,"enemies":"Looter","floor":12.0,"turns":1.0},{"damage":0.0,"enemies":"Large Slime","floor":14.0,"turns":4.0},{"damage":22.0,"enemies":"Hexaghost","floor":16.0,"turns":9.0},{"damage":11.0,"enemies":"Spheric Guardian","floor":18.0,"turns":5.0},{"damage":0.0,"enemies":"Shell Parasite","floor":22.0,"turns":2.0},{"damage":0.0,"enemies":"Book of Stabbing","floor":24.0,"turns":4.0},{"damage":0.0,"enemies":"Gremlin Leader","floor":27.0,"turns":4.0},{"damage":0.0,"enemies":"Snake Plant","floor":29.0,"turns":4.0},{"damage":0.0,"enemies":"Cultist and Chosen","floor":31.0,"turns":2.0},{"damage":0.0,"enemies":"Champ","floor":33.0,"turns":5.0},{"damage":0.0,"enemies":"3 Shapes","floor":35.0,"turns":4.0},{"damage":0.0,"enemies":"3 Darklings","floor":36.0,"turns":3.0},{"damage":0.0,"enemies":"4 Shapes","floor":38.0,"turns":2.0},{"damage":0.0,"enemies":"Nemesis","floor":40.0,"turns":5.0},{"damage":0.0,"enemies":"Transient","floor":44.0,"turns":5.0},{"damage":0.0,"enemies":"Reptomancer","floor":46.0,"turns":3.0},{"damage":0.0,"enemies":"Maw","floor":48.0,"turns":4.0},{"damage":0.0,"enemies":"Awakened One","floor":50.0,"turns":9.0},{"damage":0.0,"enemies":"Shield and Spear","floor":54.0,"turns":2.0},{"damage":0,"enemies":"The Heart","floor":55,"turns":5}],"seed_played":"-2815710440625164818","potions_obtained":[{"floor":1.0,"key":"CunningPotion"},{"floor":6.0,"key":"Regen Potion"},{"floor":7.0,"key":"BlessingOfTheForge"},{"floor":12.0,"key":"Regen Potion"},{"floor":14.0,"key":"Weak Potion"},{"floor":16.0,"key":"FearPotion"},{"floor":18.0,"key":"DistilledChaos"},{"floor":29.0,"key":"Fruit Juice"},{"floor":31.0,"key":"PowerPotion"},{"floor":36.0,"key":"Fruit Juice"},{"floor":44.0,"key":"SteroidPotion"},{"floor":46.0,"key":"LiquidBronze"}],"is_trial":false,"path_per_floor":["M","M","M","?","T","E","M","E","T","E","R","M","R","M","R","B",null,"M","$","?","?","M","R","E","R","T","E","R","M","R","M","R","B",null,"M","M","$","M","?","E","R","?","T","M","R","E","R","M","R","B",null,"R","$","E","B",null],"character_chosen":"THE_SILENT","items_purchased":["Potion Belt","Calculated Gamble","SkillPotion","PrismaticShard"],"campfire_rested":0,"item_purchase_floors":[37,53,53,53],"current_hp_per_floor":[70,70,70,52,52,47,62,62,62,31,31,31,31,31,31,9,70,59,59,59,46,46,46,46,46,46,46,46,46,46,51,51,51,80,80,80,80,80,70,70,70,70,70,70,70,70,70,70,70,70,80,80,80,87,92],"gold":102,"neow_bonus":"ONE_RANDOM_RARE_CARD","is_daily":false,"chose_seed":false,"campfire_upgraded":12,"win_rate":0.0,"timestamp":1608127397,"path_taken":["M","M","M","?","?","E","M","E","T","E","R","M","R","M","R","BOSS","M","$","?","?","M","R","E","R","T","E","R","M","R","M","R","BOSS","M","M","$","M","?","E","R","?","T","M","R","E","R","M","R","BOSS","R","$","E","BOSS"],"items_purchased_type":["Relic","Card","Potion","Relic"],"build_version":"2020-12-13","purchased_purges":3,"victory":true,"max_hp_per_floor":[70,70,70,70,70,70,70,70,70,70,70,70,70,70,70,70,70,70,70,70,75,75,75,75,75,75,75,75,75,75,80,80,80,80,80,80,80,80,80,80,80,80,80,80,80,80,80,80,80,80,80,80,80,87,92],"card_choices":[{"not_picked":["Dagger Throw","Dagger Spray"],"picked":"Dash","floor":1.0},{"not_picked":["Slice","Expertise"],"picked":"Noxious Fumes","floor":2.0},{"not_picked":["Bane","Riddle With Holes","Blur"],"picked":"SKIP","floor":3.0},{"not_picked":["Outmaneuver","Flying Knee"],"picked":"Acrobatics","floor":6.0},{"not_picked":["Leg Sweep","Outmaneuver"],"picked":"Reflex","floor":7.0},{"not_picked":["A Thousand Cuts","Underhanded Strike","Blur"],"picked":"SKIP","floor":8.0},{"not_picked":["Slice","Accuracy"],"picked":"Tactician","floor":10.0},{"not_picked":["Riddle With Holes","Leg Sweep"],"picked":"Eviscerate","floor":12.0},{"not_picked":["Footwork","Slice"],"picked":"Acrobatics","floor":14.0},{"not_picked":["Burst","Night Terror"],"picked":"Tools of the Trade","floor":16.0},{"not_picked":["PiercingWail","Sucker Punch","Endless Agony+1"],"picked":"SKIP","floor":18.0},{"not_picked":["Caltrops","Poisoned Stab+1"],"picked":"Underhanded Strike+1","floor":22.0},{"not_picked":["Acrobatics+1","Flechettes","Blade Dance"],"picked":"SKIP","floor":24.0},{"not_picked":["Flechettes","Envenom","Sucker Punch"],"picked":"SKIP","floor":27.0},{"not_picked":["Deadly Poison","Dagger Throw+1","Accuracy"],"picked":"SKIP","floor":29.0},{"not_picked":["Crippling Poison","Dodge and Roll","Sucker Punch"],"picked":"SKIP","floor":31.0},{"not_picked":["Deflect+1","Dagger Throw+1","Acrobatics"],"picked":"SKIP","floor":35.0},{"not_picked":["Endless Agony","Accuracy+1","Blade Dance"],"picked":"SKIP","floor":36.0},{"not_picked":["Leg Sweep","Blade Dance+1","Underhanded Strike+1"],"picked":"SKIP","floor":38.0},{"not_picked":["Dramatic Entrance","Jack Of All Trades"],"picked":"Finesse","floor":39.0},{"not_picked":["HandOfGreed","Apotheosis"],"picked":"Madness","floor":39.0},{"not_picked":["Mayhem","Mind Blast"],"picked":"Flash of Steel","floor":39.0},{"not_picked":["Underhanded Strike","All Out Attack","Dagger Spray+1"],"picked":"SKIP","floor":40.0},{"not_picked":["Outmaneuver","Backflip+1","Caltrops+1"],"picked":"SKIP","floor":44.0},{"not_picked":["Finisher","Flying Knee+1","PiercingWail+1"],"picked":"SKIP","floor":46.0},{"not_picked":["Sucker Punch","Dodge and Roll","Underhanded Strike"],"picked":"SKIP","floor":48.0},{"not_picked":["Footwork","Tools of the Trade"],"picked":"Forethought+1","floor":54.0}],"player_experience":2114029,"relics_obtained":[{"floor":5.0,"key":"Kunai"},{"floor":6.0,"key":"Sundial"},{"floor":8.0,"key":"Anchor"},{"floor":9.0,"key":"Matryoshka"},{"floor":10.0,"key":"Calipers"},{"floor":24.0,"key":"Dream Catcher"},{"floor":26.0,"key":"Vajra"},{"floor":27.0,"key":"Art of War"},{"floor":40.0,"key":"Akabeko"},{"floor":43.0,"key":"Bag of Preparation"},{"floor":43.0,"key":"StrikeDummy"},{"floor":46.0,"key":"TungstenRod"},{"floor":54.0,"key":"Strawberry"}],"event_choices":[{"damage_healed":0.0,"max_hp_gain":0.0,"max_hp_loss":0.0,"gold_gain":0.0,"event_name":"Scrap Ooze","player_choice":"Success","floor":4.0,"gold_loss":0.0,"damage_taken":18.0,"relics_obtained":["Bag of Marbles"]},{"cards_removed":["Strike_G"],"damage_healed":0.0,"max_hp_gain":0.0,"max_hp_loss":0.0,"gold_gain":0.0,"event_name":"Beggar","player_choice":"Gave Gold","floor":20.0,"gold_loss":75.0,"damage_taken":0.0},{"damage_healed":0.0,"max_hp_gain":5.0,"max_hp_loss":0.0,"gold_gain":0.0,"event_name":"Forgotten Altar","player_choice":"Shed Blood","floor":21.0,"gold_loss":0.0,"damage_taken":18.0},{"damage_healed":0.0,"max_hp_gain":0.0,"max_hp_loss":0.0,"gold_gain":0.0,"event_name":"SensoryStone","player_choice":"Memory 3","floor":39.0,"gold_loss":0.0,"damage_taken":10.0},{"damage_healed":0.0,"max_hp_gain":0.0,"max_hp_loss":0.0,"gold_gain":0.0,"event_name":"Tomb of Lord Red Mask","player_choice":"Ignored","floor":42.0,"gold_loss":0.0,"damage_taken":0.0}],"is_beta":false,"boss_relics":[{"not_picked":["Fusion Hammer","Astrolabe"],"picked":"Empty Cage"},{"not_picked":["Black Star","Calling Bell"],"picked":"Runic Pyramid"}],"items_purged_floors":[19,37,53],"is_endless":false,"potions_floor_spawned":[1,6,7,12,14,16,18,27,29,31,36,44,46],"ascension_level":1}}