{"host":"1c52r9kaxdyo25eq","time":1608118521,"event":{"mods":["AchievementEnabler","BaseMod","Minty Spire (QoL Compilation)","Rare Cards Sparkle","SuperFastMode","everything is the same but u backflip on backflip"],"gold_per_floor":[112,112,112,37,48,83,83,83,83,83,97,131,131,147,147,221,221,238,238,128,140,14,14,14,14],"floor_reached":24,"playtime":523,"items_purged":["Strike_G","Defend_G"],"score":404,"play_id":"73053a53-409d-4436-a86c-73c56d9e2b16","local_time":"20201216203521","is_ascension_mode":true,"campfire_choices":[{"floor":8.0,"key":"REST"},{"data":"Deadly Poison","floor":13.0,"key":"SMITH"},{"floor":15.0,"key":"REST"},{"data":"Acrobatics","floor":23,"key":"SMITH"}],"circlet_count":0,"master_deck":["AscendersBane","Strike_G","Strike_G","Strike_G","Defend_G","Defend_G","Defend_G","Survivor","Neutralize+1","Heel Hook","Quick Slash","Predator","Deflect","Deadly Poison+1","Glass Knife","Grand Finale+1","Acrobatics+1","Bane"],"relics":["Ring of the Snake","Ice Cream","Juzu Bracelet","Bag of Marbles","HornCleat","Coffee Dripper"],"acts_visited":["Exordium","TheCity"],"potions_floor_usage":[24],"damage_taken":[{"damage":2.0,"enemies":"Jaw Worm","floor":1.0,"turns":5.0},{"damage":3.0,"enemies":"2 Louse","floor":5.0,"turns":4.0},{"damage":38.0,"enemies":"Lagavulin","floor":6.0,"turns":9.0},{"damage":0.0,"enemies":"Small Slimes","floor":11.0,"turns":3.0},{"damage":6.0,"enemies":"Gremlin Nob","floor":12.0,"turns":3.0},{"damage":0.0,"enemies":"3 Louse","floor":14.0,"turns":3.0},{"damage":30.0,"enemies":"The Guardian","floor":16.0,"turns":11.0},{"damage":18.0,"enemies":"Chosen","floor":18.0,"turns":4.0},{"damage":13,"enemies":"Shell Parasite","floor":21,"turns":5},{"damage":10,"enemies":"Sentry and Sphere","floor":24,"turns":5}],"seed_played":"-4200767336226905318","potions_obtained":[{"floor":6.0,"key":"Strength Potion"},{"floor":12.0,"key":"Swift Potion"},{"floor":18.0,"key":"PowerPotion"}],"is_trial":false,"path_per_floor":["M","?","?","$","M","E","?","R","T","?","M","E","R","M","R","B",null,"M","?","?","M","$","R","M"],"character_chosen":"THE_SILENT","items_purchased":["Bane"],"campfire_rested":2,"item_purchase_floors":[22],"current_hp_per_floor":[57,46,46,46,43,5,5,24,24,24,24,18,18,18,37,7,51,33,33,33,20,20,20,10,10],"gold":14,"neow_bonus":"TRANSFORM_CARD","is_daily":false,"chose_seed":false,"campfire_upgraded":2,"win_rate":0.0,"timestamp":1608118521,"path_taken":["M","?","?","$","M","E","?","R","T","?","M","E","R","M","R","BOSS","M","?","?","M","$","R","M"],"items_purchased_type":["Card"],"build_version":"2020-12-13","purchased_purges":2,"victory":false,"max_hp_per_floor":[66,66,66,66,66,66,66,66,66,66,66,66,66,66,66,66,66,66,66,66,66,66,66,66,66],"card_choices":[{"not_picked":["Skewer","Flying Knee"],"picked":"Quick Slash","floor":1.0},{"not_picked":["Cloak And Dagger","Quick Slash"],"picked":"Predator","floor":5.0},{"not_picked":["Envenom","Flechettes"],"picked":"Deflect","floor":6.0},{"not_picked":["Dagger Throw","Acrobatics"],"picked":"Deadly Poison","floor":11.0},{"not_picked":["Escape Plan","Terror"],"picked":"Glass Knife","floor":12.0},{"not_picked":["Deflect","Sucker Punch","Dagger Throw"],"picked":"SKIP","floor":14.0},{"not_picked":["Unload","Wraith Form v2"],"picked":"Grand Finale","floor":16.0},{"not_picked":["Expertise","Bane"],"picked":"Acrobatics","floor":18.0},{"not_picked":["Dash","PiercingWail","Slice+1"],"picked":"SKIP","floor":21}],"player_experience":484750,"relics_obtained":[{"floor":6.0,"key":"Juzu Bracelet"},{"floor":9.0,"key":"Bag of Marbles"},{"floor":12.0,"key":"HornCleat"}],"event_choices":[{"damage_healed":0.0,"max_hp_gain":0.0,"max_hp_loss":0.0,"gold_gain":0.0,"event_name":"Scrap Ooze","player_choice":"Success","floor":2.0,"gold_loss":0.0,"damage_taken":11.0,"relics_obtained":["Ice Cream"]},{"damage_healed":0.0,"max_hp_gain":0.0,"max_hp_loss":0.0,"gold_gain":0.0,"event_name":"Liars Game","player_choice":"Ignored","floor":3.0,"gold_loss":0.0,"damage_taken":0.0},{"damage_healed":0.0,"max_hp_gain":0.0,"max_hp_loss":0.0,"gold_gain":0.0,"event_name":"Shining Light","player_choice":"Ignored","floor":7.0,"gold_loss":0.0,"damage_taken":0.0},{"damage_healed":0.0,"max_hp_gain":0.0,"max_hp_loss":0.0,"gold_gain":0.0,"event_name":"Living Wall","player_choice":"Grow","floor":10.0,"gold_loss":0.0,"damage_taken":0.0,"cards_upgraded":["Neutralize"]},{"damage_healed":0.0,"max_hp_gain":0.0,"max_hp_loss":0.0,"gold_gain":0.0,"event_name":"Vampires","player_choice":"Ignored","floor":19.0,"gold_loss":0.0,"damage_taken":0.0},{"cards_removed":["Strike_G"],"damage_healed":0.0,"max_hp_gain":0.0,"max_hp_loss":0.0,"gold_gain":0.0,"event_name":"Designer","player_choice":"Upgrade and Remove","floor":20.0,"gold_loss":110.0,"damage_taken":0.0,"cards_upgraded":["Grand Finale"]}],"is_beta":false,"boss_relics":[{"not_picked":["Ectoplasm","Velvet Choker"],"picked":"Coffee Dripper"}],"items_purged_floors":[4,22],"is_endless":false,"potions_floor_spawned":[6,12,18],"killed_by":"Sentry and Sphere","ascension_level":20}}