{"host":"og6lam4kt3nibbw0","time":1608083900,"event":{"mods":["AchievementEnabler","BaseMod","Colored Map","DeckTracker","Highlight Path","Keyboard Shortcuts","Minty Spire (QoL Compilation)","Permanent Neow","Quick Restart","StSLib","SuperFastMode"],"gold_per_floor":[115,190,34,51,51,78,78,109,163,177,177,193,243,243,243,243,243],"floor_reached":16,"playtime":872,"items_purged":["Parasite"],"score":266,"play_id":"ea49f577-1664-4240-a74e-22bbef61eedd","local_time":"20201216105820","is_ascension_mode":true,"campfire_choices":[{"floor":7,"key":"REST"},{"data":"Blizzard","floor":11,"key":"SMITH"},{"data":"White Noise","floor":15,"key":"SMITH"}],"circlet_count":0,"master_deck":["AscendersBane","Strike_B","Strike_B","Strike_B","Defend_B","Defend_B","Defend_B","Defend_B","Zap","Dualcast","Echo Form","BootSequence","Blizzard+1","Cold Snap","Conserve Battery","FTL","Capacitor","Chaos","White Noise+1"],"relics":["Cracked Core","Lantern","Mummified Hand","Toy Ornithopter","Smiling Mask"],"acts_visited":["Exordium"],"potions_floor_usage":[12,16],"damage_taken":[{"damage":11,"enemies":"Small Slimes","floor":1,"turns":4},{"damage":2,"enemies":"Jaw Worm","floor":4,"turns":4},{"damage":32,"enemies":"3 Sentries","floor":6,"turns":10},{"damage":0,"enemies":"Lagavulin","floor":8,"turns":7},{"damage":0,"enemies":"Cultist","floor":10,"turns":4},{"damage":0,"enemies":"Exordium Thugs","floor":12,"turns":4},{"damage":42,"enemies":"The Guardian","floor":16,"turns":9}],"seed_played":"6157109621698774649","potions_obtained":[{"floor":4,"key":"PowerPotion"},{"floor":6,"key":"Fire Potion"}],"is_trial":false,"path_per_floor":["M","?","$","M","?","E","R","E","T","M","R","M","T","?","R","B"],"character_chosen":"DEFECT","items_purchased":["Blizzard"],"campfire_rested":1,"item_purchase_floors":[3],"current_hp_per_floor":[53,42,42,40,40,8,28,28,28,28,28,33,33,33,33,0,0],"gold":243,"neow_bonus":"THREE_RARE_CARDS","is_daily":false,"chose_seed":false,"campfire_upgraded":2,"win_rate":0.0,"timestamp":1608083900,"path_taken":["M","?","$","M","?","E","R","E","T","?","R","M","?","?","R","BOSS"],"items_purchased_type":["Card"],"build_version":"2020-12-13","purchased_purges":1,"victory":false,"max_hp_per_floor":[71,71,68,68,68,68,68,68,68,68,68,68,68,68,68,68,68],"card_choices":[{"not_picked":["Electrodynamics","Reboot"],"picked":"Echo Form","floor":0},{"not_picked":["Compile Driver","Redo"],"picked":"BootSequence","floor":1},{"not_picked":["Steam","Static Discharge"],"picked":"Cold Snap","floor":4},{"not_picked":["Doom and Gloom","Rebound"],"picked":"FTL","floor":6},{"not_picked":["Melter","Gash"],"picked":"Capacitor","floor":8},{"not_picked":["Beam Cell","Compile Driver"],"picked":"Chaos","floor":10},{"not_picked":["Force Field","Compile Driver"],"picked":"White Noise","floor":12}],"player_experience":766990,"relics_obtained":[{"floor":6,"key":"Lantern"},{"floor":8,"key":"Mummified Hand"},{"floor":9,"key":"Toy Ornithopter"},{"floor":13,"key":"Smiling Mask"}],"event_choices":[{"damage_healed":0,"gold_gain":75,"player_choice":"Gather Gold","damage_taken":11,"max_hp_gain":0,"max_hp_loss":0,"event_name":"World of Goop","floor":2,"gold_loss":0},{"damage_healed":0,"gold_gain":0,"cards_transformed":["Strike_B"],"player_choice":"Transformed","damage_taken":0,"max_hp_gain":0,"max_hp_loss":0,"event_name":"Transmorgrifier","floor":5,"gold_loss":0,"cards_obtained":["Conserve Battery"]},{"damage_healed":0,"gold_gain":0,"player_choice":"Ignored","damage_taken":0,"max_hp_gain":0,"max_hp_loss":0,"event_name":"Golden Idol","floor":14,"gold_loss":0}],"is_beta":false,"boss_relics":[],"items_purged_floors":[3],"is_endless":false,"potions_floor_spawned":[4,6,10],"killed_by":"The Guardian","ascension_level":20}}