{"host":"6vv0uythevi5qk1w","time":1608097393,"event":{"mods":["Act Like it!","BaseMod","Downfall","Gensokyo","Minty Spire (QoL Compilation)","Remilia£®¿Ÿ√◊¿Ú—«£©","Replay The Spire","StSLib"],"gold_per_floor":[99,99,99,99,132,132,206,235,145,179,194,194,213,225,239,239,239],"floor_reached":16,"playtime":982,"items_purged":["Regret"],"score":185,"play_id":"f7f764a9-6d3a-4e1a-9510-994ab085446f","local_time":"20201216134313","is_ascension_mode":true,"campfire_choices":[{"floor":1,"key":"DIG"}],"circlet_count":0,"master_deck":["hexamod:Strike","hexamod:Strike","hexamod:Strike","hexamod:Defend","hexamod:Defend","hexamod:Defend","hexamod:Defend","hexamod:Sear","hexamod:Float","EndlessAdversity","Trip","Replay:SS_forest_5","Replay:SS_fish_1"],"relics":["hexamod:SpiritBrand","downfall:HeartsMalice","TungstenRod","PrismaticShard","ReplayTheSpireMod:Lightbulb","hexamod:MatchstickCase","Kunai","ReplayTheSpireMod:TigerMarble","Tiny Chest"],"acts_visited":["Exordium"],"potions_floor_usage":[16,16],"damage_taken":[{"damage":0,"enemies":"Small Slimes","floor":3,"turns":1},{"damage":0,"enemies":"Gremlin Nob","floor":5,"turns":1},{"damage":0,"enemies":"Lagavulin","floor":8,"turns":1},{"damage":5,"enemies":"downfall:FleeingMerchant","floor":9,"turns":4},{"damage":4,"enemies":"3 Sentries","floor":10,"turns":5},{"damage":0,"enemies":"Jaw Worm","floor":11,"turns":2},{"damage":0,"enemies":"Cultist","floor":13,"turns":3},{"damage":21,"enemies":"Large Slime","floor":14,"turns":6},{"damage":0,"enemies":"2 Fungi Beasts","floor":15,"turns":1},{"damage":40,"enemies":"downfall:Defect","floor":16,"turns":6}],"seed_played":"-8613340351807355927","potions_obtained":[{"floor":8,"key":"Elixir"},{"floor":13,"key":"Ancient Potion"},{"floor":14,"key":"Block Potion"},{"floor":15,"key":"Fire Potion"}],"is_trial":false,"path_per_floor":["R","?","M","?","E","?","T","E","$","E","M","?","M","M","M","B"],"character_chosen":"THE_SPIRIT","items_purchased":[],"campfire_rested":0,"item_purchase_floors":[],"current_hp_per_floor":[70,70,70,70,70,70,70,70,65,61,61,61,61,40,40,0,0],"gold":239,"neow_bonus":"THREE_ENEMY_KILL","is_daily":false,"chose_seed":false,"campfire_upgraded":0,"win_rate":0.0,"timestamp":1608097393,"path_taken":["R","?","M","?","E","?","T","E","?","E","M","?","M","?","M","BOSS"],"items_purchased_type":[],"build_version":"2020-12-13","purchased_purges":1,"victory":false,"max_hp_per_floor":[70,70,70,70,70,70,70,70,70,70,70,70,70,70,70,70,70],"card_choices":[{"not_picked":["hexamod:InspiringFlames","Slimebound:LevelUp"],"picked":"EndlessAdversity","floor":3},{"not_picked":["Clothesline","Guardian:Recover","UnderTheZenith"],"picked":"SKIP","floor":5},{"not_picked":["sneckomod:Unknown0Cost","expansioncontent:ChargeUp","champ:BringItOn"],"picked":"SKIP","floor":8},{"not_picked":["BowlingBash","Acrobatics","Compile Driver"],"picked":"SKIP","floor":9},{"not_picked":["Slimebound:SplitAcid","ReplayTheSpireMod:Strike From Hell"],"picked":"Trip","floor":10},{"not_picked":["Slimebound:LeechEnergy","Deadly Poison"],"picked":"Replay:SS_forest_5","floor":11},{"not_picked":["champ:SkillfulDodge","Slimebound:LeechLife","Sword Boomerang"],"picked":"SKIP","floor":13},{"not_picked":["Pummel","Sweeping Beam","sneckomod:UnknownCommonAttack"],"picked":"SKIP","floor":14},{"not_picked":["GlobalNightmare","hexamod:ThermalTransfer"],"picked":"Replay:SS_fish_1","floor":15}],"player_experience":361253,"relics_obtained":[{"floor":1,"key":"TungstenRod"},{"floor":5,"key":"ReplayTheSpireMod:Lightbulb"},{"floor":7,"key":"Kunai"},{"floor":8,"key":"ReplayTheSpireMod:TigerMarble"},{"floor":10,"key":"Tiny Chest"}],"event_choices":[{"damage_healed":0,"gold_gain":0,"player_choice":"Box","damage_taken":0,"relics_obtained":["hexamod:MatchstickCase"],"max_hp_gain":0,"max_hp_loss":0,"event_name":"Big Fish","floor":6,"gold_loss":0,"cards_obtained":["Regret"]},{"cards_removed":["Overencumbered"],"damage_healed":0,"gold_gain":0,"player_choice":"Purged","damage_taken":0,"max_hp_gain":0,"max_hp_loss":0,"event_name":"Purifier","floor":12,"gold_loss":0}],"is_beta":false,"boss_relics":[],"items_purged_floors":[9],"is_endless":false,"potions_floor_spawned":[8,13,14,15],"killed_by":"downfall:Defect","ascension_level":2}}