{"host":"egyxg9lnjq7g2hmw","time":1608096892,"event":{"mods":["AchievementEnabler","BaseMod","Block Reminder","Colored Map","Colored Powertips","Highlight Path","Minty Spire (QoL Compilation)","Rare Cards Sparkle","StSLib"],"gold_per_floor":[118,118,118,128,138,165,165,193,246,272,272,285,285,285,285],"floor_reached":14,"playtime":790,"items_purged":[],"score":181,"play_id":"97606a33-8ab6-4b5e-8a2a-995bc41ee4e2","local_time":"20201215213452","is_ascension_mode":true,"campfire_choices":[{"data":"Well Laid Plans","floor":7.0,"key":"SMITH"},{"data":"Quick Slash","floor":11,"key":"SMITH"},{"data":"Bullet Time","floor":13,"key":"SMITH"}],"circlet_count":0,"master_deck":["AscendersBane","Strike_G","Strike_G","Strike_G","Strike_G","Defend_G","Defend_G","Defend_G","Defend_G","Defend_G","Survivor","Neutralize","Flying Knee","Bullet Time+1","Well Laid Plans+1","Poisoned Stab","Envenom","Quick Slash+1","Flechettes"],"relics":["Ring of the Snake","Pantograph","Omamori","MealTicket","Odd Mushroom"],"acts_visited":["Exordium"],"potions_floor_usage":[10,14],"damage_taken":[{"damage":19.0,"enemies":"Jaw Worm","floor":1.0,"turns":6.0},{"damage":0.0,"enemies":"2 Louse","floor":4.0,"turns":3.0},{"damage":6.0,"enemies":"Cultist","floor":5.0,"turns":4.0},{"damage":22.0,"enemies":"3 Sentries","floor":6.0,"turns":13.0},{"damage":11.0,"enemies":"Lagavulin","floor":8.0,"turns":9.0},{"damage":6,"enemies":"The Mushroom Lair","floor":10,"turns":5},{"damage":0,"enemies":"Looter","floor":12,"turns":3},{"damage":27,"enemies":"3 Sentries","floor":14,"turns":7}],"seed_played":"3508370299865486540","potions_obtained":[{"floor":5.0,"key":"DistilledChaos"},{"floor":8.0,"key":"PowerPotion"},{"floor":10,"key":"EssenceOfSteel"}],"is_trial":false,"path_per_floor":["M","?","?","M","M","E","R","E","T","?","R","M","R","E"],"character_chosen":"THE_SILENT","items_purchased":[],"campfire_rested":0,"item_purchase_floors":[],"current_hp_per_floor":[46,70,70,70,64,42,42,31,31,25,25,25,25,0,0],"gold":285,"neow_bonus":"TEN_PERCENT_HP_BONUS","is_daily":false,"chose_seed":false,"campfire_upgraded":3,"win_rate":0.0,"timestamp":1608096892,"path_taken":["M","?","?","?","M","E","R","E","T","?","R","M","R","E"],"items_purchased_type":[],"build_version":"2020-12-13","purchased_purges":0,"victory":false,"max_hp_per_floor":[72,72,72,72,72,72,72,72,72,72,72,72,72,72,72],"card_choices":[{"not_picked":["Outmaneuver","Catalyst"],"picked":"Flying Knee","floor":1.0},{"not_picked":["PiercingWail","Poisoned Stab"],"picked":"Well Laid Plans","floor":4.0},{"not_picked":["Well Laid Plans","Deadly Poison"],"picked":"Poisoned Stab","floor":5.0},{"not_picked":["Acrobatics","Flying Knee"],"picked":"Envenom","floor":6.0},{"not_picked":["Concentrate","Dodge and Roll","Poisoned Stab"],"picked":"SKIP","floor":8.0},{"not_picked":["Concentrate","Dagger Spray"],"picked":"Quick Slash","floor":10},{"not_picked":["Footwork","PiercingWail"],"picked":"Flechettes","floor":12}],"player_experience":476803,"relics_obtained":[{"floor":6.0,"key":"Pantograph"},{"floor":8.0,"key":"Omamori"},{"floor":9.0,"key":"MealTicket"},{"floor":10,"key":"Odd Mushroom"}],"event_choices":[{"damage_healed":24.0,"max_hp_gain":0.0,"max_hp_loss":0.0,"gold_gain":0.0,"event_name":"Big Fish","player_choice":"Banana","floor":2.0,"gold_loss":0.0,"damage_taken":0.0},{"damage_healed":0.0,"max_hp_gain":0.0,"max_hp_loss":0.0,"gold_gain":0.0,"cards_transformed":["Strike_G"],"event_name":"Transmorgrifier","player_choice":"Transformed","floor":3.0,"gold_loss":0.0,"damage_taken":0.0,"cards_obtained":["Bullet Time"]},{"damage_healed":0,"gold_gain":0,"player_choice":"Fought Mushrooms","damage_taken":0,"max_hp_gain":0,"max_hp_loss":0,"event_name":"Mushrooms","floor":10,"gold_loss":0}],"is_beta":false,"boss_relics":[],"items_purged_floors":[],"is_endless":false,"potions_floor_spawned":[5,8,10],"killed_by":"3 Sentries","ascension_level":17}}