{"host":"sum4dy402bbv9y4o","time":1608125791,"event":{"mods":["Aspiration","BaseMod","Conspire","Highlight Path","Minty Spire (QoL Compilation)","StSLib"],"gold_per_floor":[16,28,41,54,68,68,85,85,112,141,141,153,172,200,200,275,275,290,290,308,308,308,308],"floor_reached":22,"playtime":827,"items_purged":[],"score":430,"play_id":"4a8c4d07-6c8b-4691-83c2-f53b5f5dc216","local_time":"20201216163631","is_ascension_mode":true,"campfire_choices":[{"data":"Eruption","floor":6,"key":"SMITH"},{"data":"WheelKick","floor":8,"key":"SMITH"},{"floor":15,"key":"REST"}],"circlet_count":0,"master_deck":["AscendersBane","Strike_P","Defend_P","Defend_P","Eruption+1","Vigilance","Halt","FlurryOfBlows","SashWhip","WheelKick+1","FlurryOfBlows","Halt","Protect","BowlingBash","Consecrate","EmptyBody","Brilliance","EmptyFist","EmptyBody+1"],"relics":["PureWater","Omamori","GoldenEye","Singing Bowl","Empty Cage"],"acts_visited":["Exordium","TheCity"],"potions_floor_usage":[12,14,14,16,16,20,22],"damage_taken":[{"damage":1,"enemies":"conspire:RoseBush","floor":1,"turns":4},{"damage":0,"enemies":"Cultist","floor":2,"turns":3},{"damage":1,"enemies":"Small Slimes","floor":3,"turns":3},{"damage":12,"enemies":"3 Louse","floor":4,"turns":4},{"damage":15,"enemies":"conspire:2 RoseBushes","floor":5,"turns":8},{"damage":0,"enemies":"Gremlin Gang","floor":7,"turns":4},{"damage":0,"enemies":"Gremlin Nob","floor":10,"turns":2},{"damage":0,"enemies":"3 Louse","floor":12,"turns":4},{"damage":7,"enemies":"Blue Slaver","floor":13,"turns":3},{"damage":13,"enemies":"conspire:MimicChest","floor":14,"turns":6},{"damage":29,"enemies":"The Guardian","floor":16,"turns":12},{"damage":0,"enemies":"Chosen","floor":18,"turns":2},{"damage":22,"enemies":"Spheric Guardian","floor":20,"turns":3},{"damage":35,"enemies":"Cultist and Chosen","floor":22,"turns":5}],"seed_played":"6791562393889549993","potions_obtained":[{"floor":1,"key":"CultistPotion"},{"floor":5,"key":"Energy Potion"},{"floor":11,"key":"Regen Potion"},{"floor":11,"key":"Strength Potion"},{"floor":12,"key":"EntropicBrew"},{"floor":14,"key":"PowerPotion"},{"floor":16,"key":"Weak Potion"},{"floor":18,"key":"ColorlessPotion"}],"is_trial":false,"path_per_floor":["M","M","M","M","M","R","M","R","T","E","?","M","M","?","R","B",null,"M","?","M","?","M"],"character_chosen":"WATCHER","items_purchased":[],"campfire_rested":1,"item_purchase_floors":[],"current_hp_per_floor":[60,60,59,47,32,32,32,32,32,32,32,44,37,24,44,15,55,55,55,33,33,0,0],"gold":308,"neow_bonus":"REMOVE_TWO","is_daily":false,"chose_seed":false,"campfire_upgraded":2,"win_rate":0.0,"timestamp":1608125791,"path_taken":["M","M","M","M","M","R","M","R","T","E","?","?","M","?","R","BOSS","M","?","?","?","M"],"items_purchased_type":[],"build_version":"2020-12-13","purchased_purges":0,"victory":false,"max_hp_per_floor":[68,68,68,68,68,68,68,68,68,68,68,68,68,68,68,68,68,68,68,68,68,68,68],"card_choices":[{"not_picked":["LikeWater","PathToVictory"],"picked":"Halt","floor":1},{"not_picked":["BowlingBash","Evaluate"],"picked":"FlurryOfBlows","floor":2},{"not_picked":["ThirdEye","Crescendo"],"picked":"SashWhip","floor":3},{"not_picked":["DeceiveReality","Sanctity"],"picked":"WheelKick","floor":4},{"not_picked":["SandsOfTime","WaveOfTheHand"],"picked":"FlurryOfBlows","floor":5},{"not_picked":["FollowUp","CutThroughFate"],"picked":"Halt","floor":7},{"not_picked":["ClearTheMind","Prostrate"],"picked":"Protect","floor":10},{"not_picked":["Crescendo","Blasphemy"],"picked":"BowlingBash","floor":12},{"not_picked":["SignatureMove","Protect"],"picked":"Consecrate","floor":13},{"not_picked":["FlurryOfBlows","CutThroughFate"],"picked":"EmptyBody","floor":14},{"not_picked":["Establishment","Scrawl"],"picked":"Brilliance","floor":16},{"not_picked":["CrushJoints","SashWhip"],"picked":"EmptyFist","floor":18},{"not_picked":["Prostrate","WaveOfTheHand"],"picked":"EmptyBody+1","floor":20}],"player_experience":2784936,"relics_obtained":[{"floor":9,"key":"Omamori"},{"floor":10,"key":"GoldenEye"},{"floor":14,"key":"Singing Bowl"}],"event_choices":[{"damage_healed":0,"gold_gain":0,"player_choice":"Got Potions","damage_taken":0,"max_hp_gain":0,"max_hp_loss":0,"event_name":"Lab","floor":11,"gold_loss":0},{"cards_removed":["Strike_P"],"damage_healed":0,"gold_gain":0,"player_choice":"Offered Basic","damage_taken":0,"max_hp_gain":0,"max_hp_loss":0,"event_name":"Bonfire Elementals","floor":19,"gold_loss":0},{"damage_healed":0,"gold_gain":0,"player_choice":"Ignored","damage_taken":0,"max_hp_gain":0,"max_hp_loss":0,"event_name":"Vampires","floor":21,"gold_loss":0}],"is_beta":false,"boss_relics":[{"not_picked":["SlaversCollar","aspiration:SecretTechniqueScroll"],"picked":"Empty Cage"}],"items_purged_floors":[],"is_endless":false,"potions_floor_spawned":[1,5,12,14,16,18],"killed_by":"Cultist and Chosen","ascension_level":20}}