{"host":"ormi09wwzv7sq47a","time":1608140079,"event":{"mods":["2.2 Compatiblity","AchievementEnabler","Act Like it!","BaseMod","Better Note","Better Skull","Better Vampires","Colored Map","Colored Powertips","DeckTracker","Downfall","Highlight Path","Minty Spire (QoL Compilation)","Permanent Neow","Quick Restart","Rare Cards Sparkle","Relic Stats","StSLib","The Jungle"],"gold_per_floor":[99,99,99,274,274,274,354,364,289,324,2,14,14,28,47,47,47],"floor_reached":16,"playtime":543,"items_purged":[],"score":138,"play_id":"0a1b0fb6-4282-4754-a2bf-6f18f47b0a37","local_time":"20201216153439","is_ascension_mode":true,"campfire_choices":[{"data":"hexamod:Float","floor":1,"key":"SMITH"},{"data":"hexamod:Sear","floor":3,"key":"SMITH"},{"data":"hexamod:Defend","floor":6,"key":"SMITH"},{"floor":9,"key":"RECALL"}],"circlet_count":0,"master_deck":["hexamod:Strike","hexamod:Strike+1","hexamod:Strike","hexamod:Strike+1","hexamod:Defend+1","hexamod:Defend+1","hexamod:Defend","hexamod:Defend","hexamod:Sear+1","hexamod:Float+1","Doubt","hexamod:FastForward","hexamod:Toasty","hexamod:FlamesFromBeyond","hexamod:GhostOfSpirePast+1","hexamod:HeatShield","hexamod:Incineration","hexamod:SpectersWail"],"relics":["hexamod:SpiritBrand","Ancient Tea Set","downfall:HeartBlessingBlue","White Beast Statue","Frozen Egg 2"],"acts_visited":["Exordium"],"potions_floor_usage":[11,14,15,16,16],"damage_taken":[{"damage":12,"enemies":"Small Slimes","floor":8,"turns":4},{"damage":57,"enemies":"Gremlin Nob","floor":10,"turns":6},{"damage":0,"enemies":"downfall:FleeingMerchant","floor":11,"turns":4},{"damage":0,"enemies":"2 Louse","floor":12,"turns":2},{"damage":0,"enemies":"Jaw Worm","floor":14,"turns":3},{"damage":0,"enemies":"2 Fungi Beasts","floor":15,"turns":3},{"damage":2,"enemies":"downfall:Ironclad","floor":16,"turns":3}],"seed_played":"5626807230042406537","potions_obtained":[{"floor":10,"key":"GamblersBrew"},{"floor":11,"key":"hexamod:EctoCoolerPotion"},{"floor":12,"key":"sneckomod:MuddlingPotion"},{"floor":14,"key":"Explosive Potion"},{"floor":15,"key":"hexamod:DoubleChargePotion"}],"is_trial":false,"path_per_floor":["R","?","R","?","?","R","T","M","R","E","$","M","?","M","M","B"],"character_chosen":"THE_SPIRIT","items_purchased":["Frozen Egg 2","hexamod:GhostOfSpirePast+1"],"campfire_rested":0,"item_purchase_floors":[11,11],"current_hp_per_floor":[63,60,60,60,60,60,60,48,58,1,1,1,1,1,1,0,0],"gold":47,"neow_bonus":"TWENTY_PERCENT_HP_BONUS","is_daily":false,"chose_seed":false,"campfire_upgraded":3,"win_rate":0.0,"timestamp":1608140079,"path_taken":["R","?","R","?","?","R","T","M","R","E","$","M","?","M","M","BOSS"],"items_purchased_type":["Relic","Card"],"build_version":"2020-12-13","purchased_purges":0,"victory":false,"max_hp_per_floor":[84,84,84,84,84,84,84,84,94,94,94,94,94,94,94,94,94],"relic_stats":{"counters":[7,25],"obtain_stats":[{"downfall:HeartBlessingBlue":9,"Frozen Egg 2":11,"Ancient Tea Set":2,"hexamod:SpiritBrand":0,"White Beast Statue":10},{"downfall:HeartBlessingBlue":1,"Frozen Egg 2":3,"Ancient Tea Set":0,"hexamod:SpiritBrand":0,"White Beast Statue":2},{"downfall:HeartBlessingBlue":4,"Frozen Egg 2":14,"Ancient Tea Set":0,"hexamod:SpiritBrand":0,"White Beast Statue":10}]},"card_choices":[{"not_picked":["hexamod:InspiringFlames","hexamod:ShieldOfDarkness"],"picked":"hexamod:FastForward","floor":8},{"not_picked":["hexamod:Hexaguard","hexamod:Firestarter"],"picked":"hexamod:Toasty","floor":10},{"not_picked":["hexamod:RecurringNightmare","hexamod:NightmareStrike"],"picked":"hexamod:FlamesFromBeyond","floor":11},{"not_picked":["hexamod:GhostShield","hexamod:CatchUp"],"picked":"hexamod:HeatShield","floor":12},{"not_picked":["hexamod:HauntingEcho","hexamod:SpectralAdrenaline"],"picked":"hexamod:Incineration","floor":14},{"not_picked":["hexamod:ThermalTransfer","hexamod:RetreatToShadows"],"picked":"hexamod:SpectersWail","floor":15}],"player_experience":691870,"relics_obtained":[{"floor":10,"key":"White Beast Statue"}],"event_choices":[{"damage_healed":0,"gold_gain":0,"player_choice":"Success","damage_taken":3,"relics_obtained":["Ancient Tea Set"],"max_hp_gain":0,"max_hp_loss":0,"event_name":"Scrap Ooze","floor":2,"gold_loss":0},{"cards_removed":["Regret"],"damage_healed":0,"gold_gain":0,"player_choice":"Card Removal","damage_taken":0,"max_hp_gain":0,"max_hp_loss":0,"event_name":"The Cleric","floor":13,"gold_loss":0}],"is_beta":false,"boss_relics":[],"items_purged_floors":[],"is_endless":false,"potions_floor_spawned":[10,11,12,14,15],"killed_by":"downfall:Ironclad","ascension_level":3}}