{"host":"6xsbn6ynqlzwllfm","time":1608112261,"event":{"mods":["2.2 Compatiblity","BaseMod","Bestiary","Colored Map","Colored Powertips","Downfall","Googly Eyes","Highlight Path","Minty Spire (QoL Compilation)","Relic Stats","Slay the Relics Exporter","StSLib"],"gold_per_floor":[111,111,11,31,46,46,46],"floor_reached":6,"playtime":216,"items_purged":[],"score":52,"play_id":"c8b94abb-7f39-47ff-8e04-c50b435c5dbf","local_time":"20201216045101","is_ascension_mode":true,"campfire_choices":[],"circlet_count":0,"master_deck":["Guardian:Strike_Guardian","Guardian:Strike_Guardian","Guardian:Strike_Guardian","Guardian:Strike_Guardian","Guardian:Defend_Guardian","Guardian:Defend_Guardian","Guardian:Defend_Guardian","Guardian:Defend_Guardian","Guardian:CurlUp","Guardian:TwinSlam","Guardian:PiercingHide","Guardian:Gem_Red","Guardian:Gem_Orange","Guardian:FloatingOrbs","Guardian:PiercingHide","Guardian:Planning","Guardian:FuturePlans"],"relics":["Black Star"],"acts_visited":["Exordium"],"potions_floor_usage":[],"damage_taken":[{"damage":1.0,"enemies":"2 Louse","floor":1.0,"turns":3.0},{"damage":1.0,"enemies":"Cultist","floor":4.0,"turns":4.0},{"damage":6.0,"enemies":"Small Slimes","floor":5.0,"turns":4.0},{"damage":19,"enemies":"Gremlin Nob","floor":6,"turns":4}],"seed_played":"646171275206370611","potions_obtained":[],"is_trial":false,"path_per_floor":["M","?","$","M","M","E"],"character_chosen":"GUARDIAN","items_purchased":["Guardian:FloatingOrbs","Guardian:PiercingHide"],"campfire_rested":0,"item_purchase_floors":[3,3],"current_hp_per_floor":[71,71,71,70,64,45,45],"gold":46,"neow_bonus":"BOSS_RELIC","is_daily":false,"chose_seed":false,"campfire_upgraded":0,"win_rate":0.0,"timestamp":1608112261,"path_taken":["M","?","$","M","M","E"],"items_purchased_type":["Card","Card"],"build_version":"2020-12-13","purchased_purges":0,"victory":false,"max_hp_per_floor":[80,80,80,80,80,80,80],"relic_stats":{"counters":[4,15],"Black Star":0,"obtain_stats":[{"Guardian:ModeShifter":0,"Black Star":0},{"Guardian:ModeShifter":0,"Black Star":0},{"Guardian:ModeShifter":0,"Black Star":0}]},"card_choices":[{"not_picked":["Guardian:Gem_Cyan","Guardian:Gem_Red"],"picked":"Guardian:PiercingHide","floor":1.0},{"not_picked":["Guardian:Gem_Blue","Guardian:WalkerClaw"],"picked":"Guardian:Planning","floor":4.0},{"not_picked":["Guardian:PrismaticBarrier","Guardian:WalkerClaw"],"picked":"Guardian:FuturePlans","floor":5.0}],"player_experience":1199858,"relics_obtained":[],"event_choices":[{"damage_healed":0.0,"max_hp_gain":0.0,"max_hp_loss":0.0,"gold_gain":0.0,"event_name":"Match and Keep!","player_choice":"2 cards matched","floor":2.0,"gold_loss":0.0,"damage_taken":0.0,"cards_obtained":["Guardian:Gem_Red","Guardian:Gem_Orange"]}],"is_beta":false,"boss_relics":[],"items_purged_floors":[],"is_endless":false,"potions_floor_spawned":[],"killed_by":"Gremlin Nob","ascension_level":9}}