{"host":"8rwnpls8n88jrgbg","time":1608127078,"event":{"mods":["AchievementEnabler","BaseMod","Colored Map","Colored Powertips","DeckTracker","Keyboard Shortcuts","Minty Spire (QoL Compilation)","Relic Stats","StSLib","SuperFastMode"],"gold_per_floor":[116,135,154,42,42,42,42,42,89,89,14,29,29,43,43,117,117,137,137,37,53,67,67,94,94,94,94,112,4,4,4,4,4,4],"floor_reached":33,"playtime":1539,"items_purged":["Strike_G","Defend_G"],"score":506,"play_id":"2a2ae24c-20df-4ca9-9470-6bedc5c2b742","local_time":"20201216225758","is_ascension_mode":true,"campfire_choices":[{"data":"Blade Dance","floor":6,"key":"SMITH"},{"data":"Choke","floor":10,"key":"SMITH"},{"data":"Cloak And Dagger","floor":13,"key":"SMITH"},{"floor":15,"key":"REST"},{"floor":23,"key":"REST"},{"data":"After Image","floor":25,"key":"SMITH"},{"floor":27,"key":"REST"},{"data":"1","floor":30,"key":"LIFT"},{"floor":32,"key":"REST"}],"circlet_count":0,"master_deck":["AscendersBane","Strike_G","Strike_G","Defend_G","Defend_G","Defend_G","Survivor","Neutralize","Poisoned Stab","Blade Dance+1","Infinite Blades","Choke+1","Quick Slash","Cloak And Dagger+1","Adrenaline","CurseOfTheBell","Blade Dance","Finisher","After Image+1"],"relics":["SlaversCollar","StrikeDummy","Happy Flower","Calling Bell","Anchor","Blue Candle","Girya","Question Card","Mummified Hand","Torii"],"acts_visited":["Exordium","TheCity"],"potions_floor_usage":[18,22,24,33],"damage_taken":[{"damage":21,"enemies":"Cultist","floor":1,"turns":6},{"damage":5,"enemies":"2 Louse","floor":2,"turns":3},{"damage":4,"enemies":"Jaw Worm","floor":3,"turns":5},{"damage":3,"enemies":"Blue Slaver","floor":12,"turns":3},{"damage":6,"enemies":"3 Louse","floor":14,"turns":3},{"damage":28,"enemies":"Slime Boss","floor":16,"turns":7},{"damage":9,"enemies":"3 Byrds","floor":18,"turns":6},{"damage":14,"enemies":"2 Thieves","floor":21,"turns":4},{"damage":19,"enemies":"Snake Plant","floor":22,"turns":4},{"damage":22,"enemies":"Book of Stabbing","floor":24,"turns":5},{"damage":15,"enemies":"Centurion and Healer","floor":28,"turns":5},{"damage":65,"enemies":"Collector","floor":33,"turns":9}],"seed_played":"-4334685639179890131","potions_obtained":[{"floor":12,"key":"SpeedPotion"},{"floor":16,"key":"FearPotion"},{"floor":21,"key":"SpeedPotion"},{"floor":24,"key":"Fruit Juice"}],"is_trial":false,"path_per_floor":["M","M","M","$","?","R","T","$","T","R","?","M","R","M","R","B",null,"M","?","$","M","M","R","E","R","T","R","M","$","R","T","R","B"],"character_chosen":"THE_SILENT","items_purchased":["Choke","FairyPotion"],"campfire_rested":4,"item_purchase_floors":[4,29],"current_hp_per_floor":[38,33,29,29,29,29,29,29,29,29,29,26,26,20,39,11,52,43,43,43,29,10,29,7,7,7,26,11,11,11,11,30,0,0],"gold":4,"neow_bonus":"BOSS_RELIC","is_daily":false,"chose_seed":false,"campfire_upgraded":4,"win_rate":0.0,"timestamp":1608127078,"path_taken":["M","M","M","?","?","R","?","?","T","R","?","M","R","M","R","BOSS","M","?","$","?","M","R","E","R","T","R","M","$","R","?","R","BOSS"],"items_purchased_type":["Card","Potion"],"build_version":"2020-12-13","purchased_purges":2,"victory":false,"max_hp_per_floor":[66,66,66,66,66,66,66,66,66,66,66,66,66,66,66,66,66,66,66,66,66,66,66,66,66,66,66,66,66,66,66,66,71,71],"relic_stats":{"Happy Flower":[15],"Torii":4,"counters":[12,60],"Mummified Hand":[4],"Blue Candle":[4],"Question Card":1,"obtain_stats":[{"Calling Bell":17,"SlaversCollar":0,"Girya":17,"Anchor":17,"Happy Flower":9,"Torii":31,"Mummified Hand":26,"Blue Candle":17,"StrikeDummy":7,"Question Card":24,"Ring of the Snake":0},{"Calling Bell":6,"SlaversCollar":0,"Girya":6,"Anchor":6,"Happy Flower":3,"Torii":11,"Mummified Hand":10,"Blue Candle":6,"StrikeDummy":3,"Question Card":10,"Ring of the Snake":0},{"Calling Bell":27,"SlaversCollar":0,"Girya":27,"Anchor":27,"Happy Flower":14,"Torii":51,"Mummified Hand":46,"Blue Candle":27,"StrikeDummy":14,"Question Card":46,"Ring of the Snake":0}]},"card_choices":[{"not_picked":["Backflip","Sucker Punch"],"picked":"Poisoned Stab","floor":1},{"not_picked":["Riddle With Holes","Well Laid Plans"],"picked":"Blade Dance","floor":2},{"not_picked":["Cloak And Dagger","Slice"],"picked":"Infinite Blades","floor":3},{"not_picked":["Concentrate","Dagger Throw"],"picked":"Cloak And Dagger","floor":12},{"not_picked":["Quick Slash","Underhanded Strike","Slice"],"picked":"SKIP","floor":14},{"not_picked":["Quick Slash","Underhanded Strike","Slice"],"picked":"SKIP","floor":14},{"not_picked":["Burst","Corpse Explosion"],"picked":"Adrenaline","floor":16},{"not_picked":["Sucker Punch+1","Cloak And Dagger"],"picked":"Blade Dance","floor":18},{"not_picked":["Outmaneuver","Dagger Throw"],"picked":"Finisher","floor":21},{"not_picked":["Dagger Throw","Terror","Setup"],"picked":"SKIP","floor":22},{"not_picked":["Endless Agony","All Out Attack"],"picked":"After Image","floor":24},{"not_picked":["Sucker Punch","Eviscerate","Flying Knee","Finisher"],"picked":"SKIP","floor":28}],"player_experience":1442683,"relics_obtained":[{"floor":7,"key":"StrikeDummy"},{"floor":9,"key":"Happy Flower"},{"floor":17,"key":"Anchor"},{"floor":17,"key":"Blue Candle"},{"floor":17,"key":"Girya"},{"floor":24,"key":"Question Card"},{"floor":26,"key":"Mummified Hand"},{"floor":31,"key":"Torii"}],"event_choices":[{"damage_healed":0,"gold_gain":0,"cards_transformed":["Strike_G"],"player_choice":"Change","damage_taken":0,"max_hp_gain":0,"max_hp_loss":0,"event_name":"Living Wall","floor":5,"gold_loss":0,"cards_obtained":["Quick Slash"]},{"cards_removed":["Defend_G"],"damage_healed":0,"gold_gain":0,"player_choice":"Card Removal","damage_taken":0,"max_hp_gain":0,"max_hp_loss":0,"event_name":"The Cleric","floor":11,"gold_loss":75},{"cards_removed":["Strike_G"],"damage_healed":0,"gold_gain":0,"player_choice":"Purged","damage_taken":0,"max_hp_gain":0,"max_hp_loss":0,"event_name":"Purifier","floor":19,"gold_loss":0}],"is_beta":false,"boss_relics":[{"not_picked":["Velvet Choker","Pandora\u0027s Box"],"picked":"Calling Bell"}],"items_purged_floors":[4,20],"is_endless":false,"potions_floor_spawned":[12,16,21,24],"killed_by":"Collector","ascension_level":20}}