{"host":"nn0usk9aafse27ii","time":1608152110,"event":{"mods":["BaseMod","Colored Map","Highlight Path","Minty Spire (QoL Compilation)","Shop Mod","StSLib"],"gold_per_floor":[113,45,65,84,97,130,130,130,130,130,130,130,149,159,159,263,263,275,190,190,190,39,39,50,66,145,157,157,157,157,185,185,289,289,304,304,318,368,37,37,47,0,0,0,0,0],"floor_reached":47,"playtime":5342,"items_purged":[],"score":741,"play_id":"44f85cec-42fc-459f-9dca-3fcce1f9f1a9","local_time":"20201216125510","daily_mods":["SealedDeck","Purple Cards","Terminal"],"is_ascension_mode":false,"campfire_choices":[{"data":"White Noise","floor":8,"key":"SMITH"},{"data":"Darkness","floor":10,"key":"SMITH"},{"data":"CutThroughFate","floor":15,"key":"SMITH"},{"data":"Reboot","floor":23,"key":"SMITH"},{"data":"Redo","floor":28,"key":"SMITH"},{"data":"Double Energy","floor":30,"key":"SMITH"},{"data":"Consecrate","floor":32,"key":"SMITH"},{"data":"Panache","floor":40,"key":"SMITH"}],"circlet_count":0,"master_deck":["Protect","Auto Shields","Conserve Battery+1","CutThroughFate+1","Redo+1","Prostrate","Consecrate+1","Consecrate","White Noise+1","TalkToTheHand+1","Gash+1","Double Energy+1","Beam Cell+1","Darkness+1","Gash","Sanctity","Conserve Battery","Reboot+1","Evaluate+1","LessonLearned","TalkToTheHand+1","Panache+1"],"relics":["Cracked Core","Nunchaku","Gremlin Horn","Juzu Bracelet","Busted Crown","Omamori","TheAbacus","Matryoshka","Regal Pillow","Cursed Key","Turnip","ClockworkSouvenir","Red Mask","Art of War","CeramicFish"],"acts_visited":["TheCity","TheBeyond"],"potions_floor_usage":[16,33,33,46,46],"damage_taken":[{"damage":0,"enemies":"Small Slimes","floor":1,"turns":2},{"damage":0,"enemies":"Jaw Worm","floor":3,"turns":3},{"damage":0,"enemies":"Cultist","floor":4,"turns":3},{"damage":0,"enemies":"Lots of Slimes","floor":5,"turns":3},{"damage":0,"enemies":"Lagavulin","floor":6,"turns":7},{"damage":0,"enemies":"Large Slime","floor":13,"turns":3},{"damage":3,"enemies":"3 Louse","floor":14,"turns":2},{"damage":0,"enemies":"The Guardian","floor":16,"turns":7},{"damage":0,"enemies":"Spheric Guardian","floor":18,"turns":3},{"damage":0,"enemies":"Shell Parasite","floor":24,"turns":4},{"damage":0,"enemies":"Chosen and Byrds","floor":25,"turns":5},{"damage":0,"enemies":"Snake Plant","floor":27,"turns":4},{"damage":0,"enemies":"Gremlin Leader","floor":31,"turns":5},{"damage":0,"enemies":"Champ","floor":33,"turns":8},{"damage":0,"enemies":"Orb Walker","floor":35,"turns":3},{"damage":0,"enemies":"3 Shapes","floor":37,"turns":3},{"damage":0,"enemies":"Mind Bloom Boss Battle","floor":38,"turns":7},{"damage":0,"enemies":"Writhing Mass","floor":41,"turns":6},{"damage":22,"enemies":"Donu and Deca","floor":46,"turns":9}],"seed_played":"5077519590263788424","potions_obtained":[{"floor":4,"key":"Energy Potion"},{"floor":5,"key":"CultistPotion"},{"floor":6,"key":"EssenceOfDarkness"},{"floor":25,"key":"DuplicationPotion"},{"floor":33,"key":"SkillPotion"},{"floor":37,"key":"Swift Potion"}],"is_trial":true,"path_per_floor":["M","$","M","M","M","E","?","R","T","R","?","?","M","M","R","B",null,"M","?","?","?","$","R","M","M","T","M","R","?","R","E","R","B",null,"M","?","M","?","$","R","M","?","T","?","?","B",null],"character_chosen":"DEFECT","items_purchased":["Double Energy","TheAbacus","ClockworkSouvenir","Panache"],"campfire_rested":0,"item_purchase_floors":[2,22,39,39],"current_hp_per_floor":[73,72,71,70,69,68,61,61,61,61,61,61,61,58,58,58,57,56,55,54,53,52,51,50,49,48,47,46,45,44,43,42,41,40,39,36,35,34,33,32,31,30,29,28,27,5],"gold":0,"neow_bonus":"","is_daily":false,"chose_seed":false,"campfire_upgraded":8,"win_rate":0.0,"timestamp":1608152110,"path_taken":["M","$","M","M","M","E","?","R","T","R","?","?","M","M","R","BOSS","M","?","?","?","$","R","M","M","T","M","R","?","R","E","R","BOSS","M","?","M","?","$","R","M","?","T","?","?","BOSS"],"items_purchased_type":["Card","Relic","Relic","Card"],"build_version":"2020-12-13","purchased_purges":0,"victory":true,"max_hp_per_floor":[73,72,71,70,69,68,67,66,65,64,63,62,61,60,59,58,57,56,55,54,53,52,51,50,49,48,47,46,45,44,43,42,41,40,39,36,35,34,33,32,31,30,29,28,27,26],"card_choices":[{"not_picked":["CutThroughFate","Study"],"picked":"Gash","floor":1},{"not_picked":["Weave","CrushJoints"],"picked":"Beam Cell","floor":3},{"not_picked":["SashWhip","Storm"],"picked":"Darkness","floor":4},{"not_picked":["Compile Driver","EmptyMind"],"picked":"Gash","floor":5},{"not_picked":["Reprogram","Ball Lightning"],"picked":"Sanctity","floor":6},{"not_picked":["FlurryOfBlows","Ragnarok","Blizzard"],"picked":"SKIP","floor":13},{"not_picked":["Ball Lightning","Auto Shields"],"picked":"Conserve Battery","floor":14},{"not_picked":["Biased Cognition","Ragnarok"],"picked":"Reboot","floor":16},{"not_picked":["Turbo"],"picked":"SKIP","floor":18},{"not_picked":[],"picked":"Evaluate+1","floor":24},{"not_picked":["Leap+1"],"picked":"SKIP","floor":25},{"not_picked":["Streamline"],"picked":"SKIP","floor":27},{"not_picked":["SashWhip"],"picked":"SKIP","floor":31},{"not_picked":[],"picked":"LessonLearned","floor":33},{"not_picked":["Coolheaded"],"picked":"SKIP","floor":35},{"not_picked":["Coolheaded"],"picked":"SKIP","floor":35},{"not_picked":[],"picked":"TalkToTheHand+1","floor":37},{"not_picked":["Compile Driver+1"],"picked":"SKIP","floor":41}],"player_experience":292501,"relics_obtained":[{"floor":6,"key":"Nunchaku"},{"floor":9,"key":"Juzu Bracelet"},{"floor":26,"key":"Matryoshka"},{"floor":31,"key":"Regal Pillow"},{"floor":38,"key":"Turnip"},{"floor":43,"key":"Art of War"},{"floor":43,"key":"CeramicFish"}],"event_choices":[{"damage_healed":0,"gold_gain":0,"player_choice":"Success","damage_taken":7,"relics_obtained":["Gremlin Horn"],"max_hp_gain":0,"max_hp_loss":0,"event_name":"Scrap Ooze","floor":7,"gold_loss":0},{"damage_healed":0,"gold_gain":0,"player_choice":"Upgraded","damage_taken":0,"max_hp_gain":0,"max_hp_loss":0,"event_name":"Upgrade Shrine","floor":11,"gold_loss":0,"cards_upgraded":["TalkToTheHand"]},{"damage_healed":0,"gold_gain":0,"player_choice":"Bought 0 Potions","damage_taken":0,"max_hp_gain":0,"max_hp_loss":0,"event_name":"The Woman in Blue","floor":12,"gold_loss":0},{"damage_healed":0,"gold_gain":0,"player_choice":"Obtained Relic","damage_taken":0,"relics_obtained":["Omamori"],"max_hp_gain":0,"max_hp_loss":0,"event_name":"Addict","floor":19,"gold_loss":85},{"damage_healed":0,"gold_gain":0,"player_choice":"Simplicity","damage_taken":0,"max_hp_gain":0,"max_hp_loss":0,"event_name":"Back to Basics","floor":20,"gold_loss":0,"cards_upgraded":[]},{"damage_healed":0,"gold_gain":0,"player_choice":"Ignored","damage_taken":0,"max_hp_gain":0,"max_hp_loss":0,"event_name":"Vampires","floor":21,"gold_loss":0},{"damage_healed":0,"gold_gain":0,"player_choice":"Ignored","damage_taken":0,"max_hp_gain":0,"max_hp_loss":0,"event_name":"Beggar","floor":29,"gold_loss":0},{"damage_healed":0,"gold_gain":0,"player_choice":"Max HP","damage_taken":0,"max_hp_gain":0,"max_hp_loss":2,"event_name":"Winding Halls","floor":36,"gold_loss":0},{"damage_healed":0,"gold_gain":0,"player_choice":"Fight","damage_taken":0,"max_hp_gain":0,"max_hp_loss":0,"event_name":"MindBloom","floor":38,"gold_loss":0},{"damage_healed":0,"gold_gain":0,"player_choice":"Paid","damage_taken":0,"relics_obtained":["Red Mask"],"max_hp_gain":0,"max_hp_loss":0,"event_name":"Tomb of Lord Red Mask","floor":42,"gold_loss":47},{"damage_healed":0,"gold_gain":0,"player_choice":"Memory 1","damage_taken":0,"max_hp_gain":0,"max_hp_loss":0,"event_name":"SensoryStone","floor":44,"gold_loss":0},{"damage_healed":0,"gold_gain":0,"player_choice":"Took Portal","damage_taken":0,"max_hp_gain":0,"max_hp_loss":0,"event_name":"SecretPortal","floor":45,"gold_loss":0}],"is_beta":false,"boss_relics":[{"not_picked":["SlaversCollar","Calling Bell"],"picked":"Busted Crown"},{"not_picked":["Velvet Choker","Tiny House"],"picked":"Cursed Key"}],"items_purged_floors":[],"is_endless":false,"potions_floor_spawned":[4,5,6,25,27,33,37,38],"ascension_level":0}}