{"host":"nh1tx9wty0m9wedw","time":1608161605,"event":{"mods":["BaseMod","Colored Map","Colored Powertips","Minty Spire (QoL Compilation)"],"gold_per_floor":[111,111,61,72,90,90,106,140,140,196,229,229,2,22,22,125,125,144,0,0,17,36,36,68,167,167,197,208,208,218,218,218,318,318,329,347,45,45,57,57,57,107,107,134,153,153,185,205,205,205,205],"floor_reached":50,"playtime":4659,"items_purged":["Strike_R"],"score":658,"play_id":"ffca0263-886a-4dba-8f8a-db4d9f28169e","local_time":"20201217003325","is_ascension_mode":true,"campfire_choices":[{"data":"Metallicize","floor":6,"key":"SMITH"},{"floor":12,"key":"REST"},{"data":"Rage","floor":15,"key":"SMITH"},{"floor":23,"key":"REST"},{"floor":29,"key":"REST"},{"floor":32,"key":"REST"},{"floor":40,"key":"REST"},{"floor":46,"key":"DIG"},{"floor":49,"key":"DIG"}],"circlet_count":0,"master_deck":["Strike_R","Strike_R","Strike_R","Defend_R","Defend_R","Defend_R","Defend_R","Bash","Metallicize+1","Pommel Strike","Seeing Red","Rage+1","Anger","Thunderclap","Iron Wave","Reaper","Cleave","Armaments","Headbutt+1","Inflame","Heavy Blade+1","Bludgeon","Shrug It Off","Feed","Fiend Fire","Infernal Blade+1","Heavy Blade+1","Armaments+1","Inflame+1","Evolve+1","Limit Break"],"relics":["Burning Blood","NeowsBlessing","Bronze Scales","Nunchaku","Question Card","Strawberry","Regal Pillow","Mark of Pain","Omamori","Pen Nib","StoneCalendar","Bag of Preparation","Red Skull","Fusion Hammer","Pantograph","WarpedTongs","Shovel","Pear","Singing Bowl","Sundial","Eternal Feather","Magic Flower"],"acts_visited":["Exordium","TheCity","TheBeyond"],"potions_floor_usage":[7,8,14,18,27,28,28,33,33,35,39,44,47,47,50],"damage_taken":[{"damage":0,"enemies":"Jaw Worm","floor":1,"turns":1},{"damage":0,"enemies":"Small Slimes","floor":4,"turns":1},{"damage":0,"enemies":"Cultist","floor":5,"turns":1},{"damage":8,"enemies":"Looter","floor":7,"turns":4},{"damage":9,"enemies":"3 Sentries","floor":8,"turns":10},{"damage":43,"enemies":"Lagavulin Event","floor":10,"turns":8},{"damage":23,"enemies":"Lagavulin","floor":11,"turns":7},{"damage":0,"enemies":"Large Slime","floor":14,"turns":3},{"damage":36,"enemies":"The Guardian","floor":16,"turns":14},{"damage":9,"enemies":"Shell Parasite","floor":18,"turns":4},{"damage":16,"enemies":"Spheric Guardian","floor":21,"turns":5},{"damage":41,"enemies":"Snake Plant","floor":22,"turns":5},{"damage":41,"enemies":"Book of Stabbing","floor":24,"turns":5},{"damage":32,"enemies":"Gremlin Leader","floor":27,"turns":7},{"damage":42,"enemies":"Centurion and Healer","floor":28,"turns":6},{"damage":35,"enemies":"Snecko","floor":30,"turns":6},{"damage":62,"enemies":"Collector","floor":33,"turns":8},{"damage":30,"enemies":"3 Darklings","floor":35,"turns":5},{"damage":10,"enemies":"3 Shapes","floor":36,"turns":7},{"damage":32,"enemies":"Transient","floor":39,"turns":5},{"damage":0,"enemies":"Mind Bloom Boss Battle","floor":42,"turns":4},{"damage":10,"enemies":"Nemesis","floor":44,"turns":7},{"damage":17,"enemies":"Maw","floor":45,"turns":6},{"damage":28,"enemies":"Reptomancer","floor":47,"turns":7},{"damage":19,"enemies":"3 Darklings","floor":48,"turns":3},{"damage":143,"enemies":"Awakened One","floor":50,"turns":10}],"seed_played":"-287984444977090701","potions_obtained":[{"floor":1,"key":"Strength Potion"},{"floor":7,"key":"LiquidBronze"},{"floor":11,"key":"Strength Potion"},{"floor":14,"key":"ElixirPotion"},{"floor":16,"key":"DistilledChaos"},{"floor":21,"key":"SpeedPotion"},{"floor":24,"key":"ElixirPotion"},{"floor":27,"key":"LiquidBronze"},{"floor":30,"key":"FearPotion"},{"floor":33,"key":"Weak Potion"},{"floor":39,"key":"Dexterity Potion"},{"floor":42,"key":"DuplicationPotion"},{"floor":44,"key":"Regen Potion"},{"floor":48,"key":"BloodPotion"}],"is_trial":false,"path_per_floor":["M","?","?","M","M","R","M","E","T","?","E","R","$","M","R","B",null,"M","$","?","M","M","R","E","?","T","E","M","R","M","?","R","B",null,"M","M","$","?","M","R","$","?","T","E","M","R","E","M","R","B"],"character_chosen":"IRONCLAD","items_purchased":["Regal Pillow","Omamori","Pantograph","Strength Potion"],"campfire_rested":5,"item_purchase_floors":[13,19,37,37],"current_hp_per_floor":[80,80,80,80,80,80,78,75,75,38,28,54,54,60,60,30,87,87,87,87,77,42,83,55,55,55,54,30,71,48,48,87,31,87,83,79,79,79,53,87,87,90,100,96,87,87,80,76,94,0,0],"gold":205,"neow_bonus":"THREE_ENEMY_KILL","is_daily":false,"chose_seed":false,"campfire_upgraded":2,"win_rate":0.0,"timestamp":1608161605,"path_taken":["M","?","?","M","M","R","M","E","T","?","E","R","?","?","R","BOSS","M","$","?","M","M","R","E","?","T","E","M","R","M","?","R","BOSS","M","M","$","?","M","R","?","?","T","E","M","R","E","M","R","BOSS"],"items_purchased_type":["Relic","Relic","Relic","Potion"],"build_version":"2020-12-13","purchased_purges":1,"victory":false,"max_hp_per_floor":[80,80,80,80,80,80,80,80,80,80,87,87,87,87,87,87,87,87,87,87,87,87,87,87,87,87,87,87,87,87,87,87,87,87,87,87,87,87,87,87,87,90,100,100,102,102,102,102,102,102,102],"card_choices":[{"not_picked":["Cleave","Warcry"],"picked":"Metallicize","floor":1},{"not_picked":["Warcry","Twin Strike"],"picked":"Pommel Strike","floor":4},{"not_picked":["Reckless Charge","Sword Boomerang","Clash"],"picked":"SKIP","floor":5},{"not_picked":["Body Slam","Flex"],"picked":"Seeing Red","floor":7},{"not_picked":["Clothesline","Whirlwind"],"picked":"Rage","floor":8},{"not_picked":["Shockwave","Fiend Fire"],"picked":"Anger","floor":10},{"not_picked":["Metallicize","Headbutt","Iron Wave"],"picked":"Thunderclap","floor":11},{"not_picked":["Clothesline","Havoc","Disarm"],"picked":"Iron Wave","floor":14},{"not_picked":["Bludgeon","Barricade","Exhume"],"picked":"Reaper","floor":16},{"not_picked":["Iron Wave","Anger","Bloodletting"],"picked":"Cleave","floor":18},{"not_picked":["Havoc+1","Sword Boomerang+1","Searing Blow"],"picked":"Headbutt+1","floor":21},{"not_picked":["Perfected Strike+1","Wild Strike","Juggernaut"],"picked":"Inflame","floor":22},{"not_picked":["Hemokinesis+1","Dark Embrace","Carnage"],"picked":"Heavy Blade+1","floor":24},{"not_picked":["Ghostly Armor","Sentinel","True Grit"],"picked":"Bludgeon","floor":27},{"not_picked":["Warcry","Dark Embrace","Rage"],"picked":"Shrug It Off","floor":28},{"not_picked":["Twin Strike","Searing Blow","Clash"],"picked":"Feed","floor":30},{"not_picked":["Reaper","Impervious","Double Tap"],"picked":"Fiend Fire","floor":33},{"not_picked":["Havoc","Power Through","Warcry"],"picked":"Infernal Blade+1","floor":35},{"not_picked":["Rupture","Spot Weakness","Second Wind+1"],"picked":"Heavy Blade+1","floor":36},{"not_picked":["Thunderclap","Bloodletting","Perfected Strike","Anger"],"picked":"SKIP","floor":39},{"not_picked":["Headbutt+1","Sword Boomerang","Twin Strike"],"picked":"Armaments+1","floor":42},{"not_picked":["Body Slam+1","Anger","Burning Pact+1"],"picked":"Inflame+1","floor":44},{"not_picked":["Second Wind+1","Spot Weakness+1","Combust+1","Body Slam+1"],"picked":"Singing Bowl","floor":45},{"not_picked":["Sword Boomerang+1","Hemokinesis","True Grit+1"],"picked":"Evolve+1","floor":47},{"not_picked":["Pommel Strike+1","Rage","Headbutt"],"picked":"Limit Break","floor":48}],"player_experience":552742,"relics_obtained":[{"floor":8,"key":"Bronze Scales"},{"floor":9,"key":"Nunchaku"},{"floor":10,"key":"Question Card"},{"floor":11,"key":"Strawberry"},{"floor":24,"key":"Pen Nib"},{"floor":26,"key":"StoneCalendar"},{"floor":27,"key":"Bag of Preparation"},{"floor":42,"key":"Shovel"},{"floor":43,"key":"Pear"},{"floor":44,"key":"Singing Bowl"},{"floor":46,"key":"Sundial"},{"floor":47,"key":"Eternal Feather"},{"floor":49,"key":"Magic Flower"}],"event_choices":[{"damage_healed":0,"gold_gain":0,"player_choice":"Ignored","damage_taken":0,"max_hp_gain":0,"max_hp_loss":0,"event_name":"Shining Light","floor":2,"gold_loss":0},{"cards_removed":["Strike_R"],"damage_healed":0,"gold_gain":0,"player_choice":"Card Removal","damage_taken":0,"max_hp_gain":0,"max_hp_loss":0,"event_name":"The Cleric","floor":3,"gold_loss":50},{"damage_healed":0,"gold_gain":30,"player_choice":"Searched \u00273\u0027 times","damage_taken":0,"max_hp_gain":0,"max_hp_loss":0,"event_name":"Dead Adventurer","floor":10,"gold_loss":0},{"damage_healed":0,"gold_gain":0,"player_choice":"Read","damage_taken":0,"max_hp_gain":0,"max_hp_loss":0,"event_name":"The Library","floor":20,"gold_loss":0,"cards_obtained":["Armaments"]},{"damage_healed":0,"gold_gain":99,"player_choice":"Stole From Cult","damage_taken":0,"max_hp_gain":0,"max_hp_loss":0,"event_name":"Nest","floor":25,"gold_loss":0},{"damage_healed":0,"gold_gain":0,"player_choice":"Opened","damage_taken":0,"relics_obtained":["Red Skull"],"max_hp_gain":0,"max_hp_loss":0,"event_name":"The Mausoleum","floor":31,"gold_loss":0,"cards_obtained":["Writhe"]},{"damage_healed":0,"gold_gain":0,"player_choice":"Rummage","damage_taken":0,"relics_obtained":["WarpedTongs"],"max_hp_gain":0,"max_hp_loss":0,"event_name":"Accursed Blacksmith","floor":38,"gold_loss":0,"cards_obtained":["Pain"]},{"damage_healed":0,"gold_gain":0,"player_choice":"Fight","damage_taken":0,"max_hp_gain":0,"max_hp_loss":0,"event_name":"MindBloom","floor":42,"gold_loss":0}],"is_beta":false,"boss_relics":[{"not_picked":["Coffee Dripper","SlaversCollar"],"picked":"Mark of Pain"},{"not_picked":["Busted Crown","Snecko Eye"],"picked":"Fusion Hammer"}],"items_purged_floors":[13],"is_endless":false,"potions_floor_spawned":[1,7,11,14,16,21,24,27,30,33,39,42,44,48],"killed_by":"Awakened One","ascension_level":2}}