{"host":"6xsbn6ynqlzwllfm","time":1608125012,"event":{"mods":["2.2 Compatiblity","BaseMod","Bestiary","Colored Map","Colored Powertips","Downfall","Googly Eyes","Highlight Path","Minty Spire (QoL Compilation)","Relic Stats","Slay the Relics Exporter","StSLib"],"gold_per_floor":[110,123,138,158,158,186,186,216,216,246,262,278,278,303,303,407,407,387,297,90,141,152,152,170,170,170,196,196,213,213,4,4,102,102,117,131,176,7,7,7,24,24,24,24,43,62,62,72,72,72],"floor_reached":51,"playtime":2185,"items_purged":["Guardian:Strike_Guardian","Guardian:Strike_Guardian","Guardian:Defend_Guardian"],"score":1169,"play_id":"86586dba-53c9-49b9-bb97-e33b7d0d5d74","local_time":"20201216082332","is_ascension_mode":true,"campfire_choices":[{"data":"Guardian:CompilePackage","floor":7,"key":"SMITH"},{"data":"Guardian:EvasiveProtocol","floor":13,"key":"SMITH"},{"data":"Guardian:DonusPower","floor":15,"key":"SMITH"},{"data":"Guardian:StasisStrike","floor":23,"key":"SMITH"},{"data":"Guardian:CurlUp","floor":25,"key":"SMITH"},{"floor":28,"key":"REST"},{"data":"Guardian:Suspension","floor":30,"key":"SMITH"},{"data":"Guardian:StasisEngine","floor":32,"key":"SMITH"},{"data":"Guardian:RevengeProtocol","floor":40,"key":"SMITH"},{"data":"Guardian:PolyBeam","floor":42,"key":"SMITH"},{"data":"Guardian:Planning","floor":47,"key":"SMITH"},{"floor":49,"key":"REST"}],"circlet_count":0,"master_deck":["AscendersBane","Guardian:CurlUp+1","Guardian:TwinSlam+1","Guardian:DonusPower+1","Guardian:EvasiveProtocol+1","Guardian:VentSteam","Guardian:CompilePackage+1","Guardian:StasisStrike+1","Guardian:Reroute","Guardian:Repulse","Guardian:TemporalStrike","Guardian:TemporalStrike","Guardian:StasisEngine+1","Guardian:Suspension+1","Guardian:RevengeProtocol+1","Guardian:TemporalShield+1","Guardian:Incinerate+1","Guardian:RevengeProtocol+1","Guardian:PolyBeam+1","Clumsy","Violence","Good Instincts","Flash of Steel","Guardian:Planning+1","Guardian:PrimingBeam+1"],"relics":["Cursed Key","Unceasing Top","Potion Belt","Toy Ornithopter","Omamori","Calling Bell","Mango","Eternal Feather","Smiling Mask","Lantern","MealTicket","Nunchaku","Membership Card","Astrolabe","Incense Burner","HornCleat"],"acts_visited":["Exordium","TheCity","TheBeyond"],"potions_floor_usage":[8,10,16,22,33,36,45,50],"damage_taken":[{"damage":0,"enemies":"Cultist","floor":1,"turns":4},{"damage":2,"enemies":"2 Louse","floor":2,"turns":3},{"damage":1,"enemies":"Small Slimes","floor":3,"turns":2},{"damage":13,"enemies":"Exordium Thugs","floor":4,"turns":4},{"damage":24,"enemies":"3 Sentries","floor":6,"turns":7},{"damage":0,"enemies":"Lagavulin","floor":8,"turns":4},{"damage":5,"enemies":"3 Sentries","floor":10,"turns":3},{"damage":0,"enemies":"3 Louse","floor":11,"turns":2},{"damage":1,"enemies":"Looter","floor":12,"turns":2},{"damage":0,"enemies":"Lagavulin","floor":14,"turns":7},{"damage":13,"enemies":"Hexaghost","floor":16,"turns":7},{"damage":17,"enemies":"2 Thieves","floor":18,"turns":4},{"damage":21,"enemies":"Shell Parasite","floor":22,"turns":5},{"damage":1,"enemies":"Centurion and Healer","floor":24,"turns":5},{"damage":57,"enemies":"Gremlin Leader","floor":27,"turns":6},{"damage":4,"enemies":"Cultist and Chosen","floor":29,"turns":4},{"damage":11,"enemies":"Champ","floor":33,"turns":7},{"damage":6,"enemies":"3 Darklings","floor":35,"turns":4},{"damage":8,"enemies":"Orb Walker","floor":36,"turns":3},{"damage":0,"enemies":"2 Orb Walkers","floor":37,"turns":3},{"damage":31,"enemies":"Jaw Worm Horde","floor":41,"turns":4},{"damage":0,"enemies":"Maw","floor":45,"turns":4},{"damage":11,"enemies":"3 Darklings","floor":46,"turns":3},{"damage":37,"enemies":"4 Shapes","floor":48,"turns":5},{"damage":10,"enemies":"Awakened One","floor":50,"turns":5}],"seed_played":"-2925938113238982753","potions_obtained":[{"floor":6,"key":"DuplicationPotion"},{"floor":8,"key":"champ:CounterPotion"},{"floor":11,"key":"AttackPotion"},{"floor":16,"key":"BlessingOfTheForge"},{"floor":18,"key":"ColorlessPotion"},{"floor":29,"key":"BlessingOfTheForge"},{"floor":37,"key":"Guardian:AcceleratePotion"},{"floor":41,"key":"SteroidPotion"},{"floor":48,"key":"champ:CounterPotion"}],"is_trial":false,"path_per_floor":["M","M","M","M","?","E","R","E","T","E","M","M","R","E","R","B",null,"M","?","$","T","M","R","M","R","T","E","R","M","R","$","R","B",null,"M","M","?","$","?","R","M","R","T","?","M","M","R","M","R","B",null],"character_chosen":"GUARDIAN","items_purchased":["Lantern","Membership Card","Guardian:Gem_Cyan","Guardian:RevengeProtocol","Guardian:PolyBeam"],"campfire_rested":2,"item_purchase_floors":[20,31,31,38,38],"current_hp_per_floor":[72,70,69,56,56,32,32,32,32,27,27,26,26,26,26,18,79,62,62,62,62,46,55,54,63,63,6,43,39,51,66,78,72,89,83,80,80,94,94,94,63,75,75,65,70,59,74,37,80,75],"gold":72,"neow_bonus":"BOSS_RELIC","is_daily":false,"chose_seed":false,"campfire_upgraded":10,"win_rate":0.0,"timestamp":1608125012,"path_taken":["M","?","M","M","?","E","R","E","T","E","M","M","R","E","R","BOSS","M","?","$","?","M","R","M","R","T","E","R","M","R","$","R","BOSS","M","M","?","$","?","R","M","R","T","?","M","M","R","M","R","BOSS"],"items_purchased_type":["Relic","Relic","Card","Card","Card"],"build_version":"2020-12-13","purchased_purges":3,"victory":true,"max_hp_per_floor":[80,80,80,80,80,80,80,80,80,80,80,80,80,80,80,80,94,94,94,94,94,94,94,94,94,94,94,94,94,94,94,94,94,94,94,94,94,94,94,94,94,94,94,94,94,94,94,94,94,94],"relic_stats":{"Nunchaku":[17],"counters":[25,107],"Astrolabe":["Guardian:RevengeProtocol","Guardian:TemporalShield","Guardian:Incinerate"],"Eternal Feather":93,"MealTicket":29,"Cursed Key":2,"Smiling Mask":38,"obtain_stats":[{"Potion Belt":8,"Lantern":20,"Astrolabe":34,"Guardian:ModeShifter":0,"Mango":17,"Eternal Feather":17,"Omamori":14,"Incense Burner":37,"Cursed Key":0,"Smiling Mask":17,"Calling Bell":17,"Nunchaku":27,"HornCleat":43,"MealTicket":21,"Membership Card":31,"Unceasing Top":6,"Toy Ornithopter":10},{"Potion Belt":6,"Lantern":12,"Astrolabe":17,"Guardian:ModeShifter":0,"Mango":11,"Eternal Feather":11,"Omamori":10,"Incense Burner":20,"Cursed Key":0,"Smiling Mask":11,"Calling Bell":11,"Nunchaku":15,"HornCleat":21,"MealTicket":12,"Membership Card":16,"Unceasing Top":5,"Toy Ornithopter":7},{"Potion Belt":24,"Lantern":49,"Astrolabe":76,"Guardian:ModeShifter":0,"Mango":45,"Eternal Feather":45,"Omamori":38,"Incense Burner":86,"Cursed Key":0,"Smiling Mask":45,"Calling Bell":45,"Nunchaku":65,"HornCleat":90,"MealTicket":49,"Membership Card":69,"Unceasing Top":20,"Toy Ornithopter":27}],"Unceasing Top":[50],"Toy Ornithopter":30},"card_choices":[{"not_picked":["Guardian:Incinerate","Guardian:CrystalBeam"],"picked":"Guardian:RollAttack","floor":1},{"not_picked":["Guardian:Planning","Guardian:Suspension"],"picked":"Guardian:DonusPower","floor":2},{"not_picked":["Guardian:Gem_Cyan","Guardian:ShieldSpikes"],"picked":"Guardian:EvasiveProtocol","floor":3},{"not_picked":["Guardian:RollAttack","Guardian:Planning"],"picked":"Guardian:VentSteam","floor":4},{"not_picked":["Guardian:FloatingOrbs","Guardian:EvasiveProtocol"],"picked":"Guardian:CompilePackage","floor":6},{"not_picked":["Guardian:Gem_Crimson","Guardian:TimeBomb"],"picked":"Guardian:Gem_Blue","floor":8},{"not_picked":["Guardian:Orbwalk","Guardian:TemporalShield"],"picked":"Guardian:StasisStrike","floor":10},{"not_picked":["Guardian:Gem_Red","Guardian:Gem_Fragmented"],"picked":"Guardian:Reroute","floor":11},{"not_picked":["Guardian:Gem_Red","Guardian:TimeBomb"],"picked":"Guardian:Repulse","floor":12},{"not_picked":["Guardian:Incinerate","Guardian:ArmoredProtocol"],"picked":"Guardian:TemporalStrike","floor":14},{"not_picked":["Guardian:ExploitGems","Guardian:StasisStrike"],"picked":"Guardian:Gem_Synthetic","floor":16},{"not_picked":["Guardian:PrimingBeam","Guardian:ArmoredProtocol"],"picked":"Guardian:TemporalStrike","floor":18},{"not_picked":["Guardian:Recover","Guardian:Repulse","Guardian:Gem_Lightblue"],"picked":"SKIP","floor":22},{"not_picked":["Guardian:WalkerClaw","Guardian:Reroute+1"],"picked":"Guardian:Gem_Fragmented","floor":24},{"not_picked":["Guardian:Harden","Guardian:Gem_Cyan"],"picked":"Guardian:StasisEngine","floor":27},{"not_picked":["Guardian:ChargeCore","Guardian:TimeBomb+1"],"picked":"Guardian:Suspension","floor":29},{"not_picked":["Guardian:SphericShield","Guardian:TimeSifter"],"picked":"Guardian:Gem_Synthetic","floor":33},{"not_picked":["Guardian:Clone+1","Guardian:Reroute+1"],"picked":"Guardian:Gem_Blue","floor":35},{"not_picked":["Guardian:PolyBeam","Guardian:DonusPower","Guardian:RollAttack+1"],"picked":"SKIP","floor":36},{"not_picked":["Guardian:WalkerClaw","Guardian:TemporalStrike"],"picked":"Guardian:Gem_Cyan","floor":41},{"not_picked":["Enlightenment","Apotheosis"],"picked":"Violence","floor":44},{"not_picked":["Forethought","Transmutation"],"picked":"Good Instincts","floor":44},{"not_picked":["Bandage Up","Apotheosis"],"picked":"Flash of Steel","floor":44},{"not_picked":["Guardian:RollAttack+1","Guardian:Gem_Lightblue"],"picked":"Guardian:Planning","floor":45},{"not_picked":["Guardian:SpikerProtocol+1","Guardian:Recover"],"picked":"Guardian:Gem_Yellow","floor":46},{"not_picked":["Guardian:Suspension+1","Guardian:Gem_Green"],"picked":"Guardian:PrimingBeam+1","floor":48}],"player_experience":1210408,"relics_obtained":[{"floor":6,"key":"Unceasing Top"},{"floor":8,"key":"Potion Belt"},{"floor":10,"key":"Toy Ornithopter"},{"floor":14,"key":"Omamori"},{"floor":17,"key":"Mango"},{"floor":17,"key":"Eternal Feather"},{"floor":17,"key":"Smiling Mask"},{"floor":21,"key":"MealTicket"},{"floor":27,"key":"Nunchaku"},{"floor":37,"key":"Incense Burner"},{"floor":43,"key":"HornCleat"}],"event_choices":[{"cards_removed":["Guardian:Strike_Guardian"],"damage_healed":0,"gold_gain":0,"player_choice":"Upgrade and Remove","damage_taken":0,"max_hp_gain":0,"max_hp_loss":0,"event_name":"Designer","floor":19,"gold_loss":90,"cards_upgraded":["Guardian:TwinSlam"]},{"damage_healed":0,"gold_gain":0,"player_choice":"Fight","damage_taken":0,"max_hp_gain":0,"max_hp_loss":0,"event_name":"Mysterious Sphere","floor":37,"gold_loss":0},{"cards_removed":["Guardian:RollAttack"],"damage_healed":0,"gold_gain":0,"player_choice":"Removed Attack","damage_taken":0,"max_hp_gain":0,"max_hp_loss":0,"event_name":"Falling","floor":39,"gold_loss":0},{"damage_healed":0,"gold_gain":0,"player_choice":"Memory 3","damage_taken":10,"max_hp_gain":0,"max_hp_loss":0,"event_name":"SensoryStone","floor":44,"gold_loss":0}],"is_beta":false,"boss_relics":[{"not_picked":["Tiny House","Coffee Dripper"],"picked":"Calling Bell"},{"not_picked":["Runic Dome","Pandora\u0027s Box"],"picked":"Astrolabe"}],"items_purged_floors":[20,31,38],"is_endless":false,"potions_floor_spawned":[6,8,11,16,18,29,37,41,48],"ascension_level":11}}