{"host":"1tl36azeqm6yhdgj","time":1608117998,"event":{"mods":["AchievementEnabler","BaseMod","Minty Spire (QoL Compilation)","StSLib","The IronCluck","everything is the same but u backflip on backflip"],"gold_per_floor":[119,129,304,9,0,30,30,58,58,76,76,109,124,140,140,217,217,230,216,216,285,285,285],"floor_reached":22,"playtime":899,"items_purged":["Doubt"],"score":337,"play_id":"10c4a56c-496d-4d0c-bec1-51d5a2b6d777","local_time":"20201216062638","is_ascension_mode":true,"campfire_choices":[{"data":"Barricade","floor":7.0,"key":"SMITH"},{"floor":15.0,"key":"REST"}],"circlet_count":0,"master_deck":["AscendersBane","Strike_R","Strike_R","Strike_R+1","Defend_R","Defend_R","Defend_R","Defend_R+1","Bash","Spot Weakness","Body Slam","Dropkick","Barricade+1","Corruption","Shrug It Off","Rampage","Pummel","Reaper","Cleave","Pommel Strike+1"],"relics":["Burning Blood","Bag of Marbles","Champion Belt","Ancient Tea Set","InkBottle","Empty Cage","Bottled Tornado"],"acts_visited":["Exordium","TheCity"],"potions_floor_usage":[22],"damage_taken":[{"damage":13.0,"enemies":"Jaw Worm","floor":1.0,"turns":4.0},{"damage":10.0,"enemies":"Small Slimes","floor":2.0,"turns":3.0},{"damage":10.0,"enemies":"Gremlin Nob","floor":6.0,"turns":3.0},{"damage":15.0,"enemies":"Lagavulin","floor":8.0,"turns":7.0},{"damage":1.0,"enemies":"2 Louse","floor":10.0,"turns":3.0},{"damage":36.0,"enemies":"Gremlin Nob","floor":12.0,"turns":6.0},{"damage":8.0,"enemies":"Looter","floor":13.0,"turns":2.0},{"damage":15.0,"enemies":"Exordium Wildlife","floor":14.0,"turns":4.0},{"damage":22.0,"enemies":"Slime Boss","floor":16.0,"turns":13.0},{"damage":34.0,"enemies":"3 Byrds","floor":18.0,"turns":8.0},{"damage":17.0,"enemies":"2 Thieves","floor":19.0,"turns":4.0},{"damage":95,"enemies":"Cultist and Chosen","floor":22,"turns":7}],"seed_played":"-2869543427842746909","potions_obtained":[{"floor":6.0,"key":"DuplicationPotion"},{"floor":10.0,"key":"BloodPotion"},{"floor":13.0,"key":"SpeedPotion"},{"floor":16.0,"key":"DuplicationPotion"},{"floor":18.0,"key":"BloodPotion"}],"is_trial":false,"path_per_floor":["M","M","?","$","?","E","R","E","T","M","?","E","M","M","R","B",null,"M","M","?","T","M"],"character_chosen":"IRONCLAD","items_purchased":["Bag of Marbles","DistilledChaos"],"campfire_rested":1,"item_purchase_floors":[4,4],"current_hp_per_floor":[65,61,61,61,61,57,57,48,48,53,37,23,21,12,36,20,65,47,43,69,69,0,0],"gold":285,"neow_bonus":"THREE_CARDS","is_daily":false,"chose_seed":false,"campfire_upgraded":1,"win_rate":0.0,"timestamp":1608117998,"path_taken":["M","M","?","$","?","E","R","E","T","M","?","E","M","M","R","BOSS","M","M","?","?","?"],"items_purchased_type":["Relic","Potion"],"build_version":"2020-12-13","purchased_purges":1,"victory":false,"max_hp_per_floor":[80,80,80,80,80,80,80,80,80,80,80,80,80,80,80,80,80,80,80,80,80,80,80],"card_choices":[{"not_picked":["Blood for Blood","Dropkick"],"picked":"Spot Weakness","floor":0.0},{"not_picked":["Clothesline","Perfected Strike"],"picked":"Body Slam","floor":1.0},{"not_picked":["Body Slam","Pommel Strike"],"picked":"Dropkick","floor":2.0},{"not_picked":["Clothesline","Twin Strike"],"picked":"Barricade","floor":6.0},{"not_picked":["Shrug It Off","Heavy Blade"],"picked":"Corruption","floor":8.0},{"not_picked":["Power Through","Clothesline"],"picked":"Shrug It Off","floor":10.0},{"not_picked":["Headbutt","Clash"],"picked":"Rampage","floor":12.0},{"not_picked":["Evolve","Twin Strike"],"picked":"Pummel","floor":13.0},{"not_picked":["Wild Strike","Iron Wave","Clothesline"],"picked":"SKIP","floor":14.0},{"not_picked":["Exhume","Corruption"],"picked":"Reaper","floor":16.0},{"not_picked":["Bloodletting","Armaments"],"picked":"Cleave","floor":18.0},{"not_picked":["Whirlwind","Havoc"],"picked":"Pommel Strike+1","floor":19.0}],"player_experience":1950506,"relics_obtained":[{"floor":6.0,"key":"Champion Belt"},{"floor":8.0,"key":"Ancient Tea Set"},{"floor":12.0,"key":"InkBottle"},{"floor":21,"key":"Bottled Tornado"}],"event_choices":[{"damage_healed":0.0,"max_hp_gain":0.0,"max_hp_loss":0.0,"gold_gain":175.0,"event_name":"Liars Game","player_choice":"AGREE","floor":3.0,"gold_loss":0.0,"damage_taken":0.0,"cards_obtained":["Doubt"]},{"damage_healed":0.0,"max_hp_gain":0.0,"max_hp_loss":0.0,"gold_gain":0.0,"event_name":"World of Goop","player_choice":"Left Gold","floor":5.0,"gold_loss":9.0,"damage_taken":0.0},{"damage_healed":0.0,"max_hp_gain":0.0,"max_hp_loss":0.0,"gold_gain":0.0,"event_name":"Shining Light","player_choice":"Entered Light","floor":11.0,"gold_loss":0.0,"damage_taken":16.0,"cards_upgraded":["Defend_R","Strike_R"]},{"damage_healed":26,"gold_gain":0,"player_choice":"Heal","damage_taken":0,"max_hp_gain":0,"max_hp_loss":0,"event_name":"The Library","floor":20,"gold_loss":0}],"is_beta":false,"boss_relics":[{"not_picked":["Fusion Hammer","Velvet Choker"],"picked":"Empty Cage"}],"items_purged_floors":[4],"is_endless":false,"potions_floor_spawned":[6,10,13,16,18],"killed_by":"Cultist and Chosen","ascension_level":13}}