{"host":"mn5ze3eyhx81nlo2","time":1608133868,"event":{"mods":["BaseMod","Block Reminder","Challenge The Spire","Downfall","Hermit","Hubris","Infinite Spire","Minty Spire (QoL Compilation)","Quick Restart","Replay The Spire","Shade Mod","StSLib","The Cursed","The Druid","The Hierophant","The Runesmith","Unceasing Turn Reminder"],"gold_per_floor":[0,12,28,61,73,86,168,197,197,225,274,106,91,91,111,224,224,224,259,259,306,306,308,308],"floor_reached":23,"playtime":1349,"items_purged":["ReplayTheSpireMod:Splinters"],"score":238,"play_id":"2de938d0-94a7-44fa-94fa-c2b6e30aee18","local_time":"20201216155108","is_ascension_mode":true,"campfire_choices":[{"data":"hexamod:Float","floor":1.0,"key":"SMITH"},{"data":"hexamod:FastForward","floor":9.0,"key":"SMITH"},{"floor":18,"key":"RECALL"},{"data":"hexamod:HexaLevel","floor":20,"key":"SMITH"}],"circlet_count":0,"master_deck":["hexamod:Strike","hexamod:Strike","hexamod:Strike","hexamod:Defend","hexamod:Defend","hexamod:Defend","hexamod:Sear","hexamod:Float+1","hexamod:SwordOfDarkness","hexamod:ShieldOfDarkness","hexamod:FastForward+1","hexamod:HauntingEcho","hexamod:GhostOfSpirePresent","hexamod:SkipABeat","hexamod:EmpoweredFlame+1","hexamod:SixthSeal","hexamod:HexaLevel+1","hexamod:Again"],"relics":["hexamod:SpiritBrand","Unceasing Top","hubris:SphereOfDissonance","Centennial Puzzle","infinitespire:Midas Blood","Cursed Key","ReplayTheSpireMod:Lightbulb"],"acts_visited":["Exordium","TheCity"],"potions_floor_usage":[21],"damage_taken":[{"damage":0.0,"enemies":"Cultist","floor":2.0,"turns":3.0},{"damage":0.0,"enemies":"Small Slimes","floor":3.0,"turns":3.0},{"damage":2.0,"enemies":"Replay:BlueRogue","floor":4.0,"turns":6.0},{"damage":2.0,"enemies":"Jaw Worm","floor":5.0,"turns":3.0},{"damage":6.0,"enemies":"Large Slime","floor":6.0,"turns":5.0},{"damage":2.0,"enemies":"Gremlin Nob","floor":8.0,"turns":3.0},{"damage":2.0,"enemies":"Lagavulin","floor":10.0,"turns":5.0},{"damage":0.0,"enemies":"downfall:FleeingMerchant","floor":12.0,"turns":4.0},{"damage":0.0,"enemies":"downfall:FleeingMerchant","floor":13.0,"turns":4.0},{"damage":7.0,"enemies":"Gremlin Gang","floor":15.0,"turns":4.0},{"damage":48.0,"enemies":"downfall:Silent","floor":16.0,"turns":9.0},{"damage":14,"enemies":"3 Byrds","floor":19,"turns":4},{"damage":46,"enemies":"Gremlin Leader","floor":21,"turns":7},{"damage":10,"enemies":"Book of Stabbing","floor":23,"turns":1}],"seed_played":"7985664791802997789","potions_obtained":[{"floor":4.0,"key":"LiquidMemories"},{"floor":6.0,"key":"ColorlessPotion"},{"floor":8.0,"key":"Elixir"},{"floor":10.0,"key":"GamblersBrew"}],"is_trial":false,"path_per_floor":["R","M","M","E","M","M","T","E","R","E","?","$","$","?","M","B",null,"R","M","R","E","?","E"],"character_chosen":"THE_SPIRIT","items_purchased":["hexamod:EmpoweredFlame"],"campfire_rested":0,"item_purchase_floors":[12],"current_hp_per_floor":[70,70,70,68,66,60,60,58,58,56,56,56,56,56,49,1,70,70,56,56,10,10,0,0],"gold":308,"neow_bonus":"REMOVE_TWO","is_daily":false,"chose_seed":false,"campfire_upgraded":3,"win_rate":0.0,"timestamp":1608133868,"path_taken":["R","?","M","E","M","M","T","E","R","E","?","?","$","?","M","BOSS","R","?","R","E","?","E"],"items_purchased_type":["Card"],"build_version":"2020-12-13","purchased_purges":1,"victory":false,"max_hp_per_floor":[70,70,70,70,70,70,70,70,70,70,70,70,70,70,70,70,70,70,70,70,70,70,70,70],"card_choices":[{"not_picked":["hexamod:BurningTouch","hexamod:ThirdSeal"],"picked":"hexamod:SwordOfDarkness","floor":2.0},{"not_picked":["hexamod:HauntingEcho","hexamod:Rewind"],"picked":"hexamod:ShieldOfDarkness","floor":3.0},{"not_picked":["hexamod:EtherealExpedition","hexamod:ShieldOfDarkness"],"picked":"hexamod:FastForward","floor":4.0},{"not_picked":["hexamod:ThermalTransfer","hexamod:InspiringFlames","hexamod:UnleashSpirits"],"picked":"SKIP","floor":5.0},{"not_picked":["hexamod:GhostShield","hexamod:Haunt"],"picked":"hexamod:HauntingEcho","floor":6.0},{"not_picked":["hexamod:Incineration","hexamod:SpectersWail","hexamod:Rewind"],"picked":"SKIP","floor":8.0},{"not_picked":["hexamod:RainOfEmbers","hexamod:FourthSeal"],"picked":"hexamod:GhostOfSpirePresent","floor":10.0},{"not_picked":["hexamod:GhostShield","hexamod:FastForward"],"picked":"hexamod:SkipABeat","floor":11.0},{"not_picked":["hexamod:HeatCrush","hexamod:ShieldOfDarkness","hexamod:SixthSeal"],"picked":"SKIP","floor":12.0},{"not_picked":["hexamod:ChargedBarrage","hexamod:SwordOfDarkness","hexamod:HauntingEcho"],"picked":"SKIP","floor":13.0},{"not_picked":["hexamod:InspiringFlames","hexamod:BurningTouch","hexamod:Hexaguard"],"picked":"SKIP","floor":15.0},{"not_picked":["hexamod:GhostflameInferno","hexamod:SearingWound"],"picked":"hexamod:HexaLevel","floor":16.0},{"not_picked":["hexamod:FastForward+1","hexamod:RainOfEmbers","hexamod:BacktrackSmack"],"picked":"SKIP","floor":19},{"not_picked":["hexamod:FastForward","hexamod:ShieldOfDarkness"],"picked":"hexamod:Again","floor":21}],"player_experience":896450,"relics_obtained":[{"floor":4.0,"key":"Unceasing Top"},{"floor":7.0,"key":"hubris:SphereOfDissonance"},{"floor":8.0,"key":"infinitespire:Broken Mirror"},{"floor":10.0,"key":"Centennial Puzzle"},{"floor":11.0,"key":"infinitespire:Midas Blood"},{"floor":21,"key":"ReplayTheSpireMod:Lightbulb"}],"event_choices":[],"is_beta":false,"boss_relics":[{"not_picked":["Ectoplasm","ReplayTheSpireMod:SealedPack"],"picked":"Cursed Key"}],"items_purged_floors":[12],"is_endless":false,"potions_floor_spawned":[4,6,8,10,15],"killed_by":"Book of Stabbing","ascension_level":1}}