{"host":"g60qzgg9idfs5btx","time":1608089530,"event":{"mods":["AchievementEnabler","BaseMod","Better Match","BetterRewards","Colored Map","Colored Powertips","DeckTracker","Hubris","Infinite Spire","Marisa????????","Minty Spire (QoL Compilation)","Quick Restart","Relic Stats","Shop Mod","StSLib","The Cursed","The Servant 0.9.4"],"gold_per_floor":[154,191,191,248,278,329,329,329,329],"floor_reached":8,"playtime":324,"items_purged":[],"score":61,"play_id":"581bc954-e063-40fc-ba61-c48e15e1e353","local_time":"20201215213210","is_ascension_mode":true,"campfire_choices":[{"floor":7,"key":"REST"}],"circlet_count":0,"master_deck":["Strike_G","Strike_G","Strike_G","Strike_G","Defend_G","Defend_G","Defend_G","Defend_G","Defend_G","Survivor","Neutralize","Blade Dance","HandOfGreed","Blade Dance","Noxious Fumes","Catalyst","Riddle With Holes","Dodge and Roll"],"relics":["Ring of the Snake","Letter Opener"],"acts_visited":["Exordium"],"potions_floor_usage":[6,8],"damage_taken":[{"damage":7,"enemies":"2 Louse","floor":1,"turns":3},{"damage":0,"enemies":"Cultist","floor":2,"turns":4},{"damage":5,"enemies":"Small Slimes","floor":4,"turns":5},{"damage":9,"enemies":"2 Fungi Beasts","floor":5,"turns":5},{"damage":8,"enemies":"Lagavulin","floor":6,"turns":5},{"damage":31,"enemies":"3 Sentries","floor":8,"turns":6}],"seed_played":"3875125233175714470","potions_obtained":[{"floor":5,"key":"PowerPotion"},{"floor":6,"key":"Block Potion"}],"is_trial":false,"path_per_floor":["M","M","?","M","M","E","R","E"],"character_chosen":"THE_SILENT","items_purchased":["Blade Dance","HandOfGreed"],"campfire_rested":1,"item_purchase_floors":[0,0],"current_hp_per_floor":[31,31,31,26,17,9,30,0,0],"gold":329,"neow_bonus":"","is_daily":false,"chose_seed":false,"campfire_upgraded":0,"win_rate":0.0,"timestamp":1608089530,"path_taken":["M","M","?","M","M","E","R","E"],"items_purchased_type":["Card","Card"],"build_version":"2020-12-13","purchased_purges":0,"victory":false,"max_hp_per_floor":[70,70,70,70,70,70,70,70,70],"relic_stats":{"counters":[19,87],"Letter Opener":[0],"obtain_stats":[{"Potion Belt":27,"Lantern":23,"Gremlin Horn":9,"Oddly Smooth Stone":12,"Snake Skull":0,"infinitespire:Lucky Rock":10,"infinitespire:CheckeredPen":20,"Letter Opener":6,"Boot":17,"Mercury Hourglass":17,"Calling Bell":17,"CaptainsWheel":17,"infinitespire:WardingShard":6,"Orrery":0,"Membership Card":0,"hubris:Potato":0,"Ring of the Snake":0},{"Potion Belt":12,"Lantern":10,"Gremlin Horn":5,"Oddly Smooth Stone":6,"Snake Skull":13,"infinitespire:Lucky Rock":5,"infinitespire:CheckeredPen":9,"Letter Opener":18,"Boot":7,"Mercury Hourglass":7,"Calling Bell":7,"CaptainsWheel":7,"infinitespire:WardingShard":5,"Orrery":13,"Membership Card":13,"hubris:Potato":13,"Ring of the Snake":0},{"Potion Belt":54,"Lantern":45,"Gremlin Horn":18,"Oddly Smooth Stone":22,"Snake Skull":59,"infinitespire:Lucky Rock":18,"infinitespire:CheckeredPen":40,"Letter Opener":81,"Boot":32,"Mercury Hourglass":32,"Calling Bell":32,"CaptainsWheel":32,"infinitespire:WardingShard":18,"Orrery":59,"Membership Card":59,"hubris:Potato":59,"Ring of the Snake":0}],"Ring of the Snake":[38]},"card_choices":[{"not_picked":["Slice","Outmaneuver"],"picked":"Blade Dance","floor":1},{"not_picked":["Dagger Throw","Deflect"],"picked":"Noxious Fumes","floor":2},{"not_picked":["Sucker Punch","Expertise"],"picked":"Catalyst","floor":4},{"not_picked":["Heel Hook","Crippling Poison"],"picked":"Riddle With Holes","floor":5},{"not_picked":["Slice","Cloak And Dagger"],"picked":"Dodge and Roll","floor":6}],"player_experience":245706,"relics_obtained":[{"floor":6,"key":"Letter Opener"}],"event_choices":[{"cards_removed":["Strike_G"],"damage_healed":0,"gold_gain":0,"player_choice":"Card Removal","damage_taken":0,"max_hp_gain":0,"max_hp_loss":0,"event_name":"Wheel of Change","floor":3,"gold_loss":0}],"is_beta":false,"boss_relics":[],"items_purged_floors":[],"is_endless":false,"potions_floor_spawned":[5,6],"killed_by":"3 Sentries","ascension_level":1}}