{"host":"dntw6kil9p09eemm","time":1608149840,"event":{"mods":["Aspiration","BaseMod","BetterRewards","Colored Powertips","Downfall","Hermit","Hubris","Keyboard Shortcuts","Minty Spire (QoL Compilation)","Permanent Neow","Shop Mod","Spicy Shops","StSLib","The Runesmith","Waifu the Spire","vexMod"],"gold_per_floor":[118,131,83,83,83,114,130,130,130,146,146,197,197,197,197,298,298,309,327,107,107,127,127,127,127],"floor_reached":24,"playtime":1308,"items_purged":["champ:Strike"],"score":194,"play_id":"51cafe3c-58da-4b46-a730-040eec677cfc","local_time":"20201217051720","is_ascension_mode":false,"campfire_choices":[{"floor":8.0,"key":"REST"},{"data":"champ:Execute","floor":11.0,"key":"SMITH"},{"data":"champ:FanOfKnives","floor":13.0,"key":"SMITH"},{"data":"champ:CrownThrow","floor":15.0,"key":"SMITH"},{"floor":23,"key":"REST"}],"circlet_count":0,"master_deck":["champ:Strike","champ:Strike","champ:Strike","champ:Defend","champ:Defend+1","champ:Defend","champ:Execute+1","champ:Taunt+1","champ:Haymaker","champ:FocusedBerserking+1","champ:FanOfKnives+1","champ:CrownThrow+1","champ:ArenaPreparation","champ:Encircle","champ:Devastate","champ:Circumvent","champ:GladiatorsShout"],"relics":["champ:ChampionCrown","aspiration:BabyByrd","War Paint","InkBottle","Vajra","hubris:Backtick","Peace Pipe","MerchantsRug"],"acts_visited":["Exordium","TheCity"],"potions_floor_usage":[],"damage_taken":[{"damage":14.0,"enemies":"Jaw Worm","floor":1.0,"turns":4.0},{"damage":10.0,"enemies":"Small Slimes","floor":2.0,"turns":3.0},{"damage":42.0,"enemies":"Gremlin Nob","floor":6.0,"turns":5.0},{"damage":0.0,"enemies":"2 Louse","floor":7.0,"turns":2.0},{"damage":17.0,"enemies":"Looter","floor":10.0,"turns":3.0},{"damage":32.0,"enemies":"Slime Boss","floor":16.0,"turns":8.0},{"damage":48,"enemies":"Spheric Guardian","floor":18,"turns":5},{"damage":48,"enemies":"3 Byrds","floor":19,"turns":6},{"damage":51,"enemies":"Cultist and Chosen","floor":22,"turns":7},{"damage":46,"enemies":"Chosen and Byrds","floor":24,"turns":4}],"seed_played":"9005448209398295720","potions_obtained":[{"floor":6.0,"key":"SkillPotion"},{"floor":7.0,"key":"EntropicBrew"},{"floor":16.0,"key":"Guardian:BlockOnCardUsePotion"}],"is_trial":false,"path_per_floor":["M","M","$","?","?","E","M","R","T","M","R","T","R","?","R","B",null,"M","M","$","?","M","R","M"],"character_chosen":"THE_CHAMP","items_purchased":["champ:FanOfKnives","MerchantsRug"],"campfire_rested":2,"item_purchase_floors":[3,20],"current_hp_per_floor":[81,76,76,76,76,44,44,71,71,64,64,64,64,73,73,69,90,56,35,35,35,15,42,0,0],"gold":127,"neow_bonus":"UPGRADE_CARD","is_daily":false,"chose_seed":false,"campfire_upgraded":3,"win_rate":0.0,"timestamp":1608149840,"path_taken":["M","M","$","?","?","E","M","R","T","M","R","?","R","?","R","BOSS","M","M","$","?","M","R","M"],"items_purchased_type":["Card","Relic"],"build_version":"2020-12-13","purchased_purges":1,"victory":false,"max_hp_per_floor":[90,90,90,90,90,90,90,90,90,90,90,90,90,90,90,90,90,90,90,90,90,90,90,90,90],"card_choices":[{"not_picked":["champ:CrookedStrike","champ:BerserkersShout"],"picked":"champ:Haymaker","floor":1.0},{"not_picked":["champ:DefensiveShout","champ:Backstep"],"picked":"champ:FocusedBerserking","floor":2.0},{"not_picked":["champ:FlashCut","champ:Balance"],"picked":"champ:CrownThrow","floor":6.0},{"not_picked":["champ:FocusedDefense","champ:CalledShot"],"picked":"champ:ArenaPreparation","floor":7.0},{"not_picked":["champ:Circumvent","champ:FanOfKnives"],"picked":"champ:Encircle","floor":10.0},{"not_picked":["champ:LastStand","champ:StrikeOfGenius"],"picked":"champ:Devastate","floor":16.0},{"not_picked":["champ:Balance+1","champ:BerserkerStyle"],"picked":"champ:Circumvent","floor":18},{"not_picked":["champ:RapidStrikes+1","champ:AdrenalArmor"],"picked":"champ:GladiatorsShout","floor":19},{"not_picked":["champ:FlashCut","champ:CrookedStrike","champ:Improvising"],"picked":"SKIP","floor":22}],"player_experience":369598,"relics_obtained":[{"floor":6.0,"key":"War Paint"},{"floor":9.0,"key":"InkBottle"},{"floor":12.0,"key":"Vajra"}],"event_choices":[{"damage_healed":0.0,"max_hp_gain":0.0,"max_hp_loss":0.0,"gold_gain":0.0,"event_name":"Shining Light","player_choice":"Ignored","floor":5.0,"gold_loss":0.0,"damage_taken":0.0},{"cards_removed":["champ:Defend"],"damage_healed":0,"gold_gain":0,"player_choice":"Elegance","damage_taken":0,"max_hp_gain":0,"max_hp_loss":0,"event_name":"Back to Basics","floor":21,"gold_loss":0}],"is_beta":false,"boss_relics":[{"not_picked":["hubris:GrandSneckoEye","Cursed Key"],"picked":"hubris:Backtick"}],"items_purged_floors":[20],"is_endless":false,"potions_floor_spawned":[6,7,16,18],"killed_by":"Chosen and Byrds","ascension_level":0}}