{"host":"8xp52u5o8fcssvzz","time":1608152354,"event":{"mods":["2.2 Compatiblity","AchievementEnabler","Act Like it!","Aspiration","BaseMod","Better Altar","Better Match","Better Note","Better Sensory Stone","Better Skull","Better Third Choice","BetterRewards","Colored Map","Conspire","Downfall","GifTheSpireLib","Googly Eyes","Halation","Hallownest","Highlight Path","Hubris","Infinite Spire","Jorbs\u0027s Wanderer Trilogy","Koishi","Lobotomy","LobotomyExtend","Luminous","Magitek Elite","Marisa????????","Mimic Mod","Minty Spire (QoL Compilation)","Prisma Mod","Reimu??????","Remilia_Scarlet Moed?????·?????3.3.5","Remilia??????","Replay The Spire","Shade Mod","Spicy Shops","StSLib","Stuff the Spire","The Administrix","The Blackbeard","The Bladedancer","The Construct","The Cursed","The Gatherer","The Necromancer","The Runesmith","The Servant 0.9.4","TheFirefly","TheSwordswoman","Unceasing Turn Reminder","everything is the same but u backflip on backflip"],"gold_per_floor":[110,126,141,153,165,194,210,220,245,260,279,279,244,300,300,400,400,410,410,422,422,422,422,439,290,290,290,290,309,309,325,325,430,430,444,444,457,477,490,490,507,507,530,547,565,565,77,88,88,88],"floor_reached":51,"playtime":4615,"items_purged":["Rage+1"],"score":709,"play_id":"748e58ca-e8f8-4765-bbdf-f7cc12f9242d","local_time":"20201216125914","is_ascension_mode":false,"campfire_choices":[{"floor":12,"key":"REST"},{"floor":15,"key":"REST"},{"data":"Shockwave","floor":23,"key":"SMITH"},{"floor":27,"key":"REST"},{"data":"ReplayTheSpireMod:Limb From Limb","floor":32,"key":"SMITH"},{"data":"Combust","floor":40,"key":"SMITH"},{"data":"Pommel Strike","floor":42,"key":"SMITH"},{"data":"Carnage","floor":46,"key":"SMITH"},{"data":"conspire:HitWhereItHurts","floor":49,"key":"SMITH"}],"circlet_count":0,"master_deck":["Strike_R","Strike_R","Strike_R","Strike_R","Strike_R","Defend_R","Defend_R","Defend_R","Defend_R","Bash+1","ReplayTheSpireMod:Limb From Limb+1","Combust+1","Carnage+1","Shockwave+1","StuffTheSpire:RockThrow+1","Armaments","Perfected Strike","Metallicize","Thunderclap","Run Through","conspire:HitWhereItHurts+1","Searing Blow","Entrench","Pommel Strike+1","Dark Embrace","Feel No Pain","Pommel Strike+1","ReplayTheSpireMod:Limb From Limb+1","Warcry+1","StuffTheSpire:RagingBull+1","Bludgeon","Flex+1","Headbutt+1"],"relics":["Burning Blood","LetterFromLob","Bag of Marbles","Replay:Mystery Machine","Electric Blood","hubris:BlackHole","infinitespire:Satchel","Sundial","Runic Pyramid","conspire:BottledYoYo","Bag of Preparation"],"acts_visited":["Exordium","TheCity","TheBeyond"],"potions_floor_usage":[16,16,33,33,33,50,50],"damage_taken":[{"damage":10,"enemies":"Cultist","floor":1,"turns":4},{"damage":0,"enemies":"2 Louse","floor":2,"turns":2},{"damage":19,"enemies":"Small Slimes","floor":3,"turns":4},{"damage":10,"enemies":"Looter","floor":4,"turns":2},{"damage":15,"enemies":"3 Louse","floor":5,"turns":3},{"damage":44,"enemies":"3 Sentries","floor":6,"turns":6},{"damage":3,"enemies":"2 Fungi Beasts","floor":7,"turns":4},{"damage":8,"enemies":"Large Slime","floor":8,"turns":6},{"damage":0,"enemies":"3 Louse","floor":10,"turns":3},{"damage":14,"enemies":"Red Slaver","floor":11,"turns":5},{"damage":69,"enemies":"Hexaghost","floor":16,"turns":11},{"damage":28,"enemies":"Spheric Guardian","floor":18,"turns":4},{"damage":12,"enemies":"conspire:FuzzyDice","floor":20,"turns":5},{"damage":22,"enemies":"Snake Plant","floor":24,"turns":2},{"damage":0,"enemies":"Snecko","floor":29,"turns":1},{"damage":0,"enemies":"Chosen and Byrds","floor":31,"turns":1},{"damage":18,"enemies":"Automaton","floor":33,"turns":5},{"damage":1,"enemies":"3 Darklings","floor":35,"turns":3},{"damage":11,"enemies":"3 Shapes","floor":37,"turns":2},{"damage":0,"enemies":"Writhing Mass","floor":38,"turns":3},{"damage":3,"enemies":"Transient","floor":39,"turns":5},{"damage":0,"enemies":"Spire Growth","floor":41,"turns":1},{"damage":0,"enemies":"Jaw Worm Horde","floor":44,"turns":2},{"damage":2,"enemies":"4 Shapes","floor":45,"turns":3},{"damage":10,"enemies":"Maw","floor":48,"turns":3},{"damage":4,"enemies":"Awakened One","floor":50,"turns":5}],"seed_played":"-3382248841318228157","potions_obtained":[{"floor":2,"key":"conspire:TimeTravelPotion"},{"floor":3,"key":"Guardian:BlockOnCardUsePotion"},{"floor":16,"key":"Strength Potion"},{"floor":24,"key":"Explosive Potion"},{"floor":29,"key":"Fire Potion"},{"floor":37,"key":"Explosive Potion"},{"floor":41,"key":"BloodPotion"},{"floor":44,"key":"Adrenaline Potion"},{"floor":48,"key":"Swift Potion"}],"is_trial":false,"path_per_floor":["M","M","M","M","M","E","M","M","T","M","M","R","?","?","R","B",null,"M","?","M","AVR","M","R","M","$","T","R","?","M","?","M","R","B",null,"M","?","M","M","M","R","M","R","T","M","M","R","$","M","R","B",null],"character_chosen":"IRONCLAD","items_purchased":["infinitespire:Satchel","conspire:BottledYoYo","Bag of Preparation"],"campfire_rested":3,"item_purchase_floors":[25,47,47],"current_hp_per_floor":[76,80,67,63,54,16,19,17,17,23,15,39,59,59,80,47,80,58,80,74,74,74,74,58,58,58,80,80,80,80,80,80,68,80,80,80,75,80,80,80,80,80,80,80,80,80,80,76,76,78],"gold":88,"neow_bonus":"UPGRADE_CARD","is_daily":false,"chose_seed":false,"campfire_upgraded":6,"win_rate":0.0,"timestamp":1608152354,"path_taken":["M","M","M","?","M","E","M","M","T","M","M","R","?","?","R","BOSS","M","?","M","AVR","M","R","M","$","T","R","?","M","?","M","R","BOSS","M","?","M","M","M","R","M","R","T","M","M","R","$","M","R","BOSS"],"items_purchased_type":["Relic","Relic","Relic"],"build_version":"2020-12-13","purchased_purges":1,"victory":true,"max_hp_per_floor":[80,80,80,80,80,80,80,80,80,80,80,80,80,80,80,80,80,80,80,80,80,80,80,80,80,80,80,80,80,80,80,80,80,80,80,80,80,80,80,80,80,80,80,80,80,80,80,80,80,80],"card_choices":[{"not_picked":["Warcry","Massacre"],"picked":"ReplayTheSpireMod:Limb From Limb","floor":1},{"not_picked":["hubris:CleavingFinish","Clash"],"picked":"Combust","floor":2},{"not_picked":["ReplayTheSpireMod:Muscle Training","ReplayTheSpireMod:Limb From Limb"],"picked":"Carnage","floor":3},{"not_picked":["Flex","hubris:ReadiedAction"],"picked":"Shockwave","floor":4},{"not_picked":["Second Wind","StuffTheSpire:Resist"],"picked":"StuffTheSpire:RockThrow","floor":5},{"not_picked":["Heavy Blade","Clothesline"],"picked":"Armaments","floor":6},{"not_picked":["StuffTheSpire:Incineration","Armaments"],"picked":"Perfected Strike","floor":7},{"not_picked":["Flex","Exhume"],"picked":"Metallicize","floor":8},{"not_picked":["Shrug It Off","Clothesline"],"picked":"Thunderclap","floor":10},{"not_picked":["Wild Strike","Heavy Blade"],"picked":"Run Through","floor":11},{"not_picked":["conspire:Purge","Offering"],"picked":"conspire:HitWhereItHurts","floor":16},{"not_picked":["Massacre","StuffTheSpire:Incineration"],"picked":"Searing Blow","floor":18},{"not_picked":["Cleave","Headbutt"],"picked":"Entrench","floor":20},{"not_picked":["StuffTheSpire:RagingBull+1","Armaments+1"],"picked":"Pommel Strike","floor":24},{"not_picked":["ReplayTheSpireMod:Strike From Hell","StuffTheSpire:Incineration"],"picked":"Dark Embrace","floor":29},{"not_picked":["StuffTheSpire:Slingshot+1","Sword Boomerang"],"picked":"Feel No Pain","floor":31},{"not_picked":["Thunderclap","Wild Strike+1"],"picked":"Pommel Strike+1","floor":35},{"not_picked":["Clash","Run Through"],"picked":"ReplayTheSpireMod:Limb From Limb+1","floor":37},{"not_picked":["Armaments+1","Thunderclap"],"picked":"Warcry+1","floor":38},{"not_picked":["Flex","Power Through"],"picked":"Rage+1","floor":39},{"not_picked":["True Grit+1","StuffTheSpire:Slingshot+1"],"picked":"StuffTheSpire:RagingBull+1","floor":41},{"not_picked":["Rupture+1","StuffTheSpire:RockThrow+1"],"picked":"Bludgeon","floor":44},{"not_picked":["Battle Trance","Reckless Charge"],"picked":"Flex+1","floor":45},{"not_picked":["Metallicize+1","True Grit"],"picked":"Headbutt+1","floor":48}],"player_experience":438632,"relics_obtained":[{"floor":1,"key":"LetterFromLob"},{"floor":6,"key":"Bag of Marbles"},{"floor":9,"key":"Replay:Mystery Machine"},{"floor":26,"key":"Sundial"}],"event_choices":[{"damage_healed":20,"gold_gain":0,"player_choice":"Healed","damage_taken":0,"max_hp_gain":0,"max_hp_loss":0,"event_name":"The Cleric","floor":13,"gold_loss":35},{"damage_healed":0,"gold_gain":56,"player_choice":"Gained Gold","damage_taken":0,"max_hp_gain":0,"max_hp_loss":0,"event_name":"Golden Wing","floor":14,"gold_loss":0},{"damage_healed":22,"gold_gain":0,"player_choice":"Full Heal","damage_taken":0,"max_hp_gain":0,"max_hp_loss":0,"event_name":"Wheel of Change","floor":19,"gold_loss":0},{"damage_healed":0,"gold_gain":0,"player_choice":"Ignored","damage_taken":0,"max_hp_gain":0,"max_hp_loss":0,"event_name":"Purifier","floor":28,"gold_loss":0},{"damage_healed":0,"gold_gain":0,"player_choice":"Ignored","damage_taken":0,"max_hp_gain":0,"max_hp_loss":0,"event_name":"N\u0027loth","floor":30,"gold_loss":0}],"is_beta":false,"boss_relics":[{"not_picked":["aspiration:RunicSpoon","ReplayTheSpireMod:DimensionalGlitch"],"picked":"Electric Blood"},{"not_picked":["halation:MonkeysPaw","Replay:Ancient Bell"],"picked":"Runic Pyramid"}],"items_purged_floors":[47],"is_endless":false,"potions_floor_spawned":[2,3,6,11,16,24,29,37,41,44,45,48],"ascension_level":0}}