{"host":"ok3pmhc1fiz31noj","time":1608158810,"event":{"mods":["AchievementEnabler","BaseMod","Colored Map","Colored Powertips","Minty Spire (QoL Compilation)","Quick Restart","Relic Stats","Replay The Spire","StSLib"],"gold_per_floor":[117,135,60,60,71,71,136,136,136,146,46,46,66,92,170,170,170],"floor_reached":16,"playtime":362,"items_purged":["Strike_R","Defend_R"],"score":98,"play_id":"e4b6a8e2-0353-4636-a80c-93b8f2a46b72","local_time":"20201217064650","is_ascension_mode":false,"campfire_choices":[{"data":"Flex","floor":6,"key":"SMITH"}],"circlet_count":0,"master_deck":["Strike_R","Strike_R+1","Strike_R","Defend_R","Defend_R+1","Defend_R","Bash","Cleave","Flex+1","Sword Boomerang","Rampage"],"relics":["Burning Blood","NeowsBlessing","Shuriken","Replay:Multitool","Sundial","Odd Mushroom","Thread and Needle"],"acts_visited":["Exordium"],"potions_floor_usage":[13,14,16],"damage_taken":[{"damage":0,"enemies":"2 Louse","floor":1,"turns":1},{"damage":0,"enemies":"Small Slimes","floor":2,"turns":1},{"damage":0,"enemies":"Cultist","floor":5,"turns":1},{"damage":32,"enemies":"Lagavulin Event","floor":7,"turns":4},{"damage":10,"enemies":"Exordium Wildlife","floor":10,"turns":2},{"damage":11,"enemies":"The Mushroom Lair","floor":13,"turns":3},{"damage":22,"enemies":"3 Sentries","floor":14,"turns":4},{"damage":31,"enemies":"The Guardian","floor":16,"turns":7}],"seed_played":"-1411172801339907891","potions_obtained":[{"floor":2,"key":"BloodPotion"},{"floor":10,"key":"SpeedPotion"},{"floor":13,"key":"Strength Potion"},{"floor":14,"key":"Weak Potion"}],"is_trial":false,"path_per_floor":["M","M","$","?","M","R","?","?","T","M","$","R","?","E","R_BF","B"],"character_chosen":"IRONCLAD","items_purchased":[],"campfire_rested":0,"item_purchase_floors":[],"current_hp_per_floor":[80,80,80,73,79,79,53,53,53,49,49,33,44,28,28,0,0],"gold":170,"neow_bonus":"THREE_ENEMY_KILL","is_daily":false,"chose_seed":false,"campfire_upgraded":1,"win_rate":0.0,"timestamp":1608158810,"path_taken":["M","M","$","?","M","R","?","?","T","M","$","R","?","E","R_BF","BOSS"],"items_purchased_type":[],"build_version":"2020-12-13","purchased_purges":2,"victory":false,"max_hp_per_floor":[80,80,80,80,80,80,80,80,80,80,80,80,80,80,80,80,80],"relic_stats":{"counters":[8,23],"Shuriken":[4],"Sundial":[2],"obtain_stats":[{"NeowsBlessing":0,"Shuriken":4,"Sundial":9,"Thread and Needle":14,"Replay:Multitool":7,"Odd Mushroom":13,"Burning Blood":0},{"NeowsBlessing":0,"Shuriken":2,"Sundial":4,"Thread and Needle":7,"Replay:Multitool":3,"Odd Mushroom":6,"Burning Blood":0},{"NeowsBlessing":0,"Shuriken":2,"Sundial":7,"Thread and Needle":16,"Replay:Multitool":3,"Odd Mushroom":12,"Burning Blood":0}],"Burning Blood":30},"card_choices":[{"not_picked":["Replay:Undeath\u0027s Touch","Intimidate"],"picked":"Cleave","floor":1},{"not_picked":["Thunderclap","Heavy Blade"],"picked":"Flex","floor":2},{"not_picked":["True Grit","Flame Barrier"],"picked":"Sword Boomerang","floor":5},{"not_picked":["Headbutt","Whirlwind"],"picked":"Rampage","floor":7},{"not_picked":["Iron Wave","Reckless Charge","Blood for Blood"],"picked":"SKIP","floor":10},{"not_picked":["Offering","Armaments","Rupture"],"picked":"SKIP","floor":14}],"player_experience":126439,"relics_obtained":[{"floor":9,"key":"Sundial"},{"floor":13,"key":"Odd Mushroom"},{"floor":14,"key":"Thread and Needle"}],"event_choices":[{"damage_healed":0,"gold_gain":0,"player_choice":"Success","damage_taken":7,"relics_obtained":["Shuriken"],"max_hp_gain":0,"max_hp_loss":0,"event_name":"Scrap Ooze","floor":4,"gold_loss":0},{"damage_healed":0,"gold_gain":0,"player_choice":"Searched \u00272\u0027 times","damage_taken":0,"relics_obtained":["Replay:Multitool"],"max_hp_gain":0,"max_hp_loss":0,"event_name":"Dead Adventurer","floor":7,"gold_loss":0},{"damage_healed":0,"gold_gain":0,"player_choice":"Entered Light","damage_taken":16,"max_hp_gain":0,"max_hp_loss":0,"event_name":"Shining Light","floor":12,"gold_loss":0,"cards_upgraded":["Strike_R","Defend_R"]},{"damage_healed":0,"gold_gain":0,"player_choice":"Fought Mushrooms","damage_taken":0,"max_hp_gain":0,"max_hp_loss":0,"event_name":"Mushrooms","floor":13,"gold_loss":0}],"is_beta":false,"boss_relics":[],"items_purged_floors":[3,11],"is_endless":false,"potions_floor_spawned":[2,10,13,14],"killed_by":"The Guardian","ascension_level":0}}