{"host":"bux1pdxjwq4dkad9","time":1608098806,"event":{"mods":["BaseMod","Colored Map","Minty Spire (QoL Compilation)","Quick Restart","Robot Space Explorer","StSLib","SuperFastMode","The Alterego","°æ“≈ŒÔMod°øºÚµ•”Œœ∑"],"gold_per_floor":[116,116,116,126,204,204,214,243,243,284,284,209,221,253,253,353,353,363,263,173,184,195,195,220,236,236,236,255,283,913,931,931,1043,1043,1062,1112,1127,1143,781,806,824,859,859,877,905,924,924,798,798,798,798,798,421,460,460],"floor_reached":56,"playtime":1556,"items_purged":["RobotSpaceExplorer:Strike","RobotSpaceExplorer:Strike","RobotSpaceExplorer:Defend","RobotSpaceExplorer:Defend","RobotSpaceExplorer:ExhaustFan"],"score":2560,"play_id":"2b9e0b6d-b5d2-4a17-821c-aa872ca6e1b7","local_time":"20201216140646","is_ascension_mode":true,"campfire_choices":[{"data":"RobotSpaceExplorer:FranticSearch","floor":6.0,"key":"SMITH"},{"data":"RobotSpaceExplorer:LaserBurst","floor":15.0,"key":"SMITH"},{"data":"RobotSpaceExplorer:MiniLasers","floor":23.0,"key":"SMITH"},{"data":"RobotSpaceExplorer:ExhaustFan","floor":27.0,"key":"SMITH"},{"data":"RobotSpaceExplorer:DoubleBlock","floor":32.0,"key":"SMITH"},{"floor":47,"key":"RECALL"},{"data":"RobotSpaceExplorer:Multitool","floor":49,"key":"SMITH"},{"data":"Finesse","floor":52,"key":"SMITH"}],"circlet_count":0,"master_deck":["AscendersBane","RobotSpaceExplorer:Defend+1","RobotSpaceExplorer:Scan+1","RobotSpaceExplorer:MiniLasers+1","RobotSpaceExplorer:MiniBoosters+1","RobotSpaceExplorer:DoubleBlock+1","RobotSpaceExplorer:FrostMissile","RobotSpaceExplorer:ExhaustFan+1","RobotSpaceExplorer:FranticSearch+1","RobotSpaceExplorer:LaserBurst+1","RobotSpaceExplorer:Multitool+1","Purity+1","Finesse+1","RobotSpaceExplorer:JunkDive+1"],"relics":["RobotSpaceExplorer:RoboCore","EasyMod:Easy_4","CeramicFish","Kunai","Potion Belt","Matryoshka","Black Star","RobotSpaceExplorer:ClockworkSextant","Turnip","Blue Candle","PreservedInsect","Strawberry","Oddly Smooth Stone","Empty Cage","Ginger","Membership Card","Gambling Chip","Du-Vu Doll","Gremlin Horn","StrikeDummy","Akabeko","Anchor","Smiling Mask","Pear","Happy Flower","Bag of Preparation","FossilizedHelix","Bronze Scales","Toolbox","Lantern","War Paint"],"acts_visited":["Exordium","TheCity","TheBeyond","TheEnding"],"potions_floor_usage":[55,55,55,55],"damage_taken":[{"damage":0.0,"enemies":"Small Slimes","floor":1.0,"turns":2.0},{"damage":0.0,"enemies":"Jaw Worm","floor":4.0,"turns":2.0},{"damage":0.0,"enemies":"2 Louse","floor":7.0,"turns":1.0},{"damage":0.0,"enemies":"3 Sentries","floor":8.0,"turns":4.0},{"damage":0.0,"enemies":"Gremlin Nob","floor":10.0,"turns":4.0},{"damage":0.0,"enemies":"Gremlin Gang","floor":13.0,"turns":1.0},{"damage":0.0,"enemies":"Lagavulin","floor":14.0,"turns":4.0},{"damage":0.0,"enemies":"Hexaghost","floor":16.0,"turns":8.0},{"damage":0.0,"enemies":"3 Byrds","floor":18.0,"turns":2.0},{"damage":1.0,"enemies":"Chosen","floor":21.0,"turns":3.0},{"damage":0.0,"enemies":"Snake Plant","floor":22.0,"turns":3.0},{"damage":3.0,"enemies":"Slavers","floor":24.0,"turns":7.0},{"damage":1.0,"enemies":"Sentry and Sphere","floor":25.0,"turns":2.0},{"damage":0.0,"enemies":"Cultist and Chosen","floor":28.0,"turns":3.0},{"damage":0.0,"enemies":"Gremlin Leader","floor":29.0,"turns":4.0},{"damage":0.0,"enemies":"Centurion and Healer","floor":31.0,"turns":4.0},{"damage":0.0,"enemies":"Automaton","floor":33.0,"turns":5.0},{"damage":2.0,"enemies":"3 Darklings","floor":35.0,"turns":3.0},{"damage":20,"enemies":"2 Orb Walkers","floor":36,"turns":5},{"damage":0,"enemies":"Orb Walker","floor":37,"turns":2},{"damage":0,"enemies":"3 Darklings","floor":38,"turns":7},{"damage":13,"enemies":"Giant Head","floor":40,"turns":5},{"damage":0,"enemies":"Maw","floor":41,"turns":4},{"damage":0,"enemies":"Reptomancer","floor":42,"turns":2},{"damage":0,"enemies":"Nemesis","floor":45,"turns":1},{"damage":0,"enemies":"Writhing Mass","floor":46,"turns":1},{"damage":0,"enemies":"Donu and Deca","floor":50,"turns":5},{"damage":0,"enemies":"Shield and Spear","floor":54,"turns":3},{"damage":0,"enemies":"The Heart","floor":55,"turns":5}],"seed_played":"9013585011353690107","potions_obtained":[{"floor":4.0,"key":"RobotSpaceExplorer:LiquidFusion"},{"floor":7.0,"key":"CultistPotion"},{"floor":10.0,"key":"AttackPotion"},{"floor":16.0,"key":"LiquidBronze"},{"floor":22.0,"key":"AttackPotion"},{"floor":24.0,"key":"DistilledChaos"},{"floor":28.0,"key":"AttackPotion"},{"floor":35.0,"key":"Swift Potion"},{"floor":37,"key":"PowerPotion"}],"is_trial":false,"path_per_floor":["M","?","?","M","T","R","M","E","T","E","?","$","M","E","R","B",null,"M","$","?","M","M","R","E","M","T","R","M","E","?","M","R","B",null,"M","?","M","M","$","E","M","E","T","?","E","M","R","$","R","B",null,"R","$","E","B",null],"character_chosen":"RobotSpaceExplorer","items_purchased":["Membership Card","Gambling Chip","Bag of Preparation","FossilizedHelix","Bronze Scales","PowerPotion","Toolbox"],"campfire_rested":0,"item_purchase_floors":[39,39,48,53,53,53,53],"current_hp_per_floor":[68,68,68,68,68,68,68,68,68,68,68,68,68,68,68,68,68,68,68,68,67,67,67,64,63,63,63,63,70,1,1,1,1,57,55,35,35,35,35,22,22,22,22,12,22,22,22,22,22,22,69,69,69,69,69],"gold":460,"neow_bonus":"TRANSFORM_TWO_CARDS","is_daily":false,"chose_seed":false,"campfire_upgraded":7,"win_rate":0.0,"timestamp":1608098806,"path_taken":["M","?","?","M","?","R","M","E","T","E","?","$","M","E","R","BOSS","M","$","?","M","M","R","E","?","T","R","M","E","?","?","R","BOSS","M","?","M","M","$","E","M","E","T","?","E","M","R","$","R","BOSS","R","$","E","BOSS"],"items_purchased_type":["Relic","Relic","Relic","Relic","Relic","Potion","Relic"],"build_version":"2020-12-13","purchased_purges":5,"victory":true,"max_hp_per_floor":[68,68,68,68,68,68,68,68,68,68,68,68,68,68,68,68,68,68,68,68,68,68,68,68,68,68,68,68,75,75,75,75,75,75,75,75,75,75,75,75,75,75,75,75,85,85,85,85,85,85,85,85,85,85,85],"card_choices":[{"not_picked":["RobotSpaceExplorer:GlueShot","RobotSpaceExplorer:Counterblock","RobotSpaceExplorer:SurgingStrike"],"picked":"SKIP","floor":1.0},{"not_picked":["RobotSpaceExplorer:MetalStrike","RobotSpaceExplorer:Probe"],"picked":"RobotSpaceExplorer:FranticSearch","floor":4.0},{"not_picked":["RobotSpaceExplorer:Pulsar","RobotSpaceExplorer:MiniBoosters","RobotSpaceExplorer:StarLightning"],"picked":"SKIP","floor":7.0},{"not_picked":["RobotSpaceExplorer:FreezingShield","RobotSpaceExplorer:GlueSpray","RobotSpaceExplorer:MiniDrones"],"picked":"SKIP","floor":8.0},{"not_picked":["RobotSpaceExplorer:MiniBoosters","RobotSpaceExplorer:LuckyStrike"],"picked":"RobotSpaceExplorer:LaserBurst","floor":10.0},{"not_picked":["RobotSpaceExplorer:Jetpack","RobotSpaceExplorer:Ammunition","RobotSpaceExplorer:RigExplosive"],"picked":"SKIP","floor":13.0},{"not_picked":["RobotSpaceExplorer:GlueShot","RobotSpaceExplorer:MakeshiftVolley","RobotSpaceExplorer:Ammunition"],"picked":"SKIP","floor":14.0},{"not_picked":["RobotSpaceExplorer:ShovelStrike","RobotSpaceExplorer:MetalStrike","RobotSpaceExplorer:SlimeMissile"],"picked":"SKIP","floor":18.0},{"not_picked":["RobotSpaceExplorer:SurgingStrike","RobotSpaceExplorer:MetalStrike","RobotSpaceExplorer:SurgingShield"],"picked":"SKIP","floor":21.0},{"not_picked":["RobotSpaceExplorer:Discharger","RobotSpaceExplorer:Electroshield","RobotSpaceExplorer:Pulsar"],"picked":"SKIP","floor":22.0},{"not_picked":["RobotSpaceExplorer:SlimeMissile","RobotSpaceExplorer:Asteroid","RobotSpaceExplorer:PlasmaMissile"],"picked":"SKIP","floor":24.0},{"not_picked":["RobotSpaceExplorer:ShockKick","RobotSpaceExplorer:SurgingShield","RobotSpaceExplorer:MakeshiftVolley"],"picked":"SKIP","floor":25.0},{"not_picked":["RobotSpaceExplorer:PowerGlove","RobotSpaceExplorer:FranticSearch","RobotSpaceExplorer:ScrapMissile"],"picked":"SKIP","floor":28.0},{"not_picked":["RobotSpaceExplorer:Ammunition","RobotSpaceExplorer:TurboDodge","RobotSpaceExplorer:GlueShot"],"picked":"SKIP","floor":29.0},{"not_picked":["RobotSpaceExplorer:StunGrenade","RobotSpaceExplorer:ShovelStrike","RobotSpaceExplorer:Probe"],"picked":"SKIP","floor":31.0},{"not_picked":["RobotSpaceExplorer:BlastShield","RobotSpaceExplorer:HighVoltage"],"picked":"RobotSpaceExplorer:Multitool","floor":33.0},{"not_picked":["RobotSpaceExplorer:MakeshiftVolley+1","RobotSpaceExplorer:ImprovisedAttack+1","RobotSpaceExplorer:StunGrenade"],"picked":"SKIP","floor":35.0},{"not_picked":["RobotSpaceExplorer:Pulsar+1","RobotSpaceExplorer:ScrapMissile+1","RobotSpaceExplorer:Blitz+1"],"picked":"SKIP","floor":37},{"not_picked":["RobotSpaceExplorer:Counterblock+1","RobotSpaceExplorer:FrostMissile+1","RobotSpaceExplorer:ScrapToss+1"],"picked":"SKIP","floor":38},{"not_picked":["RobotSpaceExplorer:ToxicBomb","RobotSpaceExplorer:Comet","RobotSpaceExplorer:StunGrenade+1"],"picked":"SKIP","floor":40},{"not_picked":["RobotSpaceExplorer:ShovelStrike","RobotSpaceExplorer:ImprovisedAttack","RobotSpaceExplorer:MetalStrike"],"picked":"SKIP","floor":41},{"not_picked":["RobotSpaceExplorer:MakeshiftVolley","RobotSpaceExplorer:Pulsar+1","RobotSpaceExplorer:SlimeMissile"],"picked":"SKIP","floor":42},{"not_picked":["Trip","Mind Blast"],"picked":"Purity","floor":44},{"not_picked":["PanicButton","Violence"],"picked":"Finesse","floor":44},{"not_picked":["RobotSpaceExplorer:StunGrenade+1","RobotSpaceExplorer:GlueShot+1","RobotSpaceExplorer:MetalStrike"],"picked":"SKIP","floor":45},{"not_picked":["RobotSpaceExplorer:MiniDrones","RobotSpaceExplorer:Fix","RobotSpaceExplorer:ShovelStrike"],"picked":"SKIP","floor":46},{"not_picked":["RobotSpaceExplorer:Discharger","RobotSpaceExplorer:Pulsar+1"],"picked":"RobotSpaceExplorer:JunkDive+1","floor":54}],"player_experience":2345898,"relics_obtained":[{"floor":8.0,"key":"CeramicFish"},{"floor":9.0,"key":"Kunai"},{"floor":10.0,"key":"Potion Belt"},{"floor":14.0,"key":"Matryoshka"},{"floor":24.0,"key":"RobotSpaceExplorer:ClockworkSextant"},{"floor":24.0,"key":"Turnip"},{"floor":26.0,"key":"Blue Candle"},{"floor":26.0,"key":"PreservedInsect"},{"floor":29.0,"key":"Strawberry"},{"floor":29.0,"key":"Oddly Smooth Stone"},{"floor":36,"key":"Ginger"},{"floor":40,"key":"Du-Vu Doll"},{"floor":40,"key":"Gremlin Horn"},{"floor":42,"key":"StrikeDummy"},{"floor":42,"key":"Akabeko"},{"floor":43,"key":"Anchor"},{"floor":43,"key":"Smiling Mask"},{"floor":45,"key":"Pear"},{"floor":45,"key":"Happy Flower"},{"floor":54,"key":"Lantern"},{"floor":54,"key":"War Paint"}],"event_choices":[{"damage_healed":0.0,"max_hp_gain":0.0,"max_hp_loss":0.0,"gold_gain":0.0,"event_name":"Living Wall","player_choice":"Grow","floor":2.0,"gold_loss":0.0,"damage_taken":0.0,"cards_upgraded":["RobotSpaceExplorer:MiniBoosters"]},{"damage_healed":0.0,"max_hp_gain":0.0,"max_hp_loss":0.0,"gold_gain":0.0,"event_name":"Liars Game","player_choice":"Ignored","floor":11.0,"gold_loss":0.0,"damage_taken":0.0},{"cards_removed":["RobotSpaceExplorer:Strike"],"damage_healed":0.0,"max_hp_gain":0.0,"max_hp_loss":0.0,"gold_gain":0.0,"event_name":"Designer","player_choice":"Upgrade and Remove","floor":20.0,"gold_loss":90.0,"damage_taken":0.0,"cards_upgraded":["RobotSpaceExplorer:Scan"]},{"damage_healed":0.0,"max_hp_gain":0.0,"max_hp_loss":0.0,"gold_gain":630.0,"event_name":"Knowing Skull","player_choice":"GOLD GOLD GOLD GOLD GOLD GOLD GOLD ","floor":30.0,"potions_obtained":[],"gold_loss":0.0,"damage_taken":69.0,"cards_obtained":[]},{"damage_healed":0,"gold_gain":0,"player_choice":"Fight","damage_taken":0,"max_hp_gain":0,"max_hp_loss":0,"event_name":"Mysterious Sphere","floor":36,"gold_loss":0},{"damage_healed":0,"gold_gain":0,"player_choice":"Memory 3","damage_taken":10,"max_hp_gain":0,"max_hp_loss":0,"event_name":"SensoryStone","floor":44,"gold_loss":0}],"is_beta":false,"boss_relics":[{"not_picked":["RobotSpaceExplorer:Reprocessor","Calling Bell"],"picked":"Black Star"},{"not_picked":["Philosopher\u0027s Stone","Tiny House"],"picked":"Empty Cage"}],"items_purged_floors":[12,19,39,48,53],"is_endless":false,"potions_floor_spawned":[4,7,10,16,22,24,28,35,37,41,45,54],"ascension_level":11}}