{"host":"m6aaltr68g9tvoay","time":1608107531,"event":{"mods":["AchievementEnabler","BaseMod","Colored Map","Minty Spire (QoL Compilation)","StSLib"],"gold_per_floor":[116,166,183,199,199,199,214,246,246,266,266,266,108,63,63,63,63],"floor_reached":16,"playtime":545,"items_purged":["Strike_G"],"score":195,"play_id":"516afaab-476e-42d5-a3aa-a82ac4eda604","local_time":"20201216003211","is_ascension_mode":true,"campfire_choices":[{"floor":6,"key":"REST"},{"data":"A Thousand Cuts","floor":12,"key":"SMITH"},{"data":"Blur","floor":15,"key":"SMITH"}],"circlet_count":0,"master_deck":["AscendersBane","Strike_G","Strike_G","Strike_G","Defend_G","Defend_G","Defend_G","Defend_G","Survivor","Neutralize","Venomology","Blur+1","Flying Knee","Dash","Flying Knee","PiercingWail","Dagger Throw","A Thousand Cuts+1","Endless Agony","All Out Attack"],"relics":["Ring of the Snake","WingedGreaves","Blue Candle"],"acts_visited":["Exordium"],"potions_floor_usage":[8,8,10,16],"damage_taken":[{"damage":8,"enemies":"2 Louse","floor":1,"turns":3},{"damage":11,"enemies":"Cultist","floor":3,"turns":5},{"damage":5,"enemies":"Small Slimes","floor":4,"turns":3},{"damage":2,"enemies":"2 Fungi Beasts","floor":7,"turns":4},{"damage":36,"enemies":"Lagavulin","floor":8,"turns":9},{"damage":0,"enemies":"Exordium Wildlife","floor":10,"turns":3},{"damage":32,"enemies":"Hexaghost","floor":16,"turns":9}],"seed_played":"-5782655278607415674","potions_obtained":[{"floor":4,"key":"Regen Potion"},{"floor":8,"key":"AttackPotion"}],"is_trial":false,"path_per_floor":["M","?","M","M","?","R","M","E","T","M","?","R","$","$","R","B"],"character_chosen":"THE_SILENT","items_purchased":["Endless Agony","All Out Attack"],"campfire_rested":1,"item_purchase_floors":[13,14],"current_hp_per_floor":[51,51,40,35,35,54,52,31,31,31,31,31,31,31,31,0,0],"gold":63,"neow_bonus":"TRANSFORM_CARD","is_daily":false,"chose_seed":false,"campfire_upgraded":2,"win_rate":0.0,"timestamp":1608107531,"path_taken":["M","?","M","?","?","R","M","E","T","M","?","R","?","$","R","BOSS"],"items_purchased_type":["Card","Card"],"build_version":"2020-12-13","purchased_purges":1,"victory":false,"max_hp_per_floor":[66,66,66,66,66,66,66,66,66,66,66,66,66,66,66,66,66],"card_choices":[{"not_picked":["PiercingWail","Cloak And Dagger"],"picked":"Blur","floor":1},{"not_picked":["Outmaneuver","Reflex"],"picked":"Flying Knee","floor":3},{"not_picked":["Leg Sweep","Underhanded Strike"],"picked":"Dash","floor":4},{"not_picked":["Heel Hook","Infinite Blades"],"picked":"Flying Knee","floor":7},{"not_picked":["Deadly Poison","Dodge and Roll"],"picked":"PiercingWail","floor":8},{"not_picked":["Venomology","Deadly Poison"],"picked":"Dagger Throw","floor":10}],"player_experience":1247491,"relics_obtained":[{"floor":8,"key":"WingedGreaves"},{"floor":9,"key":"Blue Candle"}],"event_choices":[{"damage_healed":0,"gold_gain":50,"player_choice":"Pray","damage_taken":0,"max_hp_gain":0,"max_hp_loss":0,"event_name":"Golden Shrine","floor":2,"gold_loss":0},{"damage_healed":0,"gold_gain":0,"player_choice":"Ignored","damage_taken":0,"max_hp_gain":0,"max_hp_loss":0,"event_name":"Shining Light","floor":5,"gold_loss":0},{"damage_healed":0,"gold_gain":0,"cards_transformed":["Strike_G"],"player_choice":"Change","damage_taken":0,"max_hp_gain":0,"max_hp_loss":0,"event_name":"Living Wall","floor":11,"gold_loss":0,"cards_obtained":["A Thousand Cuts"]}],"is_beta":false,"boss_relics":[],"items_purged_floors":[13],"is_endless":false,"potions_floor_spawned":[3,4,8],"killed_by":"Hexaghost","ascension_level":19}}