{"host":"vxxgntm1odai56nh","time":1608150077,"event":{"mods":["AchievementEnabler","BaseMod","Colored Map","Colored Powertips","Highlight Path","Minty Spire (QoL Compilation)","Permanent Neow","Rare Cards Sparkle","Relic Stats","StSLib"],"gold_per_floor":[214,33,45,64,64,96,113,128,128,160,160,173,173,207,207,207,207],"floor_reached":16,"playtime":902,"items_purged":[],"score":140,"play_id":"0288fdb1-877f-4ff8-9558-dda98aad6e94","local_time":"20201216152117","is_ascension_mode":true,"campfire_choices":[{"data":"Feed","floor":11,"key":"SMITH"},{"data":"Armaments","floor":13,"key":"SMITH"},{"data":"Flame Barrier","floor":15,"key":"SMITH"}],"circlet_count":0,"master_deck":["Strike_R","Strike_R","Strike_R","Strike_R","Strike_R","Defend_R","Defend_R","Defend_R","Defend_R","Bash","Battle Trance","Flame Barrier+1","Rampage+1","True Grit","Thunderclap","Power Through","Feed+1","Armaments+1","Barricade"],"relics":["Burning Blood","PreservedInsect","Bag of Preparation","Self Forming Clay","MealTicket","Calipers"],"acts_visited":["Exordium"],"potions_floor_usage":[8,14],"damage_taken":[{"damage":8,"enemies":"Small Slimes","floor":1,"turns":5},{"damage":2,"enemies":"Cultist","floor":3,"turns":5},{"damage":2,"enemies":"Jaw Worm","floor":4,"turns":4},{"damage":23,"enemies":"Lagavulin","floor":6,"turns":6},{"damage":8,"enemies":"Exordium Thugs","floor":7,"turns":5},{"damage":9,"enemies":"3 Louse","floor":8,"turns":4},{"damage":15,"enemies":"3 Sentries","floor":10,"turns":6},{"damage":8,"enemies":"Large Slime","floor":12,"turns":9},{"damage":20,"enemies":"Gremlin Nob","floor":14,"turns":5},{"damage":42,"enemies":"Hexaghost","floor":16,"turns":13}],"seed_played":"9119087615959762898","potions_obtained":[{"floor":4,"key":"DistilledChaos"},{"floor":8,"key":"SteroidPotion"},{"floor":12,"key":"CultistPotion"}],"is_trial":false,"path_per_floor":["M","$","M","M","?","E","M","M","T","E","R","M","R","E","R","B"],"character_chosen":"IRONCLAD","items_purchased":["PreservedInsect","Flame Barrier"],"campfire_rested":0,"item_purchase_floors":[2,2],"current_hp_per_floor":[78,78,80,80,80,63,61,58,58,49,49,51,51,41,41,0,0],"gold":207,"neow_bonus":"HUNDRED_GOLD","is_daily":false,"chose_seed":false,"campfire_upgraded":3,"win_rate":0.0,"timestamp":1608150077,"path_taken":["M","$","M","M","?","E","?","M","T","E","R","M","R","E","R","BOSS"],"items_purchased_type":["Relic","Card"],"build_version":"2020-12-13","purchased_purges":0,"victory":false,"max_hp_per_floor":[80,80,80,80,80,80,80,80,80,80,80,84,84,88,88,88,88],"relic_stats":{"counters":[10,62],"Self Forming Clay":[45],"MealTicket":0,"PreservedInsect":80,"Bag of Preparation":[12],"obtain_stats":[{"Calipers":14,"Self Forming Clay":9,"MealTicket":10,"PreservedInsect":2,"Bag of Preparation":6,"Burning Blood":0},{"Calipers":9,"Self Forming Clay":6,"MealTicket":7,"PreservedInsect":1,"Bag of Preparation":4,"Burning Blood":0},{"Calipers":49,"Self Forming Clay":29,"MealTicket":35,"PreservedInsect":5,"Bag of Preparation":20,"Burning Blood":0}],"Burning Blood":48},"card_choices":[{"not_picked":["Havoc","Dual Wield"],"picked":"Battle Trance","floor":1},{"not_picked":["Headbutt","Iron Wave"],"picked":"Rampage","floor":3},{"not_picked":["Twin Strike","Sword Boomerang"],"picked":"True Grit","floor":4},{"not_picked":["Feel No Pain","Dual Wield"],"picked":"Thunderclap","floor":6},{"not_picked":["Rupture","Entrench"],"picked":"Power Through","floor":7},{"not_picked":["Entrench","Iron Wave","True Grit"],"picked":"SKIP","floor":8},{"not_picked":["Sword Boomerang","Intimidate"],"picked":"Feed","floor":10},{"not_picked":["Pommel Strike","Rupture"],"picked":"Armaments","floor":12},{"not_picked":["Havoc","Clothesline"],"picked":"Barricade","floor":14}],"player_experience":112217,"relics_obtained":[{"floor":6,"key":"Bag of Preparation"},{"floor":9,"key":"Self Forming Clay"},{"floor":10,"key":"MealTicket"},{"floor":14,"key":"Calipers"}],"event_choices":[{"damage_healed":0,"gold_gain":0,"player_choice":"Upgraded","damage_taken":0,"max_hp_gain":0,"max_hp_loss":0,"event_name":"Upgrade Shrine","floor":5,"gold_loss":0,"cards_upgraded":["Rampage"]}],"is_beta":false,"boss_relics":[],"items_purged_floors":[],"is_endless":false,"potions_floor_spawned":[4,8,12],"killed_by":"Hexaghost","ascension_level":3}}