{"host":"ih7ofq2zpufcoifs","time":1608091397,"event":{"mods":["BaseMod","Colored Map","Minty Spire (QoL Compilation)"],"gold_per_floor":[114,134,9,9,9,34,34,53,53,8,43,43,43,60,60,136,136,156,171,190,207,225,250,262,292,315,315,315,346,360,375,375,451,451,471,14,30,49,60,86,86,118,118,9,63,63,97,108,108,108,108,108,35,69,69],"floor_reached":56,"playtime":3702,"items_purged":["Strike_R"],"score":2278,"play_id":"80d380e0-eb36-48c9-a186-e93fb452a97b","local_time":"20201216140317","is_ascension_mode":true,"campfire_choices":[{"data":"Wild Strike","floor":7.0,"key":"SMITH"},{"data":"Bash","floor":13.0,"key":"SMITH"},{"data":"Dropkick","floor":15.0,"key":"SMITH"},{"floor":27,"key":"REST"},{"floor":32,"key":"REST"},{"floor":41,"key":"RECALL"},{"floor":49,"key":"REST"},{"floor":52,"key":"REST"}],"circlet_count":0,"master_deck":["AscendersBane","Bash+1","Double Tap+1","Dropkick+1","Thunderclap+1","Pommel Strike+1","Pommel Strike+1","Thunderclap+1","Offering","Burning Pact","Flame Barrier+1","Shockwave","Spot Weakness","Sword Boomerang+1","Shrug It Off","Uppercut+1","Shrug It Off+1","RitualDagger+1","Cleave+1","Offering","Headbutt+1","Fiend Fire+1","Feel No Pain","Body Slam+1","Impervious","Offering","Whirlwind+1","Inflame","Inflame+1","Reaper+1","Offering","Berserk+1","Spot Weakness","Metallicize+1","Clothesline+1","Evolve+1"],"relics":["Burning Blood","Singing Bowl","Molten Egg 2","Omamori","Prayer Wheel","Mummified Hand","Fusion Hammer","Pear","Matryoshka","Oddly Smooth Stone","Bag of Preparation","Pantograph","Pandora\u0027s Box","TungstenRod","HornCleat","Frozen Egg 2","Bronze Scales","Pocketwatch","Whetstone","Toy Ornithopter"],"acts_visited":["Exordium","TheCity","TheBeyond","TheEnding"],"potions_floor_usage":[24,25,31,55,55],"damage_taken":[{"damage":5.0,"enemies":"2 Louse","floor":1.0,"turns":4.0},{"damage":0.0,"enemies":"Small Slimes","floor":2.0,"turns":3.0},{"damage":30.0,"enemies":"Lagavulin","floor":6.0,"turns":6.0},{"damage":7.0,"enemies":"Jaw Worm","floor":8.0,"turns":2.0},{"damage":16.0,"enemies":"Gremlin Nob","floor":11.0,"turns":3.0},{"damage":8.0,"enemies":"Blue Slaver","floor":14.0,"turns":2.0},{"damage":0.0,"enemies":"Slime Boss","floor":16.0,"turns":7.0},{"damage":13,"enemies":"Chosen","floor":18,"turns":2},{"damage":12,"enemies":"Spheric Guardian","floor":19,"turns":3},{"damage":7,"enemies":"Chosen and Byrds","floor":20,"turns":3},{"damage":10,"enemies":"Snecko","floor":21,"turns":4},{"damage":11,"enemies":"Sentry and Sphere","floor":22,"turns":4},{"damage":27,"enemies":"Gremlin Leader","floor":23,"turns":5},{"damage":14,"enemies":"Shelled Parasite and Fungi","floor":24,"turns":3},{"damage":8,"enemies":"Book of Stabbing","floor":25,"turns":3},{"damage":4,"enemies":"Slavers","floor":29,"turns":5},{"damage":21,"enemies":"Snake Plant","floor":30,"turns":4},{"damage":8,"enemies":"Sentry and Sphere","floor":31,"turns":4},{"damage":71,"enemies":"Automaton","floor":33,"turns":11},{"damage":6,"enemies":"3 Darklings","floor":35,"turns":2},{"damage":11,"enemies":"3 Shapes","floor":37,"turns":2},{"damage":10,"enemies":"3 Darklings","floor":38,"turns":3},{"damage":5,"enemies":"Jaw Worm Horde","floor":39,"turns":1},{"damage":20,"enemies":"Giant Head","floor":40,"turns":4},{"damage":15,"enemies":"Reptomancer","floor":42,"turns":4},{"damage":15,"enemies":"2 Orb Walkers","floor":45,"turns":4},{"damage":15,"enemies":"Giant Head","floor":47,"turns":1},{"damage":10,"enemies":"Spire Growth","floor":48,"turns":3},{"damage":101,"enemies":"Time Eater","floor":50,"turns":9},{"damage":21,"enemies":"Shield and Spear","floor":54,"turns":5},{"damage":62,"enemies":"The Heart","floor":55,"turns":6}],"seed_played":"-15409432733489691","potions_obtained":[{"floor":1.0,"key":"GamblersBrew"},{"floor":2.0,"key":"Strength Potion"},{"floor":6.0,"key":"Explosive Potion"},{"floor":14.0,"key":"Dexterity Potion"},{"floor":20,"key":"AttackPotion"},{"floor":24,"key":"SkillPotion"},{"floor":30,"key":"Explosive Potion"},{"floor":31,"key":"Block Potion"},{"floor":33,"key":"DuplicationPotion"},{"floor":47,"key":"PowerPotion"}],"is_trial":false,"path_per_floor":["M","M","$","?","?","E","R","M","T","$","E","T","R","M","R","B",null,"M","M","M","M","M","E","M","E","T","R","?","E","M","M","R","B",null,"M","$","M","M","M","E","R","E","T","$","?","?","E","M","R","B",null,"R","$","E","B",null],"character_chosen":"IRONCLAD","items_purchased":["Thunderclap","Pommel Strike+1","Reaper+1","TungstenRod","Spot Weakness","Metallicize+1","Evolve+1"],"campfire_rested":4,"item_purchase_floors":[3,10,36,36,44,44,53],"current_hp_per_floor":[69,75,75,75,72,50,50,49,49,49,39,39,39,41,41,47,73,70,66,67,65,62,51,43,41,41,71,65,69,58,58,91,46,95,97,97,117,115,120,125,125,116,116,116,119,119,127,131,131,102,124,131,131,133,103],"gold":69,"neow_bonus":"ONE_RANDOM_RARE_CARD","is_daily":false,"chose_seed":false,"campfire_upgraded":3,"win_rate":0.0,"timestamp":1608091397,"path_taken":["M","M","$","?","?","E","R","M","T","?","E","?","R","M","R","BOSS","M","M","M","M","?","E","M","E","T","R","?","E","M","M","R","BOSS","M","$","M","M","M","E","R","E","T","$","?","?","E","M","R","BOSS","R","$","E","BOSS"],"items_purchased_type":["Card","Card","Card","Relic","Card","Card","Card"],"build_version":"2020-12-13","purchased_purges":1,"victory":true,"max_hp_per_floor":[75,75,75,75,75,77,77,77,77,77,77,77,77,81,81,81,81,85,87,89,91,93,103,103,103,103,103,103,105,109,111,111,111,111,113,113,117,119,123,125,125,125,125,125,127,127,127,131,131,131,131,131,131,133,133],"card_choices":[{"not_picked":["Bloodletting","Intimidate"],"picked":"Dropkick","floor":1.0},{"not_picked":["Twin Strike","Clothesline"],"picked":"Wild Strike","floor":2.0},{"not_picked":["Body Slam+1","True Grit","Infernal Blade"],"picked":"Singing Bowl","floor":6.0},{"not_picked":["Warcry","Clothesline+1"],"picked":"Pommel Strike+1","floor":8.0},{"not_picked":["Hemokinesis+1","Rupture"],"picked":"Thunderclap+1","floor":11.0},{"not_picked":["Wild Strike+1","Thunderclap+1","Metallicize"],"picked":"Singing Bowl","floor":14.0},{"not_picked":["Perfected Strike+1","True Grit","Whirlwind+1"],"picked":"Singing Bowl","floor":14.0},{"not_picked":["Double Tap","Juggernaut"],"picked":"Offering","floor":16.0},{"not_picked":["Heavy Blade+1","Wild Strike+1","Pummel+1"],"picked":"Singing Bowl","floor":18},{"not_picked":["True Grit","Intimidate","Body Slam+1"],"picked":"Singing Bowl","floor":18},{"not_picked":["Bloodletting","Rage"],"picked":"Burning Pact","floor":19},{"not_picked":["Twin Strike+1","Demon Form","Rage"],"picked":"Singing Bowl","floor":19},{"not_picked":["Flex","Headbutt+1"],"picked":"Flame Barrier+1","floor":20},{"not_picked":["Rupture","Wild Strike+1","Anger+1"],"picked":"Singing Bowl","floor":20},{"not_picked":["Armaments","Havoc","Headbutt+1"],"picked":"Singing Bowl","floor":21},{"not_picked":["Clash+1","Blood for Blood+1"],"picked":"Shockwave","floor":21},{"not_picked":["Flex","Anger+1"],"picked":"Spot Weakness","floor":22},{"not_picked":["Perfected Strike+1","Warcry","True Grit"],"picked":"Singing Bowl","floor":22},{"not_picked":["Searing Blow+1","Heavy Blade+1"],"picked":"Sword Boomerang+1","floor":23},{"not_picked":["Anger+1","Twin Strike+1"],"picked":"Shrug It Off","floor":24},{"not_picked":["Clash+1","Ghostly Armor"],"picked":"Uppercut+1","floor":24},{"not_picked":["Perfected Strike+1","Headbutt+1"],"picked":"Shrug It Off+1","floor":25},{"not_picked":["Hemokinesis+1","Clash+1","Armaments"],"picked":"Singing Bowl","floor":29},{"not_picked":["Hemokinesis+1","Clash+1","Shrug It Off"],"picked":"Singing Bowl","floor":30},{"not_picked":["Sever Soul+1","Rage","Berserk"],"picked":"Singing Bowl","floor":30},{"not_picked":["Battle Trance","Sentinel","Heavy Blade+1"],"picked":"Singing Bowl","floor":31},{"not_picked":["Body Slam+1","Dual Wield"],"picked":"Cleave+1","floor":31},{"not_picked":["Barricade","Berserk"],"picked":"Offering","floor":33},{"not_picked":["Power Through","True Grit"],"picked":"Inflame+1","floor":35},{"not_picked":["Headbutt+1","Rupture","Heavy Blade+1"],"picked":"Singing Bowl","floor":35},{"not_picked":["Shrug It Off","Wild Strike+1","Feel No Pain"],"picked":"Singing Bowl","floor":37},{"not_picked":["Wild Strike+1","Warcry","Infernal Blade+1"],"picked":"Singing Bowl","floor":37},{"not_picked":["Ghostly Armor","Flex"],"picked":"Offering","floor":38},{"not_picked":["Clash+1","Second Wind","Shrug It Off"],"picked":"Singing Bowl","floor":38},{"not_picked":["Headbutt+1","Sword Boomerang+1","Hemokinesis+1"],"picked":"Singing Bowl","floor":39},{"not_picked":["Havoc","Wild Strike+1","Flex"],"picked":"Singing Bowl","floor":39},{"not_picked":["Second Wind","Clothesline+1","Flex"],"picked":"Singing Bowl","floor":40},{"not_picked":["Rage+1","Disarm"],"picked":"Berserk+1","floor":42},{"not_picked":["Ghostly Armor","Warcry+1","Iron Wave+1"],"picked":"Singing Bowl","floor":45},{"not_picked":["Immolate+1","Shrug It Off"],"picked":"Clothesline+1","floor":47},{"not_picked":["Armaments","Perfected Strike+1","Whirlwind+1"],"picked":"Singing Bowl","floor":48},{"not_picked":["Sever Soul+1","Body Slam+1","Ghostly Armor"],"picked":"Singing Bowl","floor":48},{"not_picked":["Armaments","Body Slam+1","True Grit"],"picked":"Singing Bowl","floor":54}],"player_experience":368226,"relics_obtained":[{"floor":6.0,"key":"Molten Egg 2"},{"floor":9.0,"key":"Omamori"},{"floor":11.0,"key":"Prayer Wheel"},{"floor":12.0,"key":"Mummified Hand"},{"floor":23,"key":"Pear"},{"floor":25,"key":"Matryoshka"},{"floor":26,"key":"Oddly Smooth Stone"},{"floor":26,"key":"Bag of Preparation"},{"floor":29,"key":"Pantograph"},{"floor":40,"key":"HornCleat"},{"floor":42,"key":"Frozen Egg 2"},{"floor":43,"key":"Bronze Scales"},{"floor":45,"key":"Pocketwatch"},{"floor":47,"key":"Whetstone"},{"floor":54,"key":"Toy Ornithopter"}],"event_choices":[{"damage_healed":0.0,"max_hp_gain":0.0,"max_hp_loss":0.0,"gold_gain":0.0,"event_name":"Living Wall","player_choice":"Grow","floor":4.0,"gold_loss":0.0,"damage_taken":0.0,"cards_upgraded":["Double Tap"]},{"damage_healed":0.0,"max_hp_gain":0.0,"max_hp_loss":0.0,"gold_gain":0.0,"event_name":"Scrap Ooze","player_choice":"Success","floor":5.0,"gold_loss":0.0,"damage_taken":3.0,"relics_obtained":["Singing Bowl"]},{"damage_healed":0,"gold_gain":0,"player_choice":"Joined the Cult","damage_taken":6,"max_hp_gain":0,"max_hp_loss":0,"event_name":"Nest","floor":28,"gold_loss":0,"cards_obtained":["RitualDagger"]},{"damage_healed":0,"gold_gain":0,"player_choice":"Fight","damage_taken":0,"max_hp_gain":0,"max_hp_loss":0,"event_name":"Mysterious Sphere","floor":45,"gold_loss":0},{"cards_removed":["Wild Strike"],"damage_healed":0,"gold_gain":0,"player_choice":"Card Removal","damage_taken":0,"max_hp_gain":0,"max_hp_loss":0,"event_name":"Wheel of Change","floor":46,"gold_loss":0}],"is_beta":false,"boss_relics":[{"not_picked":["Astrolabe","Velvet Choker"],"picked":"Fusion Hammer"},{"not_picked":["Mark of Pain","Runic Pyramid"],"picked":"Pandora\u0027s Box"}],"items_purged_floors":[3],"is_endless":false,"potions_floor_spawned":[1,2,6,14,20,22,24,30,31,33,35,37,42,47],"ascension_level":14}}