{"host":"e87rn453naquue3h","time":1608093204,"event":{"mods":["AchievementEnabler","BaseMod","Minty Spire (QoL Compilation)","Relic Stats","StSLib"],"gold_per_floor":[116,116,135,159,183,183,183],"floor_reached":6,"playtime":301,"items_purged":[],"score":72,"play_id":"a7dcde0f-34cf-447e-88eb-0efbc301848b","local_time":"20201215233324","is_ascension_mode":true,"campfire_choices":[],"circlet_count":0,"master_deck":["AscendersBane","Strike_P","Strike_P","Strike_P","Strike_P","Defend_P","Defend_P","Eruption","Vigilance","ReachHeaven","PathToVictory","CutThroughFate","ThirdEye"],"relics":["Empty Cage","Golden Idol"],"acts_visited":["Exordium"],"potions_floor_usage":[],"damage_taken":[{"damage":0,"enemies":"Cultist","floor":1,"turns":3},{"damage":10,"enemies":"2 Louse","floor":3,"turns":3},{"damage":9,"enemies":"Jaw Worm","floor":4,"turns":3},{"damage":13,"enemies":"3 Louse","floor":5,"turns":3},{"damage":35,"enemies":"3 Sentries","floor":6,"turns":3}],"seed_played":"310186491042743828","potions_obtained":[{"floor":1,"key":"Ancient Potion"},{"floor":5,"key":"DuplicationPotion"}],"is_trial":false,"path_per_floor":["M","?","M","M","M","E"],"character_chosen":"WATCHER","items_purchased":[],"campfire_rested":0,"item_purchase_floors":[],"current_hp_per_floor":[61,61,51,42,29,0,0],"gold":183,"neow_bonus":"BOSS_RELIC","is_daily":false,"chose_seed":false,"campfire_upgraded":0,"win_rate":0.0,"timestamp":1608093204,"path_taken":["M","?","M","M","M","E"],"items_purchased_type":[],"build_version":"2020-12-13","purchased_purges":0,"victory":false,"max_hp_per_floor":[68,62,62,62,62,62,62],"relic_stats":{"counters":[5,15],"Golden Idol":14,"obtain_stats":[{"Golden Idol":2,"PureWater":0,"Empty Cage":0},{"Golden Idol":1,"PureWater":0,"Empty Cage":0},{"Golden Idol":3,"PureWater":0,"Empty Cage":0}]},"card_choices":[{"not_picked":["Protect","FlyingSleeves"],"picked":"ReachHeaven","floor":1},{"not_picked":["Wireheading","CarveReality"],"picked":"PathToVictory","floor":3},{"not_picked":["Halt","ClearTheMind"],"picked":"CutThroughFate","floor":4},{"not_picked":["TalkToTheHand","ClearTheMind"],"picked":"ThirdEye","floor":5}],"player_experience":2286617,"relics_obtained":[],"event_choices":[{"damage_healed":0,"gold_gain":0,"player_choice":"Lose Max HP","damage_taken":0,"relics_obtained":["Golden Idol"],"max_hp_gain":0,"max_hp_loss":6,"event_name":"Golden Idol","floor":2,"gold_loss":0}],"is_beta":false,"boss_relics":[],"items_purged_floors":[],"is_endless":false,"potions_floor_spawned":[1,5],"killed_by":"3 Sentries","ascension_level":18}}