{"host":"y9jgkjnf95sujozk","time":1608161475,"event":{"mods":["2.2 Compatiblity","AchievementEnabler","BaseMod","Block Reminder","Colored Map","Colored Powertips","Downfall","Friendly Minions","GifTheSpireLib","Hermit","Highlight Path","MarisaÅiñ∂âJÅ@ñÇóùçπÅj","Minty Spire (QoL Compilation)","Random Character Button","Rare Cards Sparkle","Replay The Spire","StSLib","SuperFastMode","The Animator","The Bug Knight","The Cursed","The Servant 0.9.4"],"gold_per_floor":[112,43,63,63,78,105,117,117,144,163,13,13,29,43,43,43,43],"floor_reached":16,"playtime":357,"items_purged":[],"score":120,"play_id":"3c63c40d-eee6-4260-a2f4-244f66535d7b","local_time":"20201217003115","is_ascension_mode":true,"campfire_choices":[{"floor":12,"key":"REST"},{"floor":15,"key":"REST"}],"circlet_count":0,"master_deck":["Strike_R+1","Strike_R","Strike_R","Strike_R+1","Strike_R","Defend_R","Defend_R","Defend_R","Defend_R","Bash","ReplayTheSpireMod:Strike From Hell+1","Burning Pact","ReplayTheSpireMod:Strike From Hell","Warcry","Replay:Many Hands","Feel No Pain+1","Feel No Pain","Intimidate+1","expansioncontent:ManipulateTime","Infernal Blade","Intimidate","Replay:Undeath\u0027s Touch","Hemogenesis"],"relics":["Burning Blood","NeowsBlessing","Dream Catcher","Gremlin Food"],"acts_visited":["Exordium"],"potions_floor_usage":[6,10,16],"damage_taken":[{"damage":0,"enemies":"Small Slimes","floor":1,"turns":1},{"damage":0,"enemies":"Cultist","floor":3,"turns":1},{"damage":0,"enemies":"Jaw Worm","floor":5,"turns":1},{"damage":41,"enemies":"Gremlin Nob","floor":6,"turns":5},{"damage":33,"enemies":"3 Louse","floor":7,"turns":4},{"damage":12,"enemies":"Large Slime","floor":10,"turns":5},{"damage":34,"enemies":"Exordium Thugs","floor":13,"turns":10},{"damage":7,"enemies":"3 Louse","floor":14,"turns":5},{"damage":52,"enemies":"Fading Forest","floor":16,"turns":7}],"seed_played":"-1789812316400833335","potions_obtained":[{"floor":5,"key":"Block Potion"},{"floor":7,"key":"CultistPotion"},{"floor":10,"key":"ElixirPotion"},{"floor":14,"key":"SpeedPotion"}],"is_trial":false,"path_per_floor":["M","$","M","?","M","E","M","?","T","M","$","R","M","M","R","B"],"character_chosen":"IRONCLAD","items_purchased":["Burning Pact","Intimidate+1","expansioncontent:ManipulateTime"],"campfire_rested":2,"item_purchase_floors":[2,11,11],"current_hp_per_floor":[80,80,80,80,80,45,18,18,18,12,12,36,8,7,31,0,0],"gold":43,"neow_bonus":"THREE_ENEMY_KILL","is_daily":false,"chose_seed":false,"campfire_upgraded":0,"win_rate":0.0,"timestamp":1608161475,"path_taken":["M","$","M","?","M","E","M","?","T","M","$","R","M","M","R","BOSS"],"items_purchased_type":["Card","Card","Card"],"build_version":"2020-12-13","purchased_purges":0,"victory":false,"max_hp_per_floor":[80,80,80,80,80,80,80,80,80,80,80,80,80,80,80,80,80],"card_choices":[{"not_picked":["Run Through","Dropkick"],"picked":"ReplayTheSpireMod:Strike From Hell","floor":1},{"not_picked":["Life Link","Entrench"],"picked":"ReplayTheSpireMod:Strike From Hell","floor":3},{"not_picked":["Armaments","True Grit"],"picked":"Warcry","floor":5},{"not_picked":["Wild Strike","Warcry"],"picked":"Replay:Many Hands","floor":6},{"not_picked":["Dropkick","Flame Barrier"],"picked":"Feel No Pain","floor":7},{"not_picked":["ReplayTheSpireMod:Limb From Limb","Flex"],"picked":"Feel No Pain","floor":10},{"not_picked":["True Grit","Clothesline"],"picked":"Infernal Blade","floor":12},{"not_picked":["Thunderclap","Whirlwind"],"picked":"Intimidate","floor":13},{"not_picked":["Clash","Twin Strike"],"picked":"Replay:Undeath\u0027s Touch","floor":14},{"not_picked":["Life Link","Hemokinesis"],"picked":"Hemogenesis","floor":15}],"player_experience":98592,"relics_obtained":[{"floor":6,"key":"Dream Catcher"},{"floor":9,"key":"Gremlin Food"}],"event_choices":[{"damage_healed":0,"gold_gain":0,"player_choice":"Forge","damage_taken":0,"max_hp_gain":0,"max_hp_loss":0,"event_name":"Accursed Blacksmith","floor":8,"gold_loss":0,"cards_upgraded":["Feel No Pain"]}],"is_beta":false,"boss_relics":[],"items_purged_floors":[],"is_endless":false,"potions_floor_spawned":[5,7,10,14],"killed_by":"Fading Forest","ascension_level":3}}