{"host":"npubv26u89aif4fa","time":1608101754,"event":{"mods":["BaseMod","Better Vampires","Colored Powertips","GifTheSpireLib","GungeonMod","Hubris","Koishi","Minty Spire (QoL Compilation)","Quick Restart","Remilia£®¿Ÿ√◊¿Ú—«£©","Replay The Spire","StSLib","Td1madao Mod","The Administrix","The Bug Knight","The Cursed","The Gatherer","The Runesmith","Yuri Mod","Yuyuko"],"gold_per_floor":[114,133,144,144,144,144,161,191,191,191,211,227,227,245,245,245,245,245],"floor_reached":16,"playtime":1229,"items_purged":[],"score":104,"play_id":"20755e29-1e47-44b2-8cf2-196f8083dae0","local_time":"20201216145554","is_ascension_mode":false,"metric_token":1301,"campfire_choices":[{"data":"Gatherer:FlowerBeam","floor":6.0,"key":"SMITH"},{"floor":13.0,"key":"RECALL"},{"data":"Gatherer:FlowerBeam+1","floor":15.0,"key":"SMITH"}],"circlet_count":0,"master_deck":["Gatherer:Strike_Gatherer","Gatherer:Strike_Gatherer","Gatherer:Strike_Gatherer","Gatherer:Strike_Gatherer","Gatherer:Strike_Gatherer","Gatherer:Defend_Gatherer","Gatherer:Defend_Gatherer","Gatherer:Defend_Gatherer","Gatherer:Defend_Gatherer","Gatherer:Defend_Gatherer","Gatherer:Centralize+1","Gatherer:FlowerWhip","Gatherer:DrugPower","Gatherer:FlowerBeam+2","Gatherer:FlowerPower","Gatherer:Misfortune","Gatherer:EnergyBasket"],"relics":["Gatherer:AlchemyBag","Toy Ornithopter","Gremlin Horn","hubris:Icosahedron"],"acts_visited":["Exordium"],"potions_floor_usage":[16],"damage_taken":[{"damage":4.0,"enemies":"2 Louse","floor":1.0,"turns":3.0},{"damage":0.0,"enemies":"Jaw Worm","floor":2.0,"turns":4.0},{"damage":0.0,"enemies":"Small Slimes","floor":3.0,"turns":3.0},{"damage":3.0,"enemies":"Exordium Wildlife","floor":7.0,"turns":2.0},{"damage":21.0,"enemies":"Lagavulin","floor":8.0,"turns":9.0},{"damage":1.0,"enemies":"3 Louse","floor":11.0,"turns":2.0},{"damage":0.0,"enemies":"Gremlin Gang","floor":12.0,"turns":1.0},{"damage":4.0,"enemies":"Exordium Wildlife","floor":14.0,"turns":2.0},{"damage":72,"enemies":"Hexaghost","floor":16,"turns":13}],"seed_played":"-1165548094244100029","potions_obtained":[{"floor":1.0,"key":"SpeedPotion"},{"floor":3.0,"key":"DemoMod:LeadSkinPotion"},{"floor":14.0,"key":"LiquidBronze"}],"is_trial":false,"path_per_floor":["M","M","M","?","?","R","M","E","T","?","M","M","R","M","R","B"],"character_chosen":"THE_GATHERER","items_purchased":[],"campfire_rested":0,"item_purchase_floors":[],"current_hp_per_floor":[75,75,75,75,80,80,77,56,56,56,55,55,55,51,51,0,0,0],"gold":245,"neow_bonus":"TEN_PERCENT_HP_BONUS","is_daily":false,"chose_seed":false,"campfire_upgraded":2,"win_rate":0.0,"timestamp":1608101754,"path_taken":["M","M","M","?","?","R","M","E","T","?","M","M","R","?","R","BOSS"],"items_purchased_type":[],"build_version":"2020-12-13","purchased_purges":0,"victory":false,"max_hp_per_floor":[79,79,79,79,84,84,84,84,84,84,84,84,84,84,84,84,84,84],"card_choices":[{"not_picked":["Gatherer:CarefulStrike","Gatherer:FlowerFalling"],"picked":"Gatherer:DrugPower","floor":1.0},{"not_picked":["Gatherer:SealedBomb","Gatherer:FlowerShield"],"picked":"Gatherer:FlowerBeam","floor":2.0},{"not_picked":["Gatherer:FlamingBottle","Gatherer:ScherryThrow"],"picked":"Gatherer:FlowerPower","floor":3.0},{"not_picked":["Gatherer:BalancedGrowth","Gatherer:DrugPower","Gatherer:Frenzy"],"picked":"SKIP","floor":7.0},{"not_picked":["Gatherer:ColorfulGarden","Gatherer:GatherMaterial"],"picked":"Gatherer:Misfortune","floor":8.0},{"not_picked":["Gatherer:CollectorsShot","Gatherer:BambuSword","Gatherer:TacticalStrike"],"picked":"SKIP","floor":11.0},{"not_picked":["Gatherer:PotentialSlash","Gatherer:FlowerBeam","Gatherer:Misfortune"],"picked":"SKIP","floor":12.0},{"not_picked":["Gatherer:Herbalism","Gatherer:LuckyClover"],"picked":"Gatherer:EnergyBasket","floor":14.0}],"player_experience":79669,"relics_obtained":[{"floor":8.0,"key":"Toy Ornithopter"},{"floor":9.0,"key":"Gremlin Horn"}],"event_choices":[{"damage_healed":0.0,"max_hp_gain":5.0,"max_hp_loss":0.0,"gold_gain":0.0,"event_name":"Big Fish","player_choice":"Donut","floor":5.0,"gold_loss":0.0,"damage_taken":0.0}],"is_beta":false,"boss_relics":[],"items_purged_floors":[],"is_endless":false,"potions_floor_spawned":[1,3,14],"killed_by":"Hexaghost","ascension_level":0}}