{"host":"cf32014d19ld5mat","time":1608119092,"event":{"mods":["AchievementEnabler","BaseMod","Block Reminder","Minty Spire (QoL Compilation)","Random Character Button","Relic Stats","StSLib"],"gold_per_floor":[117,128,128,143,166,209,209,240,240,265,308,308,308,333,333,431,431,461,7,34,58,91,91,91,91],"floor_reached":24,"playtime":967,"items_purged":["Strike_R"],"score":440,"play_id":"28db7d95-a67d-4c6c-a5b8-283f5356ce21","local_time":"20201216114452","is_ascension_mode":true,"campfire_choices":[{"data":"Carnage","floor":7.0,"key":"SMITH"},{"data":"Bash","floor":15,"key":"SMITH"},{"floor":23,"key":"REST"}],"circlet_count":0,"master_deck":["AscendersBane","Strike_R","Strike_R","Strike_R+1","Strike_R+1","Defend_R","Defend_R","Defend_R","Defend_R","Bash+1","Double Tap","Intimidate","Carnage+1","Evolve","Inflame","Flame Barrier","Burning Pact","Feel No Pain","Armaments","Fiend Fire","Shrug It Off","Feel No Pain","Cleave","Reaper"],"relics":["Burning Blood","Golden Idol","Whetstone","Nunchaku","CeramicFish","Darkstone Periapt","Anchor","Cursed Key","DollysMirror","Potion Belt"],"acts_visited":["Exordium","TheCity"],"potions_floor_usage":[11,16,16,21,24],"damage_taken":[{"damage":8.0,"enemies":"2 Louse","floor":1.0,"turns":5.0},{"damage":4.0,"enemies":"Jaw Worm","floor":2.0,"turns":3.0},{"damage":0.0,"enemies":"Cultist","floor":4.0,"turns":3.0},{"damage":9.0,"enemies":"Blue Slaver","floor":5.0,"turns":3.0},{"damage":35.0,"enemies":"3 Sentries","floor":6.0,"turns":8.0},{"damage":5.0,"enemies":"Gremlin Nob","floor":8.0,"turns":3.0},{"damage":3.0,"enemies":"Exordium Wildlife","floor":10.0,"turns":4.0},{"damage":30,"enemies":"Lagavulin","floor":11,"turns":6},{"damage":1,"enemies":"3 Louse","floor":14,"turns":5},{"damage":23,"enemies":"Slime Boss","floor":16,"turns":7},{"damage":27,"enemies":"Spheric Guardian","floor":18,"turns":5},{"damage":8,"enemies":"2 Thieves","floor":20,"turns":5},{"damage":1,"enemies":"Snake Plant","floor":21,"turns":4},{"damage":14,"enemies":"Centurion and Healer","floor":22,"turns":6},{"damage":52,"enemies":"Book of Stabbing","floor":24,"turns":6}],"seed_played":"2854701667070165686","potions_obtained":[{"floor":1.0,"key":"Regen Potion"},{"floor":4.0,"key":"BloodPotion"},{"floor":8.0,"key":"ColorlessPotion"},{"floor":13,"key":"LiquidMemories"},{"floor":16,"key":"SpeedPotion"},{"floor":18,"key":"Ancient Potion"},{"floor":22,"key":"Ancient Potion"}],"is_trial":false,"path_per_floor":["M","M","?","M","M","E","R","E","T","M","E","?","?","M","R","B",null,"M","$","M","M","M","R","E"],"character_chosen":"IRONCLAD","items_purchased":["DollysMirror","Potion Belt","ColorlessPotion"],"campfire_rested":1,"item_purchase_floors":[19,19,19],"current_hp_per_floor":[66,68,68,68,65,36,36,50,50,53,29,18,18,23,23,15,55,34,34,32,37,29,49,0,0],"gold":91,"neow_bonus":"ONE_RANDOM_RARE_CARD","is_daily":false,"chose_seed":false,"campfire_upgraded":2,"win_rate":0.0,"timestamp":1608119092,"path_taken":["M","M","?","M","M","E","R","E","T","M","E","?","?","?","R","BOSS","M","$","M","M","M","R","E"],"items_purchased_type":["Relic","Relic","Potion"],"build_version":"2020-12-13","purchased_purges":1,"victory":false,"max_hp_per_floor":[75,75,68,68,68,68,68,68,68,68,68,68,68,68,68,68,68,68,68,68,68,68,68,68,68],"relic_stats":{"Darkstone Periapt":0,"Nunchaku":[6],"counters":[15,73],"Golden Idol":74,"CeramicFish":63,"Whetstone":["Strike_R","Strike_R"],"Cursed Key":0,"obtain_stats":[{"Darkstone Periapt":11,"Potion Belt":19,"Nunchaku":8,"Anchor":12,"Golden Idol":3,"DollysMirror":19,"CeramicFish":9,"Whetstone":6,"Cursed Key":17,"Burning Blood":0},{"Darkstone Periapt":8,"Potion Belt":11,"Nunchaku":6,"Anchor":8,"Golden Idol":2,"DollysMirror":11,"CeramicFish":6,"Whetstone":5,"Cursed Key":10,"Burning Blood":0},{"Darkstone Periapt":35,"Potion Belt":52,"Nunchaku":25,"Anchor":35,"Golden Idol":8,"DollysMirror":52,"CeramicFish":25,"Whetstone":22,"Cursed Key":47,"Burning Blood":0}],"Burning Blood":78},"card_choices":[{"not_picked":["Perfected Strike","Flex"],"picked":"Intimidate","floor":1.0},{"not_picked":["Wild Strike","True Grit"],"picked":"Carnage","floor":2.0},{"not_picked":["Body Slam","Shrug It Off"],"picked":"Evolve","floor":4.0},{"not_picked":["Pommel Strike","Intimidate"],"picked":"Inflame","floor":5.0},{"not_picked":["Perfected Strike","Flex"],"picked":"Flame Barrier","floor":6.0},{"not_picked":["Headbutt","Perfected Strike"],"picked":"Burning Pact","floor":8.0},{"not_picked":["Heavy Blade","Disarm"],"picked":"Feel No Pain","floor":10.0},{"not_picked":["Bludgeon","Rupture"],"picked":"Armaments","floor":11},{"not_picked":["Perfected Strike","Rupture","Dual Wield"],"picked":"SKIP","floor":14},{"not_picked":["Feed","Impervious"],"picked":"Fiend Fire","floor":16},{"not_picked":["Clothesline","Wild Strike+1"],"picked":"Shrug It Off","floor":18},{"not_picked":["Warcry","Clash"],"picked":"Cleave","floor":20},{"not_picked":["Armaments","Spot Weakness","Flame Barrier"],"picked":"SKIP","floor":21},{"not_picked":["Rage","Cleave"],"picked":"Reaper","floor":22}],"player_experience":945814,"relics_obtained":[{"floor":6.0,"key":"Whetstone"},{"floor":8.0,"key":"Nunchaku"},{"floor":9.0,"key":"CeramicFish"},{"floor":11,"key":"Darkstone Periapt"}],"event_choices":[{"damage_healed":0.0,"max_hp_gain":0.0,"max_hp_loss":7.0,"gold_gain":0.0,"event_name":"Golden Idol","player_choice":"Lose Max HP","floor":3.0,"gold_loss":0.0,"damage_taken":0.0,"relics_obtained":["Golden Idol"]},{"damage_healed":0,"gold_gain":0,"player_choice":"Success","damage_taken":11,"relics_obtained":["Anchor"],"max_hp_gain":0,"max_hp_loss":0,"event_name":"Scrap Ooze","floor":12,"gold_loss":0},{"damage_healed":0,"gold_gain":0,"player_choice":"Got Potions","damage_taken":0,"max_hp_gain":0,"max_hp_loss":0,"event_name":"Lab","floor":13,"gold_loss":0}],"is_beta":false,"boss_relics":[{"not_picked":["Runic Dome","Ectoplasm"],"picked":"Cursed Key"}],"items_purged_floors":[19],"is_endless":false,"potions_floor_spawned":[1,4,5,8,16,18,22],"killed_by":"Book of Stabbing","ascension_level":20}}