{"host":"njb27ds59h4j3ikk","time":1608138331,"event":{"mods":["AchievementEnabler","BaseMod","Better Altar","Better Match","Better Note","Better Sensory Stone","Better Skull","Better Third Choice","BetterRewards","Downfall","Hermit","Hubris","Minty Spire (QoL Compilation)","Permanent Neow","Quarter Circle Forward PUNCH!","Quick Restart","Rare Cards Sparkle","Replay The Spire","Shop Mod","StSLib","Trackpad","Transform Curses"],"gold_per_floor":[99,133,133,145,145,160,160,335,362,362,377,397,408,420,440,440,440],"floor_reached":16,"playtime":818,"items_purged":[],"score":114,"play_id":"e562f9a7-7617-4adc-abff-3a084b562680","local_time":"20201216120531","is_ascension_mode":false,"campfire_choices":[{"floor":1.0,"key":"DIG"},{"data":"champ:IronFortress","floor":5.0,"key":"SMITH"},{"data":"champ:Execute","floor":5.0,"key":"SMITH"},{"data":"champ:VampiricStrike","floor":10.0,"key":"SMITH"},{"data":"champ:DeathBlow","floor":10.0,"key":"SMITH"}],"circlet_count":0,"master_deck":["champ:Strike","champ:Strike","champ:Strike","champ:Strike","champ:Defend","champ:Defend","champ:Defend","champ:Defend","champ:Execute+1","champ:Taunt+1","champ:GutPunch","champ:IronFortress+1","champ:DeathBlow+1","Doubt","champ:VampiricStrike+1","champ:RapidStrikes","champ:FaceSlap","champ:ViciousMockery","champ:Circumvent","champ:RecklessLeap"],"relics":["champ:ChampionCrown","Replay:Arrowhead","Blue Candle","downfall:BrokenWingStatue","trackpad:Mousetrap","Replay:Bottled Flurry"],"acts_visited":["Exordium"],"potions_floor_usage":[16],"damage_taken":[{"damage":56.0,"enemies":"3 Sentries","floor":2.0,"turns":10.0},{"damage":8.0,"enemies":"Small Slimes","floor":4.0,"turns":4.0},{"damage":0.0,"enemies":"2 Louse","floor":6.0,"turns":2.0},{"damage":58.0,"enemies":"Lagavulin","floor":9.0,"turns":5.0},{"damage":31.0,"enemies":"Jaw Worm","floor":11.0,"turns":2.0},{"damage":12.0,"enemies":"Blue Slaver","floor":12.0,"turns":2.0},{"damage":35.0,"enemies":"Exordium Thugs","floor":13.0,"turns":2.0},{"damage":18,"enemies":"Gremlin Gang","floor":14,"turns":6},{"damage":37,"enemies":"Large Slime","floor":15,"turns":6},{"damage":40,"enemies":"downfall:Silent","floor":16,"turns":6}],"seed_played":"9097614052526606897","potions_obtained":[{"floor":6.0,"key":"Weak Potion"},{"floor":11.0,"key":"Doom Potion"},{"floor":15,"key":"FearPotion"}],"is_trial":false,"path_per_floor":["R","E","?","M","R","M","T","?","E","R","M","M","M","M","M","B"],"character_chosen":"THE_CHAMP","items_purchased":[],"campfire_rested":0,"item_purchase_floors":[],"current_hp_per_floor":[90,49,49,49,49,54,54,54,43,43,52,55,45,36,19,0,0],"gold":440,"neow_bonus":"UPGRADE_CARD","is_daily":false,"chose_seed":false,"campfire_upgraded":4,"win_rate":0.0,"timestamp":1608138331,"path_taken":["R","E","?","M","R","M","T","?","E","R","M","M","M","?","M","BOSS"],"items_purchased_type":[],"build_version":"2020-12-13","purchased_purges":0,"victory":false,"max_hp_per_floor":[90,90,90,90,90,90,90,90,90,90,90,90,90,90,90,90,90],"card_choices":[{"not_picked":["champ:BladeFlurry","champ:AdrenalArmor"],"picked":"champ:GutPunch","floor":2.0},{"not_picked":["champ:BladeFlurry","champ:Haymaker"],"picked":"champ:IronFortress","floor":4.0},{"not_picked":["champ:Riposte","champ:FightOn"],"picked":"champ:DeathBlow","floor":6.0},{"not_picked":["champ:Haymaker","champ:EnragedBash"],"picked":"champ:VampiricStrike","floor":9.0},{"not_picked":["champ:IronFortress","champ:FightOn"],"picked":"champ:RapidStrikes","floor":11.0},{"not_picked":["champ:RapidStrikes","champ:Riposte"],"picked":"champ:FaceSlap","floor":12.0},{"not_picked":["champ:GladiatorsShout","champ:Circumvent"],"picked":"champ:ViciousMockery","floor":13.0},{"not_picked":["champ:FlashCut","champ:GladiatorsShout"],"picked":"champ:Circumvent","floor":14},{"not_picked":["champ:DefensiveStyle","champ:CrookedStrike"],"picked":"champ:RecklessLeap","floor":15}],"player_experience":1199078,"relics_obtained":[{"floor":1.0,"key":"Replay:Arrowhead"},{"floor":2.0,"key":"Blue Candle"},{"floor":7.0,"key":"trackpad:Mousetrap"},{"floor":9.0,"key":"Replay:Bottled Flurry"}],"event_choices":[],"is_beta":false,"boss_relics":[],"items_purged_floors":[],"is_endless":false,"potions_floor_spawned":[6,11,15],"killed_by":"downfall:Silent","ascension_level":0}}