{"host":"utqe55yv0jihe4d6","time":1608156340,"event":{"mods":["2.2 Compatiblity","AchievementEnabler","BaseMod","Block Reminder","Colored Map","Colored Powertips","Minty Spire (QoL Compilation)","Quick Restart","Rare Cards Sparkle","Relic Stats","SuperFastMode"],"gold_per_floor":[109,109,126,137,137,137,57,57,57,57,89,89,89,29,29,29,29],"floor_reached":16,"playtime":341,"items_purged":["Strike_G"],"score":192,"play_id":"cab3a12d-bb6e-44df-a4fb-58744b429ae9","local_time":"20201216170540","is_ascension_mode":true,"campfire_choices":[{"data":"Leg Sweep","floor":6,"key":"SMITH"},{"data":"Crippling Poison","floor":8,"key":"SMITH"},{"floor":10,"key":"REST"},{"floor":12,"key":"REST"},{"data":"Neutralize","floor":15,"key":"SMITH"}],"circlet_count":0,"master_deck":["AscendersBane","Strike_G","Strike_G","Strike_G","Defend_G","Defend_G","Defend_G","Defend_G","Defend_G","Survivor","Neutralize+1","Dagger Throw","Leg Sweep+1","Crippling Poison+1"],"relics":["Snecko Eye","Blue Candle","The Courier","The Specimen"],"acts_visited":["Exordium"],"potions_floor_usage":[11,11],"damage_taken":[{"damage":18,"enemies":"Cultist","floor":1,"turns":7},{"damage":9,"enemies":"Jaw Worm","floor":3,"turns":5},{"damage":4,"enemies":"2 Louse","floor":4,"turns":2},{"damage":12,"enemies":"Gremlin Nob","floor":11,"turns":4},{"damage":59,"enemies":"Hexaghost","floor":16,"turns":11}],"seed_played":"8654675038483767180","potions_obtained":[{"floor":1,"key":"Fire Potion"},{"floor":4,"key":"BlessingOfTheForge"}],"is_trial":false,"path_per_floor":["M","?","M","M","?","R","$","R","T","R","E","R","?","$","R","B"],"character_chosen":"THE_SILENT","items_purchased":["Crippling Poison"],"campfire_rested":2,"item_purchase_floors":[7],"current_hp_per_floor":[41,30,21,17,10,10,10,10,10,29,17,36,58,58,58,0,0],"gold":29,"neow_bonus":"BOSS_RELIC","is_daily":false,"chose_seed":false,"campfire_upgraded":3,"win_rate":0.0,"timestamp":1608156340,"path_taken":["M","?","M","M","?","R","$","R","T","R","E","R","?","?","R","BOSS"],"items_purchased_type":["Card"],"build_version":"2020-12-13","purchased_purges":1,"victory":false,"max_hp_per_floor":[66,66,66,66,66,66,66,66,66,66,66,66,66,66,66,66,66],"relic_stats":{"counters":[5,29],"Blue Candle":[0],"Snecko Eye":[53,34,48,54],"obtain_stats":[{"The Specimen":11,"Blue Candle":2,"Snecko Eye":0,"The Courier":9,"Ring of the Snake":0},{"The Specimen":4,"Blue Candle":1,"Snecko Eye":0,"The Courier":3,"Ring of the Snake":0},{"The Specimen":18,"Blue Candle":7,"Snecko Eye":0,"The Courier":14,"Ring of the Snake":0}]},"card_choices":[{"not_picked":["Footwork","Slice"],"picked":"Dagger Throw","floor":1},{"not_picked":["Cloak And Dagger","Bane","Endless Agony"],"picked":"SKIP","floor":3},{"not_picked":["Infinite Blades","Quick Slash"],"picked":"Leg Sweep","floor":4},{"not_picked":["Reflex","Terror","PiercingWail"],"picked":"SKIP","floor":11}],"player_experience":2770149,"relics_obtained":[{"floor":9,"key":"The Courier"},{"floor":11,"key":"The Specimen"}],"event_choices":[{"damage_healed":0,"gold_gain":0,"player_choice":"Success","damage_taken":11,"relics_obtained":["Blue Candle"],"max_hp_gain":0,"max_hp_loss":0,"event_name":"Scrap Ooze","floor":2,"gold_loss":0},{"cards_removed":["Strike_G"],"damage_healed":0,"gold_gain":0,"player_choice":"Card Removal","damage_taken":7,"max_hp_gain":0,"max_hp_loss":0,"event_name":"Golden Wing","floor":5,"gold_loss":0},{"damage_healed":22,"gold_gain":0,"player_choice":"Banana","damage_taken":0,"max_hp_gain":0,"max_hp_loss":0,"event_name":"Big Fish","floor":13,"gold_loss":0}],"is_beta":false,"boss_relics":[],"items_purged_floors":[14],"is_endless":false,"potions_floor_spawned":[1,4],"killed_by":"Hexaghost","ascension_level":20}}