{"host":"344lv32hnei0mdhu","time":1608079615,"event":{"mods":["Act Like it!","BaseMod","Better Match","Better Sensory Stone","Better Skull","Better Third Choice","Better Vampires","Colored Powertips","Highlight Path","Minty Spire (QoL Compilation)","Quick Restart","Random Character Button","Rare Cards Sparkle","StSLib"],"gold_per_floor":[110,122,122,122,122,122,166,166,166,187,200,223,223,223,223,353,353,372,150,249,164,89,120,47,47,47],"floor_reached":25,"playtime":1260,"items_purged":[],"score":387,"play_id":"e0644765-d289-4d15-b466-261ba4ada4e6","local_time":"20201215184653","is_ascension_mode":true,"campfire_choices":[{"floor":6,"key":"REST"},{"floor":8,"key":"REST"},{"floor":13,"key":"REST"},{"floor":15,"key":"REST"}],"circlet_count":0,"master_deck":["Strike_G","Strike_G","Strike_G","Strike_G","Strike_G","Defend_G","Defend_G","Defend_G","Defend_G","Defend_G","Survivor","Neutralize","Deadly Poison","Dash","Metamorphosis","Cloak And Dagger","Venomology","Flying Knee+1","All Out Attack+1","Dagger Spray+1","Envenom","Burst","Noxious Fumes","Predator+1","Accuracy"],"relics":["Ring of the Snake","NeowsBlessing","Golden Idol","Boot","Dream Catcher","Molten Egg 2","Fusion Hammer","PreservedInsect","Gremlin Horn","White Beast Statue"],"acts_visited":["Exordium","TheCity"],"potions_floor_usage":[12,16,18,25],"damage_taken":[{"damage":0,"enemies":"Cultist","floor":1,"turns":1},{"damage":0,"enemies":"Small Slimes","floor":2,"turns":1},{"damage":0,"enemies":"Lagavulin","floor":7,"turns":2},{"damage":0,"enemies":"2 Louse","floor":10,"turns":2},{"damage":8,"enemies":"Exordium Wildlife","floor":11,"turns":8},{"damage":6,"enemies":"3 Louse","floor":12,"turns":4},{"damage":50,"enemies":"Slime Boss","floor":16,"turns":13},{"damage":21,"enemies":"Spheric Guardian","floor":18,"turns":4},{"damage":0,"enemies":"Gremlin Leader","floor":23,"turns":4},{"damage":63,"enemies":"Book of Stabbing","floor":25,"turns":7}],"seed_played":"-2351852932237007232","potions_obtained":[{"floor":11,"key":"SpeedPotion"},{"floor":23,"key":"CultistPotion"}],"is_trial":false,"path_per_floor":["M","M","?","?","?","R","E","R","T","M","M","M","R","?","R","B",null,"M","$","?","?","?","E","$","E"],"character_chosen":"THE_SILENT","items_purchased":["Noxious Fumes","PreservedInsect","Accuracy"],"campfire_rested":4,"item_purchase_floors":[19,19,24],"current_hp_per_floor":[63,63,46,46,21,42,42,63,63,63,55,49,70,70,70,20,58,37,37,37,37,37,37,37,0,0],"gold":47,"neow_bonus":"THREE_ENEMY_KILL","is_daily":false,"chose_seed":false,"campfire_upgraded":0,"win_rate":0.0,"timestamp":1608079613,"path_taken":["M","M","?","?","?","R","E","R","T","?","M","M","R","?","R","BOSS","M","$","?","?","?","E","?","E"],"items_purchased_type":["Card","Relic","Card"],"build_version":"2020-12-13","purchased_purges":0,"victory":false,"max_hp_per_floor":[70,70,70,70,70,70,70,70,70,70,70,70,70,70,70,70,70,70,70,70,70,70,70,70,70,70],"card_choices":[{"not_picked":["Sucker Punch","Underhanded Strike"],"picked":"Deadly Poison","floor":1},{"not_picked":["Poisoned Stab","Backflip"],"picked":"Dash","floor":2},{"not_picked":["Blind","Magnetism"],"picked":"Metamorphosis","floor":4},{"not_picked":["Acrobatics","Poisoned Stab"],"picked":"Cloak And Dagger","floor":7},{"not_picked":["Cloak And Dagger","Flying Knee"],"picked":"Venomology","floor":8},{"not_picked":["Deflect","Flying Knee+1","Poisoned Stab+1"],"picked":"SKIP","floor":10},{"not_picked":["Acrobatics","Deadly Poison"],"picked":"Flying Knee+1","floor":11},{"not_picked":["Bane+1","Dash+1"],"picked":"All Out Attack+1","floor":12},{"not_picked":["Setup","Cloak And Dagger"],"picked":"Dagger Spray+1","floor":13},{"not_picked":["Dodge and Roll","Dagger Spray+1"],"picked":"Envenom","floor":15},{"not_picked":["Die Die Die+1","Malaise"],"picked":"Burst","floor":16},{"not_picked":["Bane+1","Underhanded Strike+1","Flechettes+1"],"picked":"SKIP","floor":18},{"not_picked":["Masterful Stab+1","Tactician"],"picked":"Predator+1","floor":23}],"player_experience":343781,"relics_obtained":[{"floor":7,"key":"Dream Catcher"},{"floor":9,"key":"Molten Egg 2"},{"floor":23,"key":"White Beast Statue"}],"event_choices":[{"damage_healed":0,"gold_gain":0,"player_choice":"Take Damage","damage_taken":17,"relics_obtained":["Golden Idol"],"max_hp_gain":0,"max_hp_loss":0,"event_name":"Golden Idol","floor":3,"gold_loss":0},{"damage_healed":0,"gold_gain":1,"player_choice":"1","damage_taken":0,"max_hp_gain":0,"max_hp_loss":0,"event_name":"betterStone:BetterStone","floor":4,"gold_loss":0},{"damage_healed":0,"gold_gain":1,"player_choice":"Relic ","damage_taken":25,"max_hp_gain":0,"max_hp_loss":0,"event_name":"betterThird:BetterScrap","floor":5,"gold_loss":0,"cards_obtained":["Feel No Pain"]},{"damage_healed":70,"gold_gain":0,"player_choice":"Embrace Burn","damage_taken":0,"max_hp_gain":0,"max_hp_loss":70,"event_name":"betterThird:BetterShining","floor":14,"gold_loss":1},{"damage_healed":0,"gold_gain":99,"player_choice":"Steal","damage_taken":0,"max_hp_gain":0,"max_hp_loss":0,"event_name":"betterThird:BetterNest","floor":20,"gold_loss":0},{"damage_healed":0,"gold_gain":0,"player_choice":"Obtained Relic","damage_taken":0,"relics_obtained":["Gremlin Horn"],"max_hp_gain":0,"max_hp_loss":0,"event_name":"Addict","floor":21,"gold_loss":85},{"cards_removed":["Burn"],"damage_healed":0,"gold_gain":0,"player_choice":"Gave Gold","damage_taken":0,"max_hp_gain":0,"max_hp_loss":0,"event_name":"Beggar","floor":22,"gold_loss":75}],"is_beta":false,"boss_relics":[{"not_picked":["Runic Dome","Sozu"],"picked":"Fusion Hammer"}],"items_purged_floors":[],"is_endless":false,"potions_floor_spawned":[11,23],"killed_by":"Book of Stabbing","ascension_level":9}}