{"host":"28p8ce41sjwa6lzf","time":1608139619,"event":{"mods":["BaseMod","Colored Map","Colored Powertips","Highlight Path","Minty Spire (QoL Compilation)","Permanent Neow","Quick Restart","Random Character Button","Rare Cards Sparkle","Relic Stats","StSLib","Unceasing Turn Reminder"],"gold_per_floor":[15,30,47,47,70,111,111,111,161,161,179,217,217,248,248,344,344,364,289,310,122,153,153,23,56,83,123,123,123,123,123,123,194,194,208,220,268,278,293,321,321,345,368,368,386,412,28,328,328,328,328,328],"floor_reached":51,"playtime":3318,"items_purged":["Strike_G"],"score":1618,"play_id":"1550e733-74de-4816-85b1-892c2436f541","local_time":"20201216112659","is_ascension_mode":true,"campfire_choices":[{"data":"Noxious Fumes","floor":7.0,"key":"SMITH"},{"data":"Leg Sweep","floor":10.0,"key":"SMITH"},{"data":"Noxious Fumes","floor":13.0,"key":"SMITH"},{"data":"Adrenaline","floor":15.0,"key":"SMITH"},{"data":"Wraith Form v2","floor":23.0,"key":"SMITH"},{"data":"Noxious Fumes","floor":28.0,"key":"SMITH"},{"data":"Bouncing Flask","floor":30.0,"key":"SMITH"},{"floor":32.0,"key":"REST"},{"floor":49,"key":"RECALL"}],"circlet_count":0,"master_deck":["AscendersBane","Strike_G","Strike_G","Strike_G","Defend_G","Defend_G","Defend_G","Defend_G","Defend_G","Survivor","Neutralize","Masterful Stab","Noxious Fumes+1","Choke","Leg Sweep+1","Predator","Noxious Fumes+1","Adrenaline+1","PiercingWail","Wraith Form v2+1","Deadly Poison","Noxious Fumes+1","Dash","Bouncing Flask+1","Die Die Die","Corpse Explosion","PiercingWail","Panacea+1","Prepared","Catalyst","Well Laid Plans"],"relics":["Ring of the Snake","Bloody Idol","Ornamental Fan","Toy Ornithopter","Juzu Bracelet","The Courier","Busted Crown","Red Mask","Membership Card","Omamori","Lantern","MealTicket","Philosopher\u0027s Stone","Unceasing Top","Orichalcum","PreservedInsect","Smiling Mask","Bag of Preparation","Ginger","Mango"],"acts_visited":["Exordium","TheCity","TheBeyond"],"potions_floor_usage":[50,50],"damage_taken":[{"damage":0.0,"enemies":"Jaw Worm","floor":1.0,"turns":4.0},{"damage":4.0,"enemies":"Small Slimes","floor":2.0,"turns":4.0},{"damage":0.0,"enemies":"Cultist","floor":3.0,"turns":4.0},{"damage":1.0,"enemies":"Exordium Wildlife","floor":5.0,"turns":3.0},{"damage":36.0,"enemies":"Gremlin Nob","floor":6.0,"turns":5.0},{"damage":0.0,"enemies":"Looter","floor":11.0,"turns":3.0},{"damage":15.0,"enemies":"Lagavulin","floor":12.0,"turns":6.0},{"damage":8.0,"enemies":"3 Sentries","floor":14.0,"turns":5.0},{"damage":0.0,"enemies":"Hexaghost","floor":16.0,"turns":9.0},{"damage":0.0,"enemies":"3 Byrds","floor":18.0,"turns":5.0},{"damage":10.0,"enemies":"Shell Parasite","floor":20.0,"turns":4.0},{"damage":17.0,"enemies":"Masked Bandits","floor":22.0,"turns":6.0},{"damage":17.0,"enemies":"Gremlin Leader","floor":25.0,"turns":7.0},{"damage":19.0,"enemies":"Book of Stabbing","floor":27.0,"turns":6.0},{"damage":42.0,"enemies":"Collector","floor":33.0,"turns":9.0},{"damage":1.0,"enemies":"Orb Walker","floor":35.0,"turns":4.0},{"damage":4.0,"enemies":"3 Darklings","floor":36.0,"turns":2.0},{"damage":5.0,"enemies":"2 Orb Walkers","floor":37.0,"turns":5.0},{"damage":13.0,"enemies":"Spire Growth","floor":38.0,"turns":5.0},{"damage":11.0,"enemies":"Maw","floor":39.0,"turns":7.0},{"damage":67.0,"enemies":"Giant Head","floor":40.0,"turns":9.0},{"damage":4.0,"enemies":"Sphere and 2 Shapes","floor":45.0,"turns":4.0},{"damage":28.0,"enemies":"Reptomancer","floor":46.0,"turns":5.0},{"damage":23,"enemies":"Donu and Deca","floor":50,"turns":6},{"damage":45,"enemies":"Awakened One","floor":51,"turns":9}],"seed_played":"8128607277614365397","potions_obtained":[{"floor":1.0,"key":"Regen Potion"},{"floor":2.0,"key":"Dexterity Potion"},{"floor":5.0,"key":"EntropicBrew"},{"floor":16.0,"key":"EntropicBrew"},{"floor":20.0,"key":"Dexterity Potion"},{"floor":27.0,"key":"Dexterity Potion"},{"floor":33.0,"key":"Weak Potion"},{"floor":37.0,"key":"FairyPotion"},{"floor":40.0,"key":"ColorlessPotion"},{"floor":45.0,"key":"AttackPotion"}],"is_trial":false,"path_per_floor":["M","M","M","?","M","E","R","?","T","R","M","E","R","E","R","B",null,"M","?","M","$","?","R","$","E","T","E","R","?","R","?","R","B",null,"M","M","?","M","M","E","?","T","T","?","M","E","$","?","R","B","B"],"character_chosen":"THE_SILENT","items_purchased":["Noxious Fumes","Dash","Membership Card","Bag of Preparation","Ginger","Mango","Well Laid Plans","GamblersBrew"],"campfire_rested":1,"item_purchase_floors":[21,21,24,47,47,47,47,47],"current_hp_per_floor":[71,67,67,67,66,42,42,42,42,42,42,42,42,34,34,34,62,62,62,52,52,50,50,50,33,33,19,19,19,19,19,40,8,55,59,60,60,52,51,26,26,31,36,36,37,19,48,53,53,40,0,0],"gold":328,"neow_bonus":"TWENTY_PERCENT_HP_BONUS","is_daily":false,"chose_seed":false,"campfire_upgraded":7,"win_rate":0.0,"timestamp":1608139619,"path_taken":["M","M","M","?","M","E","R","?","T","R","M","E","R","E","R","BOSS","M","?","M","$","?","R","?","E","T","E","R","?","R","?","R","BOSS","M","M","?","M","M","E","?","?","T","?","M","E","$","?","R","BOSS","BOSS"],"items_purchased_type":["Card","Card","Relic","Relic","Relic","Relic","Card","Potion"],"build_version":"2020-12-13","purchased_purges":1,"victory":false,"max_hp_per_floor":[78,78,78,71,71,71,71,71,71,71,71,71,71,71,71,71,71,71,71,71,71,71,71,71,71,71,71,71,71,71,71,71,71,71,71,71,71,71,71,71,71,71,71,71,71,71,85,85,85,85,85,85],"relic_stats":{"counters":[25,136],"PreservedInsect":63,"Juzu Bracelet":2,"Bag of Preparation":[4],"Ginger":[0],"Orichalcum":[48],"Smiling Mask":0,"Busted Crown":30,"Ornamental Fan":[88],"Bloody Idol":60,"MealTicket":15,"obtain_stats":[{"Lantern":26,"Golden Idol":4,"Mango":47,"The Courier":14,"PreservedInsect":43,"Juzu Bracelet":12,"Omamori":25,"Bag of Preparation":47,"Ginger":47,"Orichalcum":40,"Smiling Mask":46,"Busted Crown":17,"Ornamental Fan":6,"Bloody Idol":29,"MealTicket":27,"Philosopher\u0027s Stone":34,"Red Mask":22,"Membership Card":24,"Toy Ornithopter":9,"Unceasing Top":37,"Ring of the Snake":0},{"Lantern":13,"Golden Idol":3,"Mango":23,"The Courier":8,"PreservedInsect":21,"Juzu Bracelet":7,"Omamori":13,"Bag of Preparation":23,"Ginger":23,"Orichalcum":21,"Smiling Mask":23,"Busted Crown":9,"Ornamental Fan":5,"Bloody Idol":14,"MealTicket":14,"Philosopher\u0027s Stone":15,"Red Mask":12,"Membership Card":12,"Toy Ornithopter":5,"Unceasing Top":18,"Ring of the Snake":0},{"Lantern":65,"Golden Idol":12,"Mango":121,"The Courier":34,"PreservedInsect":112,"Juzu Bracelet":29,"Omamori":65,"Bag of Preparation":121,"Ginger":121,"Orichalcum":112,"Smiling Mask":121,"Busted Crown":43,"Ornamental Fan":20,"Bloody Idol":71,"MealTicket":71,"Philosopher\u0027s Stone":80,"Red Mask":58,"Membership Card":58,"Toy Ornithopter":20,"Unceasing Top":91,"Ring of the Snake":0}],"Toy Ornithopter":60,"Unceasing Top":[9],"Ring of the Snake":[50]},"card_choices":[{"not_picked":["Setup","Accuracy"],"picked":"Masterful Stab","floor":1.0},{"not_picked":["Crippling Poison","Dagger Spray"],"picked":"Noxious Fumes","floor":2.0},{"not_picked":["Slice","Predator"],"picked":"Choke","floor":3.0},{"not_picked":["Underhanded Strike","Distraction"],"picked":"Leg Sweep","floor":5.0},{"not_picked":["Grand Finale","Backflip"],"picked":"Predator","floor":6.0},{"not_picked":["Dagger Spray","Dash"],"picked":"Noxious Fumes","floor":11.0},{"not_picked":["Acrobatics","Eviscerate"],"picked":"Adrenaline","floor":12.0},{"not_picked":["Bane","Heel Hook"],"picked":"PiercingWail","floor":14.0},{"not_picked":["After Image","Doppelganger"],"picked":"Wraith Form v2","floor":16.0},{"not_picked":[],"picked":"Deadly Poison","floor":18.0},{"not_picked":["Slice"],"picked":"SKIP","floor":20.0},{"not_picked":[],"picked":"Bouncing Flask","floor":22.0},{"not_picked":[],"picked":"Die Die Die","floor":25.0},{"not_picked":["Poisoned Stab"],"picked":"SKIP","floor":27.0},{"not_picked":[],"picked":"Corpse Explosion","floor":33.0},{"not_picked":["Eviscerate"],"picked":"SKIP","floor":35.0},{"not_picked":["Eviscerate+1"],"picked":"SKIP","floor":36.0},{"not_picked":["Choke+1"],"picked":"SKIP","floor":38.0},{"not_picked":["Blade Dance"],"picked":"SKIP","floor":39.0},{"not_picked":[],"picked":"PiercingWail","floor":40.0},{"not_picked":[],"picked":"Panacea","floor":41.0},{"not_picked":[],"picked":"Prepared","floor":45.0},{"not_picked":[],"picked":"Catalyst","floor":46.0}],"player_experience":1003855,"relics_obtained":[{"floor":6.0,"key":"Ornamental Fan"},{"floor":9.0,"key":"Toy Ornithopter"},{"floor":12.0,"key":"Juzu Bracelet"},{"floor":14.0,"key":"The Courier"},{"floor":22.0,"key":"Red Mask"},{"floor":25.0,"key":"Omamori"},{"floor":26.0,"key":"Lantern"},{"floor":27.0,"key":"MealTicket"},{"floor":37.0,"key":"Unceasing Top"},{"floor":40.0,"key":"Orichalcum"},{"floor":43.0,"key":"PreservedInsect"},{"floor":46.0,"key":"Smiling Mask"}],"event_choices":[{"damage_healed":0.0,"max_hp_gain":0.0,"max_hp_loss":7.0,"gold_gain":0.0,"event_name":"Golden Idol","player_choice":"Lose Max HP","floor":4.0,"gold_loss":0.0,"damage_taken":0.0,"relics_obtained":["Golden Idol"]},{"damage_healed":0.0,"max_hp_gain":0.0,"max_hp_loss":0.0,"gold_gain":0.0,"event_name":"Liars Game","player_choice":"Ignored","floor":8.0,"gold_loss":0.0,"damage_taken":0.0},{"cards_removed":["Strike_G"],"damage_healed":0.0,"max_hp_gain":0.0,"max_hp_loss":0.0,"gold_gain":0.0,"event_name":"Beggar","player_choice":"Gave Gold","floor":19.0,"gold_loss":75.0,"damage_taken":0.0},{"damage_healed":0.0,"max_hp_gain":0.0,"max_hp_loss":0.0,"gold_gain":0.0,"event_name":"Masked Bandits","player_choice":"Fought Bandits","floor":22.0,"gold_loss":0.0,"damage_taken":0.0},{"damage_healed":0.0,"max_hp_gain":0.0,"max_hp_loss":0.0,"gold_gain":0.0,"event_name":"Forgotten Altar","player_choice":"Gave Idol","floor":29.0,"relics_lost":["Golden Idol"],"gold_loss":0.0,"damage_taken":0.0,"relics_obtained":["Bloody Idol"]},{"damage_healed":0.0,"max_hp_gain":0.0,"max_hp_loss":0.0,"gold_gain":0.0,"event_name":"Cursed Tome","player_choice":"Ignored","floor":31.0,"gold_loss":0.0,"damage_taken":0.0},{"damage_healed":0.0,"max_hp_gain":0.0,"max_hp_loss":0.0,"gold_gain":0.0,"event_name":"Mysterious Sphere","player_choice":"Fight","floor":37.0,"gold_loss":0.0,"damage_taken":0.0},{"damage_healed":0.0,"max_hp_gain":0.0,"max_hp_loss":0.0,"gold_gain":0.0,"event_name":"SensoryStone","player_choice":"Memory 1","floor":41.0,"gold_loss":0.0,"damage_taken":0.0},{"damage_healed":0.0,"max_hp_gain":0.0,"max_hp_loss":0.0,"gold_gain":0.0,"event_name":"Accursed Blacksmith","player_choice":"Forge","floor":44.0,"gold_loss":0.0,"damage_taken":0.0,"cards_upgraded":["Panacea"]},{"damage_healed":0,"gold_gain":300,"player_choice":"Gold","damage_taken":0,"max_hp_gain":0,"max_hp_loss":0,"event_name":"Wheel of Change","floor":48,"gold_loss":0}],"is_beta":false,"boss_relics":[{"not_picked":["Pandora\u0027s Box","Coffee Dripper"],"picked":"Busted Crown"},{"not_picked":["Ring of the Serpent","Runic Dome"],"picked":"Philosopher\u0027s Stone"}],"items_purged_floors":[21],"is_endless":false,"potions_floor_spawned":[1,2,5,16,20,27,33,37,40,45],"killed_by":"Awakened One","ascension_level":20}}