{"host":"jm9833yuloeli2yd","time":1608097044,"event":{"mods":["AchievementEnabler","BaseMod","Better Altar","Better Match","Better Note","Better Sensory Stone","Better Skull","Better Vampires","Colored Map","Colored Powertips","DeckTracker","Minty Spire (QoL Compilation)","Permanent Neow","Quick Restart","Replay The Spire","StSLib","SuperFastMode"],"gold_per_floor":[367,379,395,395,407,407,432,73,73,73,88,121,35,58,58,129,129,140,155,105,105,123,123,156,173,173,173,199,199,228,10,10,87,87,97,147,47,67,81,114,114,149,149,177,188,208,208,208,208,208,208],"floor_reached":52,"playtime":2481,"items_purged":["Strike_B","Defend_B"],"score":2245,"play_id":"60da3d9b-c555-4f83-9e55-95e37e627bf6","local_time":"20201216003724","is_ascension_mode":true,"campfire_choices":[{"data":"Melter","floor":6.0,"key":"SMITH"},{"floor":10.0,"key":"REST"},{"data":"Zap","floor":23.0,"key":"SMITH"},{"floor":29,"key":"REST"},{"data":"Defragment","floor":32,"key":"SMITH"},{"data":"White Noise","floor":41,"key":"SMITH"},{"data":"Loop","floor":49,"key":"SMITH"}],"circlet_count":0,"master_deck":["AscendersBane","Defend_B","Defend_B","Defend_B","Defend_B","Zap+1","Dualcast","Defend_G","Compile Driver","Cold Snap","Melter+1","BasicCrystalCard","White Noise+1","Capacitor+1","Chill","Auto Shields+1","Barrage","Reboot+1","Conserve Battery+1","Self Repair","Crystallizer","Beam Cell","Auto Shields+1","Defragment+1","Biased Cognition","Meteor Strike","FTL","Skim+1","Loop+1","Languid","Undo+1","Hologram+1","ReplayTheSpireMod:Doomed"],"relics":["Cracked Core","Eternal Feather","Garlic","Replay:Wax Seal","Pen Nib","Toxic Egg 2","DataDisk","Blood Vial","Replay:Drink Me","Emotion Chip","Toy Ornithopter","ReplayTheSpireMod:TigerMarble","Tiny Chest","OrangePellets","Cursed Key","Counterbalance","Gremlin Food","Replay:Baseball","Thread and Needle"],"acts_visited":["Exordium","TheCity","TheBeyond"],"potions_floor_usage":[24,24,13028,28,28,39,44,50],"damage_taken":[{"damage":9.0,"enemies":"Jaw Worm","floor":1.0,"turns":4.0},{"damage":1.0,"enemies":"2 Louse","floor":2.0,"turns":2.0},{"damage":0.0,"enemies":"Cultist","floor":3.0,"turns":3.0},{"damage":5.0,"enemies":"2 Fungi Beasts","floor":5.0,"turns":3.0},{"damage":25.0,"enemies":"Gremlin Nob","floor":7.0,"turns":4.0},{"damage":8.0,"enemies":"Large Slime","floor":11.0,"turns":8.0},{"damage":2.0,"enemies":"3 Sentries","floor":12.0,"turns":13.0},{"damage":18.0,"enemies":"Exordium Thugs","floor":13.0,"turns":4.0},{"damage":27.0,"enemies":"Slime Boss","floor":16.0,"turns":8.0},{"damage":30.0,"enemies":"Chosen","floor":18.0,"turns":10.0},{"damage":0.0,"enemies":"2 Thieves","floor":19.0,"turns":4.0},{"damage":9.0,"enemies":"Snake Plant","floor":22.0,"turns":7.0},{"damage":11,"enemies":"Book of Stabbing","floor":24,"turns":5},{"damage":0,"enemies":"Centurion and Healer","floor":25,"turns":11},{"damage":47,"enemies":"Slavers","floor":28,"turns":7},{"damage":8,"enemies":"Book of Stabbing","floor":30,"turns":5},{"damage":9,"enemies":"Pondfish","floor":33,"turns":11},{"damage":0,"enemies":"3 Darklings","floor":35,"turns":4},{"damage":1,"enemies":"Orb Walker","floor":38,"turns":3},{"damage":13,"enemies":"Jaw Worm Horde","floor":39,"turns":4},{"damage":16,"enemies":"R_Hoarder","floor":40,"turns":13},{"damage":36,"enemies":"Giant Head","floor":42,"turns":11},{"damage":3,"enemies":"R_Hoarder","floor":44,"turns":9},{"damage":0,"enemies":"Sphere and 2 Shapes","floor":45,"turns":7},{"damage":0,"enemies":"4 Shapes","floor":46,"turns":8},{"damage":7,"enemies":"Replay:Hell Engine","floor":50,"turns":12},{"damage":17,"enemies":"Awakened One","floor":51,"turns":17}],"seed_played":"6419306568012547902","potions_obtained":[{"floor":1.0,"key":"EssenceOfSteel"},{"floor":3.0,"key":"SmokeBomb"},{"floor":7.0,"key":"Milkshake"},{"floor":11.0,"key":"SteroidPotion"},{"floor":16.0,"key":"Strength Potion"},{"floor":19.0,"key":"FocusPotion"},{"floor":24,"key":"LifebloodPotion"},{"floor":28,"key":"LifebloodPotion"},{"floor":44,"key":"Death Potion"},{"floor":46,"key":"PotionOfCapacity"}],"is_trial":false,"path_per_floor":["M","M","M","?","M","R","E","$","T","R","M","E","M","T","R_BF","B",null,"M","M","?","$","M","R","E","M","T","?","E","R","E","$","R_BF","B",null,"M","?","$","M","M","E","R","E","T","E","M","M","T","?","R","B","B",null],"character_chosen":"DEFECT","items_purchased":["Capacitor","Chill","Replay:Wax Seal","Pen Nib","OrangePellets","SpeedPotion"],"campfire_rested":2,"item_purchase_floors":[8,8,8,8,31,31],"current_hp_per_floor":[55,54,54,36,31,40,15,15,15,48,40,38,20,20,53,28,48,20,22,22,22,22,34,25,34,34,18,6,37,31,31,46,46,52,54,54,54,54,51,44,54,25,25,29,38,47,47,47,54,54,44],"gold":208,"neow_bonus":"TWO_FIFTY_GOLD","is_daily":false,"chose_seed":false,"campfire_upgraded":5,"win_rate":0.0,"timestamp":1608097044,"path_taken":["M","M","M","?","M","R","E","$","T","R","M","E","M","?","R_BF","BOSS","M","M","?","$","?","R","E","M","T","?","E","R","E","$","R_BF","BOSS","M","?","?","?","M","E","R","E","T","E","M","M","?","?","R","BOSS","BOSS"],"items_purchased_type":["Card","Card","Relic","Relic","Relic","Potion"],"build_version":"2020-12-13","purchased_purges":2,"victory":true,"max_hp_per_floor":[71,71,71,71,71,71,71,71,71,71,71,71,71,71,71,71,54,54,54,54,54,54,54,54,54,54,54,54,54,54,54,54,54,54,54,54,54,54,54,54,54,54,54,54,54,54,54,54,54,54,54],"card_choices":[{"not_picked":["Reinforced Body","Panic Button"],"picked":"Compile Driver","floor":1.0},{"not_picked":["Steam Power","Chill"],"picked":"Cold Snap","floor":2.0},{"not_picked":["Panic Button","Reinforced Body"],"picked":"Melter","floor":3.0},{"not_picked":["ReplayGash","Reprogram"],"picked":"BasicCrystalCard","floor":5.0},{"not_picked":["Darkness","Fusion"],"picked":"White Noise","floor":7.0},{"not_picked":["Streamline","Compile Driver"],"picked":"Auto Shields+1","floor":11.0},{"not_picked":["Beam Cell","Rip and Tear","Creative AI"],"picked":"SKIP","floor":12.0},{"not_picked":["Panic Button+1","Rebound"],"picked":"Barrage","floor":13.0},{"not_picked":["Machine Learning","Meteor Strike"],"picked":"Reboot+1","floor":16.0},{"not_picked":["Panic Button+1","Barrage"],"picked":"Conserve Battery+1","floor":18.0},{"not_picked":["Recycle+1","Barrage"],"picked":"Self Repair","floor":19.0},{"not_picked":["Coolheaded+1","Streamline"],"picked":"Crystallizer","floor":22.0},{"not_picked":["Stack+1","ReplayTheSpireMod:Repulse+1"],"picked":"Beam Cell","floor":24},{"not_picked":["Barrage","Rebound"],"picked":"Auto Shields+1","floor":25},{"not_picked":["BasicCrystalCard+1","Coolheaded+1"],"picked":"Defragment","floor":28},{"not_picked":["Ball Lightning","Sweeping Beam"],"picked":"Biased Cognition","floor":30},{"not_picked":["Buffer","All For One"],"picked":"Meteor Strike","floor":33},{"not_picked":["Rebound","Conserve Battery+1"],"picked":"FTL","floor":35},{"not_picked":["Hello World","Conserve Battery+1","Chaos+1"],"picked":"SKIP","floor":38},{"not_picked":["Cold Snap","Blizzard"],"picked":"Skim+1","floor":39},{"not_picked":["ReplayRNGCard+1","Redo+1"],"picked":"Loop","floor":40},{"not_picked":["Streamline","ReplayTheSpireMod:GoodbyeWorld","Redo+1"],"picked":"SKIP","floor":42},{"not_picked":["Consume+1","Steam Power+1"],"picked":"Undo+1","floor":44},{"not_picked":["Steam+1","Tempest+1","ReplaySort+1"],"picked":"SKIP","floor":45},{"not_picked":["Redo+1","Rebound"],"picked":"Hologram+1","floor":46}],"player_experience":1100748,"relics_obtained":[{"floor":7.0,"key":"Garlic"},{"floor":9.0,"key":"Toxic Egg 2"},{"floor":12.0,"key":"DataDisk"},{"floor":14.0,"key":"Blood Vial"},{"floor":24,"key":"Emotion Chip"},{"floor":26,"key":"Toy Ornithopter"},{"floor":28,"key":"ReplayTheSpireMod:TigerMarble"},{"floor":30,"key":"Tiny Chest"},{"floor":40,"key":"Counterbalance"},{"floor":42,"key":"Gremlin Food"},{"floor":44,"key":"Replay:Baseball"},{"floor":47,"key":"Thread and Needle"}],"event_choices":[{"damage_healed":0.0,"max_hp_gain":0.0,"max_hp_loss":0.0,"gold_gain":0.0,"event_name":"Scrap Ooze","player_choice":"Success","floor":4.0,"gold_loss":0.0,"damage_taken":18.0,"relics_obtained":["Eternal Feather"]},{"damage_healed":0.0,"max_hp_gain":0.0,"max_hp_loss":0.0,"gold_gain":0.0,"event_name":"The Joust","player_choice":"Bet on Owner","floor":20.0,"gold_loss":50.0,"damage_taken":0.0},{"damage_healed":0,"gold_gain":0,"player_choice":" Potion ","damage_taken":16,"relics_obtained":[],"max_hp_gain":34,"max_hp_loss":18,"event_name":"betterAltar:BetterAltar","floor":27,"potions_obtained":["betterAltar:AltarPotion"],"relics_lost":[],"gold_loss":0},{"damage_healed":0,"gold_gain":50,"player_choice":"Pray","damage_taken":0,"max_hp_gain":0,"max_hp_loss":0,"event_name":"Golden Shrine","floor":36,"gold_loss":0}],"is_beta":false,"boss_relics":[{"not_picked":["FrozenCore","Tiny House"],"picked":"Replay:Drink Me"},{"not_picked":["Kintsugi","SacredBark"],"picked":"Cursed Key"}],"items_purged_floors":[8,37],"is_endless":false,"potions_floor_spawned":[1,3,7,11,16,19,24,28,33,35,38,44,46],"ascension_level":20}}