{"host":"u2dm6glrpyjr66v9","time":1608092662,"event":{"mods":["AchievementEnabler","BaseMod","CapriCore","Colored Map","Colored Powertips","DeckTracker","Friendly Minions","KomeijiMod","Minty Spire (QoL Compilation)","Quick Restart","StSLib","SuperFastMode"],"gold_per_floor":[176,176,53,53,68,101,101,120,195,207,232,248,248,259,259,359,359,370,295,295,313,326,326,361,378,378,393,424,424,435,435,435,435,435],"floor_reached":33,"playtime":1069,"items_purged":[],"score":349,"play_id":"8ef880bd-2c89-423a-b19f-ad59bedcde25","local_time":"20201216132422","is_ascension_mode":false,"campfire_choices":[{"floor":13.0,"key":"REST"},{"data":"Absorbed","floor":15,"key":"SMITH"},{"data":"BloodyMagicSquare","floor":23,"key":"SMITH"},{"floor":29,"key":"REST"},{"floor":32,"key":"REST"}],"circlet_count":0,"master_deck":["Absorbed+1","Scratch","Culling+1","RocketKickup","RocketKickup","RocketKickup","DoubleEdge","ScarletNetherworld","BloodCleaner","BloodCoagulation","VampireKiss_Remiria","Offensive","HeartBreak_Remiria","BathedInBlood","DemonLordWalk","AllTheWorldInNightmare","Offensive","BloodPact","Lonely","BloodyMagicSquare+1","DoubleEdge","StigmaNizer","DoubleEdge"],"relics":["ThirstyCrossSpe","NeowsBlessing","GoodDreamPillow","Boot","HoshigumaDish","Pandora\u0027s Box","SpecialStopwatch","Smiling Mask","Centennial Puzzle","Juzu Bracelet"],"acts_visited":["Exordium","TheCity"],"potions_floor_usage":[24,24,28,28],"damage_taken":[{"damage":0.0,"enemies":"Jaw Worm","floor":1.0,"turns":1.0},{"damage":0.0,"enemies":"2 Louse","floor":5.0,"turns":1.0},{"damage":0.0,"enemies":"Gremlin Nob","floor":6.0,"turns":1.0},{"damage":10.0,"enemies":"Small Slimes","floor":8.0,"turns":3.0},{"damage":28.0,"enemies":"Gremlin Gang","floor":10.0,"turns":4.0},{"damage":53.0,"enemies":"3 Sentries","floor":11.0,"turns":9.0},{"damage":6.0,"enemies":"Looter","floor":12.0,"turns":3.0},{"damage":0.0,"enemies":"Blue Slaver","floor":14.0,"turns":3.0},{"damage":60,"enemies":"Slime Boss","floor":16,"turns":11},{"damage":21,"enemies":"2 Thieves","floor":18,"turns":4},{"damage":5,"enemies":"3 Byrds","floor":21,"turns":4},{"damage":31,"enemies":"3 Cultists","floor":22,"turns":4},{"damage":38,"enemies":"Book of Stabbing","floor":24,"turns":4},{"damage":0,"enemies":"Snecko","floor":25,"turns":2},{"damage":58,"enemies":"Snake Plant","floor":27,"turns":4},{"damage":5,"enemies":"Slavers","floor":28,"turns":3},{"damage":53,"enemies":"Cultist and Chosen","floor":30,"turns":4},{"damage":72,"enemies":"Collector","floor":33,"turns":3}],"seed_played":"-387733591666712084","potions_obtained":[{"floor":1.0,"key":"CultistPotion"},{"floor":5.0,"key":"Regen Potion"},{"floor":6.0,"key":"SkillPotion"},{"floor":16,"key":"ColorlessPotion"},{"floor":25,"key":"Block Potion"},{"floor":27,"key":"AttackPotion"},{"floor":28,"key":"PowerPotion"}],"is_trial":false,"path_per_floor":["M","?","?","?","M","E","?","M","T","M","E","M","R","M","R","B",null,"M","?","?","M","M","R","E","M","T","M","E","R","M","?","R","B"],"character_chosen":"RemiriaScarlet","items_purchased":[],"campfire_rested":3,"item_purchase_floors":[],"current_hp_per_floor":[100,80,80,100,100,100,100,90,90,62,10,13,43,43,43,1,100,79,79,79,74,68,68,69,69,69,21,27,57,17,17,47,0,0],"gold":435,"neow_bonus":"THREE_ENEMY_KILL","is_daily":false,"chose_seed":false,"campfire_upgraded":2,"win_rate":0.0,"timestamp":1608092662,"path_taken":["M","?","?","?","?","E","?","M","T","M","E","M","R","M","R","BOSS","M","?","?","M","M","R","E","M","T","M","E","R","M","?","R","BOSS"],"items_purchased_type":[],"build_version":"2020-12-13","purchased_purges":0,"victory":false,"max_hp_per_floor":[100,100,100,100,100,100,100,100,100,100,100,100,100,100,100,100,100,100,100,100,100,100,100,100,100,100,100,100,100,100,100,100,100,100],"card_choices":[{"not_picked":["Feint","ServantFlier"],"picked":"Culling","floor":1.0},{"not_picked":["FierceSweep","StarOfDavid"],"picked":"RocketKickup","floor":5.0},{"not_picked":["BodyStrengthen","TricksterDevil"],"picked":"RocketKickup","floor":6.0},{"not_picked":["ScarletNetherworld","SeparateFleshBlood"],"picked":"RocketKickup","floor":8.0},{"not_picked":["BloodCleaner","Warpath"],"picked":"DoubleEdge","floor":10.0},{"not_picked":["Warpath","DamonLordCradle_Remiria"],"picked":"ScarletNetherworld","floor":11.0},{"not_picked":["BloodySuit","Warpath","Septette"],"picked":"SKIP","floor":12.0},{"not_picked":["Paradox","Feint"],"picked":"BloodCleaner","floor":14.0},{"not_picked":["BombardNight","MillenniumVampire"],"picked":"BloodCoagulation","floor":16},{"not_picked":["RocketKickup","StigmaNizer"],"picked":"BloodPact","floor":18},{"not_picked":["Feint","BloodCollect"],"picked":"BloodyMagicSquare","floor":21},{"not_picked":["RedtheNightlessCastle","Cripple"],"picked":"DoubleEdge","floor":22},{"not_picked":["BloodySuit","TricksterDevil","Paradox"],"picked":"SKIP","floor":24},{"not_picked":["DamonLordCradle_Remiria","FateMeister+1","TricksterDevil+1"],"picked":"SKIP","floor":25},{"not_picked":["Cripple","BloodySuit"],"picked":"StigmaNizer","floor":27},{"not_picked":["BodyStrengthen","CombatMeter"],"picked":"DoubleEdge","floor":28},{"not_picked":["Warpath","TricksterDevil+1","FateMeister"],"picked":"SKIP","floor":30}],"player_experience":100292,"relics_obtained":[{"floor":6.0,"key":"Boot"},{"floor":11.0,"key":"HoshigumaDish"},{"floor":24,"key":"Smiling Mask"},{"floor":26,"key":"Centennial Puzzle"},{"floor":28,"key":"Juzu Bracelet"}],"event_choices":[{"damage_healed":0.0,"max_hp_gain":0.0,"max_hp_loss":0.0,"gold_gain":0.0,"event_name":"Shining Light","player_choice":"Entered Light","floor":2.0,"gold_loss":0.0,"damage_taken":20.0,"cards_upgraded":["Culling","Strike_Remiria"]},{"damage_healed":20.0,"max_hp_gain":0.0,"max_hp_loss":0.0,"gold_gain":0.0,"event_name":"Wheel of Change","player_choice":"Full Heal","floor":4.0,"gold_loss":0.0,"damage_taken":0.0},{"damage_healed":0.0,"max_hp_gain":0.0,"max_hp_loss":0.0,"gold_gain":0.0,"event_name":"The Cleric","player_choice":"Leave","floor":7.0,"gold_loss":0.0,"damage_taken":0.0},{"cards_removed":["BadLadyScramble"],"damage_healed":0,"gold_gain":0,"player_choice":"Gave Gold","damage_taken":0,"max_hp_gain":0,"max_hp_loss":0,"event_name":"Beggar","floor":19,"gold_loss":75},{"damage_healed":0,"gold_gain":0,"player_choice":"Ignored","damage_taken":0,"max_hp_gain":0,"max_hp_loss":0,"event_name":"Cursed Tome","floor":31,"gold_loss":0}],"is_beta":false,"boss_relics":[{"not_picked":["Sozu","Velvet Choker"],"picked":"Pandora\u0027s Box"}],"items_purged_floors":[],"is_endless":false,"potions_floor_spawned":[1,5,6,8,16,22,25,27,28],"killed_by":"Collector","ascension_level":0}}