{"host":"87w2793jpavfbt1o","time":1608119300,"event":{"mods":["AchievementEnabler","Aspiration","BaseMod","Better Altar","Better Match","Better Note","Better Sensory Stone","Better Skull","Better Third Choice","Better Vampires","BetterRewards","Conspire","Displayed Cursed Tome","Downfall","Energized Spire","Filter the Spire","Halation","Highlight Path","Hubris","Infinite Spire","Marked Mod","Minty Spire (QoL Compilation)","Practice Mode","Prisma Mod","Relic Filter","Relic Sorter","Replay The Spire","SIMod","Shop Mod","StSLib","TestMod","??????REMEMod"],"gold_per_floor":[114,114,124,124,134,134,168,168,168,179,179,26,26,60,60,161,161,175,186,186,186,186,186],"floor_reached":22,"playtime":1945,"items_purged":[],"score":354,"play_id":"44f752d3-e5b0-402c-9b13-46450b34714b","local_time":"20201216034820","is_ascension_mode":true,"campfire_choices":[{"floor":6,"key":"RECALL"},{"floor":8,"key":"REST"},{"floor":13,"key":"REST"},{"data":"Eruption","floor":15,"key":"SMITH"}],"circlet_count":0,"master_deck":["conspire:GhostlyStrike","conspire:GhostlyStrike","conspire:GhostlyStrike","conspire:GhostlyStrike","conspire:GhostlyDefend","conspire:GhostlyDefend","conspire:GhostlyDefend","conspire:GhostlyDefend","Eruption+1","Vigilance","TakeTheLead","PathToVictory","Swivel","Adrenaline","MarkedMod:FirstStrike","ThirdEye","MasterReality","Wireheading","ThirdEye","MarkedMod:SlowDance+1","Halt","Wireheading+1","hubris:Despair","Replay:Hysterical Blindness","infinitespire:Menacing"],"relics":["PureWater","REME_ComplimentaryCards","testmod-TestBox","testmod-Nine","Orichalcum","Yang","Potion Belt","Membership Card","aspiration:FrozenJewel","aspiration:PoetsPen"],"acts_visited":["Exordium","TheCity"],"potions_floor_usage":[10,16,19],"damage_taken":[{"damage":0,"enemies":"Small Slimes","floor":1,"turns":2},{"damage":8,"enemies":"Jaw Worm","floor":3,"turns":2},{"damage":0,"enemies":"conspire:RoseBush","floor":5,"turns":2},{"damage":31,"enemies":"Gremlin Nob","floor":7,"turns":3},{"damage":1,"enemies":"2 Fungi Beasts","floor":10,"turns":4},{"damage":0,"enemies":"Lagavulin","floor":14,"turns":6},{"damage":68,"enemies":"Fading Forest","floor":16,"turns":11},{"damage":33,"enemies":"Spheric Guardian","floor":18,"turns":6},{"damage":4,"enemies":"3 Byrds","floor":19,"turns":5},{"damage":4,"enemies":"3 Cultists","floor":22,"turns":3}],"seed_played":"-2100303853645027301","potions_obtained":[{"floor":1,"key":"BottledMiracle"},{"floor":7,"key":"Toxic Potion"},{"floor":18,"key":"SkillPotion"}],"is_trial":false,"path_per_floor":["M","?","M","?","M","R","E","R","T","M","T","$","R","E","R","B",null,"M","M","?","?","M"],"character_chosen":"WATCHER","items_purchased":["Membership Card"],"campfire_rested":2,"item_purchase_floors":[12],"current_hp_per_floor":[65,60,52,52,52,52,21,42,42,41,41,41,62,62,62,2,41,8,4,4,4,0,0],"gold":186,"neow_bonus":"","is_daily":false,"chose_seed":false,"campfire_upgraded":1,"win_rate":0.0,"timestamp":1608119300,"path_taken":["M","?","M","?","M","R","E","R","T","M","?","$","R","E","R","BOSS","M","M","?","?","?"],"items_purchased_type":["Relic"],"build_version":"2020-12-13","purchased_purges":0,"victory":false,"max_hp_per_floor":[72,72,72,72,72,72,72,72,72,72,72,72,72,72,72,54,54,36,36,36,36,27,27],"card_choices":[{"not_picked":["Wallop","FlurryOfBlows"],"picked":"Swivel","floor":1},{"not_picked":["JustLucky","Replay:Vibes"],"picked":"MarkedMod:FirstStrike","floor":3},{"not_picked":["Study","SashWhip"],"picked":"ThirdEye","floor":5},{"not_picked":["Replay:Vibes","Replay:BluntJabs"],"picked":"MasterReality","floor":7},{"not_picked":["Pray","MarkedMod:GentlePulse"],"picked":"Wireheading","floor":10},{"not_picked":["Replay:BluntJabs","FlurryOfBlows"],"picked":"ThirdEye","floor":14},{"not_picked":["Replay:AllIn","REME_EmptyShield"],"picked":"MarkedMod:SlowDance","floor":16},{"not_picked":["EmptyMind","JustLucky"],"picked":"Halt","floor":18},{"not_picked":["REME_Repentance","REME_EmptyShield"],"picked":"Wireheading+1","floor":19},{"not_picked":["ReplayTheSpireMod:Chaos Vortex","ReplayTheSpireMod:Black Plague"],"picked":"infinitespire:Menacing","floor":20}],"player_experience":628599,"relics_obtained":[{"floor":7,"key":"Yang"},{"floor":9,"key":"Potion Belt"},{"floor":14,"key":"aspiration:FrozenJewel"}],"event_choices":[{"damage_healed":0,"gold_gain":0,"player_choice":"Agree","damage_taken":0,"max_hp_gain":0,"max_hp_loss":0,"event_name":"conspire:LoneGhost","floor":4,"gold_loss":0},{"damage_healed":0,"gold_gain":0,"player_choice":"Forge","damage_taken":0,"max_hp_gain":0,"max_hp_loss":0,"event_name":"Accursed Blacksmith","floor":21,"gold_loss":0,"cards_upgraded":["MarkedMod:SlowDance"]}],"is_beta":false,"boss_relics":[{"not_picked":["energizedSpire:NeverEndingSparkler","hubris:Stopwatch"],"picked":"aspiration:PoetsPen"}],"items_purged_floors":[],"is_endless":false,"potions_floor_spawned":[1,7,18],"killed_by":"3 Cultists","ascension_level":8}}