{"host":"d8hh7rr4yzitjeuj","time":1608092657,"event":{"mods":["2.2 Compatiblity","AchievementEnabler","BaseMod","CapriCore","Colored Map","Colored Powertips","Highlight Path","Keyboard Shortcuts","Minty Spire (QoL Compilation)","Permanent Neow","Quick Restart","StSLib","SuperFastMode"],"gold_per_floor":[111,121,134,134,152,152,183,183,183,245,260,279,299,316,316,316,316],"floor_reached":16,"playtime":514,"items_purged":[],"score":212,"play_id":"53c6c2e0-dfe7-4bea-ae4d-6e0d45d0eac7","local_time":"20201216132417","is_ascension_mode":true,"campfire_choices":[{"data":"Defragment","floor":6,"key":"SMITH"},{"data":"Dualcast","floor":8,"key":"SMITH"},{"floor":15,"key":"REST"}],"circlet_count":0,"master_deck":["AscendersBane","Strike_B","Strike_B","Strike_B+1","Defend_B","Defend_B","Defend_B","Zap","Dualcast+1","Coolheaded","Reinforced Body","Streamline+1","Defragment+1","Coolheaded","Barrage","Ball Lightning","Conserve Battery","Double Energy","Go for the Eyes"],"relics":["Empty Cage","Whetstone","Mummified Hand","Ice Cream"],"acts_visited":["Exordium"],"potions_floor_usage":[10,10,13],"damage_taken":[{"damage":9,"enemies":"Jaw Worm","floor":1,"turns":5},{"damage":2,"enemies":"2 Louse","floor":2,"turns":3},{"damage":9,"enemies":"Cultist","floor":3,"turns":6},{"damage":16,"enemies":"Large Slime","floor":5,"turns":8},{"damage":21,"enemies":"Lagavulin","floor":7,"turns":10},{"damage":13,"enemies":"Lagavulin Event","floor":10,"turns":6},{"damage":0,"enemies":"Blue Slaver","floor":11,"turns":6},{"damage":0,"enemies":"2 Fungi Beasts","floor":12,"turns":4},{"damage":6,"enemies":"Gremlin Gang","floor":13,"turns":3},{"damage":10,"enemies":"Looter","floor":14,"turns":3},{"damage":23,"enemies":"Hexaghost","floor":16,"turns":9}],"seed_played":"-6178697319695405769","potions_obtained":[{"floor":2,"key":"SteroidPotion"},{"floor":5,"key":"BlessingOfTheForge"},{"floor":11,"key":"ColorlessPotion"},{"floor":14,"key":"Explosive Potion"}],"is_trial":false,"path_per_floor":["M","M","M","?","M","R","E","R","T","?","M","M","M","M","R","B"],"character_chosen":"DEFECT","items_purchased":[],"campfire_rested":1,"item_purchase_floors":[],"current_hp_per_floor":[55,53,44,67,51,51,30,30,30,17,17,17,11,1,22,0,0],"gold":316,"neow_bonus":"BOSS_RELIC","is_daily":false,"chose_seed":false,"campfire_upgraded":2,"win_rate":0.0,"timestamp":1608092657,"path_taken":["M","M","M","?","M","R","E","R","T","?","M","M","M","M","R","BOSS"],"items_purchased_type":[],"build_version":"2020-12-13","purchased_purges":0,"victory":false,"max_hp_per_floor":[71,71,71,71,71,71,71,71,71,71,71,71,71,71,71,71,71],"card_choices":[{"not_picked":["FTL","Heatsinks"],"picked":"Coolheaded","floor":1},{"not_picked":["Loop","Conserve Battery"],"picked":"Reinforced Body","floor":2},{"not_picked":["Steam","Turbo"],"picked":"Streamline","floor":3},{"not_picked":["Conserve Battery","Barrage"],"picked":"Defragment","floor":5},{"not_picked":["BootSequence","Thunder Strike"],"picked":"Coolheaded","floor":7},{"not_picked":["Coolheaded","Redo"],"picked":"Barrage","floor":10},{"not_picked":["Turbo","Steam"],"picked":"Ball Lightning","floor":11},{"not_picked":["Darkness","Ball Lightning"],"picked":"Conserve Battery","floor":12},{"not_picked":["Rip and Tear","Cold Snap"],"picked":"Double Energy","floor":13},{"not_picked":["Leap","Fusion"],"picked":"Go for the Eyes","floor":14}],"player_experience":1346070,"relics_obtained":[{"floor":7,"key":"Whetstone"},{"floor":9,"key":"Mummified Hand"},{"floor":10,"key":"Ice Cream"}],"event_choices":[{"damage_healed":23,"gold_gain":0,"player_choice":"Banana","damage_taken":0,"max_hp_gain":0,"max_hp_loss":0,"event_name":"Big Fish","floor":4,"gold_loss":0},{"damage_healed":0,"gold_gain":30,"player_choice":"Searched \u00272\u0027 times","damage_taken":0,"max_hp_gain":0,"max_hp_loss":0,"event_name":"Dead Adventurer","floor":10,"gold_loss":0}],"is_beta":false,"boss_relics":[],"items_purged_floors":[],"is_endless":false,"potions_floor_spawned":[2,5,7,11,14],"killed_by":"Hexaghost","ascension_level":20}}