{"host":"at64dhdf9kc8hjax","time":1608140560,"event":{"mods":["Act Like it!","BaseMod","Dota2Spire","Friendly Minions","Gensokyo","Highlight Path","Minty Spire (QoL Compilation)","Quick Restart","RumiaBox-露米娅的神秘盒子","Spicy Shops","StSLib","SuperFastMode","【遗物卡牌】REMEMod"],"gold_per_floor":[10,10,20,195,211,211,224,240,240,251,251,30,94,106,106,208,208,219,219,219,237,251,251,251,271,271,271,271,271,281,297,297,394,394,405,405,232,250,47,47,47,47,47,47,47,0,17,31,31,31,31],"floor_reached":50,"playtime":3661,"items_purged":["Doubt","Strike_G","Strike_G"],"score":629,"play_id":"869fc43d-3178-4a99-a8f2-0c6eb1764957","local_time":"20201217014240","is_ascension_mode":true,"campfire_choices":[{"data":"Cloak And Dagger","floor":6.0,"key":"SMITH"},{"data":"Prepared","floor":11.0,"key":"SMITH"},{"data":"Prepared","floor":15.0,"key":"SMITH"},{"data":"Burst","floor":23.0,"key":"SMITH"},{"data":"Cloak And Dagger","floor":27.0,"key":"SMITH"},{"data":"REME_CopyPotion","floor":29.0,"key":"SMITH"},{"data":"Accuracy","floor":32.0,"key":"SMITH"},{"data":"Terror","floor":40.0,"key":"SMITH"},{"data":"Accuracy","floor":42.0,"key":"SMITH"},{"data":"Neutralize","floor":45.0,"key":"SMITH"},{"data":"REME_GreenPollution","floor":49.0,"key":"SMITH"}],"circlet_count":0,"master_deck":["Defend_G","Defend_G","Defend_G","Survivor","Neutralize+1","Inflame+1","Reflex","Cloak And Dagger+1","Prepared+1","Accuracy+1","Blade Dance","Prepared+1","REME_GreenPollution+1","Finisher","Burst+1","REME_CopyPotion+1","Cloak And Dagger+1","Footwork","Escape Plan","Dramatic Entrance","Terror+1","REME_GreenPollution+1","Accuracy+1","Parasite"],"relics":["Ring of the Snake","REME_ComplimentaryCards","Dota2Spire:MantaStyle","Orrery","Bronze Scales","Empty Cage","Nilry\u0027s Codex","GodSword3","Coffee Dripper","Bag of Marbles","MagicDraw2","Red Mask"],"acts_visited":["Exordium","TheCity","TheBeyond"],"potions_floor_usage":[50],"damage_taken":[{"damage":0.0,"enemies":"Jaw Worm","floor":1.0,"turns":5.0},{"damage":1.0,"enemies":"Small Slimes","floor":3.0,"turns":5.0},{"damage":6.0,"enemies":"2 Louse","floor":5.0,"turns":3.0},{"damage":5.0,"enemies":"Looter","floor":7.0,"turns":3.0},{"damage":0.0,"enemies":"Gremlin Gang","floor":8.0,"turns":4.0},{"damage":1.0,"enemies":"3 Louse","floor":10.0,"turns":4.0},{"damage":11.0,"enemies":"3 Sentries","floor":13.0,"turns":7.0},{"damage":13.0,"enemies":"Large Slime","floor":14.0,"turns":2.0},{"damage":24.0,"enemies":"The Guardian","floor":16.0,"turns":9.0},{"damage":2.0,"enemies":"Shell Parasite","floor":18.0,"turns":4.0},{"damage":7.0,"enemies":"Chosen","floor":21.0,"turns":5.0},{"damage":11.0,"enemies":"Shelled Parasite and Fungi","floor":22.0,"turns":5.0},{"damage":14.0,"enemies":"Snake Plant","floor":25.0,"turns":5.0},{"damage":5.0,"enemies":"Chosen and Byrds","floor":30.0,"turns":4.0},{"damage":13.0,"enemies":"Centurion and Healer","floor":31.0,"turns":4.0},{"damage":60.0,"enemies":"Champ","floor":33.0,"turns":10.0},{"damage":0.0,"enemies":"3 Shapes","floor":35.0,"turns":4.0},{"damage":17.0,"enemies":"3 Darklings","floor":38.0,"turns":4.0},{"damage":0.0,"enemies":"Sphere and 2 Shapes","floor":47.0,"turns":3.0},{"damage":12.0,"enemies":"Writhing Mass","floor":48.0,"turns":5.0},{"damage":75,"enemies":"Time Eater","floor":50,"turns":5}],"seed_played":"-2308281397219124192","potions_obtained":[{"floor":3.0,"key":"FearPotion"},{"floor":5.0,"key":"Dexterity Potion"},{"floor":7.0,"key":"EssenceOfSteel"},{"floor":8.0,"key":"Dota2Spire:HealingSalve"},{"floor":16.0,"key":"PowerPotion"},{"floor":18.0,"key":"Weak Potion"},{"floor":21.0,"key":"Regen Potion"},{"floor":25.0,"key":"Dota2Spire:HealingSalve"},{"floor":38.0,"key":"Dexterity Potion"},{"floor":48.0,"key":"Energy Potion"}],"is_trial":false,"path_per_floor":["M","?","M","?","M","R","M","M","T","M","R","$","?","M","R","B",null,"M","?","?","M","M","R","?","M","T","R","?","R","M","M","R","B",null,"M","?","$","M","$","R","T","R","T","?","R","?","M","M","R","B"],"character_chosen":"THE_SILENT","items_purchased":["Orrery","Terror","Accuracy"],"campfire_rested":0,"item_purchase_floors":[12,37,39],"current_hp_per_floor":[63,63,62,62,56,56,51,51,51,50,50,50,57,44,44,20,58,56,40,40,33,22,22,22,48,48,48,48,48,49,39,39,43,63,70,70,70,53,53,53,53,53,53,53,53,53,70,63,63,0,0],"gold":31,"neow_bonus":"REMOVE_TWO","is_daily":false,"chose_seed":false,"campfire_upgraded":11,"win_rate":0.0,"timestamp":1608140560,"path_taken":["M","?","M","?","M","R","M","?","T","M","R","$","?","M","R","BOSS","M","?","?","?","M","R","?","M","T","R","?","R","M","M","R","BOSS","M","?","$","M","$","R","?","R","T","?","R","?","M","M","R","BOSS"],"items_purchased_type":["Relic","Card","Card"],"build_version":"2020-12-13","purchased_purges":3,"victory":false,"max_hp_per_floor":[70,70,70,70,70,70,70,70,70,70,70,70,70,70,70,70,70,70,70,70,70,70,70,70,70,70,70,70,70,70,70,70,70,70,70,70,70,70,70,70,70,70,70,70,70,70,70,70,70,70,70],"card_choices":[{"not_picked":["Backflip","Poisoned Stab"],"picked":"Eviscerate","floor":1.0},{"not_picked":["Deadly Poison","Corpse Explosion"],"picked":"Reflex","floor":3.0},{"not_picked":["Backflip","Dagger Throw"],"picked":"Cloak And Dagger","floor":5.0},{"not_picked":["Deflect","Underhanded Strike"],"picked":"Prepared","floor":7.0},{"not_picked":["Masterful Stab","Backflip","Poisoned Stab"],"picked":"SKIP","floor":8.0},{"not_picked":["Eviscerate","Tactician"],"picked":"Accuracy","floor":10.0},{"not_picked":["Cloak And Dagger","Catalyst"],"picked":"Blade Dance","floor":12.0},{"not_picked":["Wraith Form v2","Acrobatics"],"picked":"Prepared","floor":12.0},{"not_picked":["Finisher","Outmaneuver"],"picked":"REME_GreenPollution","floor":12.0},{"not_picked":["Setup","Slice"],"picked":"Finisher","floor":12.0},{"not_picked":["Poisoned Stab","Dagger Throw"],"picked":"Burst","floor":12.0},{"not_picked":["Bouncing Flask","Outmaneuver","Quick Slash"],"picked":"SKIP","floor":14.0},{"not_picked":["REME_GrazeFinale","Malaise"],"picked":"REME_CopyPotion","floor":16.0},{"not_picked":["Expertise","Acrobatics"],"picked":"Cloak And Dagger","floor":18.0},{"not_picked":["Skewer","Predator","Backflip"],"picked":"SKIP","floor":21.0},{"not_picked":["Quick Slash","Dagger Throw","Cloak And Dagger"],"picked":"SKIP","floor":22.0},{"not_picked":["Slice+1","Riddle With Holes"],"picked":"Footwork","floor":25.0},{"not_picked":["Flying Knee+1","Reflex+1","Poisoned Stab+1"],"picked":"SKIP","floor":30.0},{"not_picked":["Flying Knee+1","Choke","Dagger Spray"],"picked":"SKIP","floor":31.0},{"not_picked":["Sucker Punch+1","PiercingWail","Masterful Stab+1"],"picked":"SKIP","floor":35.0},{"not_picked":["Panacea","Trip"],"picked":"Dramatic Entrance","floor":36.0},{"not_picked":["Blade Dance","Tactician+1"],"picked":"REME_GreenPollution+1","floor":38.0},{"not_picked":["Backflip+1","Expertise","Dagger Throw"],"picked":"SKIP","floor":47.0},{"not_picked":["Acrobatics","Dagger Spray+1","Leg Sweep"],"picked":"SKIP","floor":48.0}],"player_experience":203500,"relics_obtained":[{"floor":9.0,"key":"Dota2Spire:MantaStyle"},{"floor":19.0,"key":"Nilry\u0027s Codex"},{"floor":26.0,"key":"GodSword3"},{"floor":41.0,"key":"Bag of Marbles"},{"floor":43.0,"key":"MagicDraw2"}],"event_choices":[{"damage_healed":0.0,"max_hp_gain":0.0,"max_hp_loss":0.0,"gold_gain":0.0,"event_name":"Living Wall","player_choice":"Grow","floor":2.0,"gold_loss":0.0,"damage_taken":0.0,"cards_upgraded":["Inflame"]},{"damage_healed":0.0,"max_hp_gain":0.0,"max_hp_loss":0.0,"gold_gain":175.0,"event_name":"Liars Game","player_choice":"AGREE","floor":4.0,"gold_loss":0.0,"damage_taken":0.0,"cards_obtained":["Doubt"]},{"damage_healed":0.0,"max_hp_gain":0.0,"max_hp_loss":0.0,"gold_gain":0.0,"event_name":"Dead Adventurer","player_choice":"Searched \u00272\u0027 times","floor":13.0,"gold_loss":0.0,"damage_taken":0.0,"relics_obtained":["Bronze Scales"]},{"damage_healed":0.0,"max_hp_gain":0.0,"max_hp_loss":0.0,"gold_gain":0.0,"event_name":"Cursed Tome","player_choice":"Obtained Book","floor":19.0,"gold_loss":0.0,"damage_taken":16.0},{"damage_healed":0.0,"max_hp_gain":0.0,"max_hp_loss":0.0,"gold_gain":0.0,"event_name":"The Woman in Blue","player_choice":"Bought 0 Potions","floor":20.0,"gold_loss":0.0,"damage_taken":0.0},{"cards_removed":["Defend_G"],"damage_healed":0.0,"max_hp_gain":0.0,"max_hp_loss":0.0,"gold_gain":0.0,"event_name":"Back to Basics","player_choice":"Elegance","floor":24.0,"gold_loss":0.0,"damage_taken":0.0},{"damage_healed":0.0,"max_hp_gain":0.0,"max_hp_loss":0.0,"gold_gain":0.0,"event_name":"The Library","player_choice":"Read","floor":28.0,"gold_loss":0.0,"damage_taken":0.0,"cards_obtained":["Escape Plan"]},{"damage_healed":0.0,"max_hp_gain":0.0,"max_hp_loss":0.0,"gold_gain":0.0,"event_name":"SensoryStone","player_choice":"Memory 1","floor":36.0,"gold_loss":0.0,"damage_taken":0.0},{"cards_removed":["Eviscerate"],"damage_healed":0.0,"max_hp_gain":0.0,"max_hp_loss":0.0,"gold_gain":0.0,"event_name":"Falling","player_choice":"Removed Attack","floor":44.0,"gold_loss":0.0,"damage_taken":0.0},{"damage_healed":0.0,"max_hp_gain":0.0,"max_hp_loss":0.0,"gold_gain":0.0,"event_name":"Tomb of Lord Red Mask","player_choice":"Paid","floor":46.0,"gold_loss":47.0,"damage_taken":0.0,"relics_obtained":["Red Mask"]}],"is_beta":false,"boss_relics":[{"not_picked":["EasyGame_NEW","AddBug"],"picked":"Empty Cage"},{"not_picked":["Cursed Key","Velvet Choker"],"picked":"Coffee Dripper"}],"items_purged_floors":[12,37,39],"is_endless":false,"potions_floor_spawned":[3,5,7,8,16,18,21,25,38,48],"killed_by":"Time Eater","ascension_level":9}}