{"host":"ooy9sn8qgs7oliwr","time":1608130275,"event":{"mods":["Act Like it!","BaseMod","BetterRewards","KinomotoSakuraMod(Ä¾Ö®±¾Ó£)","Minty Spire (QoL Compilation)","Pale of the Ancients","Reimu£¨²©ÀöÁéÃÎ£©","Remilia£¨ÀÙÃ×ÀòÑÇ£©","RumiaBox-Â¶Ã×æ«µÄÉñÃØºÐ×Ó","StSLib","The Alterego","The Jungle","Youmu£¨»êÆÇÑýÃÎ£©"],"gold_per_floor":[119,294,244,98,98,98,125,140,140,140,140,152,180,180,180,275,275,294,313,328,339,339,339,359,359,359,394,394,410,423,457,457,457,457],"floor_reached":33,"playtime":2007,"items_purged":[],"score":370,"play_id":"5d386dd8-d672-46ea-ba1a-281a3fac4f11","local_time":"20201216225115","is_ascension_mode":false,"campfire_choices":[{"data":"alterego_mod:Belts","floor":6,"key":"SMITH"},{"data":"alterego_mod:BigMeatyClaws","floor":11,"key":"SMITH"},{"data":"alterego_mod:Swimsuit","floor":15,"key":"SMITH"},{"data":"alterego_mod:Collar","floor":23,"key":"SMITH"},{"data":"alterego_mod:1TonWallop","floor":25,"key":"SMITH"},{"data":"alterego_mod:Venus","floor":28,"key":"SMITH"},{"floor":32,"key":"REST"}],"circlet_count":0,"master_deck":["alterego_mod:Strike","alterego_mod:Strike","alterego_mod:Strike","alterego_mod:Strike","alterego_mod:Defend","alterego_mod:Defend","alterego_mod:Defend","alterego_mod:Impale","alterego_mod:BigMeatyClaws+1","alterego_mod:BrynhildrsRune","alterego_mod:BiFurious","alterego_mod:Skirt","alterego_mod:Complex","alterego_mod:Belts+1","alterego_mod:Jiggle","alterego_mod:Bounce","alterego_mod:Rip","alterego_mod:1TonWallop+1","alterego_mod:Swimsuit+1","Regret","alterego_mod:AlterEgo","alterego_mod:Collar+1","alterego_mod:Venus+1"],"relics":["alterego_mod:MasochisticConstitution","NeowsBlessing","Strange Spoon","Calipers","Toy Ornithopter","MagicDraw4","Lantern","SoulBox","Sundial","LastBattle","Centennial Puzzle"],"acts_visited":["Exordium","TheCity"],"potions_floor_usage":[18,20,27,27,31],"damage_taken":[{"damage":0,"enemies":"2 Louse","floor":1,"turns":1},{"damage":0,"enemies":"Lagavulin","floor":7,"turns":2},{"damage":0,"enemies":"Small Slimes","floor":8,"turns":1},{"damage":6,"enemies":"Cultist","floor":12,"turns":3},{"damage":25,"enemies":"3 Sentries","floor":13,"turns":6},{"damage":34,"enemies":"Hexaghost","floor":16,"turns":9},{"damage":14,"enemies":"Shell Parasite","floor":18,"turns":4},{"damage":12,"enemies":"3 Byrds","floor":19,"turns":7},{"damage":4,"enemies":"Snake Plant","floor":20,"turns":5},{"damage":5,"enemies":"Centurion and Healer","floor":21,"turns":5},{"damage":5,"enemies":"Shelled Parasite and Fungi","floor":24,"turns":5},{"damage":21,"enemies":"Slavers","floor":27,"turns":5},{"damage":36,"enemies":"Snake Plant","floor":29,"turns":3},{"damage":11,"enemies":"Cultist and Chosen","floor":30,"turns":6},{"damage":7,"enemies":"Gremlin Leader","floor":31,"turns":8},{"damage":48,"enemies":"Automaton","floor":33,"turns":10}],"seed_played":"-79677851469997661","potions_obtained":[{"floor":16,"key":"Energy Potion"},{"floor":18,"key":"Block Potion"},{"floor":20,"key":"FairyPotion"},{"floor":22,"key":"DuplicationPotion"},{"floor":22,"key":"ColorlessPotion"},{"floor":30,"key":"ColorlessPotion"}],"is_trial":false,"path_per_floor":["M","?","?","$","?","R","E","M","T","?","R","M","E","?","R","B",null,"M","M","M","M","?","R","M","R","T","E","R","M","M","E","R","B"],"character_chosen":"The_Alterego","items_purchased":["Strange Spoon"],"campfire_rested":1,"item_purchase_floors":[4],"current_hp_per_floor":[70,70,70,70,70,70,70,70,70,70,70,65,55,55,55,22,73,60,49,53,49,49,49,45,45,45,35,35,2,19,18,42,0,0],"gold":457,"neow_bonus":"THREE_ENEMY_KILL","is_daily":false,"chose_seed":false,"campfire_upgraded":6,"win_rate":0.0,"timestamp":1608130275,"path_taken":["M","?","?","$","?","R","E","M","T","?","R","?","E","?","R","BOSS","M","M","M","M","?","R","M","R","T","E","R","M","?","E","R","BOSS"],"items_purchased_type":["Relic"],"build_version":"2020-12-13","purchased_purges":0,"victory":false,"max_hp_per_floor":[70,70,70,70,70,70,70,70,70,70,70,71,72,72,72,73,73,74,75,76,77,77,77,78,78,78,79,79,80,81,82,82,82,82],"card_choices":[{"not_picked":["alterego_mod:Mirror","alterego_mod:DeftHands"],"picked":"alterego_mod:BiFurious","floor":1},{"not_picked":["alterego_mod:MagicResistance","alterego_mod:BustOut"],"picked":"alterego_mod:Belle","floor":7},{"not_picked":["alterego_mod:MagicResistance","alterego_mod:Skirt"],"picked":"alterego_mod:Rip","floor":8},{"not_picked":["alterego_mod:Pet","alterego_mod:Jiggle"],"picked":"alterego_mod:1TonWallop","floor":12},{"not_picked":["alterego_mod:Undulate","alterego_mod:HighServant"],"picked":"alterego_mod:Swimsuit","floor":13},{"not_picked":["alterego_mod:Antipathy","alterego_mod:Weigh"],"picked":"alterego_mod:AlterEgo","floor":16},{"not_picked":["alterego_mod:TrashNCrash","alterego_mod:ChallengeComplete","alterego_mod:SuperDuperMasochism"],"picked":"SKIP","floor":18},{"not_picked":["alterego_mod:BiFurious","alterego_mod:Complex","alterego_mod:Valentines"],"picked":"SKIP","floor":19},{"not_picked":["alterego_mod:HighServant","alterego_mod:GachaTicket+1"],"picked":"alterego_mod:Collar","floor":20},{"not_picked":["alterego_mod:BreastValley+1","alterego_mod:MagicResistance","alterego_mod:Clones"],"picked":"SKIP","floor":21},{"not_picked":["alterego_mod:BreastValley+1","alterego_mod:MagicResistance","alterego_mod:Clones"],"picked":"SKIP","floor":21},{"not_picked":["alterego_mod:Lingerie+1","alterego_mod:Collar","alterego_mod:Jiggle"],"picked":"SKIP","floor":24},{"not_picked":["alterego_mod:Lingerie+1","alterego_mod:Collar","alterego_mod:Jiggle"],"picked":"SKIP","floor":24},{"not_picked":["alterego_mod:Bounce","alterego_mod:PerceptionDisorder"],"picked":"alterego_mod:Venus","floor":27},{"not_picked":["alterego_mod:Cycle","alterego_mod:DeftHands+1","alterego_mod:1TonWallop"],"picked":"SKIP","floor":29},{"not_picked":["alterego_mod:Exercise+1","alterego_mod:Birthday","alterego_mod:Maid"],"picked":"SKIP","floor":30},{"not_picked":["alterego_mod:Exercise","alterego_mod:GoddessCore+1","alterego_mod:DustData+1"],"picked":"SKIP","floor":31}],"player_experience":134040,"relics_obtained":[{"floor":7,"key":"Calipers"},{"floor":9,"key":"Toy Ornithopter"},{"floor":13,"key":"MagicDraw4"},{"floor":26,"key":"Sundial"},{"floor":27,"key":"LastBattle"},{"floor":31,"key":"Centennial Puzzle"}],"event_choices":[{"damage_healed":0,"gold_gain":175,"player_choice":"AGREE","damage_taken":0,"max_hp_gain":0,"max_hp_loss":0,"event_name":"Liars Game","floor":2,"gold_loss":0,"cards_obtained":["Doubt"]},{"cards_removed":["Doubt"],"damage_healed":0,"gold_gain":0,"player_choice":"Card Removal","damage_taken":0,"max_hp_gain":0,"max_hp_loss":0,"event_name":"The Cleric","floor":3,"gold_loss":50},{"cards_removed":["alterego_mod:Defend"],"damage_healed":0,"gold_gain":0,"player_choice":"Offered Basic","damage_taken":0,"max_hp_gain":0,"max_hp_loss":0,"event_name":"Bonfire Elementals","floor":10,"gold_loss":0},{"damage_healed":0,"gold_gain":0,"player_choice":"Box","damage_taken":0,"relics_obtained":["Lantern"],"max_hp_gain":0,"max_hp_loss":0,"event_name":"Big Fish","floor":14,"gold_loss":0,"cards_obtained":["Regret"]},{"damage_healed":0,"gold_gain":0,"player_choice":"Got Potions","damage_taken":0,"max_hp_gain":0,"max_hp_loss":0,"event_name":"Lab","floor":22,"gold_loss":0}],"is_beta":false,"boss_relics":[{"not_picked":["SacredBark","Black Star"],"picked":"SoulBox"}],"items_purged_floors":[],"is_endless":false,"potions_floor_spawned":[7,16,18,20,24,30],"killed_by":"Automaton","ascension_level":0}}