{"host":"qfskrnw3pl1q86j0","time":1608156576,"event":{"mods":["BaseMod","Block Reminder","Hermit","Marisa????????","Minty Spire (QoL Compilation)","Quick Restart","Random Character Button","StSLib","The Poker Player","slay the spire mod where everything is the same but ironclad has a cowboy hat"],"gold_per_floor":[109,109,109,119,44,44,63,63,63,63,77,140,169,192,204,320,332,354,380,491,521,548,560,472,472,472,491,491,508,433,433,433,532,532,544,598,442,487,507,507,522,245,271,291,291,291,303,118,118,118],"floor_reached":51,"playtime":1407,"items_purged":["PokerPlayerMod:Spade1","PokerPlayerMod:Diamond2","PokerPlayerMod:Spade3"],"score":797,"play_id":"29d8127f-21a3-459c-937c-ea62c4a2dbd8","local_time":"20201216230936","is_ascension_mode":false,"metric_token":658,"campfire_choices":[{"data":"PokerPlayerMod:Club1","floor":6,"key":"SMITH"},{"data":"PokerPlayerMod:Mulligan","floor":8,"key":"SMITH"},{"data":"PokerPlayerMod:Club2","floor":15,"key":"SMITH"},{"data":"PokerPlayerMod:Club2","floor":23,"key":"SMITH"},{"data":"PokerPlayerMod:Club3","floor":25,"key":"SMITH"},{"data":"PokerPlayerMod:Club3","floor":28,"key":"SMITH"},{"data":"PokerPlayerMod:Spade2","floor":32,"key":"SMITH"},{"data":"PokerPlayerMod:Club3","floor":40,"key":"SMITH"},{"data":"PokerPlayerMod:Club3","floor":46,"key":"SMITH"},{"data":"PokerPlayerMod:Club9","floor":49,"key":"SMITH"}],"circlet_count":0,"master_deck":["PokerPlayerMod:Diamond4","PokerPlayerMod:Spade3","PokerPlayerMod:Spade4","PokerPlayerMod:Club4","PokerPlayerMod:Club4","PokerPlayerMod:TrumpStrike","PokerPlayerMod:BadJoker","PokerPlayerMod:Mulligan+1","PokerPlayerMod:Club4","PokerPlayerMod:Club4","PokerPlayerMod:Club4","PokerPlayerMod:Spade4","PokerPlayerMod:Diamond4","PokerPlayerMod:Club10+","PokerPlayerMod:Club10+","PokerPlayerMod:Spade10+","PokerPlayerMod:Club4","PokerPlayerMod:Club10+","PokerPlayerMod:Spade4","PokerPlayerMod:ClubShade+1","PokerPlayerMod:Club10+","PokerPlayerMod:Club10+"],"relics":["PokerPlayerMod:DeckCase","StrikeDummy","Akabeko","MawBank","Sozu","Blood Vial","Empty Cage","Torii","DollysMirror","CatCart","Juzu Bracelet"],"acts_visited":["Exordium","TheCity","TheBeyond"],"potions_floor_usage":[13,33,33,33],"damage_taken":[{"damage":4,"enemies":"Small Slimes","floor":1,"turns":3},{"damage":0,"enemies":"Cultist","floor":4,"turns":3},{"damage":1,"enemies":"Jaw Worm","floor":7,"turns":3},{"damage":11,"enemies":"Exordium Thugs","floor":11,"turns":2},{"damage":0,"enemies":"3 Sentries","floor":12,"turns":3},{"damage":15,"enemies":"Lagavulin","floor":13,"turns":4},{"damage":0,"enemies":"Blue Slaver","floor":14,"turns":2},{"damage":0,"enemies":"Slime Boss","floor":16,"turns":4},{"damage":0,"enemies":"3 Byrds","floor":18,"turns":1},{"damage":0,"enemies":"Shell Parasite","floor":19,"turns":2},{"damage":0,"enemies":"Snake Plant","floor":21,"turns":3},{"damage":0,"enemies":"Snecko","floor":22,"turns":2},{"damage":20,"enemies":"Centurion and Healer","floor":27,"turns":2},{"damage":0,"enemies":"3 Cultists","floor":29,"turns":2},{"damage":1,"enemies":"Collector","floor":33,"turns":5},{"damage":0,"enemies":"3 Darklings","floor":35,"turns":1},{"damage":0,"enemies":"2 Orb Walkers","floor":36,"turns":2},{"damage":0,"enemies":"Orin","floor":38,"turns":6},{"damage":0,"enemies":"Orb Walker","floor":39,"turns":1},{"damage":0,"enemies":"Transient","floor":41,"turns":5},{"damage":0,"enemies":"Sphere and 2 Shapes","floor":44,"turns":1},{"damage":15,"enemies":"Writhing Mass","floor":47,"turns":2},{"damage":20,"enemies":"Donu and Deca","floor":50,"turns":4}],"seed_played":"5296433301697984113","potions_obtained":[{"floor":4,"key":"SteroidPotion"},{"floor":10,"key":"FearPotion"},{"floor":10,"key":"EntropicBrew"},{"floor":10,"key":"Weak Potion"},{"floor":13,"key":"LiquidBronze"}],"is_trial":false,"path_per_floor":["M","?","$","M","$","R","M","R","T","?","M","?","E","M","R","B",null,"M","M","?","M","M","R","$","R","T","M","R","M","?","?","R","B",null,"M","?","$","?","M","R","M","$","T","M","?","R","M","$","R","B",null],"character_chosen":"THE_POKER_PLAYER","items_purchased":["DollysMirror","PokerPlayerMod:Club9","PokerPlayerMod:Club10+"],"campfire_rested":0,"item_purchase_floors":[37,42,48],"current_hp_per_floor":[50,50,50,52,52,52,51,51,51,51,40,42,30,30,30,30,52,52,52,52,52,52,52,52,52,52,38,38,43,43,35,35,36,57,57,57,57,57,57,57,57,57,57,57,57,57,42,42,42,24],"gold":118,"neow_bonus":"THREE_CARDS","is_daily":false,"chose_seed":false,"campfire_upgraded":10,"win_rate":0.0,"timestamp":1608156576,"path_taken":["M","?","$","M","$","R","?","R","T","?","?","?","E","M","R","BOSS","M","M","?","M","M","R","$","R","T","M","R","M","?","?","R","BOSS","M","?","$","?","?","R","M","$","T","M","?","R","M","$","R","BOSS"],"items_purchased_type":["Relic","Card","Undefined"],"build_version":"2020-12-13","purchased_purges":3,"victory":true,"max_hp_per_floor":[52,52,52,52,52,52,52,52,52,52,52,52,52,52,52,52,52,52,52,52,52,52,52,52,52,52,52,52,52,52,57,57,57,57,57,57,57,57,57,57,57,57,57,57,57,57,57,57,57,57],"card_choices":[{"not_picked":["PokerPlayerMod:CardBurn","PokerPlayerMod:Club1"],"picked":"PokerPlayerMod:Club3","floor":1},{"not_picked":["PokerPlayerMod:Diamond5","PokerPlayerMod:Spade1"],"picked":"PokerPlayerMod:Club3","floor":4},{"not_picked":["PokerPlayerMod:Diamond4","PokerPlayerMod:Spade4"],"picked":"PokerPlayerMod:Club4","floor":7},{"not_picked":["PokerPlayerMod:Diamond3","PokerPlayerMod:JackOfSpades"],"picked":"PokerPlayerMod:Spade4","floor":11},{"not_picked":["PokerPlayerMod:Spade3","PokerPlayerMod:ClubShade"],"picked":"PokerPlayerMod:Diamond4","floor":12},{"not_picked":["PokerPlayerMod:Extraction","PokerPlayerMod:Club1"],"picked":"PokerPlayerMod:Club10+","floor":13},{"not_picked":["PokerPlayerMod:Spade1","PokerPlayerMod:Overdeal","PokerPlayerMod:FlyingCard"],"picked":"SKIP","floor":14},{"not_picked":["PokerPlayerMod:Club7","PokerPlayerMod:Diamond8"],"picked":"PokerPlayerMod:Club10+","floor":16},{"not_picked":["PokerPlayerMod:CloakAndDiamond","PokerPlayerMod:Spade2","PokerPlayerMod:Spade1"],"picked":"SKIP","floor":18},{"not_picked":["PokerPlayerMod:CardPrinter","PokerPlayerMod:Configure","PokerPlayerMod:ClubsClub+1"],"picked":"SKIP","floor":19},{"not_picked":["PokerPlayerMod:Diamond1","PokerPlayerMod:Club2","PokerPlayerMod:MagicTrick"],"picked":"SKIP","floor":21},{"not_picked":["PokerPlayerMod:Club1","PokerPlayerMod:Diamond1","PokerPlayerMod:Trickery+1"],"picked":"SKIP","floor":22},{"not_picked":["PokerPlayerMod:DartThrow","PokerPlayerMod:Heart1","PokerPlayerMod:Spade1"],"picked":"SKIP","floor":27},{"not_picked":["PokerPlayerMod:ClubsClub","PokerPlayerMod:RoyalStrike","PokerPlayerMod:Trickery"],"picked":"SKIP","floor":29},{"not_picked":["PokerPlayerMod:Diamond2","PokerPlayerMod:Spade1"],"picked":"PokerPlayerMod:Spade10+","floor":35},{"not_picked":["PokerPlayerMod:SpadeStrike","PokerPlayerMod:DartThrow"],"picked":"PokerPlayerMod:Club4","floor":36},{"not_picked":["PokerPlayerMod:Diamond2","PokerPlayerMod:Heart5"],"picked":"PokerPlayerMod:Spade4","floor":39},{"not_picked":["PokerPlayerMod:SecondChance+1","PokerPlayerMod:Diamond6"],"picked":"PokerPlayerMod:ClubShade+1","floor":41},{"not_picked":["PokerPlayerMod:ClubsClub+1","PokerPlayerMod:Fold","PokerPlayerMod:PoorCopy+1"],"picked":"SKIP","floor":44},{"not_picked":["PokerPlayerMod:Trickery+1","PokerPlayerMod:MagicTrick","PokerPlayerMod:Harden+1"],"picked":"SKIP","floor":47}],"player_experience":844007,"relics_obtained":[{"floor":9,"key":"StrikeDummy"},{"floor":12,"key":"Akabeko"},{"floor":13,"key":"MawBank"},{"floor":26,"key":"Blood Vial"},{"floor":36,"key":"Torii"},{"floor":38,"key":"CatCart"},{"floor":43,"key":"Juzu Bracelet"}],"event_choices":[{"cards_removed":["PokerPlayerMod:Diamond1"],"damage_healed":0,"gold_gain":0,"player_choice":"Card Removal","damage_taken":0,"max_hp_gain":0,"max_hp_loss":0,"event_name":"Wheel of Change","floor":2,"gold_loss":0},{"damage_healed":0,"gold_gain":0,"player_choice":"Got Potions","damage_taken":0,"max_hp_gain":0,"max_hp_loss":0,"event_name":"Lab","floor":10,"gold_loss":0},{"damage_healed":0,"gold_gain":30,"player_choice":"Searched \u00272\u0027 times","damage_taken":0,"max_hp_gain":0,"max_hp_loss":0,"event_name":"Dead Adventurer","floor":12,"gold_loss":0},{"damage_healed":0,"gold_gain":99,"player_choice":"Stole From Cult","damage_taken":0,"max_hp_gain":0,"max_hp_loss":0,"event_name":"Nest","floor":20,"gold_loss":0},{"cards_removed":["PokerPlayerMod:Heart2"],"damage_healed":0,"gold_gain":0,"player_choice":"Gave Gold","damage_taken":0,"max_hp_gain":0,"max_hp_loss":0,"event_name":"Beggar","floor":30,"gold_loss":75},{"damage_healed":0,"gold_gain":0,"player_choice":"Shed Blood","damage_taken":13,"max_hp_gain":5,"max_hp_loss":0,"event_name":"Forgotten Altar","floor":31,"gold_loss":0},{"damage_healed":0,"gold_gain":0,"player_choice":"Fight","damage_taken":0,"max_hp_gain":0,"max_hp_loss":0,"event_name":"Mysterious Sphere","floor":36,"gold_loss":0},{"damage_healed":0,"gold_gain":0,"player_choice":"Fight","damage_taken":0,"max_hp_gain":0,"max_hp_loss":0,"event_name":"OrinTheCat","floor":38,"gold_loss":0},{"damage_healed":0,"gold_gain":0,"player_choice":"Memory 1","damage_taken":0,"max_hp_gain":0,"max_hp_loss":0,"event_name":"SensoryStone","floor":45,"gold_loss":0}],"is_beta":false,"boss_relics":[{"not_picked":["SacredBark","Busted Crown"],"picked":"Sozu"},{"not_picked":["Calling Bell","Fusion Hammer"],"picked":"Empty Cage"}],"items_purged_floors":[5,24,42],"is_endless":false,"potions_floor_spawned":[4,11,12,13,19,27,29,35,38,39],"ascension_level":0}}