{"host":"d9tpyi6mde8z2n96","time":1608126755,"event":{"mods":["2.2 Compatiblity","AchievementEnabler","Act Like it!","AlwaysNeverKeys","Aspiration","BaseMod","Better Altar","CapriCore","Challenge The Spire","Colored Map","Colored Powertips","Conspire","Defuse TimeMaze Blight","Dota2Spire","Downfall","Elementarium","Energized Spire","Friendly Minions","Gensokyo","GifTheSpireLib","Gold Saver","GungeonMod","Halation","HololiveMod","Hubris","Hyrulean Relics","Infinite Spire","Jorbs\u0027s Wanderer Trilogy","Melee Mod","Minty Spire (QoL Compilation)","MostiFishMod","Permanent Neow","Quick Restart","Railgun Mod","Replay The Spire","RumiaBox-????????","Spikes Relics","StSLib","TestMod","The Alterego","The Blue Laboratory","The Factory","The Fake Hero","Trackpad","Waifu the Spire","Wandering Minibosses","WarShipGirlsR/????R mod","Watcher Patcher"],"gold_per_floor":[1353,1353,1353,1363,1363,1363,1374,10622,10645,10658,10686,10103,9992,10006,10006,10108,10108,10122,10142,10142,10169,10181,10208,10208,10235,10235,10235,10252,10268,10268,10268,10268,10367,10367,10379,10379,10379,10389,10399,10399,10432,10492,10515,10521,10548,10548,10548,10566,10566,10580,10580,10580,10033,10064,10094],"floor_reached":56,"playtime":3589,"items_purged":["Pain"],"score":1615,"play_id":"d1e8dcab-a8c6-4f0b-bea8-e4c7f789bd20","local_time":"20201216085235","is_ascension_mode":false,"campfire_choices":[{"data":"alterego_mod:Crossover","floor":6,"key":"SMITH"},{"data":"Bouncing Flask","floor":15,"key":"SMITH"},{"data":"infinitespire:DeathsTouch","floor":24,"key":"SMITH"},{"data":"alterego_mod:Venus","floor":27,"key":"SMITH"},{"data":"alterego_mod:SakuraFive","floor":32,"key":"SMITH"},{"data":"alterego_mod:GIGAMILK","floor":40,"key":"SMITH"},{"data":"ReplayTheSpireMod:Book of Names","floor":46,"key":"SMITH"},{"data":"infinitespire:UltimateForm","floor":49,"key":"SMITH"},{"data":"alterego_mod:SideboobHour","floor":52,"key":"SMITH"}],"circlet_count":0,"master_deck":["alterego_mod:Strike+1","alterego_mod:Defend+1","alterego_mod:Defend+1","alterego_mod:Defend+1","alterego_mod:Defend+1","alterego_mod:Impale","alterego_mod:BigMeatyClaws","alterego_mod:BrynhildrsRune","alterego_mod:Stockings","infinitespire:DeathsTouch+1","Hallucinations","alterego_mod:Crossover+1","Atom Bomb","Neutralize","alterego_mod:Rake","Poisoned Stab","DeusExMachina","alterego_mod:MaintainEyeContact","Bouncing Flask+1","alterego_mod:SakuraFive","alterego_mod:PerceptionDisorder","Bane","alterego_mod:Skirt","alterego_mod:Skirt","alterego_mod:IndependentAction","alterego_mod:Valkyrie","alterego_mod:PurpleHair","alterego_mod:BeGentle","alterego_mod:TrashNCrash","alterego_mod:SakuraFive+1","alterego_mod:Venus+1","alterego_mod:Bounce","alterego_mod:PerceptionDisorder","alterego_mod:GIGAMILK+1","Slimebound:CorrosiveSpit","alterego_mod:SideboobHour+1","Flash of Steel","ReplayTheSpireMod:Book of Names+1","alterego_mod:PerceptionDisorder","alterego_mod:Birthday","alterego_mod:SakuraPetals","alterego_mod:Bloomers+1","alterego_mod:Birthday+1","alterego_mod:Bounce","infinitespire:UltimateForm+1","alterego_mod:Bounce","ReplayTheSpireMod:Brewmster","ReplayTheSpireMod:Trickstab","alterego_mod:1TonWallop","alterego_mod:SakuraLabyrinth","alterego_mod:SakuraLabyrinth","alterego_mod:BusterCard"],"relics":["alterego_mod:MasochisticConstitution","testmod-TestBox","DaveBox","aspiration:Nostalgia","testmod-BatchProcessingSystem","BirthdayGift-Icosahedron","Question Card","ReplayTheSpireMod:Ring of Collecting","SpikesRelics:ToyHorsey","Blue Doll","halation:Thesaurus","Guardian:ModeShifter","Ring of Panic","Orichalcum","infinitespire:Broken Mirror","hubris:OldNail","DemoMod:Metronome","HandDrill","hubris:AstralHammer","ImportantClient","SoulBox","wanderingMiniBosses:Inkheart","hubris:Backtick","infinitespire:Midas Blood","conspire:TreasureMap","Ring of Fangs","trackpad:IceCube","GodSword3","Replay:WaspNest","Potion Belt","alterego_mod:SomeoneToFightFor","ReplayTheSpireMod:SealedPack","WarpedTongs","trackpad:WindUpAutoDealer","trackpad:ZombieHeart","Ring of Fury","halation:SelfBoilingWater","trackpad:ByrdBGone","DemoMod:ClearGuonStone","Dota2Spire:MagicBottle"],"acts_visited":["Exordium","TheCity","TheBeyond","TheEnding"],"potions_floor_usage":[22,28,39,50,55,55,55,55,55,55],"damage_taken":[{"damage":0,"enemies":"Small Slimes","floor":1,"turns":3},{"damage":2,"enemies":"conspire:RoseBush","floor":4,"turns":1},{"damage":0,"enemies":"2 Louse","floor":7,"turns":2},{"damage":0,"enemies":"Exordium Wildlife","floor":10,"turns":2},{"damage":0,"enemies":"Replay:BlueRogue","floor":11,"turns":1},{"damage":0,"enemies":"Exordium Thugs","floor":14,"turns":1},{"damage":20,"enemies":"Fading Forest","floor":16,"turns":6},{"damage":0,"enemies":"Chosen","floor":18,"turns":5},{"damage":0,"enemies":"3 Byrds","floor":19,"turns":2},{"damage":8,"enemies":"Centurion and Healer","floor":22,"turns":2},{"damage":0,"enemies":"Gremlin Leader","floor":23,"turns":2},{"damage":0,"enemies":"conspire:SneckoGhost","floor":25,"turns":1},{"damage":0,"enemies":"Snecko","floor":28,"turns":2},{"damage":0,"enemies":"conspire:HollyBat","floor":29,"turns":4},{"damage":0,"enemies":"Collector","floor":33,"turns":2},{"damage":0,"enemies":"3 Darklings","floor":35,"turns":2},{"damage":0,"enemies":"3 Shapes","floor":38,"turns":2},{"damage":0,"enemies":"Maw","floor":39,"turns":4},{"damage":14,"enemies":"R_Hoarder","floor":41,"turns":3},{"damage":5,"enemies":"Mind Bloom Boss Battle","floor":42,"turns":2},{"damage":9,"enemies":"infinitespire:Three Voidlings","floor":44,"turns":2},{"damage":8,"enemies":"4 Shapes","floor":45,"turns":2},{"damage":0,"enemies":"3 Darklings","floor":48,"turns":2},{"damage":41,"enemies":"Awakened One","floor":50,"turns":5},{"damage":2,"enemies":"Shield and Spear","floor":54,"turns":2},{"damage":60,"enemies":"The Heart","floor":55,"turns":3}],"seed_played":"-3982996586192854531","potions_obtained":[{"floor":14,"key":"Regen Potion"},{"floor":16,"key":"LifebloodPotion"},{"floor":19,"key":"EssenceOfSteel"},{"floor":22,"key":"testmod-SpacePotion"},{"floor":23,"key":"LiquidMemories"},{"floor":35,"key":"Block Potion"},{"floor":38,"key":"blueLaboratory:EmptyBottle"},{"floor":45,"key":"blueLaboratory:FruitPunch"},{"floor":48,"key":"BlessingOfTheForge"},{"floor":54,"key":"Elixir"}],"is_trial":false,"path_per_floor":["M","?","?","M","?","R","M","$","T","M","E","$","?","M","R","B",null,"M","M","AVR","T","M","E","R","E","T","R","M","M","?","?","R","B",null,"M","?","?","M","M","R","E","?","T","?","M","R","AVR","M","R","B",null,"R","$","E","B",null],"character_chosen":"The_Alterego","items_purchased":["DemoMod:WeirdEgg","Poisoned Stab","DeusExMachina","Blue Doll","alterego_mod:MaintainEyeContact","halation:Thesaurus","alterego_mod:PerceptionDisorder","Bane","alterego_mod:Skirt","hubris:OldNail","DemoMod:Metronome","HandDrill","ReplayTheSpireMod:Brewmster","DemoMod:ClearGuonStone","ReplayTheSpireMod:Trickstab","alterego_mod:1TonWallop","alterego_mod:SakuraLabyrinth","DistilledChaos","Fire Potion"],"campfire_rested":0,"item_purchase_floors":[8,8,8,8,8,8,12,12,12,12,12,12,53,53,53,53,53,53,53],"current_hp_per_floor":[70,53,53,53,53,53,54,54,54,69,71,71,71,71,71,63,72,72,72,72,72,66,73,73,73,73,73,73,73,73,73,73,73,73,73,73,73,73,73,73,70,74,74,77,84,84,84,90,90,59,98,98,98,101,64],"gold":10094,"neow_bonus":"NOSTALGIA","is_daily":false,"chose_seed":false,"campfire_upgraded":9,"win_rate":0.0,"timestamp":1608126755,"path_taken":["M","?","?","M","?","R","M","?","T","?","E","$","?","M","R","BOSS","M","?","AVR","?","M","E","R","E","T","R","M","?","?","?","R","BOSS","M","?","?","?","M","R","E","?","T","?","M","R","AVR","M","R","BOSS","R","$","E","BOSS"],"items_purchased_type":["Relic","Card","Card","Relic","Card","Relic","Card","Card","Card","Relic","Relic","Relic","Card","Relic","Card","Card","Card","Potion","Potion"],"build_version":"2020-12-13","purchased_purges":1,"victory":true,"max_hp_per_floor":[70,70,70,71,71,71,71,71,71,71,71,71,71,71,71,72,72,72,72,72,72,73,73,73,73,73,73,73,73,73,73,73,73,73,73,73,73,73,73,73,74,75,75,79,84,84,84,90,90,98,98,98,98,101,103],"card_choices":[{"not_picked":["alterego_mod:Bounce","alterego_mod:TrashNCrash"],"picked":"alterego_mod:Stockings","floor":1},{"not_picked":["hubris:Fate","ReplayTheSpireMod:Echoes of Time"],"picked":"infinitespire:DeathsTouch","floor":2},{"not_picked":["Deadly Poison","alterego_mod:DeftHands","alterego_mod:TrashNCrash"],"picked":"alterego_mod:Crossover","floor":4},{"not_picked":["alterego_mod:SakuraPetals","alterego_mod:Cushion","alterego_mod:Skirt"],"picked":"alterego_mod:Rake","floor":7},{"not_picked":["alterego_mod:BiFurious","alterego_mod:Valentines","alterego_mod:Cycle"],"picked":"Bouncing Flask","floor":10},{"not_picked":["alterego_mod:Rip","alterego_mod:Schoolgirl","alterego_mod:Cycle"],"picked":"alterego_mod:SakuraFive","floor":11},{"not_picked":["alterego_mod:Complex","Deadly Poison","alterego_mod:Birthday"],"picked":"alterego_mod:IndependentAction","floor":14},{"not_picked":["alterego_mod:Alter","alterego_mod:InsideBaseball","alterego_mod:TrickOrTreatment"],"picked":"alterego_mod:Valkyrie","floor":16},{"not_picked":["alterego_mod:Belle","alterego_mod:GachaTicket+1","alterego_mod:SuperDuperMasochism"],"picked":"alterego_mod:PurpleHair","floor":18},{"not_picked":["alterego_mod:DeftHands","alterego_mod:MagicResistance+1","alterego_mod:BoobPocket"],"picked":"alterego_mod:BeGentle","floor":19},{"not_picked":["alterego_mod:Undulate","alterego_mod:Cycle","alterego_mod:Bunnysuit"],"picked":"alterego_mod:TrashNCrash","floor":22},{"not_picked":["alterego_mod:Maid","alterego_mod:Mirror+1","alterego_mod:DeftHands+1"],"picked":"alterego_mod:SakuraFive","floor":23},{"not_picked":["alterego_mod:Rip","alterego_mod:BiFurious","alterego_mod:Jiggle"],"picked":"alterego_mod:Venus","floor":25},{"not_picked":["alterego_mod:Lift","alterego_mod:Rip","alterego_mod:Bloomers"],"picked":"alterego_mod:Bounce","floor":28},{"not_picked":["alterego_mod:Skirt","alterego_mod:BoobPocket+1","alterego_mod:Maid"],"picked":"alterego_mod:PerceptionDisorder","floor":29},{"not_picked":["alterego_mod:STier","alterego_mod:IdEs","alterego_mod:SideboobHour"],"picked":"alterego_mod:GIGAMILK","floor":33},{"not_picked":["DemoMod:CrossBow","DemoMod:TableTechRocket","champ:Taunt"],"picked":"Slimebound:CorrosiveSpit","floor":34},{"not_picked":["alterego_mod:Alter","alterego_mod:Vow","alterego_mod:VirginLaserPalladion"],"picked":"alterego_mod:SideboobHour","floor":34},{"not_picked":["expansioncontent:BronzeBeam","Degenerate","expansioncontent:Sear"],"picked":"Flash of Steel","floor":34},{"not_picked":["infinitespire:Starlight","ReplayTheSpireMod:??????????????????????","infinitespire:NeuralNetwork"],"picked":"ReplayTheSpireMod:Book of Names","floor":34},{"not_picked":["alterego_mod:Complex","alterego_mod:Rip+1","alterego_mod:HighServant+1"],"picked":"alterego_mod:PerceptionDisorder","floor":35},{"not_picked":["alterego_mod:DiscoLights+1","alterego_mod:Support","alterego_mod:Nekomimi"],"picked":"alterego_mod:Birthday","floor":38},{"not_picked":["alterego_mod:TrashNCrash","alterego_mod:AlterEgo","alterego_mod:DeftHands+1"],"picked":"alterego_mod:SakuraPetals","floor":39},{"not_picked":["alterego_mod:Skirt","alterego_mod:Cycle+1","alterego_mod:PresenceConcealment+1"],"picked":"alterego_mod:Bloomers+1","floor":41},{"not_picked":["alterego_mod:Nekomimi","alterego_mod:Santa","alterego_mod:BustOut"],"picked":"alterego_mod:Birthday+1","floor":42},{"not_picked":["alterego_mod:Cycle","alterego_mod:Punishment+1","alterego_mod:BustOut+1"],"picked":"alterego_mod:Bounce","floor":45},{"not_picked":["alterego_mod:PerceptionDisorder","alterego_mod:Skirt","alterego_mod:Support+1"],"picked":"alterego_mod:Bounce","floor":48},{"not_picked":["alterego_mod:Schoolgirl","alterego_mod:Birthday","alterego_mod:DestructionOfProperty"],"picked":"alterego_mod:BusterCard","floor":54}],"player_experience":1065147,"relics_obtained":[{"floor":1,"key":"Question Card"},{"floor":3,"key":"ReplayTheSpireMod:Ring of Collecting"},{"floor":9,"key":"Ring of Panic"},{"floor":9,"key":"Orichalcum"},{"floor":11,"key":"infinitespire:Broken Mirror"},{"floor":16,"key":"ImportantClient"},{"floor":18,"key":"wanderingMiniBosses:Inkheart"},{"floor":21,"key":"Ring of Fangs"},{"floor":21,"key":"trackpad:IceCube"},{"floor":23,"key":"GodSword3"},{"floor":25,"key":"Replay:WaspNest"},{"floor":26,"key":"Potion Belt"},{"floor":41,"key":"trackpad:WindUpAutoDealer"},{"floor":42,"key":"trackpad:ZombieHeart"},{"floor":43,"key":"Ring of Fury"},{"floor":43,"key":"halation:SelfBoilingWater"},{"floor":54,"key":"Dota2Spire:MagicBottle"}],"event_choices":[{"damage_healed":0,"gold_gain":0,"player_choice":"Paid Gold","damage_taken":0,"relics_obtained":["hubris:AstralHammer"],"max_hp_gain":0,"max_hp_loss":0,"event_name":"WeMeetAgain","floor":13,"gold_loss":111},{"damage_healed":0,"gold_gain":0,"player_choice":"Choice 2","damage_taken":0,"relics_obtained":["alterego_mod:SomeoneToFightFor"],"max_hp_gain":0,"max_hp_loss":0,"event_name":"Secret Garden","floor":30,"gold_loss":0},{"damage_healed":0,"gold_gain":0,"player_choice":"Simplicity","damage_taken":0,"max_hp_gain":0,"max_hp_loss":0,"event_name":"Back to Basics","floor":31,"gold_loss":0,"cards_upgraded":["alterego_mod:Strike","alterego_mod:Defend","alterego_mod:Defend","alterego_mod:Defend","alterego_mod:Defend"]},{"cards_removed":["BowlingBash"],"damage_healed":0,"gold_gain":0,"player_choice":"Removed Attack","damage_taken":0,"max_hp_gain":0,"max_hp_loss":0,"event_name":"Falling","floor":36,"gold_loss":0},{"damage_healed":0,"gold_gain":0,"player_choice":"Rummage","damage_taken":0,"relics_obtained":["WarpedTongs"],"max_hp_gain":0,"max_hp_loss":0,"event_name":"Accursed Blacksmith","floor":37,"gold_loss":0,"cards_obtained":["Pain"]},{"damage_healed":0,"gold_gain":0,"player_choice":"Fight","damage_taken":0,"max_hp_gain":0,"max_hp_loss":0,"event_name":"MindBloom","floor":42,"gold_loss":0}],"is_beta":false,"boss_relics":[{"not_picked":["hubris:VirtuousBlindfold","testmod-Fanaticism"],"picked":"SoulBox"},{"not_picked":["OneHitWonderSystem","aspiration:SecretTechniqueScroll"],"picked":"ReplayTheSpireMod:SealedPack"}],"items_purged_floors":[53],"is_endless":false,"potions_floor_spawned":[14,16,19,22,23,35,38,45,48,54],"ascension_level":0}}