{"host":"9anmc1688xy4jiyg","time":1608131507,"event":{"mods":["AchievementEnabler","BaseMod","Highlight Path","Minty Spire (QoL Compilation)","Relic Stats","StSLib","ojb\u0027s Info Mod"],"gold_per_floor":[367,377,377,452,472,472,472,472],"floor_reached":7,"playtime":191,"items_purged":[],"score":82,"play_id":"a02c2398-4f21-4fa2-962e-8f506011b3c4","local_time":"20201216161147","is_ascension_mode":true,"campfire_choices":[{"data":"Entrench","floor":6,"key":"SMITH"}],"circlet_count":0,"master_deck":["AscendersBane","Strike_R","Strike_R","Strike_R","Strike_R","Strike_R","Defend_R","Defend_R","Defend_R","Defend_R","Bash","Wild Strike","Cleave","Regret","Entrench+1"],"relics":["Burning Blood","Singing Bowl"],"acts_visited":["Exordium"],"potions_floor_usage":[7],"damage_taken":[{"damage":2,"enemies":"Cultist","floor":1,"turns":4},{"damage":7,"enemies":"2 Louse","floor":2,"turns":3},{"damage":7,"enemies":"Jaw Worm","floor":5,"turns":3},{"damage":64,"enemies":"Gremlin Nob","floor":7,"turns":4}],"seed_played":"-6371832113667895461","potions_obtained":[{"floor":1,"key":"AttackPotion"}],"is_trial":false,"path_per_floor":["M","M","?","?","M","R","E"],"character_chosen":"IRONCLAD","items_purchased":[],"campfire_rested":0,"item_purchase_floors":[],"current_hp_per_floor":[54,53,53,42,41,41,0,0],"gold":472,"neow_bonus":"TWO_FIFTY_GOLD","is_daily":false,"chose_seed":false,"campfire_upgraded":1,"win_rate":0.0,"timestamp":1608131507,"path_taken":["M","M","?","?","M","R","E"],"items_purchased_type":[],"build_version":"2020-12-13","purchased_purges":0,"victory":false,"max_hp_per_floor":[75,75,75,75,75,75,75,75],"relic_stats":{"Singing Bowl":0,"counters":[4,14],"obtain_stats":[{"Singing Bowl":3,"Burning Blood":0},{"Singing Bowl":2,"Burning Blood":0},{"Singing Bowl":7,"Burning Blood":0}],"Burning Blood":18},"card_choices":[{"not_picked":["Burning Pact","Feel No Pain"],"picked":"Wild Strike","floor":1},{"not_picked":["True Grit","Sword Boomerang"],"picked":"Cleave","floor":2},{"not_picked":["Pommel Strike","True Grit"],"picked":"Entrench","floor":5}],"player_experience":445966,"relics_obtained":[],"event_choices":[{"damage_healed":0,"gold_gain":0,"player_choice":"Box","damage_taken":0,"relics_obtained":["Singing Bowl"],"max_hp_gain":0,"max_hp_loss":0,"event_name":"Big Fish","floor":3,"gold_loss":0,"cards_obtained":["Regret"]},{"damage_healed":0,"gold_gain":75,"player_choice":"Gather Gold","damage_taken":11,"max_hp_gain":0,"max_hp_loss":0,"event_name":"World of Goop","floor":4,"gold_loss":0}],"is_beta":false,"boss_relics":[],"items_purged_floors":[],"is_endless":false,"potions_floor_spawned":[1],"killed_by":"Gremlin Nob","ascension_level":20}}