{"host":"5tnmlfm2arf82kze","time":1608116826,"event":{"mods":["Act Like it!","BaseMod","CapriCore","Colored Powertips","Downfall","Gensokyo","Lobotomy","LobotomyExtend","Minty Spire (QoL Compilation)","MostiFishMod","Replay The Spire","RumiaBox-露米娅的神秘盒子","Shop Mod","Spicy Shops","StSLib","Waifu the Spire","【功能Mod】聪明的最终Boss"],"gold_per_floor":[99,99,99,126,141,141,141,168,18,52,52,63,76,89,103,103,103],"floor_reached":16,"playtime":5079,"items_purged":[],"score":145,"play_id":"72201a6f-501c-4fcd-9f80-b3e8d8883c98","local_time":"20201216190706","is_ascension_mode":false,"campfire_choices":[{"floor":1.0,"key":"RECALL"}],"circlet_count":0,"master_deck":["champ:Strike","champ:Strike","champ:Strike","champ:Strike","champ:Defend","champ:Defend","champ:Defend","champ:Execute","champ:Taunt","champ:RecklessLeap","champ:BringItOn","champ:GladiatorStyle","champ:IronFortress","champ:HeavySlash+1","champ:MurderStrike+1","champ:CrookedStrike","champ:RecklessLeap","champ:GutPunch"],"relics":["champ:ChampionCrown","DaveBox","downfall:HeartsMalice","BrkXgEgg","Mummified Hand","Chameleon Ring","HornCleat","downfall:HeartBlessingRed","downfall:HeartBlessingGreen","Gambling Chip"],"acts_visited":["Exordium"],"potions_floor_usage":[],"damage_taken":[{"damage":0.0,"enemies":"Cultist","floor":2.0,"turns":1.0},{"damage":0.0,"enemies":"Small Slimes","floor":3.0,"turns":1.0},{"damage":0.0,"enemies":"3 Sentries","floor":4.0,"turns":1.0},{"damage":0,"enemies":"2 Louse","floor":5,"turns":3},{"damage":30,"enemies":"Lagavulin","floor":8,"turns":6},{"damage":21,"enemies":"3 Sentries","floor":10,"turns":6},{"damage":21,"enemies":"Exordium Thugs","floor":12,"turns":4},{"damage":11,"enemies":"3 Louse","floor":13,"turns":3},{"damage":28,"enemies":"Lots of Slimes","floor":14,"turns":4},{"damage":4,"enemies":"Red Slaver","floor":15,"turns":3},{"damage":115,"enemies":"downfall:Defect","floor":16,"turns":6}],"seed_played":"-1622753983312454845","potions_obtained":[{"floor":4.0,"key":"FairyPotion"},{"floor":9,"key":"champ:UltimateStancePotion"},{"floor":9,"key":"CultistPotion"}],"is_trial":false,"path_per_floor":["R","M","M","E","M","?","T","E","R","E","?","M","M","M","M","B"],"character_chosen":"THE_CHAMP","items_purchased":[],"campfire_rested":0,"item_purchase_floors":[],"current_hp_per_floor":[90,90,90,90,90,90,90,80,80,79,79,73,62,52,48,0,0],"gold":103,"neow_bonus":"THREE_ENEMY_KILL","is_daily":false,"chose_seed":false,"campfire_upgraded":0,"win_rate":0.0,"timestamp":1608116826,"path_taken":["R","M","M","E","?","?","T","E","R","E","?","M","?","M","M","BOSS"],"items_purchased_type":[],"build_version":"2020-12-13","purchased_purges":0,"victory":false,"max_hp_per_floor":[90,90,90,90,90,90,90,90,90,90,90,90,90,90,90,95,95],"card_choices":[{"not_picked":["champ:DeathBlow","champ:Shatter"],"picked":"champ:RecklessLeap","floor":2.0},{"not_picked":["champ:EnGarde","champ:FlashCut"],"picked":"champ:BringItOn","floor":3.0},{"not_picked":["champ:PerfectedStrike","champ:CrookedStrike"],"picked":"champ:GladiatorStyle","floor":4.0},{"not_picked":["champ:PreciseThrust","champ:BringItOn"],"picked":"champ:IronFortress","floor":5},{"not_picked":["champ:DefensiveStyle","champ:PerfectedStrike"],"picked":"champ:HeavySlash+1","floor":8},{"not_picked":["champ:TornadoPunch","champ:FocusedGladiator"],"picked":"champ:MurderStrike+1","floor":10},{"not_picked":["champ:TornadoPunch","champ:IronFortress"],"picked":"champ:CrookedStrike","floor":12},{"not_picked":["champ:GutPunch","champ:FanOfKnives"],"picked":"champ:RecklessLeap","floor":13},{"not_picked":["champ:EnGarde","champ:FocusedBerserking"],"picked":"champ:FightOn","floor":14},{"not_picked":["champ:BladeFlurry","champ:Backstep"],"picked":"champ:GutPunch","floor":15}],"player_experience":162434,"relics_obtained":[{"floor":4.0,"key":"Mummified Hand"},{"floor":7,"key":"Chameleon Ring"},{"floor":8,"key":"HornCleat"},{"floor":10,"key":"Gambling Chip"}],"event_choices":[{"cards_removed":["champ:Defend"],"damage_healed":0,"gold_gain":0,"player_choice":"Card Removal","damage_taken":0,"max_hp_gain":0,"max_hp_loss":0,"event_name":"The Cleric","floor":6,"gold_loss":0}],"is_beta":false,"boss_relics":[],"items_purged_floors":[],"is_endless":false,"potions_floor_spawned":[4,10,12,15],"killed_by":"downfall:Defect","ascension_level":0}}