{"host":"3l94tha3a4jgu0q4","time":1608144870,"event":{"mods":["2.2 Compatiblity","AchievementEnabler","BaseMod","Colored Map","Colored Powertips","Highlight Path","Minty Spire (QoL Compilation)","Permanent Neow","StSLib","SuperFastMode"],"gold_per_floor":[109,109,44,44,62,62,91,104,104,137,137,149,164,164,164,264,264,264,363,363,6,22,47,47,61,85,110,110,110,110,120,120,225,225,243,243,261,8,26,26,57,57,57,0,0,11,11,21,21,21,21,21,21,52,52,52],"floor_reached":55,"playtime":4116,"items_purged":["Strike_P"],"score":1102,"play_id":"c358d9db-54dc-4991-860c-d0d89f261f8e","local_time":"20201216105430","is_ascension_mode":true,"campfire_choices":[{"data":"FlurryOfBlows","floor":6.0,"key":"SMITH"},{"data":"TalkToTheHand","floor":15.0,"key":"SMITH"},{"data":"Wallop","floor":24.0,"key":"SMITH"},{"data":"Defend_P","floor":28.0,"key":"PURGE"},{"data":"FlurryOfBlows","floor":32.0,"key":"SMITH"},{"floor":40,"key":"RECALL"},{"data":"Strike_P+1","floor":42,"key":"PURGE"},{"data":"Strike_P+1","floor":47,"key":"PURGE"},{"data":"Defend_P+1","floor":49,"key":"PURGE"},{"data":"Fasting2","floor":52,"key":"SMITH"}],"circlet_count":0,"master_deck":["AscendersBane","Defend_P+1","Eruption+1","Vigilance+1","FlurryOfBlows+1","TalkToTheHand+1","ReachHeaven+1","Halt+1","EmptyBody+1","FlurryOfBlows+1","Wallop+1","LessonLearned","Evaluate+1","EmptyFist+1","Crescendo","ForeignInfluence+1","EmptyFist+1","EmptyBody+1","Ragnarok+1","WheelKick+1","Finesse+1","Indignation+1","FlurryOfBlows+1","Eruption+1","Fasting2+1","Meditate+1"],"relics":["Coffee Dripper","Question Card","Anchor","Pen Nib","Mummified Hand","Ornamental Fan","VioletLotus","Molten Egg 2","Toy Ornithopter","Peace Pipe","Runic Pyramid","HornCleat","Darkstone Periapt","Red Mask","CloakClasp"],"acts_visited":["Exordium","TheCity","TheBeyond","TheEnding"],"potions_floor_usage":[41,50,50,55],"damage_taken":[{"damage":5.0,"enemies":"Jaw Worm","floor":1.0,"turns":4.0},{"damage":0.0,"enemies":"2 Louse","floor":5.0,"turns":2.0},{"damage":12.0,"enemies":"Gremlin Nob","floor":7.0,"turns":3.0},{"damage":0.0,"enemies":"Cultist","floor":8.0,"turns":2.0},{"damage":5.0,"enemies":"3 Sentries","floor":10.0,"turns":4.0},{"damage":0.0,"enemies":"Exordium Thugs","floor":12.0,"turns":3.0},{"damage":0.0,"enemies":"3 Louse","floor":13.0,"turns":2.0},{"damage":21.0,"enemies":"The Guardian","floor":16.0,"turns":10.0},{"damage":6.0,"enemies":"Spheric Guardian","floor":18.0,"turns":3.0},{"damage":12.0,"enemies":"Shell Parasite","floor":22.0,"turns":5.0},{"damage":4.0,"enemies":"Slavers","floor":23.0,"turns":9.0},{"damage":0.0,"enemies":"Snake Plant","floor":25.0,"turns":3.0},{"damage":33.0,"enemies":"Book of Stabbing","floor":27.0,"turns":5.0},{"damage":0.0,"enemies":"Shelled Parasite and Fungi","floor":31.0,"turns":3.0},{"damage":3.0,"enemies":"Champ","floor":33.0,"turns":9.0},{"damage":0,"enemies":"3 Darklings","floor":35,"turns":4},{"damage":0,"enemies":"Orb Walker","floor":37,"turns":3},{"damage":10,"enemies":"4 Shapes","floor":39,"turns":5},{"damage":4,"enemies":"Nemesis","floor":41,"turns":7},{"damage":0,"enemies":"Maw","floor":46,"turns":5},{"damage":0,"enemies":"Transient","floor":48,"turns":5},{"damage":10,"enemies":"Time Eater","floor":50,"turns":7},{"damage":38,"enemies":"Shield and Spear","floor":54,"turns":6},{"damage":54,"enemies":"The Heart","floor":55,"turns":3}],"seed_played":"-1309778713283516975","potions_obtained":[{"floor":1.0,"key":"Fire Potion"},{"floor":5.0,"key":"Regen Potion"},{"floor":8.0,"key":"StancePotion"},{"floor":10.0,"key":"PowerPotion"},{"floor":16.0,"key":"SmokeBomb"},{"floor":22.0,"key":"Swift Potion"},{"floor":25.0,"key":"SteroidPotion"},{"floor":27.0,"key":"Block Potion"},{"floor":33.0,"key":"Strength Potion"},{"floor":35,"key":"SteroidPotion"},{"floor":46,"key":"BlessingOfTheForge"}],"is_trial":false,"path_per_floor":["M","?","?","$","M","R","E","M","T","E","T","M","M","?","R","B",null,"M","?","?","$","M","E","R","M","T","E","R","?","?","M","R","B",null,"M","?","M","$","M","R","E","R","T","?","?","M","R","M","R","B",null,"R","$","E","B"],"character_chosen":"WATCHER","items_purchased":["Evaluate","Molten Egg 2","HornCleat"],"campfire_rested":0,"item_purchase_floors":[21,21,38],"current_hp_per_floor":[60,46,46,46,46,46,34,34,34,41,41,41,41,34,34,13,57,51,51,51,51,39,35,35,35,35,7,7,7,31,31,31,28,61,61,61,61,61,51,51,52,52,52,52,52,52,52,52,52,52,67,67,67,29,0,0],"gold":52,"neow_bonus":"BOSS_RELIC","is_daily":false,"chose_seed":false,"campfire_upgraded":5,"win_rate":0.0,"timestamp":1608144870,"path_taken":["M","?","?","$","M","R","E","?","T","E","?","M","M","?","R","BOSS","M","?","?","$","?","E","R","M","T","E","R","?","?","?","R","BOSS","M","?","M","$","M","R","E","R","T","?","?","?","R","M","R","BOSS","R","$","E","BOSS"],"items_purchased_type":["Card","Relic","Relic"],"build_version":"2020-12-13","purchased_purges":1,"victory":false,"max_hp_per_floor":[72,72,72,72,72,72,72,72,72,72,72,72,72,72,72,72,72,72,72,72,72,72,72,72,72,72,72,72,72,72,72,72,72,72,72,72,72,72,72,72,72,72,72,72,72,72,72,72,72,72,72,72,72,72,72,72],"card_choices":[{"not_picked":["CarveReality","PathToVictory"],"picked":"FlurryOfBlows","floor":1.0},{"not_picked":["ThirdEye","Crescendo","EmptyBody"],"picked":"TalkToTheHand","floor":5.0},{"not_picked":["CrushJoints","SashWhip","Prostrate"],"picked":"ReachHeaven","floor":7.0},{"not_picked":["Protect","JustLucky","WreathOfFlame"],"picked":"Halt","floor":8.0},{"not_picked":["Vengeance","FollowUp","Swivel"],"picked":"EmptyBody","floor":10.0},{"not_picked":["Prostrate","Omniscience","Conclude"],"picked":"FlurryOfBlows","floor":12.0},{"not_picked":["WindmillStrike","BowlingBash","CutThroughFate"],"picked":"Wallop","floor":13.0},{"not_picked":["Brilliance","DevaForm","Scrawl"],"picked":"LessonLearned","floor":16.0},{"not_picked":["Protect","CarveReality+1","Prostrate"],"picked":"EmptyFist+1","floor":22.0},{"not_picked":["Consecrate+1","CrushJoints+1","BowlingBash+1"],"picked":"Crescendo","floor":23.0},{"not_picked":["CutThroughFate+1","CarveReality+1","Evaluate+1"],"picked":"ForeignInfluence+1","floor":25.0},{"not_picked":["BattleHymn","PathToVictory","Omniscience"],"picked":"EmptyFist+1","floor":27.0},{"not_picked":["CrushJoints+1","FollowUp+1","ReachHeaven+1"],"picked":"EmptyBody","floor":31.0},{"not_picked":["Blasphemy","Judgement","DevaForm"],"picked":"Ragnarok+1","floor":33.0},{"not_picked":["SandsOfTime+1","Swivel+1","Wireheading+1"],"picked":"WheelKick+1","floor":35},{"not_picked":["Secret Technique","Good Instincts","PanicButton"],"picked":"Finesse","floor":36},{"not_picked":["Study+1","BowlingBash+1","CutThroughFate+1"],"picked":"Indignation+1","floor":37},{"not_picked":["ForeignInfluence+1","Indignation","ClearTheMind"],"picked":"FlurryOfBlows+1","floor":39},{"not_picked":["Prostrate","Worship+1","FollowUp+1","SignatureMove+1"],"picked":"SKIP","floor":41},{"not_picked":["Meditate","Nirvana+1","Conclude+1"],"picked":"Fasting2","floor":46},{"not_picked":["Vengeance","WheelKick+1","ClearTheMind","PathToVictory+1"],"picked":"SKIP","floor":48},{"not_picked":["ReachHeaven+1","FlyingSleeves+1","JustLucky+1"],"picked":"Meditate+1","floor":54}],"player_experience":1860266,"relics_obtained":[{"floor":7.0,"key":"Anchor"},{"floor":9.0,"key":"Pen Nib"},{"floor":10.0,"key":"Mummified Hand"},{"floor":11.0,"key":"Ornamental Fan"},{"floor":26.0,"key":"Toy Ornithopter"},{"floor":27.0,"key":"Peace Pipe"},{"floor":41,"key":"Darkstone Periapt"},{"floor":54,"key":"CloakClasp"}],"event_choices":[{"damage_healed":0.0,"max_hp_gain":0.0,"max_hp_loss":0.0,"gold_gain":0.0,"event_name":"Shining Light","player_choice":"Entered Light","floor":2.0,"gold_loss":0.0,"damage_taken":14.0,"cards_upgraded":["Eruption","Strike_P"]},{"damage_healed":0.0,"max_hp_gain":0.0,"max_hp_loss":0.0,"gold_gain":0.0,"event_name":"WeMeetAgain","player_choice":"Paid Gold","floor":3.0,"gold_loss":65.0,"damage_taken":0.0,"relics_obtained":["Question Card"]},{"cards_removed":["Strike_P"],"damage_healed":0.0,"max_hp_gain":0.0,"max_hp_loss":0.0,"gold_gain":0.0,"event_name":"Golden Wing","player_choice":"Card Removal","floor":14.0,"gold_loss":0.0,"damage_taken":7.0},{"damage_healed":0.0,"max_hp_gain":0.0,"max_hp_loss":0.0,"gold_gain":99.0,"event_name":"Nest","player_choice":"Stole From Cult","floor":19.0,"gold_loss":0.0,"damage_taken":0.0},{"cards_removed":["Defend_P"],"damage_healed":0.0,"max_hp_gain":0.0,"max_hp_loss":0.0,"gold_gain":0.0,"event_name":"Wheel of Change","player_choice":"Card Removal","floor":20.0,"gold_loss":0.0,"damage_taken":0.0},{"damage_healed":0.0,"max_hp_gain":0.0,"max_hp_loss":0.0,"gold_gain":0.0,"event_name":"Back to Basics","player_choice":"Simplicity","floor":29.0,"gold_loss":0.0,"damage_taken":0.0,"cards_upgraded":["Defend_P","Defend_P"]},{"damage_healed":24.0,"max_hp_gain":0.0,"max_hp_loss":0.0,"gold_gain":0.0,"event_name":"The Library","player_choice":"Heal","floor":30.0,"gold_loss":0.0,"damage_taken":0.0},{"damage_healed":0,"gold_gain":0,"player_choice":"Memory 1","damage_taken":0,"max_hp_gain":0,"max_hp_loss":0,"event_name":"SensoryStone","floor":36,"gold_loss":0},{"damage_healed":0,"gold_gain":0,"player_choice":"Paid","damage_taken":0,"relics_obtained":["Red Mask"],"max_hp_gain":0,"max_hp_loss":0,"event_name":"Tomb of Lord Red Mask","floor":44,"gold_loss":57},{"damage_healed":0,"gold_gain":0,"player_choice":"Copied","damage_taken":0,"max_hp_gain":0,"max_hp_loss":0,"event_name":"Duplicator","floor":45,"gold_loss":0,"cards_obtained":["Eruption"]}],"is_beta":false,"boss_relics":[{"not_picked":["Calling Bell","Snecko Eye"],"picked":"VioletLotus"},{"not_picked":["Empty Cage","Tiny House"],"picked":"Runic Pyramid"}],"items_purged_floors":[21],"is_endless":false,"potions_floor_spawned":[1,5,8,10,16,22,25,27,33,35,37,46,48],"killed_by":"The Heart","ascension_level":10}}