{"host":"63yhhrjweyj22b0v","time":1608103309,"event":{"mods":["BaseMod","Minty Spire (QoL Compilation)","Quick Restart"],"gold_per_floor":[109,120,120,120,120,120,145,145,145,320,26,51,92,68,68,198,198,222,222,222,243,243,281,281,321,333,368,399,435,127,226,226,354,354,378,396,34,97,97,97,141,141,141,141,157,157,180,27,27,27,27,27,3,34,34,34],"floor_reached":55,"playtime":1935,"items_purged":["Doubt","Strike_B","Strike_B","Self Repair"],"score":767,"play_id":"7bdde400-23db-408f-88e8-0a39913729cc","local_time":"20201216012149","is_ascension_mode":true,"campfire_choices":[{"data":"Zap","floor":6,"key":"SMITH"},{"data":"Tempest","floor":8,"key":"SMITH"},{"floor":15,"key":"REST"},{"floor":24,"key":"REST"},{"floor":32,"key":"REST"},{"floor":40,"key":"RECALL"},{"data":"Echo Form","floor":44,"key":"SMITH"},{"data":"Static Discharge","floor":46,"key":"SMITH"},{"floor":49,"key":"REST"},{"data":"Dualcast","floor":52,"key":"SMITH"}],"circlet_count":0,"master_deck":["Strike_B","Strike_B","Defend_B","Defend_B","Defend_B","Zap+1","Dualcast+1","Barrage+1","Sweeping Beam","Tempest+1","Static Discharge+1","Double Energy+1","Leap+1","Cold Snap","Fusion+1","Ball Lightning","Multi-Cast+1","Consume+1","Conserve Battery+1","Self Repair","Echo Form+1","Barrage+1","Glacier+1","Multi-Cast+1","Double Energy+1","Leap+1","Gash","Fission+1","White Noise+1","Gash+1","Dark Shackles+1","Conserve Battery+1","Sweeping Beam+1","Chill+1","Loop","Steam+1","Redo+1"],"relics":["Cracked Core","NeowsBlessing","Golden Idol","Toxic Egg 2","HornCleat","SlaversCollar","MutagenicStrength","Mummified Hand","MawBank","Runic Capacitor","Nuclear Battery","Membership Card","Strawberry","Girya","Whetstone","Mercury Hourglass","Ancient Tea Set","Bottled Tornado"],"acts_visited":["Exordium","TheCity","TheBeyond","TheEnding"],"potions_floor_usage":[16,33,33,39,42,50,50,54],"damage_taken":[{"damage":0,"enemies":"Cultist","floor":1,"turns":1},{"damage":0,"enemies":"Jaw Worm","floor":2,"turns":1},{"damage":0,"enemies":"2 Louse","floor":7,"turns":1},{"damage":7,"enemies":"2 Fungi Beasts","floor":12,"turns":3},{"damage":30,"enemies":"Gremlin Nob","floor":13,"turns":5},{"damage":14,"enemies":"Slime Boss","floor":16,"turns":7},{"damage":5,"enemies":"Chosen","floor":18,"turns":4},{"damage":4,"enemies":"3 Byrds","floor":21,"turns":4},{"damage":35,"enemies":"Slavers","floor":23,"turns":3},{"damage":13,"enemies":"Gremlin Leader","floor":25,"turns":4},{"damage":20,"enemies":"3 Cultists","floor":27,"turns":5},{"damage":6,"enemies":"Centurion and Healer","floor":28,"turns":5},{"damage":33,"enemies":"Shelled Parasite and Fungi","floor":29,"turns":4},{"damage":10,"enemies":"Collector","floor":33,"turns":6},{"damage":0,"enemies":"3 Shapes","floor":35,"turns":3},{"damage":22,"enemies":"3 Darklings","floor":36,"turns":6},{"damage":0,"enemies":"Mind Bloom Boss Battle","floor":38,"turns":6},{"damage":28,"enemies":"Giant Head","floor":41,"turns":8},{"damage":0,"enemies":"Writhing Mass","floor":42,"turns":1},{"damage":6,"enemies":"4 Shapes","floor":45,"turns":4},{"damage":19,"enemies":"Maw","floor":47,"turns":5},{"damage":32,"enemies":"Donu and Deca","floor":50,"turns":5},{"damage":50,"enemies":"Shield and Spear","floor":54,"turns":5},{"damage":59,"enemies":"The Heart","floor":55,"turns":3}],"seed_played":"4548290594204955683","potions_obtained":[{"floor":7,"key":"LiquidBronze"},{"floor":18,"key":"CultistPotion"},{"floor":25,"key":"EssenceOfDarkness"},{"floor":28,"key":"LiquidBronze"},{"floor":35,"key":"Block Potion"},{"floor":38,"key":"Fruit Juice"},{"floor":41,"key":"SmokeBomb"},{"floor":45,"key":"SteroidPotion"}],"is_trial":false,"path_per_floor":["M","M","?","?","?","R","M","R","T","?","$","M","E","?","R","B",null,"M","?","?","M","?","E","R","E","T","M","M","M","$","?","R","B",null,"M","M","$","?","?","R","E","M","T","R","M","R","M","$","R","B",null,"R","$","E","B"],"character_chosen":"DEFECT","items_purchased":["Static Discharge","Double Energy+1","Leap+1","Cold Snap","Runic Capacitor","Leap+1","Gash","Membership Card","Gash","Dark Shackles+1","Strawberry","Conserve Battery+1","Ancient Tea Set","Steam+1"],"campfire_rested":4,"item_purchase_floors":[11,11,11,11,30,30,30,37,37,37,37,37,48,53],"current_hp_per_floor":[75,75,80,60,53,53,53,53,53,53,53,46,16,16,40,26,80,75,75,75,71,71,43,67,61,61,48,42,9,9,9,33,30,80,80,58,65,72,77,77,56,63,63,63,64,64,52,52,78,53,88,88,88,45,0,0],"gold":34,"neow_bonus":"THREE_ENEMY_KILL","is_daily":false,"chose_seed":false,"campfire_upgraded":5,"win_rate":0.0,"timestamp":1608103309,"path_taken":["M","?","?","?","?","R","?","R","T","?","$","M","E","?","R","BOSS","M","?","?","?","?","E","R","E","T","M","M","M","$","?","R","BOSS","M","M","$","?","?","R","E","M","T","R","M","R","M","$","R","BOSS","R","$","E","BOSS"],"items_purchased_type":["Card","Card","Card","Card","Relic","Card","Card","Relic","Card","Card","Relic","Card","Relic","Card"],"build_version":"2020-12-13","purchased_purges":4,"victory":false,"max_hp_per_floor":[75,75,80,80,80,80,80,80,80,80,80,80,80,80,80,80,80,80,80,80,80,80,80,80,80,80,80,80,80,80,80,80,80,80,80,80,87,87,88,88,88,88,88,88,88,88,88,88,88,88,88,88,88,88,88,88],"card_choices":[{"not_picked":["Coolheaded","Leap"],"picked":"Barrage","floor":1},{"not_picked":["Cold Snap","Streamline"],"picked":"Sweeping Beam","floor":2},{"not_picked":["Sweeping Beam","Auto Shields"],"picked":"Tempest","floor":7},{"not_picked":["Barrage","Leap+1"],"picked":"Fusion+1","floor":12},{"not_picked":["Coolheaded+1","Recycle+1"],"picked":"Ball Lightning","floor":13},{"not_picked":["Thunder Strike","Buffer"],"picked":"Multi-Cast+1","floor":16},{"not_picked":["Aggregate+1","Leap+1"],"picked":"Consume+1","floor":18},{"not_picked":["Steam+1","Beam Cell"],"picked":"Conserve Battery+1","floor":21},{"not_picked":["Recycle+1","Conserve Battery+1"],"picked":"Echo Form","floor":23},{"not_picked":["Stack+1","Biased Cognition"],"picked":"Barrage+1","floor":25},{"not_picked":["Gash","Recycle+1"],"picked":"Glacier+1","floor":27},{"not_picked":["Go for the Eyes+1","Hello World+1"],"picked":"Multi-Cast+1","floor":28},{"not_picked":["Ball Lightning+1","Leap+1"],"picked":"Double Energy+1","floor":29},{"not_picked":["Reboot+1","Seek+1"],"picked":"Fission+1","floor":33},{"not_picked":["Compile Driver+1","Gash"],"picked":"White Noise+1","floor":35},{"not_picked":["Reprogram+1","Barrage","Steam+1"],"picked":"SKIP","floor":36},{"not_picked":["Leap+1","Cold Snap"],"picked":"Sweeping Beam+1","floor":38},{"not_picked":["Recycle+1","Sweeping Beam"],"picked":"Chill+1","floor":41},{"not_picked":["Rebound","Steam Power+1"],"picked":"Self Repair","floor":45},{"not_picked":["Barrage","Steam Power+1"],"picked":"Loop","floor":47},{"not_picked":["Hologram+1","Rainbow+1"],"picked":"Redo+1","floor":54}],"player_experience":604297,"relics_obtained":[{"floor":9,"key":"Toxic Egg 2"},{"floor":13,"key":"HornCleat"},{"floor":23,"key":"Mummified Hand"},{"floor":25,"key":"MawBank"},{"floor":38,"key":"Girya"},{"floor":41,"key":"Whetstone"},{"floor":43,"key":"Mercury Hourglass"},{"floor":54,"key":"Bottled Tornado"}],"event_choices":[{"damage_healed":0,"gold_gain":0,"player_choice":"Donut","damage_taken":0,"max_hp_gain":5,"max_hp_loss":0,"event_name":"Big Fish","floor":3,"gold_loss":0},{"damage_healed":0,"gold_gain":0,"player_choice":"Take Damage","damage_taken":20,"relics_obtained":["Golden Idol"],"max_hp_gain":0,"max_hp_loss":0,"event_name":"Golden Idol","floor":4,"gold_loss":0},{"cards_removed":["Defend_B"],"damage_healed":0,"gold_gain":0,"player_choice":"Card Removal","damage_taken":7,"max_hp_gain":0,"max_hp_loss":0,"event_name":"Golden Wing","floor":5,"gold_loss":0},{"damage_healed":0,"gold_gain":175,"player_choice":"AGREE","damage_taken":0,"max_hp_gain":0,"max_hp_loss":0,"event_name":"Liars Game","floor":10,"gold_loss":0,"cards_obtained":["Doubt"]},{"damage_healed":0,"gold_gain":0,"player_choice":"Left Gold","damage_taken":0,"max_hp_gain":0,"max_hp_loss":0,"event_name":"World of Goop","floor":14,"gold_loss":24},{"damage_healed":0,"gold_gain":0,"player_choice":"Inject Mutagens","damage_taken":0,"relics_obtained":["MutagenicStrength"],"max_hp_gain":0,"max_hp_loss":0,"event_name":"Drug Dealer","floor":19,"gold_loss":0},{"damage_healed":0,"gold_gain":0,"player_choice":"Ignored","damage_taken":0,"max_hp_gain":0,"max_hp_loss":0,"event_name":"N\u0027loth","floor":20,"gold_loss":0},{"damage_healed":0,"gold_gain":0,"player_choice":"Read","damage_taken":0,"max_hp_gain":0,"max_hp_loss":0,"event_name":"The Library","floor":22,"gold_loss":0,"cards_obtained":["Self Repair"]},{"damage_healed":0,"gold_gain":99,"player_choice":"Stole From Cult","damage_taken":0,"max_hp_gain":0,"max_hp_loss":0,"event_name":"Nest","floor":31,"gold_loss":0},{"damage_healed":0,"gold_gain":0,"player_choice":"Fight","damage_taken":0,"max_hp_gain":0,"max_hp_loss":0,"event_name":"MindBloom","floor":38,"gold_loss":0},{"damage_healed":0,"gold_gain":0,"player_choice":"Max HP","damage_taken":0,"max_hp_gain":0,"max_hp_loss":4,"event_name":"Winding Halls","floor":39,"gold_loss":0}],"is_beta":false,"boss_relics":[{"not_picked":["SacredBark","Fusion Hammer"],"picked":"SlaversCollar"},{"not_picked":["Astrolabe","Calling Bell"],"picked":"Nuclear Battery"}],"items_purged_floors":[11,30,37,48],"is_endless":false,"potions_floor_spawned":[7,18,25,28,35,38,41,45],"killed_by":"The Heart","ascension_level":1}}