{"host":"bznrw1tuv4hzt226","time":1608093776,"event":{"mods":["BaseMod","Colored Map","Friendly Minions","Highlight Path","Minty Spire (QoL Compilation)","Permanent Neow","Relic Stats","Slay-I","StSLib","SuperFastMode"],"gold_per_floor":[114,124,139,139,214,258,258,299,299,320,320,51,51,84,84,208,208,231,250,250,273,41,41,79,4,4,4,4,35,50,85,85,206,206,231,294,294,317,317,360,360,385,412,456,789,814,834,834,834,834],"floor_reached":51,"playtime":3434,"items_purged":["Strike_G"],"score":1441,"play_id":"4692fcb0-be24-4808-859b-2f8400ccdbec","local_time":"20201216134256","is_ascension_mode":true,"campfire_choices":[{"data":"All Out Attack","floor":11,"key":"SMITH"},{"data":"Apotheosis","floor":15,"key":"SMITH"},{"data":"Adrenaline","floor":23,"key":"SMITH"},{"data":"Backflip","floor":27,"key":"SMITH"},{"data":"Doppelganger","floor":32,"key":"SMITH"},{"data":"Panache","floor":41,"key":"SMITH"},{"data":"Acrobatics","floor":49,"key":"SMITH"}],"circlet_count":0,"master_deck":["Strike_G","Defend_G","Defend_G","Defend_G","Defend_G","Survivor","Backflip+1","All Out Attack+1","Sucker Punch","Storm of Steel","Adrenaline+1","Masterful Stab","Apotheosis+1","Footwork+1","Blur","Footwork+1","Blade Dance","Escape Plan","Prepared+1","Doppelganger+1","Dash","Blade Dance+1","Backflip","Expertise","Trip","Panache+1","Accuracy+1","Acrobatics+1"],"relics":["Ring of the Snake","White Beast Statue","Mercury Hourglass","Meat on the Bone","Kunai","Philosopher\u0027s Stone","OrangePellets","Ancient Tea Set","Pantograph","Nunchaku","Blue Candle","SlaversCollar","Incense Burner","Torii","MealTicket","Centennial Puzzle","Bronze Scales"],"acts_visited":["Exordium","TheCity","TheBeyond"],"potions_floor_usage":[3,6,8,8,16,24,24,29,29,40,50,50,50],"damage_taken":[{"damage":0,"enemies":"Jaw Worm","floor":1,"turns":5},{"damage":2,"enemies":"2 Louse","floor":2,"turns":3},{"damage":0,"enemies":"Small Slimes","floor":3,"turns":2},{"damage":12,"enemies":"3 Sentries","floor":6,"turns":6},{"damage":25,"enemies":"Gremlin Nob","floor":8,"turns":6},{"damage":0,"enemies":"Blue Slaver","floor":10,"turns":4},{"damage":4,"enemies":"Lagavulin","floor":14,"turns":5},{"damage":12,"enemies":"Slime Boss","floor":16,"turns":10},{"damage":1,"enemies":"Chosen","floor":18,"turns":5},{"damage":0,"enemies":"Shell Parasite","floor":19,"turns":4},{"damage":0,"enemies":"Sentry and Sphere","floor":21,"turns":5},{"damage":0,"enemies":"Book of Stabbing","floor":24,"turns":6},{"damage":13,"enemies":"Slavers","floor":29,"turns":4},{"damage":10,"enemies":"Shelled Parasite and Fungi","floor":30,"turns":6},{"damage":0,"enemies":"Gremlin Leader","floor":31,"turns":5},{"damage":0,"enemies":"Collector","floor":33,"turns":11},{"damage":0,"enemies":"3 Shapes","floor":35,"turns":3},{"damage":0,"enemies":"Mind Bloom Boss Battle","floor":36,"turns":8},{"damage":0,"enemies":"Orb Walker","floor":38,"turns":3},{"damage":0,"enemies":"Reptomancer","floor":40,"turns":3},{"damage":0,"enemies":"4 Shapes","floor":42,"turns":3},{"damage":0,"enemies":"Giant Head","floor":44,"turns":3},{"damage":0,"enemies":"Reptomancer","floor":46,"turns":4},{"damage":0,"enemies":"Jaw Worm Horde","floor":47,"turns":3},{"damage":14,"enemies":"Donu and Deca","floor":50,"turns":4}],"seed_played":"6154119416481939811","potions_obtained":[{"floor":0,"key":"CultistPotion"},{"floor":0,"key":"GamblersBrew"},{"floor":0,"key":"Energy Potion"},{"floor":6,"key":"EssenceOfSteel"},{"floor":8,"key":"GamblersBrew"},{"floor":10,"key":"Weak Potion"},{"floor":14,"key":"Dexterity Potion"},{"floor":16,"key":"PowerPotion"},{"floor":18,"key":"Fire Potion"},{"floor":19,"key":"DuplicationPotion"},{"floor":24,"key":"Explosive Potion"},{"floor":29,"key":"CunningPotion"},{"floor":30,"key":"Swift Potion"},{"floor":31,"key":"Fire Potion"},{"floor":40,"key":"Strength Potion"},{"floor":42,"key":"Ancient Potion"},{"floor":46,"key":"PowerPotion"}],"is_trial":false,"path_per_floor":["M","M","M","?","?","E","?","E","T","M","R","$","$","E","R","B",null,"M","M","?","M","$","R","E","?","T","R","?","E","M","E","R","B",null,"M","?","?","M","?","E","R","M","T","E","?","E","M","?","R","B",null],"character_chosen":"THE_SILENT","items_purchased":["Apotheosis","Footwork","OrangePellets"],"campfire_rested":0,"item_purchase_floors":[12,12,22],"current_hp_per_floor":[63,61,61,61,50,38,31,6,6,18,18,18,18,26,26,26,55,54,54,54,54,54,54,54,54,54,54,54,41,43,43,43,65,65,65,65,55,55,55,55,55,55,55,55,55,55,55,55,55,51],"gold":834,"neow_bonus":"THREE_SMALL_POTIONS","is_daily":false,"chose_seed":false,"campfire_upgraded":7,"win_rate":0.0,"timestamp":1608093776,"path_taken":["M","M","M","?","?","E","?","E","T","M","R","?","$","E","R","BOSS","M","M","?","?","$","R","E","?","T","R","?","E","M","E","R","BOSS","M","?","?","M","?","E","R","M","T","E","?","E","M","?","R","BOSS"],"items_purchased_type":["Card","Card","Relic"],"build_version":"2020-12-13","purchased_purges":1,"victory":true,"max_hp_per_floor":[70,70,70,65,65,65,65,65,65,65,65,65,65,65,65,65,65,65,65,65,65,65,65,65,65,65,65,65,65,65,65,65,65,65,65,65,65,65,65,65,65,65,65,65,65,65,65,65,65,65],"relic_stats":{"Torii":0,"counters":[25,120],"Blue Candle":[0],"Mercury Hourglass":[370],"OrangePellets":[3],"Nunchaku":[28],"Centennial Puzzle":[3],"Pantograph":32,"Bronze Scales":[12],"MealTicket":0,"Kunai":[93],"obtain_stats":[{"Torii":40,"Golden Idol":4,"Blue Candle":31,"Incense Burner":36,"Ancient Tea Set":24,"White Beast Statue":6,"Mercury Hourglass":8,"OrangePellets":22,"SlaversCollar":34,"Nunchaku":29,"Centennial Puzzle":44,"Pantograph":26,"Bronze Scales":46,"Philosopher\u0027s Stone":17,"MealTicket":43,"Kunai":14,"Ring of the Snake":0,"Meat on the Bone":9},{"Torii":20,"Golden Idol":3,"Blue Candle":15,"Incense Burner":18,"Ancient Tea Set":12,"White Beast Statue":4,"Mercury Hourglass":5,"OrangePellets":11,"SlaversCollar":16,"Nunchaku":13,"Centennial Puzzle":22,"Pantograph":12,"Bronze Scales":23,"Philosopher\u0027s Stone":8,"MealTicket":21,"Kunai":7,"Ring of the Snake":0,"Meat on the Bone":5},{"Torii":103,"Golden Idol":10,"Blue Candle":75,"Incense Burner":97,"Ancient Tea Set":61,"White Beast Statue":16,"Mercury Hourglass":22,"OrangePellets":55,"SlaversCollar":86,"Nunchaku":64,"Centennial Puzzle":109,"Pantograph":61,"Bronze Scales":113,"Philosopher\u0027s Stone":41,"MealTicket":106,"Kunai":31,"Ring of the Snake":0,"Meat on the Bone":22}],"Ring of the Snake":[50],"Meat on the Bone":48},"card_choices":[{"not_picked":["Choke","Caltrops"],"picked":"Backflip","floor":1},{"not_picked":["Distraction","Eviscerate"],"picked":"All Out Attack","floor":2},{"not_picked":["Blur","Outmaneuver"],"picked":"Sucker Punch","floor":3},{"not_picked":["Calculated Gamble","Flying Knee"],"picked":"Storm of Steel","floor":6},{"not_picked":["Choke","Flying Knee"],"picked":"Adrenaline","floor":8},{"not_picked":["Terror","Acrobatics"],"picked":"Masterful Stab","floor":10},{"not_picked":["Flechettes","Backstab"],"picked":"Blur","floor":14},{"not_picked":["Caltrops","Dash+1"],"picked":"Footwork+1","floor":18},{"not_picked":["Finisher","Deadly Poison"],"picked":"Blade Dance","floor":19},{"not_picked":["Setup","Flying Knee"],"picked":"Escape Plan","floor":21},{"not_picked":["Masterful Stab","Escape Plan"],"picked":"Prepared+1","floor":24},{"not_picked":["Night Terror","Die Die Die"],"picked":"Blade Dance+1","floor":29},{"not_picked":["Slice+1","Dagger Spray+1","Poisoned Stab"],"picked":"SKIP","floor":30},{"not_picked":["Caltrops","Poisoned Stab+1"],"picked":"Backflip","floor":31},{"not_picked":["Flying Knee+1","Dagger Spray"],"picked":"Expertise","floor":35},{"not_picked":["Enlightenment","Blind"],"picked":"Trip","floor":37},{"not_picked":["Swift Strike","Trip"],"picked":"Panache","floor":37},{"not_picked":["Eviscerate","Choke+1","Footwork+1"],"picked":"SKIP","floor":38},{"not_picked":["Setup","Prepared+1","Bane+1"],"picked":"SKIP","floor":40},{"not_picked":["All Out Attack+1","Distraction","Deadly Poison"],"picked":"SKIP","floor":42},{"not_picked":["Dodge and Roll","Tactician","Dash"],"picked":"SKIP","floor":44},{"not_picked":["Outmaneuver","Footwork+1"],"picked":"Accuracy+1","floor":46},{"not_picked":["Deadly Poison","Dodge and Roll+1","Catalyst"],"picked":"SKIP","floor":47}],"player_experience":528259,"relics_obtained":[{"floor":6,"key":"White Beast Statue"},{"floor":8,"key":"Mercury Hourglass"},{"floor":9,"key":"Meat on the Bone"},{"floor":14,"key":"Kunai"},{"floor":24,"key":"Ancient Tea Set"},{"floor":26,"key":"Pantograph"},{"floor":29,"key":"Nunchaku"},{"floor":31,"key":"Blue Candle"},{"floor":36,"key":"Incense Burner"},{"floor":40,"key":"Torii"},{"floor":43,"key":"MealTicket"},{"floor":44,"key":"Centennial Puzzle"},{"floor":46,"key":"Bronze Scales"}],"event_choices":[{"damage_healed":0,"gold_gain":0,"player_choice":"Lose Max HP","damage_taken":0,"relics_obtained":["Golden Idol"],"max_hp_gain":0,"max_hp_loss":5,"event_name":"Golden Idol","floor":4,"gold_loss":0},{"damage_healed":0,"gold_gain":75,"player_choice":"Gather Gold","damage_taken":11,"max_hp_gain":0,"max_hp_loss":0,"event_name":"World of Goop","floor":5,"gold_loss":0},{"cards_removed":["Strike_G"],"damage_healed":0,"gold_gain":0,"player_choice":"Card Removal","damage_taken":7,"max_hp_gain":0,"max_hp_loss":0,"event_name":"Golden Wing","floor":7,"gold_loss":0},{"damage_healed":0,"gold_gain":0,"player_choice":"Upgraded","damage_taken":0,"max_hp_gain":0,"max_hp_loss":0,"event_name":"Upgrade Shrine","floor":20,"gold_loss":0,"cards_upgraded":["Footwork"]},{"cards_removed":["Strike_G"],"damage_healed":0,"gold_gain":0,"player_choice":"Gave Gold","damage_taken":0,"max_hp_gain":0,"max_hp_loss":0,"event_name":"Beggar","floor":25,"gold_loss":75},{"damage_healed":0,"gold_gain":0,"cards_transformed":["Strike_G","Defend_G"],"player_choice":"Became Test Subject","damage_taken":0,"max_hp_gain":0,"max_hp_loss":0,"event_name":"Drug Dealer","floor":28,"gold_loss":0,"cards_obtained":["Doppelganger","Dash"]},{"damage_healed":0,"gold_gain":0,"player_choice":"Fight","damage_taken":0,"max_hp_gain":0,"max_hp_loss":0,"event_name":"MindBloom","floor":36,"gold_loss":0},{"damage_healed":0,"gold_gain":0,"player_choice":"Memory 3","damage_taken":10,"max_hp_gain":0,"max_hp_loss":0,"event_name":"SensoryStone","floor":37,"gold_loss":0},{"cards_removed":["Neutralize"],"damage_healed":0,"gold_gain":0,"player_choice":"Removed Attack","damage_taken":0,"max_hp_gain":0,"max_hp_loss":0,"event_name":"Falling","floor":39,"gold_loss":0},{"damage_healed":0,"gold_gain":333,"player_choice":"Gave Idol","damage_taken":0,"max_hp_gain":0,"max_hp_loss":0,"event_name":"The Moai Head","floor":45,"relics_lost":["Golden Idol"],"gold_loss":0},{"damage_healed":0,"gold_gain":0,"player_choice":"1 cards matched","damage_taken":0,"max_hp_gain":0,"max_hp_loss":0,"event_name":"Match and Keep!","floor":48,"gold_loss":0,"cards_obtained":["Acrobatics"]}],"is_beta":false,"boss_relics":[{"not_picked":["Ring of the Serpent","Cursed Key"],"picked":"Philosopher\u0027s Stone"},{"not_picked":["Empty Cage","Busted Crown"],"picked":"SlaversCollar"}],"items_purged_floors":[22],"is_endless":false,"potions_floor_spawned":[6,8,10,14,16,18,19,21,24,29,30,31,33,35,36,38,40,42,44,46,47],"ascension_level":9}}