{"host":"dwyzfvnzfcqffr30","time":1608156703,"event":{"mods":["2.2 Compatiblity","Act Like it!","BaseMod","Beaked The Cultist","Better Altar","Better Sensory Stone","Better Third Choice","Clockwork Mod","Colored Map","Colored Powertips","Conspire","Elementarium","GifTheSpireLib","Halation","Hubris","Jedi Mod","Menagerie","Mimic Mod","Minty Spire (QoL Compilation)","Permanent Neow","Random Character Button","Replay The Spire","Spicy Shops","StSLib","Stuff the Spire","The Construct","The Druid","TheFirefly","Trackpad","vexMod"],"gold_per_floor":[110,60,60,103,120,184,184,211,279,317,373,373,408,408,408,520,520,555,555,577,634,372,372,401,401,453,495,555,586,612,612,612,750,750,779,779,779,779,344,380,380,439,493,493,516,581,74,100,100,130,130,130,27,67,120],"floor_reached":56,"playtime":5187,"items_purged":["Pride","Dualcast+1","StuffTheSpire:BumpUp+1"],"score":1944,"play_id":"0249d75b-9624-4fd5-bea3-fcb2a508615a","local_time":"20201216141143","is_ascension_mode":true,"campfire_choices":[{"floor":7,"key":"RECALL"},{"floor":15,"key":"REST"},{"data":"jedi:LeechingStrike","floor":23,"key":"SMITH"},{"data":"jedi:LeechingStrike","floor":25,"key":"SMITH"},{"data":"jedi:LeechingStrike","floor":32,"key":"SMITH"},{"data":"jedi:LeechingStrike","floor":41,"key":"SMITH"},{"data":"jedi:LeechingStrike","floor":44,"key":"SMITH"},{"data":"jedi:LeechingStrike","floor":49,"key":"SMITH"},{"data":"jedi:LeechingStrike","floor":52,"key":"SMITH"}],"circlet_count":0,"master_deck":["Strike_B+1","Strike_B+1","Strike_B+1","Strike_B+1","Defend_B+1","Defend_B+1","Defend_B+1","Defend_B+1","Zap+1","jedi:LeechingStrike","MasterReality+1","Conserve Battery+1","conspire:SpireCoStock+1","Crystallizer+1","Stack+1","Crystallizer+1","Cold Snap+1","Capacitor+1","BootSequence+1","BasicCrystalCard+1","Sweeping Beam+1","jedi:markofdeath+1","ReplayTheSpireMod:Calculation Training+1","Creative AI+1","Specialist+1","jedi:overflow+1","hubris:PowerSurge+1","hubris:PowerSurge+1"],"relics":["Cracked Core","Juzu Bracelet","Black Star","Molten Egg 2","Toxic Egg 2","Frozen Egg 2","Quantum Egg","Bottled Tornado","Menagerie:HuntersKnife","trackpad:WondrousWand","Regal Pillow","halation:PrussianBluePaint","halation:AfternoonTea","Dead Branch","Replay:Arrowhead","Bottled Lightning","halation:KoshaPiece","hubris:Towel","SlaversCollar","StuffTheSpire:Experiment12","Carrot","conspire:DeflatedDodgeball","trackpad:FocusingLens","Smiling Mask","ClockworkSouvenir","hubris:BundleOfHerbs","halation:IllGainedPizza","hubris:TenFootPole","DataDisk","StuffTheSpire:Mouthbags","Prayer Wheel","Blood Vial","halation:BottledLove","Tiny Chest","hubris:TinFlute","Elementarium:ElementariumTrophy","Ring of Chaos","trackpad:MiracleGrow","Orichalcum","Potion Belt","trackpad:BottledShadow","vexMod:BarristanHead","Happy Flower","ReplayTheSpireMod:Lightbulb","trackpad:Compendium","construct:FoamFinger","Ancient Tea Set","Cables","Replay:Rubber Ducky","ReplayTheSpireMod:TigerMarble","StuffTheSpire:CocoNut"],"acts_visited":["Menagerie:Menagerie","Elementarium:Elementarium","TheBeyond","TheEnding"],"potions_floor_usage":[5,8,13,27,33,42,50,55,55,55,55,55,55,55,55],"damage_taken":[{"damage":0,"enemies":"Menagerie:StygianBoar","floor":1,"turns":2},{"damage":0,"enemies":"Menagerie:2_RABBITS","floor":4,"turns":5},{"damage":6,"enemies":"Menagerie:MonstrousExperiment","floor":5,"turns":2},{"damage":12,"enemies":"Menagerie:MaskedSummoner","floor":6,"turns":14},{"damage":15,"enemies":"Menagerie:Hydra","floor":8,"turns":4},{"damage":1,"enemies":"Menagerie:MeltingSalamander","floor":9,"turns":5},{"damage":9,"enemies":"Menagerie:VoidReaper","floor":10,"turns":5},{"damage":0,"enemies":"Menagerie:MeltingSalamander","floor":11,"turns":4},{"damage":14,"enemies":"Menagerie:MENAGERIE_WILDLIFE","floor":13,"turns":3},{"damage":10,"enemies":"Menagerie:Chimera","floor":16,"turns":6},{"damage":17,"enemies":"Elementarium:MUD_AND_TAR_GOLEMS","floor":18,"turns":4},{"damage":1,"enemies":"Elementarium:VoidCorruption","floor":20,"turns":3},{"damage":8,"enemies":"Elementarium:VoidBeast","floor":21,"turns":6},{"damage":2,"enemies":"Elementarium:ElementalPortal","floor":24,"turns":7},{"damage":4,"enemies":"Book of Stabbing","floor":27,"turns":7},{"damage":4,"enemies":"Elementarium:FIRE_NOBILITY","floor":28,"turns":6},{"damage":2,"enemies":"Elementarium:VoidBeast","floor":29,"turns":2},{"damage":0,"enemies":"Elementarium:ElementalPortal","floor":30,"turns":3},{"damage":0,"enemies":"Elementarium:GoldenDragon","floor":33,"turns":9},{"damage":17,"enemies":"3 Darklings","floor":35,"turns":8},{"damage":4,"enemies":"Reptomancer","floor":40,"turns":5},{"damage":0,"enemies":"Nemesis","floor":42,"turns":6},{"damage":0,"enemies":"Orb Walker","floor":45,"turns":3},{"damage":0,"enemies":"Reptomancer","floor":46,"turns":6},{"damage":0,"enemies":"Jaw Worm Horde","floor":48,"turns":3},{"damage":0,"enemies":"Time Eater","floor":50,"turns":7},{"damage":16,"enemies":"Shield and Spear","floor":54,"turns":3},{"damage":25,"enemies":"The Heart","floor":55,"turns":5}],"seed_played":"5303136297255430301","potions_obtained":[{"floor":4,"key":"SkillPotion"},{"floor":6,"key":"Energy Potion"},{"floor":10,"key":"SkillPotion"},{"floor":20,"key":"Ancient Potion"},{"floor":24,"key":"AttackPotion"},{"floor":29,"key":"FearPotion"},{"floor":40,"key":"Flashbang"},{"floor":45,"key":"Elixir"},{"floor":54,"key":"EntropicBrew"}],"is_trial":false,"path_per_floor":["M","?","?","M","M","E","R","E","MIM","E","M","T","M","?","R","B",null,"M","?","M","MIM","$","R","E","R","T","?","E","M","E","?","R","B",null,"M","?","T","T","$","E","R","E","T","R","M","E","$","M","R","B",null,"R","$","E","B",null],"character_chosen":"DEFECT","items_purchased":["ClockworkSouvenir","hubris:BundleOfHerbs","hubris:PowerSurge+1","Orichalcum","Potion Belt","Cables","Replay:Rubber Ducky","hubris:PowerSurge+1","PowerPotion","PowerPotion"],"campfire_rested":1,"item_purchase_floors":[22,22,39,39,39,47,47,47,53,53],"current_hp_per_floor":[59,59,59,65,67,56,56,50,49,49,49,49,44,44,69,61,67,59,59,67,61,61,61,69,69,69,65,67,69,69,69,69,69,69,54,54,54,54,54,66,66,68,68,68,69,69,69,69,69,69,69,69,69,60,37],"gold":120,"neow_bonus":"RANDOM_COLORLESS_2","is_daily":false,"chose_seed":false,"campfire_upgraded":7,"win_rate":0.0,"timestamp":1608156703,"path_taken":["M","?","?","M","M","E","R","E","MIM","E","M","?","M","?","R","BOSS","M","?","M","?","$","R","E","R","T","?","E","M","E","?","R","BOSS","M","?","?","?","$","E","R","E","T","R","M","E","$","M","R","BOSS","R","$","E","BOSS"],"items_purchased_type":["Relic","Relic","Card","Relic","Relic","Relic","Relic","Card","Potion","Potion"],"build_version":"2020-12-13","purchased_purges":3,"victory":true,"max_hp_per_floor":[75,75,69,69,69,69,69,69,69,69,69,69,69,69,69,69,69,69,69,69,69,69,69,69,69,69,69,69,69,69,69,69,69,69,69,69,69,69,69,69,69,69,69,69,69,69,69,69,69,69,69,69,69,76,76],"card_choices":[{"not_picked":["jedi:cleanse","Magnetism"],"picked":"jedi:LeechingStrike","floor":0},{"not_picked":["jedi:BurstFrost+1","StuffTheSpire:Plugnplay+1"],"picked":"Conserve Battery+1","floor":1},{"not_picked":["Cold Snap+1","Compile Driver+1"],"picked":"Crystallizer+1","floor":4},{"not_picked":["Barrage+1","FIFO Queue+1"],"picked":"Stack+1","floor":5},{"not_picked":["ReplayTheSpireMod:System Scan+1","Turbo+1"],"picked":"Sweeping Beam+1","floor":6},{"not_picked":["StuffTheSpire:LoadUp+1","StuffTheSpire:Coldhearted+1"],"picked":"Crystallizer+1","floor":8},{"not_picked":["Leap+1","StuffTheSpire:Plugnplay+1"],"picked":"Cold Snap+1","floor":9},{"not_picked":["Conserve Battery+1","Steam+1","ReplayGash+1"],"picked":"SKIP","floor":10},{"not_picked":["Scrape+1","Steam+1"],"picked":"Capacitor+1","floor":11},{"not_picked":["ReplayTheSpireMod:Reroute Power+1","StuffTheSpire:Rend+1"],"picked":"BootSequence+1","floor":13},{"not_picked":["Biased Cognition+1","Hyperbeam+1"],"picked":"ReplayRNGCard+1","floor":16},{"not_picked":["Glacier+1","ReplayTheSpireMod:Calculation Training+1"],"picked":"BasicCrystalCard+1","floor":18},{"not_picked":["Panic Button+1","Streamline+1","Self Repair+1"],"picked":"SKIP","floor":20},{"not_picked":["Chaos+1","Auto Shields+1","jedi:BurstFrost+1"],"picked":"SKIP","floor":24},{"not_picked":["BasicCrystalCard+1","StuffTheSpire:Coldhearted+1"],"picked":"jedi:markofdeath+1","floor":28},{"not_picked":["Ball Lightning+1","jedi:BurstFrost+1"],"picked":"ReplayTheSpireMod:Calculation Training+1","floor":29},{"not_picked":["Scrape+1","Go for the Eyes+1","Double Energy+1"],"picked":"SKIP","floor":29},{"not_picked":["jedi:BurstLightning+1","Streamline+1","StuffTheSpire:Plugnplay+1"],"picked":"SKIP","floor":30},{"not_picked":["hubris:Prefetch+1","hubris:SpecializedCircuitry+1"],"picked":"Creative AI+1","floor":33},{"not_picked":["BootSequence+1","BasicCrystalCard+1","Leap+1"],"picked":"SKIP","floor":35},{"not_picked":["Leap+1","Lockon+1","Redo+1"],"picked":"SKIP","floor":35},{"not_picked":["Creative AI+1","Chill+1","Compile Driver+1"],"picked":"SKIP","floor":40},{"not_picked":["Turbo+1","Barrage+1","StuffTheSpire:LaunchingStrike+1"],"picked":"SKIP","floor":42},{"not_picked":["Stack+1","jedi:spotbugs+1","Cold Snap+1"],"picked":"SKIP","floor":45},{"not_picked":["Loop+1","Compile Driver+1","jedi:sharpshooter+1"],"picked":"SKIP","floor":45},{"not_picked":["jedi:sharpshooter+1","Turbo+1","Sweeping Beam+1"],"picked":"SKIP","floor":46},{"not_picked":["StuffTheSpire:CleanHardDrive+1","Blizzard+1","Skim+1"],"picked":"SKIP","floor":48},{"not_picked":["Gash+1","Barrage+1","Streamline+1"],"picked":"SKIP","floor":48},{"not_picked":["StuffTheSpire:Plugnplay+1","Gash+1","Compile Driver+1"],"picked":"SKIP","floor":54}],"player_experience":1276395,"relics_obtained":[{"floor":6,"key":"trackpad:WondrousWand"},{"floor":6,"key":"Regal Pillow"},{"floor":8,"key":"halation:PrussianBluePaint"},{"floor":8,"key":"halation:AfternoonTea"},{"floor":9,"key":"Dead Branch"},{"floor":10,"key":"Replay:Arrowhead"},{"floor":10,"key":"Bottled Lightning"},{"floor":12,"key":"halation:KoshaPiece"},{"floor":21,"key":"Carrot"},{"floor":21,"key":"conspire:DeflatedDodgeball"},{"floor":21,"key":"trackpad:FocusingLens"},{"floor":21,"key":"Smiling Mask"},{"floor":24,"key":"halation:IllGainedPizza"},{"floor":24,"key":"hubris:TenFootPole"},{"floor":26,"key":"DataDisk"},{"floor":27,"key":"StuffTheSpire:Mouthbags"},{"floor":28,"key":"Prayer Wheel"},{"floor":28,"key":"Blood Vial"},{"floor":30,"key":"halation:BottledLove"},{"floor":30,"key":"Tiny Chest"},{"floor":38,"key":"trackpad:MiracleGrow"},{"floor":40,"key":"trackpad:BottledShadow"},{"floor":40,"key":"vexMod:BarristanHead"},{"floor":42,"key":"Happy Flower"},{"floor":42,"key":"ReplayTheSpireMod:Lightbulb"},{"floor":43,"key":"trackpad:Compendium"},{"floor":46,"key":"construct:FoamFinger"},{"floor":46,"key":"Ancient Tea Set"},{"floor":54,"key":"ReplayTheSpireMod:TigerMarble"},{"floor":54,"key":"StuffTheSpire:CocoNut"}],"event_choices":[{"damage_healed":0,"gold_gain":0,"player_choice":"Simplicity","damage_taken":0,"max_hp_gain":0,"max_hp_loss":8,"event_name":"betterThird:BetterWriting","floor":0,"gold_loss":0},{"damage_healed":0,"gold_gain":0,"player_choice":"Upgraded","damage_taken":0,"max_hp_gain":0,"max_hp_loss":0,"event_name":"Upgrade Shrine","floor":0,"gold_loss":0,"cards_upgraded":["Zap"]},{"damage_healed":0,"gold_gain":0,"player_choice":"Upgraded","damage_taken":0,"max_hp_gain":0,"max_hp_loss":0,"event_name":"Upgrade Shrine","floor":0,"gold_loss":0,"cards_upgraded":["Dualcast"]},{"damage_healed":0,"gold_gain":0,"player_choice":"Upgraded","damage_taken":0,"max_hp_gain":0,"max_hp_loss":0,"event_name":"Upgrade Shrine","floor":0,"gold_loss":0,"cards_upgraded":["jedi:LeechingStrike"]},{"damage_healed":0,"gold_gain":0,"player_choice":"Invest 1","damage_taken":0,"max_hp_gain":0,"max_hp_loss":0,"event_name":"conspire:Investor","floor":2,"gold_loss":0},{"damage_healed":0,"gold_gain":0,"player_choice":"Take","damage_taken":0,"relics_obtained":["Menagerie:HuntersKnife"],"max_hp_gain":0,"max_hp_loss":6,"event_name":"Menagerie:BigGameHunter","floor":3,"gold_loss":0},{"cards_removed":["ReplayRNGCard"],"damage_healed":0,"gold_gain":0,"player_choice":"Knowledge","damage_taken":0,"relics_obtained":["StuffTheSpire:Experiment12"],"max_hp_gain":0,"max_hp_loss":0,"event_name":"Elementarium:ShatteredPortal","floor":19,"gold_loss":0},{"damage_healed":0,"gold_gain":0,"player_choice":"Enter","damage_taken":0,"max_hp_gain":0,"max_hp_loss":0,"event_name":"Elementarium:OtherworldlyPassage","floor":27,"gold_loss":0},{"damage_healed":0,"gold_gain":0,"player_choice":"2 cards matched","damage_taken":0,"max_hp_gain":0,"max_hp_loss":0,"event_name":"Match and Keep!","floor":36,"gold_loss":0,"cards_obtained":["Specialist","jedi:overflow"]}],"is_beta":false,"boss_relics":[{"not_picked":["hubris:ScarierMask","halation:HeavySnake"],"picked":"SlaversCollar"},{"not_picked":["StuffTheSpire:RunicConfusion","conspire:SlowCooker"],"picked":"Ring of Chaos"}],"items_purged_floors":[22,39,47],"is_endless":false,"potions_floor_spawned":[4,6,10,20,24,28,29,40,45,54],"ascension_level":8}}