{"host":"yvb207ks1sg3cxef","time":1608135586,"event":{"mods":["2.2 Compatiblity","BaseMod","Bestiary","Colored Powertips","Minty Spire (QoL Compilation)","Permanent Neow","Quick Restart","Relic Stats","StSLib"],"gold_per_floor":[117,42,42,59,75,103,121,150,174,184,184,219,219,229,229,305,305,319,332,21,39,55,74,74,74,122,122,122],"floor_reached":27,"playtime":1394,"items_purged":["Strike_G","Strike_G"],"score":457,"play_id":"ea605438-3ef5-4c7b-8650-b3401b12c9ad","local_time":"20201216214946","is_ascension_mode":true,"campfire_choices":[{"floor":11.0,"key":"REST"},{"data":"Noxious Fumes","floor":13.0,"key":"SMITH"},{"data":"Neutralize","floor":15.0,"key":"SMITH"},{"data":"Acrobatics","floor":25.0,"key":"SMITH"}],"circlet_count":0,"master_deck":["AscendersBane","Strike_G","Strike_G","Strike_G","Defend_G","Defend_G","Defend_G","Defend_G","Defend_G","Survivor+1","Neutralize+1","Quick Slash+1","Noxious Fumes+1","Bouncing Flask","Dagger Spray","Quick Slash","Die Die Die","Bouncing Flask","Backflip","Acrobatics+1","Underhanded Strike"],"relics":["Velvet Choker","Smiling Mask","Odd Mushroom","Ancient Tea Set","Juzu Bracelet","HoveringKite","Question Card","Snake Skull"],"acts_visited":["Exordium","TheCity"],"potions_floor_usage":[],"damage_taken":[{"damage":7.0,"enemies":"Small Slimes","floor":1.0,"turns":4.0},{"damage":0.0,"enemies":"Cultist","floor":4.0,"turns":5.0},{"damage":7.0,"enemies":"Jaw Worm","floor":5.0,"turns":4.0},{"damage":14.0,"enemies":"3 Sentries","floor":6.0,"turns":9.0},{"damage":1.0,"enemies":"Blue Slaver","floor":7.0,"turns":3.0},{"damage":9.0,"enemies":"The Mushroom Lair","floor":8.0,"turns":4.0},{"damage":1.0,"enemies":"Exordium Thugs","floor":10.0,"turns":4.0},{"damage":10.0,"enemies":"Lagavulin","floor":12.0,"turns":5.0},{"damage":0.0,"enemies":"3 Louse","floor":14.0,"turns":3.0},{"damage":0.0,"enemies":"Hexaghost","floor":16.0,"turns":8.0},{"damage":1.0,"enemies":"Chosen","floor":18.0,"turns":5.0},{"damage":4.0,"enemies":"Spheric Guardian","floor":19.0,"turns":4.0},{"damage":25.0,"enemies":"Snake Plant","floor":21.0,"turns":6.0},{"damage":24.0,"enemies":"Shelled Parasite and Fungi","floor":22.0,"turns":7.0},{"damage":1.0,"enemies":"3 Cultists","floor":23.0,"turns":4.0},{"damage":28,"enemies":"Slavers","floor":27,"turns":2}],"seed_played":"-4616807403268237731","potions_obtained":[{"floor":4.0,"key":"Poison Potion"},{"floor":5.0,"key":"LiquidMemories"},{"floor":8.0,"key":"DistilledChaos"},{"floor":12.0,"key":"Block Potion"},{"floor":14.0,"key":"SkillPotion"},{"floor":18.0,"key":"FearPotion"},{"floor":19.0,"key":"FearPotion"}],"is_trial":false,"path_per_floor":["M","$","?","M","M","E","M","?","T","M","R","E","R","M","R","B",null,"M","M","$","M","M","M","?","R","T","E"],"character_chosen":"THE_SILENT","items_purchased":["Question Card"],"campfire_rested":1,"item_purchase_floors":[20],"current_hp_per_floor":[56,56,42,42,35,21,20,11,11,10,31,21,21,21,21,21,58,57,53,53,28,4,3,26,26,26,0,0],"gold":122,"neow_bonus":"BOSS_RELIC","is_daily":false,"chose_seed":false,"campfire_upgraded":3,"win_rate":0.0,"timestamp":1608135586,"path_taken":["M","$","?","M","M","E","M","?","T","M","R","E","R","M","R","BOSS","M","M","$","M","M","M","?","R","T","E"],"items_purchased_type":["Relic"],"build_version":"2020-12-13","purchased_purges":2,"victory":false,"max_hp_per_floor":[70,70,70,70,70,70,70,70,70,70,70,70,70,70,70,70,70,70,70,70,70,70,70,70,70,70,70,70],"relic_stats":{"counters":[16,77],"HoveringKite":[9],"Snake Skull":[3],"Juzu Bracelet":0,"Smiling Mask":50,"Question Card":3,"obtain_stats":[{"Velvet Choker":0,"HoveringKite":17,"Snake Skull":26,"Juzu Bracelet":12,"Odd Mushroom":8,"Smiling Mask":6,"Ancient Tea Set":9,"Question Card":20,"Ring of the Snake":0},{"Velvet Choker":0,"HoveringKite":10,"Snake Skull":15,"Juzu Bracelet":8,"Odd Mushroom":6,"Smiling Mask":4,"Ancient Tea Set":6,"Question Card":12,"Ring of the Snake":0},{"Velvet Choker":0,"HoveringKite":49,"Snake Skull":75,"Juzu Bracelet":38,"Odd Mushroom":29,"Smiling Mask":22,"Ancient Tea Set":29,"Question Card":58,"Ring of the Snake":0}]},"card_choices":[{"not_picked":["Slice","Bane"],"picked":"Quick Slash","floor":1.0},{"not_picked":["Choke","Riddle With Holes"],"picked":"Noxious Fumes","floor":4.0},{"not_picked":["Expertise","Tactician","Choke"],"picked":"SKIP","floor":5.0},{"not_picked":["Skewer","Flechettes"],"picked":"Bouncing Flask","floor":6.0},{"not_picked":["Acrobatics","Distraction","Outmaneuver"],"picked":"SKIP","floor":7.0},{"not_picked":["Slice","Backstab"],"picked":"Dagger Spray","floor":10.0},{"not_picked":["Flechettes","Distraction"],"picked":"Quick Slash","floor":12.0},{"not_picked":["Sucker Punch","Concentrate","Cloak And Dagger"],"picked":"SKIP","floor":14.0},{"not_picked":["Glass Knife","Burst"],"picked":"Die Die Die","floor":16.0},{"not_picked":["Bane","Prepared"],"picked":"Bouncing Flask","floor":18.0},{"not_picked":["Quick Slash","Slice+1"],"picked":"Backflip","floor":19.0},{"not_picked":["Cloak And Dagger","Slice","All Out Attack","Dodge and Roll"],"picked":"SKIP","floor":21.0},{"not_picked":["Distraction","Sucker Punch","Slice"],"picked":"Acrobatics","floor":22.0},{"not_picked":["Flechettes","Burst","Expertise+1"],"picked":"Underhanded Strike","floor":23.0}],"player_experience":173074,"relics_obtained":[{"floor":6.0,"key":"Smiling Mask"},{"floor":8.0,"key":"Odd Mushroom"},{"floor":9.0,"key":"Ancient Tea Set"},{"floor":12.0,"key":"Juzu Bracelet"},{"floor":26.0,"key":"Snake Skull"}],"event_choices":[{"damage_healed":0.0,"max_hp_gain":0.0,"max_hp_loss":0.0,"gold_gain":0.0,"event_name":"Shining Light","player_choice":"Entered Light","floor":3.0,"gold_loss":0.0,"damage_taken":14.0,"cards_upgraded":["Quick Slash","Survivor"]},{"damage_healed":0.0,"max_hp_gain":0.0,"max_hp_loss":0.0,"gold_gain":0.0,"event_name":"Mushrooms","player_choice":"Fought Mushrooms","floor":8.0,"gold_loss":0.0,"damage_taken":0.0},{"damage_healed":23.0,"max_hp_gain":0.0,"max_hp_loss":0.0,"gold_gain":0.0,"event_name":"The Library","player_choice":"Heal","floor":24.0,"gold_loss":0.0,"damage_taken":0.0}],"is_beta":false,"boss_relics":[{"not_picked":["Runic Dome","Philosopher\u0027s Stone"],"picked":"HoveringKite"}],"items_purged_floors":[2,20],"is_endless":false,"potions_floor_spawned":[4,5,7,8,12,14,18,19],"killed_by":"Slavers","ascension_level":13}}