{"host":"i9o21tdcc8l3o4rw","time":1608124016,"event":{"mods":["2.2 Compatiblity","Act Like it!","BaseMod","BetterRewards","Colored Map","Colored Powertips","Hermit","Hubris","Marisa????????","Menagerie","Minty Spire (QoL Compilation)","Replay The Spire","Shop Mod","StSLib","The Disciple","The Necromancer","The Servant 0.9.4"],"gold_per_floor":[111,124,124,135,135,135,150,169,169,180,197,215,215,215,215,215,215],"floor_reached":16,"playtime":8074,"items_purged":[],"score":96,"play_id":"ce72ce9a-515e-4598-a5d8-7dd953f634ed","local_time":"20201216140656","is_ascension_mode":false,"campfire_choices":[{"data":"Bane","floor":6,"key":"SMITH"},{"floor":13,"key":"REST"},{"floor":15,"key":"REST"}],"circlet_count":0,"master_deck":["Strike_G","Strike_G","Strike_G","Strike_G","Strike_G","Defend_G","Defend_G","Defend_G","Defend_G","Defend_G","Strike_S","Strike_Br","Bane+1","Blade Dance","Leap","Beam Cell","Catalyst+1","Blade Dance","Dodge and Roll","Dagger Throw","Slice","PiercingWail"],"relics":["Ring of the Snake","Oddly Smooth Stone","hubris:Towel"],"acts_visited":["Exordium"],"potions_floor_usage":[16,16,16],"damage_taken":[{"damage":0,"enemies":"Jaw Worm","floor":1,"turns":3},{"damage":0,"enemies":"Small Slimes","floor":2,"turns":3},{"damage":0,"enemies":"Cultist","floor":4,"turns":2},{"damage":1,"enemies":"3 Louse","floor":7,"turns":4},{"damage":8,"enemies":"2 Fungi Beasts","floor":8,"turns":3},{"damage":21,"enemies":"Gremlin Gang","floor":10,"turns":6},{"damage":1,"enemies":"Blue Slaver","floor":11,"turns":4},{"damage":3,"enemies":"Exordium Thugs","floor":12,"turns":5},{"damage":90,"enemies":"Hexaghost","floor":16,"turns":14}],"seed_played":"-5021702692788668357","potions_obtained":[{"floor":1,"key":"Swift Potion"},{"floor":4,"key":"Ancient Potion"},{"floor":11,"key":"Doom Potion"},{"floor":12,"key":"Explosive Potion"}],"is_trial":false,"path_per_floor":["M","M","?","M","?","R","M","M","T","M","M","M","R","?","R","B"],"character_chosen":"THE_SILENT","items_purchased":[],"campfire_rested":2,"item_purchase_floors":[],"current_hp_per_floor":[84,84,84,84,84,84,83,75,75,54,53,50,75,75,84,0,0],"gold":215,"neow_bonus":"TWENTY_PERCENT_HP_BONUS","is_daily":false,"chose_seed":false,"campfire_upgraded":1,"win_rate":0.0,"timestamp":1608124016,"path_taken":["M","M","?","M","?","R","M","?","T","M","M","M","R","?","R","BOSS"],"items_purchased_type":[],"build_version":"2020-11-29","purchased_purges":0,"victory":false,"max_hp_per_floor":[84,84,84,84,84,84,84,84,84,84,84,84,84,84,84,84,84],"card_choices":[{"not_picked":["Choke","Underhanded Strike"],"picked":"Bane","floor":1},{"not_picked":["Quick Slash","Dodge and Roll"],"picked":"Blade Dance","floor":2},{"not_picked":["Dagger Throw","Quick Slash"],"picked":"Catalyst","floor":4},{"not_picked":["Underhanded Strike","Dodge and Roll"],"picked":"Blade Dance","floor":7},{"not_picked":["Tools of the Trade","ReplayTheSpireMod:Scrap Shanks"],"picked":"Dodge and Roll","floor":8},{"not_picked":["Well Laid Plans","Tactician"],"picked":"Dagger Throw","floor":10},{"not_picked":["Acrobatics","Bane"],"picked":"Slice","floor":11},{"not_picked":["Leg Sweep","Quick Slash"],"picked":"PiercingWail","floor":12}],"player_experience":78016,"relics_obtained":[{"floor":9,"key":"Oddly Smooth Stone"}],"event_choices":[{"damage_healed":0,"gold_gain":0,"player_choice":"Upgraded","damage_taken":0,"max_hp_gain":0,"max_hp_loss":0,"event_name":"Upgrade Shrine","floor":5,"gold_loss":0,"cards_upgraded":["Catalyst"]}],"is_beta":false,"boss_relics":[],"items_purged_floors":[],"is_endless":false,"potions_floor_spawned":[1,4,11,12],"killed_by":"Hexaghost","ascension_level":0}}