{"host":"o06nhtgrr7npvf7b","time":1608116724,"event":{"mods":["AchievementEnabler","BaseMod","Colored Map","Colored Powertips","Minty Spire (QoL Compilation)","StSLib","SuperFastMode"],"gold_per_floor":[369,396,410,35,35,65,65,81,81,81,100,100,119,129,129,229,229,248,248,248,259,259,292,303,303,303],"floor_reached":25,"playtime":1230,"items_purged":[],"score":248,"play_id":"58355fa1-7d70-4d09-be94-f18d0f4b0d26","local_time":"20201216060524","is_ascension_mode":false,"campfire_choices":[{"data":"Apotheosis","floor":7,"key":"SMITH"},{"data":"Eruption","floor":10,"key":"SMITH"},{"data":"ReachHeaven","floor":12,"key":"SMITH"},{"data":"Crescendo","floor":15,"key":"SMITH"}],"circlet_count":0,"master_deck":["Defend_P","Defend_P","Defend_P","Defend_P","Eruption+1","Vigilance","FlyingSleeves","WindmillStrike","BattleHymn","Apotheosis+1","Consecrate","WindmillStrike","WreathOfFlame","CarveReality","ReachHeaven+1","Crescendo+1","BowlingBash","DevaForm","CurseOfTheBell","BattleHymn","Bite","Bite","Bite","Bite","Bite","Swivel","SandsOfTime"],"relics":["PureWater","Orichalcum","Lizard Tail","Vajra","Calling Bell","Oddly Smooth Stone","Sundial","Du-Vu Doll","White Beast Statue","Tiny Chest"],"acts_visited":["Exordium","TheCity"],"potions_floor_usage":[6,6,16,16,16,21,24,25],"damage_taken":[{"damage":0,"enemies":"Cultist","floor":1,"turns":4},{"damage":0,"enemies":"Small Slimes","floor":3,"turns":2},{"damage":11,"enemies":"3 Sentries","floor":6,"turns":5},{"damage":5,"enemies":"Jaw Worm","floor":8,"turns":3},{"damage":1,"enemies":"Exordium Wildlife","floor":11,"turns":3},{"damage":0,"enemies":"Looter","floor":13,"turns":1},{"damage":0,"enemies":"2 Fungi Beasts","floor":14,"turns":2},{"damage":26,"enemies":"Hexaghost","floor":16,"turns":5},{"damage":4,"enemies":"Chosen","floor":18,"turns":4},{"damage":7,"enemies":"Shell Parasite","floor":21,"turns":4},{"damage":16,"enemies":"Gremlin Leader","floor":23,"turns":3},{"damage":26,"enemies":"Centurion and Healer","floor":24,"turns":4},{"damage":56,"enemies":"Snake Plant","floor":25,"turns":4}],"seed_played":"579964541270664358","potions_obtained":[{"floor":3,"key":"Dexterity Potion"},{"floor":6,"key":"Fruit Juice"},{"floor":11,"key":"SkillPotion"},{"floor":14,"key":"LiquidMemories"},{"floor":16,"key":"Fruit Juice"},{"floor":18,"key":"LiquidBronze"},{"floor":23,"key":"SteroidPotion"},{"floor":24,"key":"BlessingOfTheForge"}],"is_trial":false,"path_per_floor":["M","T","M","$","?","E","R","M","T","R","M","R","M","M","R","B",null,"M","?","?","M","?","E","M","M"],"character_chosen":"WATCHER","items_purchased":["BattleHymn","Apotheosis","Consecrate","WindmillStrike"],"campfire_rested":0,"item_purchase_floors":[4,4,4,4],"current_hp_per_floor":[65,65,65,65,65,59,59,54,54,54,53,53,53,53,53,32,75,71,52,52,45,45,29,11,0,0],"gold":303,"neow_bonus":"TWO_FIFTY_GOLD","is_daily":false,"chose_seed":false,"campfire_upgraded":4,"win_rate":0.0,"timestamp":1608116724,"path_taken":["M","?","M","$","?","E","R","M","T","R","M","R","?","M","R","BOSS","M","?","?","?","?","E","M","M"],"items_purchased_type":["Card","Card","Card","Card"],"build_version":"2020-12-13","purchased_purges":0,"victory":false,"max_hp_per_floor":[65,65,65,65,65,70,70,70,70,70,70,70,70,70,70,75,75,75,52,52,52,52,52,52,52,52],"card_choices":[{"not_picked":["Prostrate","Perseverance"],"picked":"FlyingSleeves","floor":1},{"not_picked":["CrushJoints","SashWhip"],"picked":"WindmillStrike","floor":3},{"not_picked":["Halt","Collect"],"picked":"WreathOfFlame","floor":6},{"not_picked":["SashWhip","Swivel"],"picked":"CarveReality","floor":8},{"not_picked":["Protect","Fasting2"],"picked":"ReachHeaven","floor":11},{"not_picked":["Evaluate","FollowUp"],"picked":"Crescendo","floor":13},{"not_picked":["Devotion","SashWhip"],"picked":"BowlingBash","floor":14},{"not_picked":["Judgement","Omniscience"],"picked":"DevaForm","floor":16},{"not_picked":["ClearTheMind","EmptyFist"],"picked":"BattleHymn","floor":18},{"not_picked":["PathToVictory","Evaluate","ThirdEye"],"picked":"SKIP","floor":21},{"not_picked":["Collect","Wish"],"picked":"Swivel","floor":23},{"not_picked":["FollowUp+1","TalkToTheHand"],"picked":"SandsOfTime","floor":24}],"player_experience":129692,"relics_obtained":[{"floor":2,"key":"Orichalcum"},{"floor":6,"key":"Lizard Tail"},{"floor":9,"key":"Vajra"},{"floor":17,"key":"Oddly Smooth Stone"},{"floor":17,"key":"Sundial"},{"floor":17,"key":"Du-Vu Doll"},{"floor":23,"key":"Tiny Chest"}],"event_choices":[{"damage_healed":0,"gold_gain":0,"player_choice":"Ignored","damage_taken":0,"max_hp_gain":0,"max_hp_loss":0,"event_name":"NoteForYourself","floor":5,"gold_loss":0},{"damage_healed":0,"gold_gain":0,"player_choice":"Became a vampire","damage_taken":0,"max_hp_gain":0,"max_hp_loss":23,"event_name":"Vampires","floor":19,"gold_loss":0,"cards_obtained":["Bite","Bite","Bite","Bite","Bite"]},{"damage_healed":0,"gold_gain":0,"player_choice":"Ignored","damage_taken":0,"max_hp_gain":0,"max_hp_loss":0,"event_name":"Ghosts","floor":20,"gold_loss":0},{"damage_healed":0,"gold_gain":0,"player_choice":"Opened","damage_taken":0,"relics_obtained":["White Beast Statue"],"max_hp_gain":0,"max_hp_loss":0,"event_name":"The Mausoleum","floor":22,"gold_loss":0}],"is_beta":false,"boss_relics":[{"not_picked":["Sozu","Ectoplasm"],"picked":"Calling Bell"}],"items_purged_floors":[],"is_endless":false,"potions_floor_spawned":[3,6,11,14,16,18,23,24],"killed_by":"Snake Plant","ascension_level":0}}