{"host":"55yei7x27djrlaep","time":1608130237,"event":{"mods":["Act Like it!","BaseMod","BetterRewards","Colored Map","Conspire","Friendly Minions","GifTheSpireLib","Hermit","Marisa????????","Minty Spire (QoL Compilation)","Replay The Spire","StSLib","The Mystic"],"gold_per_floor":[117,117,50,70,87,87,122,54,81,109,122,136,147,162,162,258,258,268,112,112,132,132,202,202,477,503,531,531,549,549,549,549,549,549],"floor_reached":33,"playtime":1612,"items_purged":[],"score":345,"play_id":"1ece664d-bb32-46f3-9bef-5e8c4b575c21","local_time":"20201216175037","is_ascension_mode":false,"campfire_choices":[{"data":"hermit:CursedWeapon","floor":6.0,"key":"SMITH"},{"floor":15.0,"key":"REST"},{"data":"hermit:HeroicBravado","floor":24,"key":"SMITH"},{"floor":28,"key":"REST"},{"data":"hermit:BlackWind","floor":30,"key":"SMITH"},{"data":"RitualDagger","floor":32,"key":"SMITH"}],"circlet_count":0,"master_deck":["hermit:Strike_Hermit","hermit:Strike_Hermit","hermit:Strike_Hermit","hermit:Strike_Hermit","hermit:Defend_Hermit","hermit:Defend_Hermit","hermit:Defend_Hermit","hermit:Defend_Hermit","hermit:Snapshot","hermit:Covet","hermit:Enervate","hermit:CursedWeapon+1","hermit:Glare","hermit:WideOpen","hermit:Purgatory","hermit:BlackWind+1","hermit:GhostlyPresence","hermit:LowProfile","hermit:Dive","hermit:FlashPowder","hermit:HeroicBravado+1","hermit:Quickdraw","hermit:DeadOrAlive","hermit:Dive","hermit:BigShot","Regret","hermit:RoundhouseKick","hermit:Vantage","RitualDagger+1"],"relics":["hermit:ClaspedLocket","Anchor","Orichalcum","conspire:DeflatedDodgeball","ReplayTheSpireMod:Lightbulb","Ornamental Fan","Torii","Replay:Rubber Ducky","Toy Ornithopter"],"acts_visited":["Exordium","TheCity"],"potions_floor_usage":[27,33,33],"damage_taken":[{"damage":0.0,"enemies":"2 Louse","floor":1.0,"turns":2.0},{"damage":3.0,"enemies":"Cultist","floor":4.0,"turns":3.0},{"damage":2.0,"enemies":"conspire:RoseBush","floor":5.0,"turns":1.0},{"damage":54.0,"enemies":"3 Sentries","floor":7.0,"turns":11.0},{"damage":9.0,"enemies":"Lagavulin","floor":10.0,"turns":3.0},{"damage":0.0,"enemies":"Red Slaver","floor":11.0,"turns":1.0},{"damage":2.0,"enemies":"conspire:2 RoseBushes","floor":12.0,"turns":2.0},{"damage":2.0,"enemies":"2 Fungi Beasts","floor":13.0,"turns":2.0},{"damage":2.0,"enemies":"Large Slime","floor":14.0,"turns":2.0},{"damage":2.0,"enemies":"Slime Boss","floor":16.0,"turns":11.0},{"damage":13.0,"enemies":"3 Byrds","floor":18.0,"turns":5.0},{"damage":2.0,"enemies":"Chosen","floor":21.0,"turns":3.0},{"damage":13,"enemies":"conspire:Head Lice","floor":23,"turns":6},{"damage":26,"enemies":"Gremlin Leader","floor":27,"turns":6},{"damage":10,"enemies":"Snecko","floor":29,"turns":4},{"damage":29,"enemies":"Collector","floor":33,"turns":7}],"seed_played":"6115541042864970212","potions_obtained":[{"floor":1.0,"key":"Energy Potion"},{"floor":4.0,"key":"ColorlessPotion"},{"floor":7.0,"key":"Strength Potion"},{"floor":12.0,"key":"DistilledChaos"},{"floor":18.0,"key":"Strength Potion"},{"floor":20.0,"key":"CultistPotion"}],"is_trial":false,"path_per_floor":["M","?","$","M","M","R","E","?","T","E","M","M","M","M","R","B",null,"M","$","?","M","?","E","R","?","T","E","R","M","R","?","R","B"],"character_chosen":"HERMIT","items_purchased":["hermit:CursedWeapon","hermit:DeadOrAlive"],"campfire_rested":2,"item_purchase_floors":[3,19],"current_hp_per_floor":[75,75,75,72,70,70,16,16,16,7,7,5,3,1,23,21,75,62,62,62,60,46,33,33,33,33,8,32,23,23,17,17,0,0],"gold":549,"neow_bonus":"RANDOM_COMMON_RELIC","is_daily":false,"chose_seed":false,"campfire_upgraded":4,"win_rate":0.0,"timestamp":1608130237,"path_taken":["M","?","$","M","?","R","E","?","T","E","M","?","M","M","R","BOSS","M","$","?","?","?","E","R","?","T","E","R","?","R","?","R","BOSS"],"items_purchased_type":["Card","Card"],"build_version":"2020-12-13","purchased_purges":0,"victory":false,"max_hp_per_floor":[75,75,75,75,75,75,75,75,75,75,75,75,75,75,75,75,75,75,75,75,75,80,80,80,80,80,80,80,80,80,80,80,80,80],"card_choices":[{"not_picked":["hermit:DeadMansHand","hermit:PistolWhip"],"picked":"hermit:Enervate","floor":1.0},{"not_picked":["hermit:CalledShot","hermit:Headshot"],"picked":"hermit:Glare","floor":4.0},{"not_picked":["hermit:ShadowCloak","hermit:TrackingShot"],"picked":"hermit:WideOpen","floor":5.0},{"not_picked":["hermit:Headshot","hermit:Dive"],"picked":"hermit:Purgatory","floor":7.0},{"not_picked":["hermit:Spite","hermit:SprayPray"],"picked":"hermit:BlackWind","floor":10.0},{"not_picked":["hermit:Desperado","hermit:CalledShot"],"picked":"hermit:GhostlyPresence","floor":11.0},{"not_picked":["hermit:LuckOfTheDraw","hermit:Snipe"],"picked":"hermit:LowProfile","floor":12.0},{"not_picked":["hermit:HoleUp","hermit:Cheat"],"picked":"hermit:Dive","floor":13.0},{"not_picked":["hermit:SprayPray","hermit:Desperado"],"picked":"hermit:FlashPowder","floor":14.0},{"not_picked":["hermit:RoundhouseKick","hermit:Purgatory"],"picked":"hermit:HeroicBravado","floor":16.0},{"not_picked":["hermit:Enervate","hermit:Snipe"],"picked":"hermit:Quickdraw","floor":18.0},{"not_picked":["hermit:Midnight","hermit:Misfire"],"picked":"hermit:Dive","floor":21.0},{"not_picked":["hermit:Ricochet+1","hermit:WideOpen"],"picked":"hermit:BigShot","floor":23},{"not_picked":["hermit:Ricochet+1","hermit:Roughhouse"],"picked":"hermit:RoundhouseKick","floor":27},{"not_picked":["hermit:GhostlyPresence","hermit:NoHoldsBarred"],"picked":"hermit:Vantage","floor":29}],"player_experience":350489,"relics_obtained":[{"floor":7.0,"key":"Orichalcum"},{"floor":9.0,"key":"ReplayTheSpireMod:Lightbulb"},{"floor":10.0,"key":"Ornamental Fan"},{"floor":23,"key":"Torii"},{"floor":26,"key":"Replay:Rubber Ducky"},{"floor":27,"key":"Toy Ornithopter"}],"event_choices":[{"damage_healed":0.0,"max_hp_gain":0.0,"max_hp_loss":0.0,"gold_gain":0.0,"event_name":"The Woman in Blue","player_choice":"Bought 0 Potions","floor":2.0,"gold_loss":0.0,"damage_taken":0.0},{"damage_healed":0.0,"max_hp_gain":0.0,"max_hp_loss":0.0,"gold_gain":0.0,"event_name":"WeMeetAgain","player_choice":"Paid Gold","floor":8.0,"gold_loss":68.0,"damage_taken":0.0,"relics_obtained":["conspire:DeflatedDodgeball"]},{"damage_healed":0.0,"max_hp_gain":0.0,"max_hp_loss":0.0,"gold_gain":0.0,"event_name":"Lab","player_choice":"Got Potions","floor":20.0,"gold_loss":0.0,"damage_taken":0.0},{"damage_healed":0.0,"max_hp_gain":5.0,"max_hp_loss":0.0,"gold_gain":0.0,"event_name":"Forgotten Altar","player_choice":"Shed Blood","floor":22.0,"gold_loss":0.0,"damage_taken":19.0},{"damage_healed":0,"gold_gain":275,"player_choice":"Desecrate","damage_taken":0,"max_hp_gain":0,"max_hp_loss":0,"event_name":"Golden Shrine","floor":25,"gold_loss":0,"cards_obtained":["Regret"]},{"damage_healed":0,"gold_gain":0,"player_choice":"Joined the Cult","damage_taken":6,"max_hp_gain":0,"max_hp_loss":0,"event_name":"Nest","floor":31,"gold_loss":0,"cards_obtained":["RitualDagger"]}],"is_beta":false,"boss_relics":[{"not_picked":["Honey Jar","conspire:SlowCooker"],"picked":"hermit:ClaspedLocket"}],"items_purged_floors":[],"is_endless":false,"potions_floor_spawned":[1,4,7,12,18,23],"killed_by":"Collector","ascension_level":0}}