{"host":"ljavmhyz2e552xgo","time":1608148534,"event":{"mods":["BaseMod","Better Third Choice","Downfall","Friendly Minions","Minty Spire (QoL Compilation)","Permanent Neow","Spicy Shops","StSLib"],"gold_per_floor":[99,111,111,128,53,73,97,97,111,36,50,50,64,79,99,197,247,247],"floor_reached":17,"playtime":1899,"items_purged":[],"score":176,"play_id":"bb4cf9ca-d3b8-40f7-bea0-2e5899c7be3f","local_time":"20201216135534","is_ascension_mode":false,"campfire_choices":[{"data":"sneckomod:SnekBite","floor":1,"key":"SMITH"},{"floor":3,"key":"RECALL"},{"data":"sneckomod:TailWhip","floor":5,"key":"SMITH"},{"data":"sneckomod:SoulDraw","floor":10,"key":"SMITH"}],"circlet_count":0,"master_deck":["sneckomod:Strike","sneckomod:Strike","sneckomod:Defend","sneckomod:Defend+1","sneckomod:Defend+1","sneckomod:TailWhip+1","sneckomod:SnekBite+1","sneckomod:Unknown","sneckomod:Unknown","sneckomod:IronFang+1","sneckomod:UnknownBlock","sneckomod:SoulDraw+1","Regret","sneckomod:Restock","sneckomod:DangerNoodle+1","sneckomod:PureSnecko","sneckomod:QuickBite","sneckomod:UnknownBlock","sneckomod:SoulExchange","sneckomod:SoulRoll"],"relics":["sneckomod:SneckoSoul","StoneCalendar","downfall:HeartBlessingRed","downfall:HeartBlessingBlue","Tiny House"],"acts_visited":["Exordium","TheCity"],"potions_floor_usage":[16,16],"damage_taken":[{"damage":0,"enemies":"Small Slimes","floor":2,"turns":2},{"damage":9,"enemies":"Jaw Worm","floor":4,"turns":4},{"damage":0,"enemies":"Cultist","floor":6,"turns":2},{"damage":6,"enemies":"Exordium Wildlife","floor":9,"turns":4},{"damage":8,"enemies":"Lots of Slimes","floor":11,"turns":5},{"damage":4,"enemies":"Exordium Thugs","floor":13,"turns":4},{"damage":4,"enemies":"2 Fungi Beasts","floor":14,"turns":3},{"damage":2,"enemies":"3 Louse","floor":15,"turns":3},{"damage":12,"enemies":"downfall:Ironclad","floor":16,"turns":7}],"seed_played":"8446645484819520851","potions_obtained":[{"floor":9,"key":"Block Potion"},{"floor":11,"key":"sneckomod:MuddlingPotion"},{"floor":14,"key":"Strength Potion"},{"floor":15,"key":"Strength Potion"},{"floor":17,"key":"sneckomod:MuddlingPotion"}],"is_trial":false,"path_per_floor":["R","M","R","M","R","M","T","?","M","R","M","?","M","M","M","B",null],"character_chosen":"THE_SNECKO","items_purchased":[],"campfire_rested":0,"item_purchase_floors":[],"current_hp_per_floor":[63,63,63,55,55,55,55,55,49,59,51,51,47,43,42,34,107,107],"gold":247,"neow_bonus":"ONE_RARE_RELIC","is_daily":false,"chose_seed":false,"campfire_upgraded":3,"win_rate":0.0,"timestamp":1608148534,"path_taken":["R","M","R","M","R","M","T","?","M","R","M","?","M","?","M","BOSS"],"items_purchased_type":[],"build_version":"2020-12-13","purchased_purges":0,"victory":false,"max_hp_per_floor":[90,90,90,91,91,91,91,91,91,101,101,101,101,101,102,102,107,107],"card_choices":[{"not_picked":["sneckomod:UnknownCommonAttack","sneckomod:UnknownStrike"],"picked":"sneckomod:IronFang","floor":2},{"not_picked":["sneckomod:UnknownStrike","sneckomod:UnknownStrength"],"picked":"sneckomod:UnknownBlock","floor":4},{"not_picked":["sneckomod:WideSting","sneckomod:SoulRoll"],"picked":"sneckomod:SoulDraw","floor":6},{"not_picked":["sneckomod:UnknownVulnerable","sneckomod:DiceBoulder","sneckomod:UnknownClassHEXA_GHOST_PURPLE"],"picked":"SKIP","floor":9},{"not_picked":["sneckomod:Nope","sneckomod:UnknownVulnerable"],"picked":"sneckomod:Restock","floor":11},{"not_picked":["sneckomod:UnknownStrike","sneckomod:DiceBlock"],"picked":"sneckomod:PureSnecko","floor":13},{"not_picked":["sneckomod:UnknownVulnerable","sneckomod:Unknown0Cost"],"picked":"sneckomod:QuickBite","floor":14},{"not_picked":["sneckomod:Nope","sneckomod:UnknownX"],"picked":"sneckomod:UnknownBlock","floor":15},{"not_picked":["sneckomod:Cheat","sneckomod:SerpentMind"],"picked":"sneckomod:SoulExchange","floor":16},{"not_picked":["sneckomod:UnknownClassTHE_CHAMP_GRAY","sneckomod:UnknownCommonSkill"],"picked":"sneckomod:SoulRoll","floor":17}],"player_experience":1401711,"relics_obtained":[],"event_choices":[{"damage_healed":0,"gold_gain":0,"cards_transformed":["sneckomod:Strike"],"player_choice":"Transformed","damage_taken":0,"max_hp_gain":0,"max_hp_loss":0,"event_name":"Transmorgrifier","floor":12,"gold_loss":0,"cards_obtained":["sneckomod:DangerNoodle"]}],"is_beta":false,"boss_relics":[{"not_picked":["Fusion Hammer","Runic Pyramid"],"picked":"Tiny House"}],"items_purged_floors":[],"is_endless":false,"potions_floor_spawned":[9,11,14,15],"ascension_level":0}}