{"host":"avjwtc49fhlk6kym","time":1608090429,"event":{"mods":["AchievementEnabler","BaseMod","Better Match","Better Note","Better Third Choice","Colored Map","Colored Powertips","Displayed Cursed Tome","Highlight Path","Minty Spire (QoL Compilation)","Permanent Neow","Quick Restart","StSLib"],"gold_per_floor":[111,186,186,199,210,210,227,227,254,254,281,297,313,313,313,413,413,431,420,440,454,454,454,481,481,526,526,537,550,475,495,495,495,495],"floor_reached":33,"playtime":1158,"items_purged":[],"score":298,"play_id":"0824d1d5-7eea-4635-bf7e-17b6668f2670","local_time":"20201215224709","is_ascension_mode":true,"campfire_choices":[{"data":"Eruption","floor":6,"key":"SMITH"},{"floor":8,"key":"REST"},{"floor":15,"key":"REST"},{"floor":23,"key":"REST"},{"floor":25,"key":"REST"},{"data":"Wireheading","floor":27,"key":"SMITH"},{"floor":32,"key":"REST"}],"circlet_count":0,"master_deck":["Strike_P+1","Strike_P","Strike_P","Defend_P","Defend_P","Defend_P","Eruption+1","Vigilance+1","CurseOfTheBell","ReachHeaven+1","LikeWater","Protect","SashWhip+1","Wireheading+1","Prostrate","Brilliance+1","PathToVictory+1","CrushJoints+1","CutThroughFate+1","PathToVictory","CrushJoints+1","FollowUp+1","Evaluate","DeusExMachina"],"relics":["Calling Bell","Bronze Scales","Molten Egg 2","CloakClasp","Boot","Regal Pillow","Bag of Preparation","Sozu","Pen Nib","Bag of Marbles"],"acts_visited":["Exordium","TheCity"],"potions_floor_usage":[7,11,16],"damage_taken":[{"damage":4,"enemies":"2 Louse","floor":1,"turns":3},{"damage":0,"enemies":"Jaw Worm","floor":4,"turns":3},{"damage":0,"enemies":"Small Slimes","floor":5,"turns":2},{"damage":0,"enemies":"Gremlin Gang","floor":7,"turns":3},{"damage":25,"enemies":"Gremlin Nob","floor":11,"turns":5},{"damage":9,"enemies":"Red Slaver","floor":12,"turns":4},{"damage":1,"enemies":"2 Fungi Beasts","floor":13,"turns":2},{"damage":8,"enemies":"Hexaghost","floor":16,"turns":11},{"damage":13,"enemies":"Spheric Guardian","floor":18,"turns":4},{"damage":25,"enemies":"2 Thieves","floor":19,"turns":4},{"damage":20,"enemies":"Centurion and Healer","floor":20,"turns":5},{"damage":9,"enemies":"Cultist and Chosen","floor":21,"turns":5},{"damage":14,"enemies":"Book of Stabbing","floor":24,"turns":5},{"damage":3,"enemies":"Snecko","floor":28,"turns":3},{"damage":14,"enemies":"Shelled Parasite and Fungi","floor":29,"turns":2},{"damage":10,"enemies":"Snake Plant","floor":31,"turns":2},{"damage":86,"enemies":"Collector","floor":33,"turns":6}],"seed_played":"6950160446929135297","potions_obtained":[{"floor":4,"key":"BlessingOfTheForge"},{"floor":5,"key":"AttackPotion"},{"floor":12,"key":"Weak Potion"}],"is_trial":false,"path_per_floor":["M","?","?","M","M","R","M","R","T","?","E","M","M","?","R","B",null,"M","M","M","M","T","R","E","R","T","R","M","M","?","M","R","B"],"character_chosen":"WATCHER","items_purchased":[],"campfire_rested":5,"item_purchase_floors":[],"current_hp_per_floor":[68,57,43,43,43,43,43,64,64,61,36,27,26,26,62,54,72,59,34,14,5,5,41,27,63,63,63,60,46,46,36,72,0,0],"gold":495,"neow_bonus":"BOSS_RELIC","is_daily":false,"chose_seed":false,"campfire_upgraded":2,"win_rate":0.0,"timestamp":1608090429,"path_taken":["M","?","?","M","M","R","M","R","T","?","E","M","M","?","R","BOSS","M","M","M","?","?","R","E","R","T","R","M","M","?","M","R","BOSS"],"items_purchased_type":[],"build_version":"2020-12-13","purchased_purges":0,"victory":false,"max_hp_per_floor":[72,72,72,72,72,72,72,72,72,72,72,72,72,72,72,72,72,72,72,72,72,72,72,72,72,72,72,72,72,72,72,72,72,72],"card_choices":[{"not_picked":["Worship","Crescendo","Halt"],"picked":"SKIP","floor":1},{"not_picked":["SignatureMove+1","Wallop+1"],"picked":"ReachHeaven+1","floor":4},{"not_picked":["EmptyFist+1","FlurryOfBlows+1"],"picked":"LikeWater","floor":5},{"not_picked":["EmptyBody","Tantrum+1"],"picked":"Protect","floor":7},{"not_picked":["Protect","MentalFortress"],"picked":"SashWhip+1","floor":11},{"not_picked":["Study","Tantrum+1"],"picked":"Wireheading","floor":12},{"not_picked":["SignatureMove+1","ClearTheMind"],"picked":"Prostrate","floor":13},{"not_picked":["Vault","Omniscience"],"picked":"Brilliance+1","floor":16},{"not_picked":["Swivel","FlurryOfBlows+1"],"picked":"PathToVictory+1","floor":18},{"not_picked":["MentalFortress","SignatureMove+1"],"picked":"CrushJoints+1","floor":19},{"not_picked":["SashWhip+1","Wireheading"],"picked":"CutThroughFate+1","floor":20},{"not_picked":["Halt","Protect"],"picked":"PathToVictory","floor":21},{"not_picked":["FlyingSleeves+1","Indignation"],"picked":"CrushJoints+1","floor":24},{"not_picked":["PathToVictory","EmptyFist+1"],"picked":"FollowUp+1","floor":28},{"not_picked":["Crescendo","SashWhip+1"],"picked":"Evaluate","floor":29},{"not_picked":["SashWhip+1","TalkToTheHand+1"],"picked":"DeusExMachina","floor":31}],"player_experience":504974,"relics_obtained":[{"floor":0,"key":"Bronze Scales"},{"floor":0,"key":"Molten Egg 2"},{"floor":0,"key":"CloakClasp"},{"floor":9,"key":"Boot"},{"floor":11,"key":"Bag of Preparation"},{"floor":24,"key":"Pen Nib"},{"floor":26,"key":"Bag of Marbles"}],"event_choices":[{"damage_healed":0,"gold_gain":75,"player_choice":"Gold","damage_taken":11,"max_hp_gain":0,"max_hp_loss":0,"event_name":"betterThird:BetterGoop","floor":2,"gold_loss":0},{"damage_healed":57,"gold_gain":0,"player_choice":"Upgrade","damage_taken":14,"max_hp_gain":0,"max_hp_loss":72,"event_name":"betterThird:BetterShining","floor":3,"gold_loss":0,"cards_upgraded":["Strike_P","Vigilance"]},{"damage_healed":0,"gold_gain":1,"player_choice":"Relic ","damage_taken":3,"max_hp_gain":0,"max_hp_loss":0,"event_name":"betterThird:BetterScrap","floor":10,"gold_loss":0,"cards_obtained":["Die Die Die"]},{"cards_removed":["Defend_P"],"damage_healed":0,"gold_gain":0,"player_choice":"Purged","damage_taken":0,"max_hp_gain":0,"max_hp_loss":0,"event_name":"Purifier","floor":14,"gold_loss":0},{"cards_removed":["Strike_P"],"damage_healed":0,"gold_gain":0,"player_choice":"Gave Gold","damage_taken":0,"max_hp_gain":0,"max_hp_loss":0,"event_name":"Beggar","floor":30,"gold_loss":75}],"is_beta":false,"boss_relics":[{"not_picked":["Pandora\u0027s Box","Black Star"],"picked":"Sozu"}],"items_purged_floors":[],"is_endless":false,"potions_floor_spawned":[4,5,12,18,19,20,31],"killed_by":"Collector","ascension_level":2}}