{"host":"naykp6d9ulahlwib","time":1608081153,"event":{"mods":["BaseMod","Highlight Path","Minty Spire (QoL Compilation)","StSLib"],"gold_per_floor":[118,135,310,310,321,321,356,132,204,70,80,102,102,116,116,214,214,225,187,187,187,207,207,221,221,221,237,237,112,130,55,55,151,151,169,183,183,196,196,196,227,227,227,227,227,227,77,104,104,104,104,104,25,25,25],"floor_reached":54,"playtime":6642,"items_purged":["Doubt","Strike_B","Strike_B","Capacitor"],"score":1032,"play_id":"04fa0b2f-a950-48e7-abb2-d6ef4f1d719e","local_time":"20201215191233","is_ascension_mode":true,"campfire_choices":[{"data":"Zap","floor":6.0,"key":"SMITH"},{"data":"Defragment","floor":13.0,"key":"SMITH"},{"floor":15.0,"key":"REST"},{"data":"Echo Form","floor":23.0,"key":"SMITH"},{"data":"Seek","floor":25.0,"key":"SMITH"},{"data":"Self Repair","floor":32.0,"key":"SMITH"},{"data":"Loop","floor":40.0,"key":"SMITH"},{"data":"Seek","floor":42.0,"key":"SMITH"},{"floor":44.0,"key":"RECALL"},{"floor":49.0,"key":"REST"},{"floor":52.0,"key":"REST"}],"circlet_count":0,"master_deck":["AscendersBane","Defend_B","Defend_B","Zap+1","Dualcast","Glacier","Seek+1","Defragment+1","Loop+1","Cold Snap","Echo Form+1","Self Repair+1","BootSequence","Go for the Eyes+1","Seek+1","Static Discharge+1","Barrage","Glacier"],"relics":["Cracked Core","Mango","Gremlin Horn","Odd Mushroom","Velvet Choker","StrikeDummy","Inserter","Girya","Omamori"],"acts_visited":["Exordium","TheCity","TheBeyond","TheEnding"],"potions_floor_usage":[],"damage_taken":[{"damage":2.0,"enemies":"Jaw Worm","floor":1.0,"turns":3.0},{"damage":0.0,"enemies":"Small Slimes","floor":2.0,"turns":3.0},{"damage":0.0,"enemies":"2 Louse","floor":5.0,"turns":2.0},{"damage":25.0,"enemies":"Lagavulin","floor":7.0,"turns":5.0},{"damage":0.0,"enemies":"Large Slime","floor":11.0,"turns":4.0},{"damage":6.0,"enemies":"The Mushroom Lair","floor":12.0,"turns":4.0},{"damage":4.0,"enemies":"Red Slaver","floor":14.0,"turns":3.0},{"damage":37.0,"enemies":"Hexaghost","floor":16.0,"turns":19.0},{"damage":2.0,"enemies":"Chosen","floor":18.0,"turns":5.0},{"damage":8.0,"enemies":"Shell Parasite","floor":22.0,"turns":7.0},{"damage":16.0,"enemies":"Cultist and Chosen","floor":24.0,"turns":12.0},{"damage":26.0,"enemies":"Snake Plant","floor":27.0,"turns":6.0},{"damage":13.0,"enemies":"Shelled Parasite and Fungi","floor":30.0,"turns":6.0},{"damage":10.0,"enemies":"Champ","floor":33.0,"turns":15.0},{"damage":11.0,"enemies":"3 Shapes","floor":35.0,"turns":6.0},{"damage":18.0,"enemies":"3 Darklings","floor":36.0,"turns":8.0},{"damage":16.0,"enemies":"Writhing Mass","floor":38.0,"turns":8.0},{"damage":20.0,"enemies":"Nemesis","floor":41.0,"turns":13.0},{"damage":48.0,"enemies":"Reptomancer","floor":48.0,"turns":9.0},{"damage":62.0,"enemies":"Awakened One","floor":50.0,"turns":18.0},{"damage":87,"enemies":"Shield and Spear","floor":54,"turns":6}],"seed_played":"-2294175831941320941","potions_obtained":[{"floor":2.0,"key":"SteroidPotion"},{"floor":11.0,"key":"SpeedPotion"},{"floor":12.0,"key":"Dexterity Potion"},{"floor":16.0,"key":"SpeedPotion"},{"floor":18.0,"key":"Fire Potion"},{"floor":24.0,"key":"Strength Potion"},{"floor":27.0,"key":"Weak Potion"},{"floor":30.0,"key":"Dexterity Potion"},{"floor":36.0,"key":"SteroidPotion"},{"floor":38.0,"key":"Weak Potion"},{"floor":41.0,"key":"Regen Potion"},{"floor":48.0,"key":"Ancient Potion"}],"is_trial":false,"path_per_floor":["M","M","?","T","M","R","E","$","T","$","M","?","R","M","R","B",null,"M","$","?","$","M","R","M","R","T","M","?","$","M","?","R","B",null,"M","M","?","M","?","R","E","R","T","R","?","$","$","E","R","B",null,"R","$","E"],"character_chosen":"DEFECT","items_purchased":["Seek","Defragment","Capacitor","Glacier"],"campfire_rested":3,"item_purchase_floors":[8,10,19,53],"current_hp_per_floor":[48,48,48,62,62,62,37,37,37,37,37,31,31,27,53,16,71,69,69,69,69,75,75,73,73,73,61,61,61,62,62,62,72,85,89,89,89,89,85,85,85,85,85,85,85,85,85,72,85,33,72,85,85,0,0],"gold":25,"neow_bonus":"REMOVE_TWO","is_daily":false,"chose_seed":false,"campfire_upgraded":7,"win_rate":0.0,"timestamp":1608081153,"path_taken":["M","M","?","?","M","R","E","$","T","$","M","?","R","M","R","BOSS","M","$","?","$","M","R","M","R","T","M","?","$","M","?","R","BOSS","M","M","?","?","?","R","E","R","T","R","?","?","$","E","R","BOSS","R","$","E"],"items_purchased_type":["Card","Card","Card","Card"],"build_version":"2020-12-13","purchased_purges":4,"victory":false,"max_hp_per_floor":[75,75,75,89,89,89,89,89,89,89,89,89,89,89,89,89,89,89,89,89,89,89,89,89,89,89,89,89,89,89,89,89,89,89,89,89,89,89,85,85,85,85,85,85,85,85,85,85,85,85,85,85,85,85,85],"card_choices":[{"not_picked":["Barrage","Hologram","Steam"],"picked":"SKIP","floor":1.0},{"not_picked":["Consume","Conserve Battery"],"picked":"Melter","floor":2.0},{"not_picked":["Steam","Tempest","Rebound"],"picked":"SKIP","floor":5.0},{"not_picked":["Sweeping Beam","Undo"],"picked":"Glacier","floor":7.0},{"not_picked":["Ball Lightning","Steam"],"picked":"Loop","floor":11.0},{"not_picked":["Hologram","Turbo"],"picked":"Cold Snap","floor":14.0},{"not_picked":["Rainbow","Core Surge"],"picked":"Echo Form","floor":16.0},{"not_picked":["Barrage+1","Redo+1"],"picked":"Self Repair","floor":18.0},{"not_picked":["Go for the Eyes","Scrape+1"],"picked":"BootSequence","floor":22.0},{"not_picked":["Coolheaded","Leap+1","Fission"],"picked":"SKIP","floor":24.0},{"not_picked":["Coolheaded","Beam Cell","Cold Snap"],"picked":"SKIP","floor":27.0},{"not_picked":["Scrape+1","Hyperbeam"],"picked":"Go for the Eyes+1","floor":30.0},{"not_picked":["Core Surge","Biased Cognition"],"picked":"Seek","floor":33.0},{"not_picked":["Coolheaded+1","Scrape+1","Sweeping Beam+1"],"picked":"SKIP","floor":35.0},{"not_picked":["Storm","Beam Cell","Sweeping Beam"],"picked":"SKIP","floor":36.0},{"not_picked":["Electrodynamics","Chaos","BootSequence"],"picked":"SKIP","floor":38.0},{"not_picked":["Hologram+1","Recycle"],"picked":"Static Discharge+1","floor":41.0},{"not_picked":["Go for the Eyes+1","Melter+1"],"picked":"Barrage","floor":48.0}],"player_experience":758832,"relics_obtained":[{"floor":4.0,"key":"Mango"},{"floor":9.0,"key":"Gremlin Horn"},{"floor":12.0,"key":"Odd Mushroom"},{"floor":26.0,"key":"StrikeDummy"},{"floor":41.0,"key":"Girya"},{"floor":48.0,"key":"Omamori"}],"event_choices":[{"damage_healed":0.0,"max_hp_gain":0.0,"max_hp_loss":0.0,"gold_gain":175.0,"event_name":"Liars Game","player_choice":"AGREE","floor":3.0,"gold_loss":0.0,"damage_taken":0.0,"cards_obtained":["Doubt"]},{"damage_healed":0.0,"max_hp_gain":0.0,"max_hp_loss":0.0,"gold_gain":0.0,"event_name":"Mushrooms","player_choice":"Fought Mushrooms","floor":12.0,"gold_loss":0.0,"damage_taken":0.0},{"damage_healed":0.0,"max_hp_gain":0.0,"max_hp_loss":0.0,"gold_gain":0.0,"event_name":"Vampires","player_choice":"Ignored","floor":20.0,"gold_loss":0.0,"damage_taken":0.0},{"cards_removed":["Defend_B"],"damage_healed":0.0,"max_hp_gain":0.0,"max_hp_loss":0.0,"gold_gain":0.0,"event_name":"Back to Basics","player_choice":"Elegance","floor":28.0,"gold_loss":0.0,"damage_taken":0.0},{"cards_removed":["Strike_B"],"damage_healed":0.0,"max_hp_gain":0.0,"max_hp_loss":0.0,"gold_gain":0.0,"event_name":"Beggar","player_choice":"Gave Gold","floor":31.0,"gold_loss":75.0,"damage_taken":0.0},{"damage_healed":0.0,"max_hp_gain":0.0,"max_hp_loss":0.0,"gold_gain":0.0,"event_name":"SecretPortal","player_choice":"Ignored","floor":37.0,"gold_loss":0.0,"damage_taken":0.0},{"damage_healed":0.0,"max_hp_gain":0.0,"max_hp_loss":4.0,"gold_gain":0.0,"event_name":"Winding Halls","player_choice":"Max HP","floor":39.0,"gold_loss":0.0,"damage_taken":0.0},{"cards_removed":["Melter"],"damage_healed":0.0,"max_hp_gain":0.0,"max_hp_loss":0.0,"gold_gain":0.0,"event_name":"Falling","player_choice":"Removed Attack","floor":45.0,"gold_loss":0.0,"damage_taken":0.0}],"is_beta":false,"boss_relics":[{"not_picked":["Fusion Hammer","Pandora\u0027s Box"],"picked":"Velvet Choker"},{"not_picked":["Snecko Eye","Runic Pyramid"],"picked":"Inserter"}],"items_purged_floors":[8,10,29,47],"is_endless":false,"potions_floor_spawned":[2,11,12,16,18,24,27,30,36,38,41,48],"killed_by":"Shield and Spear","ascension_level":11}}