{"host":"rhvnggv2pwqsaug0","time":1608118650,"event":{"mods":["BaseMod","Minty Spire (QoL Compilation)","Replay The Spire","StSLib"],"gold_per_floor":[111,61,61,78,89,114,126,126,126,126,143,143,158,168,168,273,273,287,287,300,147,47,47,73,73,73,73,73,73,73,73,73],"floor_reached":31,"playtime":8280,"items_purged":["Buffer+1","Leap+1"],"score":289,"play_id":"3d599b56-19ed-43ae-a24b-d6d8fafc0b62","local_time":"20201216193730","is_ascension_mode":true,"campfire_choices":[{"data":"Panic Button","floor":10,"key":"SMITH"},{"data":"Redo","floor":15,"key":"SMITH"},{"data":"Rainbow","floor":23,"key":"SMITH"},{"floor":28,"key":"REST"}],"circlet_count":0,"master_deck":["Defend_B+1","Defend_B+1","Defend_B+1","Defend_B+1","Zap","Dualcast","Go for the Eyes","Spreading Infection","Gash","Panic Button+1","Ball Lightning","Redo+1","Panic Button","Rainbow+1","Gash+1","Redo","Tempest","Static Discharge","Rainbow","RitualDagger"],"relics":["Cracked Core","Ring of Hypnosis","ReplayTheSpireMod:Ring of Addiction","Toy Ornithopter","White Beast Statue","Darkstone Periapt","Replay:Bottled Eggs","Astrolabe","Singing Bowl","ReplayTheSpireMod:Ninjato","MutagenicStrength"],"acts_visited":["Exordium","TheCity"],"potions_floor_usage":[6,7,13,16,20,24,25,30,30],"damage_taken":[{"damage":0,"enemies":"2 Louse","floor":1,"turns":2},{"damage":0,"enemies":"Jaw Worm","floor":4,"turns":3},{"damage":5,"enemies":"Cultist","floor":5,"turns":3},{"damage":32,"enemies":"Gremlin Nob","floor":6,"turns":4},{"damage":0,"enemies":"Looter","floor":7,"turns":3},{"damage":1,"enemies":"Red Slaver","floor":11,"turns":3},{"damage":0,"enemies":"Lots of Slimes","floor":13,"turns":1},{"damage":0,"enemies":"Looter","floor":14,"turns":3},{"damage":16,"enemies":"The Guardian","floor":16,"turns":12},{"damage":18,"enemies":"3 Byrds","floor":18,"turns":5},{"damage":7,"enemies":"Shell Parasite","floor":20,"turns":4},{"damage":59,"enemies":"Slavers","floor":24,"turns":8},{"damage":0,"enemies":"Centurion and Healer","floor":25,"turns":1},{"damage":21,"enemies":"Book of Stabbing","floor":30,"turns":5},{"damage":23,"enemies":"3 Cultists","floor":31,"turns":4}],"seed_played":"5116609645099413099","potions_obtained":[{"floor":1,"key":"Dexterity Potion"},{"floor":3,"key":"Explosive Potion"},{"floor":3,"key":"SmokeBomb"},{"floor":5,"key":"PowerPotion"},{"floor":6,"key":"EssenceOfSteel"},{"floor":7,"key":"Strength Potion"},{"floor":13,"key":"SteroidPotion"},{"floor":16,"key":"SmokeBomb"},{"floor":20,"key":"BlessingOfTheForge"},{"floor":24,"key":"Cursed Concoction"}],"is_trial":false,"path_per_floor":["M","?","?","M","M","E","M","?","T","R","M","?","M","M","R","B",null,"M","?","M","$","$","R","E","M","T","?","R","?","E","M"],"character_chosen":"DEFECT","items_purchased":["Static Discharge"],"campfire_rested":1,"item_purchase_floors":[21],"current_hp_per_floor":[82,82,82,82,77,50,55,55,55,55,54,54,59,59,59,48,80,62,62,60,60,60,60,6,11,11,5,27,27,16,0,0],"gold":73,"neow_bonus":"TEN_PERCENT_HP_BONUS","is_daily":false,"chose_seed":false,"campfire_upgraded":3,"win_rate":0.0,"timestamp":1608118650,"path_taken":["M","?","?","?","M","E","M","?","T","R","M","?","?","M","R","BOSS","M","?","?","?","$","R","E","M","T","?","R","?","E","?"],"items_purchased_type":["Card"],"build_version":"2020-12-13","purchased_purges":2,"victory":false,"max_hp_per_floor":[82,82,82,82,82,82,82,82,82,82,80,80,80,80,80,80,80,80,80,78,78,78,78,76,76,76,76,76,74,74,74,74],"card_choices":[{"not_picked":["Chill","Double Energy"],"picked":"Go for the Eyes","floor":1},{"not_picked":["Streamline","White Noise"],"picked":"Gash","floor":4},{"not_picked":["Storm","Sweeping Beam"],"picked":"Panic Button","floor":5},{"not_picked":["White Noise","All For One"],"picked":"Ball Lightning","floor":6},{"not_picked":["Rebound","Coolheaded"],"picked":"Go for the Eyes","floor":7},{"not_picked":["Cold Snap","Redo"],"picked":"Go for the Eyes","floor":11},{"not_picked":["Coolheaded","Undo"],"picked":"Redo","floor":13},{"not_picked":["Rebound","Genetic Algorithm"],"picked":"Panic Button","floor":14},{"not_picked":["Hyperbeam","Seek"],"picked":"Rainbow","floor":16},{"not_picked":["Rebound","Coolheaded"],"picked":"Redo","floor":18},{"not_picked":["Cold Snap","Rebound"],"picked":"Tempest","floor":20},{"not_picked":["Hologram","Ball Lightning"],"picked":"Rainbow","floor":24}],"player_experience":204302,"relics_obtained":[{"floor":3,"key":"Ring of Hypnosis"},{"floor":3,"key":"ReplayTheSpireMod:Ring of Addiction"},{"floor":3,"key":"Toy Ornithopter"},{"floor":3,"key":"White Beast Statue"},{"floor":6,"key":"Darkstone Periapt"},{"floor":9,"key":"Replay:Bottled Eggs"},{"floor":24,"key":"Singing Bowl"},{"floor":26,"key":"ReplayTheSpireMod:Ninjato"}],"event_choices":[{"cards_removed":["Strike_B"],"damage_healed":0,"gold_gain":0,"player_choice":"Card Removal","damage_taken":0,"max_hp_gain":0,"max_hp_loss":0,"event_name":"The Cleric","floor":2,"gold_loss":50},{"cards_removed":["Strike_B"],"damage_healed":0,"gold_gain":0,"player_choice":"Forget","damage_taken":0,"max_hp_gain":0,"max_hp_loss":0,"event_name":"Living Wall","floor":8,"gold_loss":0},{"cards_removed":["Strike_B"],"damage_healed":0,"gold_gain":0,"player_choice":"Card Removal","damage_taken":0,"max_hp_gain":0,"max_hp_loss":0,"event_name":"Wheel of Change","floor":12,"gold_loss":0},{"damage_healed":0,"gold_gain":0,"player_choice":"Got Potions","damage_taken":0,"max_hp_gain":0,"max_hp_loss":0,"event_name":"Lab","floor":19,"gold_loss":0},{"damage_healed":0,"gold_gain":0,"player_choice":"Joined the Cult","damage_taken":6,"max_hp_gain":0,"max_hp_loss":0,"event_name":"Nest","floor":27,"gold_loss":0,"cards_obtained":["RitualDagger"]},{"damage_healed":0,"gold_gain":0,"player_choice":"Inject Mutagens","damage_taken":0,"relics_obtained":["MutagenicStrength"],"max_hp_gain":0,"max_hp_loss":0,"event_name":"Drug Dealer","floor":29,"gold_loss":0}],"is_beta":false,"boss_relics":[{"not_picked":["Snecko Eye","Coffee Dripper"],"picked":"Astrolabe"}],"items_purged_floors":[21,22],"is_endless":false,"potions_floor_spawned":[1,4,5,6,7,11,13,14,16,18,20,24,25,30],"killed_by":"3 Cultists","ascension_level":1}}