{"host":"dwyzfvnzfcqffr30","time":1608134024,"event":{"mods":["2.2 Compatiblity","Act Like it!","BaseMod","Beaked The Cultist","Better Altar","Better Sensory Stone","Better Third Choice","Clockwork Mod","Colored Map","Colored Powertips","Conspire","Elementarium","GifTheSpireLib","Halation","Hubris","Jedi Mod","Menagerie","Mimic Mod","Minty Spire (QoL Compilation)","Permanent Neow","Random Character Button","Replay The Spire","Spicy Shops","StSLib","Stuff the Spire","The Construct","The Druid","TheFirefly","Trackpad","vexMod"],"gold_per_floor":[109,109,32,32,32,32,58,58,134,144,72,88,88,105,105,155,155,162,162,162,162,162],"floor_reached":21,"playtime":1440,"items_purged":[],"score":315,"play_id":"3cd1beff-cfe5-4cfc-bf9a-7d8443f438a8","local_time":"20201216075344","is_ascension_mode":true,"campfire_choices":[{"floor":6,"key":"RECALL"},{"floor":8,"key":"REST"},{"floor":15,"key":"REST"}],"circlet_count":0,"master_deck":["beaked:KnowThyFoe+1","Strike_R+1","Strike_R+1","Strike_R+1","Strike_R+1","Strike_R+1","Defend_R+1","Defend_R+1","Defend_R+1","Defend_R+1","Bash+1","MasterReality+1","Replay:Undeath\u0027s Touch+1","jedi:collectorstrike+1","Thunderclap+1","Perfected Strike+1","conspire:HitWhereItHurts+1","Perfected Strike+1","Berserk+1","Clothesline+1","Elementarium:StickyTar","Pain"],"relics":["Burning Blood","NeowsBlessing","Bottled Tornado","Quantum Egg","Frozen Egg 2","Toxic Egg 2","Molten Egg 2","Black Star","Juzu Bracelet","Menagerie:ShiftingBlessing","halation:Sosunser","hubris:DeckOfHolding","Sundial","Menagerie:Aurumvore","jedi:purplefairy","conspire:GiftBox","vexMod:CardConverter","trackpad:DisasterInABottle","trackpad:Coffee","ReplayTheSpireMod:Spearhead","Elementarium:GolemsHeart"],"acts_visited":["Menagerie:Menagerie","Elementarium:Elementarium"],"potions_floor_usage":[16],"damage_taken":[{"damage":0,"enemies":"Menagerie:StygianBoar","floor":1,"turns":1},{"damage":0,"enemies":"Menagerie:VoidReaper","floor":7,"turns":1},{"damage":0,"enemies":"Menagerie:WhisperingWraith","floor":10,"turns":1},{"damage":24,"enemies":"Menagerie:Hydra","floor":12,"turns":4},{"damage":12,"enemies":"Menagerie:MaskedSummoner","floor":14,"turns":6},{"damage":5,"enemies":"Menagerie:AVATARS","floor":16,"turns":5},{"damage":0,"enemies":"Elementarium:2_ELEMENTALS","floor":18,"turns":2}],"seed_played":"-1279166665966796207","potions_obtained":[{"floor":12,"key":"jedi:mysterypotion"},{"floor":14,"key":"EssenceOfSteel"},{"floor":16,"key":"Fire Potion"},{"floor":18,"key":"Explosive Potion"}],"is_trial":false,"path_per_floor":["M","?","$","?","?","R","E","R","T","M","?","E","$","E","R","B",null,"M","?","?","?"],"character_chosen":"IRONCLAD","items_purchased":["halation:Sosunser"],"campfire_rested":2,"item_purchase_floors":[3],"current_hp_per_floor":[78,69,69,69,74,74,80,85,85,85,85,67,67,63,87,89,89,91,93,95,0,0],"gold":162,"neow_bonus":"THREE_ENEMY_KILL","is_daily":false,"chose_seed":false,"campfire_upgraded":0,"win_rate":0.0,"timestamp":1608134024,"path_taken":["M","?","$","?","?","R","E","R","T","M","?","E","?","E","R","BOSS","M","?","?","?"],"items_purchased_type":["Relic"],"build_version":"2020-12-13","purchased_purges":0,"victory":false,"max_hp_per_floor":[80,80,80,80,85,85,85,85,85,85,85,85,85,87,87,89,89,91,93,95,95,95],"card_choices":[{"not_picked":["StuffTheSpire:RockThrow+1","Entrench+1"],"picked":"Replay:Undeath\u0027s Touch+1","floor":1},{"not_picked":["Body Slam+1","Replay:Undeath\u0027s Touch+1"],"picked":"jedi:collectorstrike+1","floor":7},{"not_picked":["Flex+1","Entrench+1"],"picked":"Thunderclap+1","floor":10},{"not_picked":["Armaments+1","jedi:collectorstrike+1"],"picked":"Perfected Strike+1","floor":12},{"not_picked":["Feed+1","Immolate+1"],"picked":"conspire:HitWhereItHurts+1","floor":12},{"not_picked":["conspire:Charge+1","Iron Wave+1"],"picked":"Perfected Strike+1","floor":14},{"not_picked":["jedi:collectorstrike+1","Juggernaut+1"],"picked":"Berserk+1","floor":16},{"not_picked":["ReplayTheSpireMod:Stacked+1","Flame Barrier+1"],"picked":"Clothesline+1","floor":18}],"player_experience":1253104,"relics_obtained":[{"floor":7,"key":"hubris:DeckOfHolding"},{"floor":7,"key":"Sundial"},{"floor":12,"key":"jedi:purplefairy"},{"floor":12,"key":"conspire:GiftBox"},{"floor":14,"key":"vexMod:CardConverter"},{"floor":14,"key":"trackpad:DisasterInABottle"}],"event_choices":[{"damage_healed":0,"gold_gain":0,"player_choice":"Simplicity","damage_taken":0,"max_hp_gain":0,"max_hp_loss":9,"event_name":"betterThird:BetterWriting","floor":0,"gold_loss":0},{"damage_healed":0,"gold_gain":0,"player_choice":"Upgraded","damage_taken":0,"max_hp_gain":0,"max_hp_loss":0,"event_name":"Upgrade Shrine","floor":0,"gold_loss":0,"cards_upgraded":["Bash"]},{"damage_healed":0,"gold_gain":0,"player_choice":"Touch","damage_taken":9,"relics_obtained":["Menagerie:ShiftingBlessing"],"max_hp_gain":0,"max_hp_loss":0,"event_name":"Menagerie:LunarGift","floor":2,"gold_loss":0},{"damage_healed":0,"gold_gain":0,"player_choice":"Leave","damage_taken":0,"max_hp_gain":0,"max_hp_loss":0,"event_name":"conspire:Investor","floor":4,"gold_loss":0},{"damage_healed":0,"gold_gain":0,"player_choice":"Shield","damage_taken":0,"max_hp_gain":5,"max_hp_loss":0,"event_name":"Menagerie:HarrowingRitual","floor":5,"gold_loss":0},{"damage_healed":0,"gold_gain":0,"player_choice":"Pacify","damage_taken":0,"relics_obtained":["Menagerie:Aurumvore"],"max_hp_gain":0,"max_hp_loss":0,"event_name":"Menagerie:ScentOfGold","floor":11,"gold_loss":0},{"damage_healed":0,"gold_gain":0,"player_choice":"Open","damage_taken":0,"relics_obtained":["ReplayTheSpireMod:Spearhead"],"max_hp_gain":0,"max_hp_loss":0,"event_name":"Elementarium:TarCoveredCasket","floor":19,"gold_loss":0,"cards_obtained":["Elementarium:StickyTar"]},{"damage_healed":0,"gold_gain":0,"player_choice":"Chest","damage_taken":0,"relics_obtained":["Elementarium:GolemsHeart"],"max_hp_gain":0,"max_hp_loss":0,"event_name":"Elementarium:AbandonedFactory","floor":20,"gold_loss":0,"cards_obtained":["Pain"]}],"is_beta":false,"boss_relics":[{"not_picked":["hubris:HollowSoul","hubris:GrandSneckoEye"],"picked":"trackpad:Coffee"}],"items_purged_floors":[],"is_endless":false,"potions_floor_spawned":[12,14,16,18],"ascension_level":8}}