{"host":"sav7uxregyirlf69","time":1608126474,"event":{"mods":["AchievementEnabler","BaseMod","Colored Map","DeckTracker","Keyboard Shortcuts","Minty Spire (QoL Compilation)","READ ME - Guardian Mod","StSLib","SuperFastMode"],"gold_per_floor":[12,30,40,40,40,40,75,75,75,89,89,13,13,32,32,137,137,154,154,154,154,1,27,27,43,43,58,158,158,188,202,202,301,301,317,167,221,53,53,53,73,91,91,104,139,139,139,169,169,169,169,169,25,60,60],"floor_reached":56,"playtime":1526,"items_purged":["Dropkick","Rampage+1"],"score":1341,"play_id":"8c334054-92a4-47c8-819b-fb229509161a","local_time":"20201216224754","is_ascension_mode":false,"campfire_choices":[{"data":"Rampage","floor":6,"key":"SMITH"},{"data":"Fire Breathing","floor":8,"key":"SMITH"},{"data":"Bash","floor":11,"key":"SMITH"},{"data":"Dark Embrace","floor":15,"key":"SMITH"},{"data":"Evolve","floor":24,"key":"SMITH"},{"data":"Reaper","floor":29,"key":"SMITH"},{"floor":32,"key":"RECALL"},{"floor":40,"key":"REST"},{"floor":47,"key":"REST"},{"floor":49,"key":"REST"},{"floor":52,"key":"REST"}],"circlet_count":0,"master_deck":["Defend_R","Defend_R+1","Second Wind+1","Fire Breathing+1","Evolve+1","Dark Embrace+1","Warcry+1","Rage+1","Clothesline+1","Reaper+1","True Grit+1","Corruption","Flame Barrier","Sentinel","Finesse","The Bomb","The Bomb","Power Through","Shrug It Off","Body Slam","Jack Of All Trades"],"relics":["Burning Blood","Ice Cream","Singing Bowl","Dead Branch","Astrolabe","Potion Belt","Red Skull","Matryoshka","War Paint","Fusion Hammer","Art of War","Pear","Pantograph","Whetstone","Thread and Needle","Bag of Marbles"],"acts_visited":["Exordium","TheCity","TheBeyond","TheEnding"],"potions_floor_usage":[16,30,30,30,33,33,33,45,55,55,55,55],"damage_taken":[{"damage":6,"enemies":"Cultist","floor":1,"turns":3},{"damage":11,"enemies":"Jaw Worm","floor":2,"turns":2},{"damage":2,"enemies":"Small Slimes","floor":3,"turns":3},{"damage":35,"enemies":"Lagavulin","floor":7,"turns":6},{"damage":10,"enemies":"Looter","floor":10,"turns":3},{"damage":23,"enemies":"2 Fungi Beasts","floor":14,"turns":4},{"damage":43,"enemies":"Hexaghost","floor":16,"turns":9},{"damage":0,"enemies":"Chosen","floor":18,"turns":4},{"damage":45,"enemies":"Book of Stabbing","floor":23,"turns":5},{"damage":6,"enemies":"3 Byrds","floor":25,"turns":3},{"damage":17,"enemies":"Snake Plant","floor":27,"turns":7},{"damage":22,"enemies":"Slavers","floor":30,"turns":3},{"damage":30,"enemies":"Centurion and Healer","floor":31,"turns":7},{"damage":59,"enemies":"Automaton","floor":33,"turns":13},{"damage":11,"enemies":"3 Shapes","floor":35,"turns":4},{"damage":3,"enemies":"3 Darklings","floor":41,"turns":4},{"damage":0,"enemies":"Sphere and 2 Shapes","floor":42,"turns":5},{"damage":12,"enemies":"Transient","floor":44,"turns":5},{"damage":82,"enemies":"Reptomancer","floor":45,"turns":6},{"damage":10,"enemies":"Nemesis","floor":48,"turns":5},{"damage":5,"enemies":"Donu and Deca","floor":50,"turns":7},{"damage":19,"enemies":"Shield and Spear","floor":54,"turns":4},{"damage":2,"enemies":"The Heart","floor":55,"turns":5}],"seed_played":"3619659670943092208","potions_obtained":[{"floor":7,"key":"FairyPotion"},{"floor":10,"key":"EntropicBrew"},{"floor":16,"key":"DistilledChaos"},{"floor":25,"key":"ElixirPotion"},{"floor":30,"key":"EntropicBrew"},{"floor":35,"key":"AttackPotion"},{"floor":44,"key":"LiquidBronze"},{"floor":45,"key":"Strength Potion"}],"is_trial":false,"path_per_floor":["M","M","M","$","?","R","E","R","T","M","R","$","?","M","R","B",null,"M","?","?","?","$","E","R","M","T","M","?","R","E","M","R","B",null,"M","$","T","$","?","R","M","M","T","M","E","?","R","E","R","B",null,"R","$","E","B",null],"character_chosen":"IRONCLAD","items_purchased":["Evolve","Potion Belt","Flame Barrier","Sentinel","Body Slam","Jack Of All Trades"],"campfire_rested":4,"item_purchase_floors":[12,22,36,38,53,53],"current_hp_per_floor":[80,75,79,79,72,72,43,43,43,41,41,41,41,24,24,13,84,86,69,69,69,69,30,30,39,39,36,36,36,67,55,55,7,97,94,94,94,94,84,99,99,101,111,112,68,68,102,103,115,115,115,115,115,112,117],"gold":60,"neow_bonus":"TRANSFORM_TWO_CARDS","is_daily":false,"chose_seed":false,"campfire_upgraded":6,"win_rate":0.0,"timestamp":1608126474,"path_taken":["M","?","M","$","?","R","E","R","T","M","R","?","?","M","R","BOSS","M","?","?","?","$","E","R","M","T","M","?","R","E","M","R","BOSS","M","$","?","?","?","R","M","?","T","M","E","?","R","E","R","BOSS","R","$","E","BOSS"],"items_purchased_type":["Card","Relic","Card","Card","Card","Card"],"build_version":"2020-12-13","purchased_purges":2,"victory":true,"max_hp_per_floor":[80,80,80,80,80,80,80,80,80,82,82,82,82,82,82,84,84,86,91,91,91,91,91,91,91,91,93,93,93,95,97,97,97,97,99,99,99,99,99,99,99,101,111,113,115,115,115,115,115,115,115,115,115,117,117],"card_choices":[{"not_picked":["Sword Boomerang","Anger","Wild Strike"],"picked":"SKIP","floor":1},{"not_picked":["Battle Trance","Entrench"],"picked":"Second Wind","floor":2},{"not_picked":["Carnage","Body Slam","Sever Soul"],"picked":"SKIP","floor":3},{"not_picked":["Ghostly Armor","Perfected Strike"],"picked":"Fire Breathing","floor":7},{"not_picked":["Havoc","Whirlwind","Rage"],"picked":"Singing Bowl","floor":10},{"not_picked":["Burning Pact","Flex"],"picked":"Dark Embrace","floor":14},{"not_picked":["Bludgeon","Fiend Fire","Immolate"],"picked":"Singing Bowl","floor":16},{"not_picked":["Shrug It Off","Infernal Blade+1","Evolve"],"picked":"Singing Bowl","floor":18},{"not_picked":["Clothesline","Warcry"],"picked":"Reaper","floor":23},{"not_picked":["Hemokinesis","Flame Barrier"],"picked":"True Grit+1","floor":25},{"not_picked":["Iron Wave","Sword Boomerang","Wild Strike"],"picked":"Singing Bowl","floor":27},{"not_picked":["Carnage+1","Pommel Strike+1","Rampage+1"],"picked":"Singing Bowl","floor":30},{"not_picked":["Perfected Strike","Reaper","Battle Trance"],"picked":"Singing Bowl","floor":31},{"not_picked":["Fiend Fire","Demon Form"],"picked":"Corruption","floor":33},{"not_picked":["Seeing Red","Body Slam","Havoc+1"],"picked":"Singing Bowl","floor":35},{"not_picked":["Transmutation","Chrysalis"],"picked":"Finesse","floor":39},{"not_picked":["Magnetism","Secret Weapon"],"picked":"The Bomb","floor":39},{"not_picked":["Discovery","Forethought"],"picked":"The Bomb","floor":39},{"not_picked":["Metallicize+1","Iron Wave+1"],"picked":"Power Through","floor":41},{"not_picked":["Clothesline","Metallicize+1","Headbutt+1"],"picked":"Singing Bowl","floor":42},{"not_picked":["Clash+1","Spot Weakness","Carnage+1"],"picked":"Singing Bowl","floor":44},{"not_picked":["Uppercut+1","Sever Soul+1","Clothesline"],"picked":"Singing Bowl","floor":45},{"not_picked":["Disarm+1","Pummel+1"],"picked":"Shrug It Off","floor":48},{"not_picked":["Hemokinesis","Whirlwind+1","Bloodletting+1"],"picked":"Singing Bowl","floor":54}],"player_experience":923027,"relics_obtained":[{"floor":7,"key":"Singing Bowl"},{"floor":9,"key":"Dead Branch"},{"floor":23,"key":"Red Skull"},{"floor":26,"key":"Matryoshka"},{"floor":30,"key":"War Paint"},{"floor":37,"key":"Art of War"},{"floor":43,"key":"Pear"},{"floor":43,"key":"Pantograph"},{"floor":45,"key":"Whetstone"},{"floor":48,"key":"Thread and Needle"},{"floor":54,"key":"Bag of Marbles"}],"event_choices":[{"damage_healed":0,"gold_gain":0,"player_choice":"Success","damage_taken":7,"relics_obtained":["Ice Cream"],"max_hp_gain":0,"max_hp_loss":0,"event_name":"Scrap Ooze","floor":5,"gold_loss":0},{"cards_removed":["Strike_R"],"damage_healed":0,"gold_gain":0,"player_choice":"Forget","damage_taken":0,"max_hp_gain":0,"max_hp_loss":0,"event_name":"Living Wall","floor":13,"gold_loss":0},{"damage_healed":0,"gold_gain":0,"player_choice":"Shed Blood","damage_taken":22,"max_hp_gain":5,"max_hp_loss":0,"event_name":"Forgotten Altar","floor":19,"gold_loss":0},{"damage_healed":0,"gold_gain":0,"player_choice":"Ignored","damage_taken":0,"max_hp_gain":0,"max_hp_loss":0,"event_name":"The Mausoleum","floor":20,"gold_loss":0},{"cards_removed":["Strike_R"],"damage_healed":0,"gold_gain":0,"player_choice":"Elegance","damage_taken":0,"max_hp_gain":0,"max_hp_loss":0,"event_name":"Back to Basics","floor":21,"gold_loss":0},{"damage_healed":0,"gold_gain":100,"player_choice":"Pray","damage_taken":0,"max_hp_gain":0,"max_hp_loss":0,"event_name":"Golden Shrine","floor":28,"gold_loss":0},{"damage_healed":0,"gold_gain":0,"player_choice":"Memory 3","damage_taken":10,"max_hp_gain":0,"max_hp_loss":0,"event_name":"SensoryStone","floor":39,"gold_loss":0},{"cards_removed":["Bash"],"damage_healed":0,"gold_gain":0,"player_choice":"Removed Attack","damage_taken":0,"max_hp_gain":0,"max_hp_loss":0,"event_name":"Falling","floor":46,"gold_loss":0}],"is_beta":false,"boss_relics":[{"not_picked":["Coffee Dripper","Black Blood"],"picked":"Astrolabe"},{"not_picked":["Busted Crown","Velvet Choker"],"picked":"Fusion Hammer"}],"items_purged_floors":[36,38],"is_endless":false,"potions_floor_spawned":[7,10,16,18,25,30,35,44,45,48],"ascension_level":0}}