{"host":"u4wwrwxco60h43l5","time":1608158933,"event":{"mods":["Always Whale","BaseMod","CapriCore","Koishi","Minty Spire (QoL Compilation)","Permanent Neow","StSLib","The Immortal","¡¼?Úª?ø«¡½REMEMod"],"gold_per_floor":[119,134,154,174,194,223,240,240,240],"floor_reached":8,"playtime":297,"items_purged":[],"score":62,"play_id":"ac9f19f8-6a4c-477c-ae38-a0891cde6809","local_time":"20201217074853","is_ascension_mode":false,"campfire_choices":[],"circlet_count":0,"master_deck":["Strike_P","Strike_P","Strike_P","Strike_P","Defend_P","Defend_P","Defend_P","Defend_P","Eruption","Vigilance","DeusExMachina","Pray","FollowUp","PathToVictory","Halt","CrushJoints","SashWhip","Sanctity"],"relics":["REME_ComplimentaryCards","SlaversCollar","Potion Belt"],"acts_visited":["Exordium"],"potions_floor_usage":[3,6,6,6,6],"damage_taken":[{"damage":7,"enemies":"Cultist","floor":1,"turns":3},{"damage":6,"enemies":"2 Louse","floor":2,"turns":3},{"damage":0,"enemies":"Small Slimes","floor":3,"turns":2},{"damage":5,"enemies":"Looter","floor":4,"turns":2},{"damage":3,"enemies":"Red Slaver","floor":5,"turns":5},{"damage":29,"enemies":"Lagavulin","floor":6,"turns":3},{"damage":6,"enemies":"Blue Slaver","floor":7,"turns":4},{"damage":13,"enemies":"Gremlin Nob","floor":8,"turns":4}],"seed_played":"1937144333044489811","potions_obtained":[{"floor":1,"key":"Dexterity Potion"},{"floor":2,"key":"Fire Potion"},{"floor":3,"key":"EntropicBrew"},{"floor":5,"key":"Regen Potion"}],"is_trial":false,"path_per_floor":["M","M","M","M","M","E","M","E"],"character_chosen":"WATCHER","items_purchased":[],"campfire_rested":0,"item_purchase_floors":[],"current_hp_per_floor":[65,59,59,54,51,27,21,8,8],"gold":240,"neow_bonus":"BOSS_RELIC","is_daily":false,"chose_seed":false,"campfire_upgraded":0,"win_rate":0.0,"timestamp":1608158933,"path_taken":["M","M","M","M","M","E","M","E"],"items_purchased_type":[],"build_version":"2020-12-13","purchased_purges":0,"victory":false,"max_hp_per_floor":[72,72,72,72,72,72,72,72,72],"card_choices":[{"not_picked":["EmptyBody","Crescendo"],"picked":"Pray","floor":1},{"not_picked":["ForeignInfluence","ClearTheMind"],"picked":"FollowUp","floor":2},{"not_picked":["EmptyFist","WheelKick"],"picked":"PathToVictory","floor":3},{"not_picked":["BowlingBash","Crescendo"],"picked":"Halt","floor":4},{"not_picked":["ClearTheMind","FollowUp"],"picked":"CrushJoints","floor":5},{"not_picked":["REME_WorshipGod","FlyingSleeves"],"picked":"SashWhip","floor":6},{"not_picked":["Evaluate","TalkToTheHand"],"picked":"Sanctity","floor":7}],"player_experience":115222,"relics_obtained":[{"floor":6,"key":"Potion Belt"}],"event_choices":[],"is_beta":false,"boss_relics":[],"items_purged_floors":[],"is_endless":false,"potions_floor_spawned":[1,2,3,5],"killed_by":"Gremlin Nob","ascension_level":0}}