{"host":"55yei7x27djrlaep","time":1608114141,"event":{"mods":["Act Like it!","BaseMod","BetterRewards","Colored Map","Conspire","Ekko","Friendly Minions","GifTheSpireLib","Marisa????????","Minty Spire (QoL Compilation)","Replay The Spire","StSLib","The Mystic"],"gold_per_floor":[15,25,25,25,44,84,84,84,108,108,108],"floor_reached":10,"playtime":288,"items_purged":[],"score":82,"play_id":"b91a9a1b-2a23-47ee-91d8-8315e6e2423a","local_time":"20201216132221","is_ascension_mode":true,"campfire_choices":[],"circlet_count":0,"master_deck":["Strike_G","Strike_G","Strike_G","Strike_G","Strike_G","Defend_G","Defend_G","Defend_G","Defend_G","Defend_G","Survivor","Neutralize","Tools of the Trade","Underhanded Strike","Underhanded Strike","Predator","Footwork","Eviscerate"],"relics":["Ring of the Snake","Golden Idol","ReplayTheSpireMod:Ninjato"],"acts_visited":["Exordium"],"potions_floor_usage":[10,10],"damage_taken":[{"damage":5.0,"enemies":"Cultist","floor":1.0,"turns":5.0},{"damage":7.0,"enemies":"Jaw Worm","floor":2.0,"turns":4.0},{"damage":1.0,"enemies":"2 Louse","floor":5.0,"turns":2.0},{"damage":27.0,"enemies":"Gremlin Nob","floor":6.0,"turns":4.0},{"damage":5.0,"enemies":"Gremlin Gang","floor":9.0,"turns":4.0},{"damage":10,"enemies":"3 Sentries","floor":10,"turns":1}],"seed_played":"-9083441410613402369","potions_obtained":[{"floor":2.0,"key":"Reflective Coating"},{"floor":6.0,"key":"SpeedPotion"}],"is_trial":false,"path_per_floor":["M","M","?","?","M","E","PTL","PTL","M","E"],"character_chosen":"THE_SILENT","items_purchased":[],"campfire_rested":0,"item_purchase_floors":[],"current_hp_per_floor":[65,58,41,41,40,13,13,13,8,0,0],"gold":108,"neow_bonus":"THREE_RARE_CARDS","is_daily":false,"chose_seed":false,"campfire_upgraded":0,"win_rate":0.0,"timestamp":1608114141,"path_taken":["M","M","?","?","?","E","PTL","PTL","M","E"],"items_purchased_type":[],"build_version":"2020-12-13","purchased_purges":0,"victory":false,"max_hp_per_floor":[70,70,70,70,70,70,70,70,70,70,70],"card_choices":[{"not_picked":["Night Terror","Venomology"],"picked":"Tools of the Trade","floor":0.0},{"not_picked":["Cloak And Dagger","Blade Dance"],"picked":"Underhanded Strike","floor":1.0},{"not_picked":["Accuracy","Infinite Blades"],"picked":"Underhanded Strike","floor":2.0},{"not_picked":["Catalyst","Predator","Blade Dance"],"picked":"SKIP","floor":5.0},{"not_picked":["Catalyst","Blade Dance"],"picked":"Predator","floor":5.0},{"not_picked":["Sucker Punch","Deadly Poison"],"picked":"Footwork","floor":6.0},{"not_picked":["Hidden Blade","Prepared"],"picked":"Eviscerate","floor":9.0}],"player_experience":351619,"relics_obtained":[{"floor":6.0,"key":"ReplayTheSpireMod:Ninjato"}],"event_choices":[{"damage_healed":0.0,"max_hp_gain":0.0,"max_hp_loss":0.0,"gold_gain":0.0,"event_name":"Golden Idol","player_choice":"Take Damage","floor":3.0,"gold_loss":0.0,"damage_taken":17.0,"relics_obtained":["Golden Idol"]},{"damage_healed":0.0,"max_hp_gain":0.0,"max_hp_loss":0.0,"gold_gain":0.0,"event_name":"conspire:LoneGhost","player_choice":"Disagree","floor":4.0,"gold_loss":0.0,"damage_taken":0.0}],"is_beta":false,"boss_relics":[],"items_purged_floors":[],"is_endless":false,"potions_floor_spawned":[2,6],"killed_by":"3 Sentries","ascension_level":4}}