{"host":"o5jvvi5yapo90aia","time":1608130002,"event":{"mods":["BaseMod","CapriCore","Minty Spire (QoL Compilation)","MostiFishMod","Prisma Mod","Spicy Shops","StSLib","TestMod","The Immortal","【东方二次创作】八云紫mod","【人物mod】游戏王New YuGiOh mod","【功能Mod】Neow奖励"],"gold_per_floor":[130,55,88,88,114,114,164,199,199,239,239,266,312,312,312,404,404,439,439,465,465,494,535,535,576,576,626,338,367,77,102,102,190,190,220,251,278,310,310,355,384,423,423,456,155,202,202,266,266,280,294,294,294,38,79,93],"floor_reached":57,"playtime":17947,"items_purged":["Strike_P","Strike_P","Decay","MostiFishMod:FrostNova"],"score":3965,"play_id":"d893b87c-8331-4558-9819-b7f6c14bd1dd","local_time":"20201216224642","is_ascension_mode":true,"campfire_choices":[{"data":"Defend_P","floor":6.0,"key":"PURGE"},{"data":"Defend_P","floor":11.0,"key":"PURGE"},{"data":"Defend_P","floor":15.0,"key":"PURGE"},{"data":"Strike_P","floor":32,"key":"PURGE"},{"data":"Strike_P","floor":47,"key":"PURGE"},{"floor":49,"key":"RECALL"},{"data":"Vigilance","floor":53,"key":"PURGE"}],"circlet_count":0,"master_deck":["AscendersBane","Eruption+1","After Image","PrismaMod:IllyaInstallRuler","MostiFishMod:WinterMarkForm","FearNoEvil","Blade Dance","MostiFishMod:Overload","Adaptation","MokouMod:FlickeringFlame"],"relics":["DaveBox","testmod-TestBox","xbg","BionicSphere","testmod-EnergyCheck","Question Card","PrismaticShard","testmod-ObsoleteBoomerang","Odd Mushroom","testmod-LifeArmor","Dead Branch","ImportantClient","FrostBlade","Dream Catcher","Bag of Marbles","Gremlin Horn","testmod-Charity","TeardropLocket","FeatherPendant","Akabeko","PreservedInsect","Art of War","SynthV","TungstenRod","Bronze Scales"],"acts_visited":["Exordium","TheCity","TheBeyond","TheEnding"],"potions_floor_usage":[45,45],"damage_taken":[{"damage":0.0,"enemies":"2 Louse","floor":1.0,"turns":2.0},{"damage":0.0,"enemies":"Jaw Worm","floor":3.0,"turns":2.0},{"damage":0.0,"enemies":"Cultist","floor":5.0,"turns":2.0},{"damage":0.0,"enemies":"Lagavulin","floor":7.0,"turns":5.0},{"damage":0.0,"enemies":"The Mushroom Lair","floor":8.0,"turns":2.0},{"damage":0.0,"enemies":"Gremlin Nob","floor":10.0,"turns":2.0},{"damage":0.0,"enemies":"Exordium Wildlife","floor":12.0,"turns":2.0},{"damage":0.0,"enemies":"3 Sentries","floor":13.0,"turns":4.0},{"damage":0.0,"enemies":"The Guardian","floor":16.0,"turns":5.0},{"damage":0.0,"enemies":"Spheric Guardian","floor":18.0,"turns":1.0},{"damage":0.0,"enemies":"Chosen","floor":20.0,"turns":2.0},{"damage":0.0,"enemies":"Centurion and Healer","floor":22.0,"turns":2.0},{"damage":0.0,"enemies":"Slavers","floor":23.0,"turns":2.0},{"damage":0.0,"enemies":"Book of Stabbing","floor":25.0,"turns":4.0},{"damage":0.0,"enemies":"Slavers","floor":27.0,"turns":2.0},{"damage":0.0,"enemies":"Shelled Parasite and Fungi","floor":29.0,"turns":1.0},{"damage":0,"enemies":"Snake Plant","floor":31,"turns":1},{"damage":0,"enemies":"Collector","floor":33,"turns":3},{"damage":0,"enemies":"Orb Walker","floor":35,"turns":1},{"damage":0,"enemies":"3 Darklings","floor":36,"turns":1},{"damage":0,"enemies":"Jaw Worm Horde","floor":37,"turns":1},{"damage":0,"enemies":"Spire Growth","floor":38,"turns":1},{"damage":0,"enemies":"Giant Head","floor":40,"turns":1},{"damage":0,"enemies":"Writhing Mass","floor":41,"turns":1},{"damage":0,"enemies":"Reptomancer","floor":42,"turns":1},{"damage":0,"enemies":"Sphere and 2 Shapes","floor":44,"turns":1},{"damage":0,"enemies":"Nemesis","floor":46,"turns":1},{"damage":0,"enemies":"2 Orb Walkers","floor":48,"turns":1},{"damage":0,"enemies":"Awakened One","floor":50,"turns":2},{"damage":0,"enemies":"Donu and Deca","floor":51,"turns":1},{"damage":0,"enemies":"Shield and Spear","floor":55,"turns":1},{"damage":0,"enemies":"The Heart","floor":56,"turns":4}],"seed_played":"3973178328784512719","potions_obtained":[{"floor":1.0,"key":"Swift Potion"},{"floor":8.0,"key":"CultistPotion"},{"floor":13.0,"key":"BottledMiracle"},{"floor":44,"key":"Ambrosia"}],"is_trial":false,"path_per_floor":["M","?","M","?","M","R","E","?","T","E","R","M","E","?","R","B",null,"M","?","M","?","M","E","?","E","T","E","$","M","$","M","R","B",null,"M","M","M","M","?","E","M","E","T","M","$","E","R","?","R","B","B",null,"R","$","E","B",null],"character_chosen":"WATCHER","items_purchased":["FearNoEvil","testmod-Charity","TeardropLocket","SynthV","testmod-SpacePotion","testmod-SpacePotion","BottledMiracle","LiquidMemories"],"campfire_rested":0,"item_purchase_floors":[28,28,30,45,45,45,54,54],"current_hp_per_floor":[65,65,68,68,68,68,68,68,68,68,68,68,68,73,73,73,73,73,73,73,73,73,73,52,56,56,60,60,66,66,72,72,78,83,86,88,90,92,92,94,96,98,98,100,100,102,102,104,104,105,106,106,106,106,108,109],"gold":93,"neow_bonus":"BOSS_RELIC","is_daily":false,"chose_seed":false,"campfire_upgraded":0,"win_rate":0.0,"timestamp":1608130002,"path_taken":["M","?","M","?","?","R","E","?","T","E","R","M","E","?","R","BOSS","M","?","M","?","M","E","?","E","T","E","$","M","?","M","R","BOSS","M","M","?","M","?","E","M","E","T","?","$","E","R","?","R","BOSS","BOSS","R","$","E","BOSS"],"items_purchased_type":["Card","Relic","Relic","Relic","Potion","Potion","Potion","Potion"],"build_version":"2020-12-13","purchased_purges":4,"victory":true,"max_hp_per_floor":[68,68,68,68,68,68,68,68,68,68,68,68,68,73,73,73,73,73,73,73,73,73,73,78,78,78,78,78,80,80,82,82,84,84,86,88,90,92,92,94,96,98,98,100,100,102,102,104,104,105,106,106,106,106,108,109],"card_choices":[{"not_picked":["Meditate","FollowUp","JustLucky"],"picked":"SKIP","floor":1.0},{"not_picked":["PrismaMod:MiyuUncommonAOEAttack","Fusion","PrismaMod:IllyaRubysPotion","MokouMod:ScorchingColumn"],"picked":"SKIP","floor":3.0},{"not_picked":["Halt","DragonMage","MokouMod:EternalBurstReactor","Aggregate"],"picked":"SKIP","floor":5.0},{"not_picked":["PrismaMod:IllyaGun","PrismaMod:IllyaFeed","Earth","CutThroughFate"],"picked":"SKIP","floor":7.0},{"not_picked":["MokouMod:ControlledCombustion","Weave","PrismaMod:IllyaCommonEvoke"],"picked":"After Image","floor":10.0},{"not_picked":["PrismaMod:IllyaSaphire","PrismaMod:MiyuCheapChannelVul","DemoTeacher","CrushJoints"],"picked":"SKIP","floor":12.0},{"not_picked":["EighthInstrument_OneDividesIntoTwo_purple","Capacitor","Rebound","PrismaMod:MiyuUncommonAttack"],"picked":"SKIP","floor":13.0},{"not_picked":["PrismaMod:MiyuDefenseAbsorbMinor","MostiFishMod:FlyOverUtopia","testmod-Arrangement"],"picked":"PrismaMod:IllyaInstallRuler","floor":16.0},{"not_picked":["MokouMod:EternalBurstReactor+1","Hologram","Indignation","Reprogram"],"picked":"SKIP","floor":18.0},{"not_picked":["MokouMod:BlazingComet","MokouMod:HeatFactory","PrismaMod:IllyaFeed","Blood for Blood"],"picked":"SKIP","floor":20.0},{"not_picked":["testmod-HeadAttack","Mirror_FourBoundary_purple","PrismaMod:MiyuMaid","Pommel Strike"],"picked":"SKIP","floor":22.0},{"not_picked":["StateDuplicate_purple","Mirror_FourBoundary_purple","testmod-AssimilatedRune","SideChaos"],"picked":"SKIP","floor":23.0},{"not_picked":["Dagger Spray+1","PrismaMod:MiyuCheapChannelVul","MeetDecomposer_purple","Student"],"picked":"SKIP","floor":25.0},{"not_picked":["MostiFishMod:ReprogramOld","FlurryOfBlows","PurpleNeedle_purple","Biased Cognition"],"picked":"SKIP","floor":27.0},{"not_picked":["PrismaMod:MiyuEvokeCheapAttack+1","DragonAnger","DemoHunter"],"picked":"Blade Dance","floor":29.0},{"not_picked":["PrismaMod:MiyuAttackChannelWeak","Cloak And Dagger","PrismaMod:IllyaGrailKun","Steam+1"],"picked":"SKIP","floor":31},{"not_picked":["Theboundaryofcreation_purpleEX","testmod-AdversityCounterattack","testmod-Reflect"],"picked":"MostiFishMod:Overload","floor":33},{"not_picked":["MokouMod:HeatFactory","PrismaMod:MiyuCheapEvoke","ChainBoob","Dodge and Roll+1"],"picked":"SKIP","floor":35},{"not_picked":["Beam Cell","Coolheaded","PrismaMod:IllyaPoisonTippedWeapons","Madness"],"picked":"SKIP","floor":36},{"not_picked":["Armaments","MokouMod:HeatTransfer","AdvanceAttack_purple","Flying Knee+1"],"picked":"SKIP","floor":37},{"not_picked":["MokouMod:AdaptivePyromancy","MokouMod:IgneousBlow","DemoBook+1","MokouMod:IndiscriminateIgnition+1"],"picked":"SKIP","floor":38},{"not_picked":["MostiFishMod:PoisonShield","Cloak And Dagger+1","PrismaMod:MiyuUncommonPlate","EmptyFist"],"picked":"SKIP","floor":40},{"not_picked":["PrismaMod:MiyuUncommonAttack","Searing Blow","Student","Chaos"],"picked":"SKIP","floor":41},{"not_picked":["DemoTeacher","WreathOfFlame+1","PrismaMod:IllyaCheapChannelAttack","Swivel+1"],"picked":"SKIP","floor":42},{"not_picked":["PrismaMod:IllyaPartialInstallAssassin","MokouMod:IndiscriminateIgnition","Bane","Dash"],"picked":"SKIP","floor":44},{"not_picked":["Gash","Flechettes","MokouMod:IndiscriminateIgnition"],"picked":"Adaptation","floor":46},{"not_picked":["Prepared+1","DownHell","DemoMage"],"picked":"MokouMod:FlickeringFlame","floor":48},{"not_picked":["Aggregate","StretchesForeverDream_purple","SideChaos","PathToVictory"],"picked":"SKIP","floor":55}],"player_experience":1282955,"relics_obtained":[{"floor":1.0,"key":"Question Card"},{"floor":1.0,"key":"PrismaticShard"},{"floor":7.0,"key":"testmod-ObsoleteBoomerang"},{"floor":8.0,"key":"Odd Mushroom"},{"floor":10.0,"key":"testmod-LifeArmor"},{"floor":13.0,"key":"Dead Branch"},{"floor":16.0,"key":"ImportantClient"},{"floor":25.0,"key":"Dream Catcher"},{"floor":26.0,"key":"Bag of Marbles"},{"floor":27.0,"key":"Gremlin Horn"},{"floor":40,"key":"Akabeko"},{"floor":42,"key":"PreservedInsect"},{"floor":43,"key":"Art of War"},{"floor":46,"key":"TungstenRod"},{"floor":55,"key":"Bronze Scales"}],"event_choices":[{"cards_removed":["Defend_P"],"damage_healed":0.0,"max_hp_gain":0.0,"max_hp_loss":0.0,"gold_gain":0.0,"event_name":"The Cleric","player_choice":"Card Removal","floor":2.0,"gold_loss":75.0,"damage_taken":0.0},{"damage_healed":0.0,"max_hp_gain":0.0,"max_hp_loss":0.0,"gold_gain":0.0,"event_name":"Upgrade Shrine","player_choice":"Upgraded","floor":4.0,"gold_loss":0.0,"damage_taken":0.0,"cards_upgraded":["Eruption"]},{"damage_healed":0.0,"max_hp_gain":0.0,"max_hp_loss":0.0,"gold_gain":0.0,"event_name":"Mushrooms","player_choice":"Fought Mushrooms","floor":8.0,"gold_loss":0.0,"damage_taken":0.0},{"damage_healed":0.0,"max_hp_gain":5.0,"max_hp_loss":0.0,"gold_gain":0.0,"event_name":"Big Fish","player_choice":"Donut","floor":14.0,"gold_loss":0.0,"damage_taken":0.0},{"damage_healed":0.0,"max_hp_gain":0.0,"max_hp_loss":0.0,"gold_gain":0.0,"event_name":"The Mausoleum","player_choice":"Ignored","floor":19.0,"gold_loss":0.0,"damage_taken":0.0},{"damage_healed":0.0,"max_hp_gain":0.0,"max_hp_loss":0.0,"gold_gain":0.0,"event_name":"Ghosts","player_choice":"Ignored","floor":21.0,"gold_loss":0.0,"damage_taken":0.0},{"damage_healed":0.0,"max_hp_gain":5.0,"max_hp_loss":0.0,"gold_gain":0.0,"event_name":"Forgotten Altar","player_choice":"Shed Blood","floor":24.0,"gold_loss":0.0,"damage_taken":26.0},{"damage_healed":0,"gold_gain":0,"player_choice":"Cursed","damage_taken":0,"max_hp_gain":0,"max_hp_loss":0,"event_name":"Wheel of Change","floor":39,"gold_loss":0,"cards_obtained":["Decay"]},{"damage_healed":0,"gold_gain":0,"player_choice":"Fight","damage_taken":0,"max_hp_gain":0,"max_hp_loss":0,"event_name":"Mysterious Sphere","floor":48,"gold_loss":0}],"is_beta":false,"boss_relics":[{"not_picked":["Runic Pyramid","testmod-BloodSacrificeSpiritualization"],"picked":"FrostBlade"},{"not_picked":["testmod-KeyOfTheVoid","Philosopher\u0027s Stone"],"picked":"FeatherPendant"}],"items_purged_floors":[28,30,45,54],"is_endless":false,"potions_floor_spawned":[1,8,10,13,22,27,29,33,36,40,42,44],"ascension_level":20}}