{"host":"pgm1p3lvdjflie30","time":1611768675,"event":{"mods":["100% Spire Juice","ATMod(阿瑾Mod)","AchievementEnabler","Act Like it!","Aspiration","Astrologer","Bard","BaseMod","Chen","Colored Map","Colored Powertips","Conspire","Dark Map","Decade(王小明)","Dota2Spire","Downfall","Energized Spire","Gensokyo","Gremlin Mod","Hallownest","HololiveMod","KinomotoSakuraMod(木之本?)","LagranYue(拉格朗·月)","Luminous","Mari Mod (Legacy)","Mari\u0027s V1 Patch","Minty Spire (QoL Compilation)","MostiFishMod","Nova Terra(?娃·泰拉)","Pale of the Ancients","Quarter Circle Forward PUNCH!","Reimu（博???）","Replay The Spire","Robot Space Explorer","SOS（斯巴?之子）","StSLib","TestMod","The Administrix","The Blackbeard","The Bug Knight","The Construct","The Cursed","The Dragon Tamer","The Gatherer","The Hierophant","The IronCluck","The Jungle","The Mystic","The Poker Player","The Runesmith","The Saiyan","The Senshi","The Servant 0.9.4","The Showman","TheHeartMod","TheWitcher","Waifu the Spire","Warlord Emblem","Yakumo Yukari mod","Yuri Mod","Yuyuko","【功能Mod】混沌之?修复?丁","【?物卡牌】REMEMod","?留之物","篝火指南"],"gold_per_floor":[119,119,138,138,138,138,235,235,254,254,254,254],"floor_reached":33,"language":"ZHS","playtime":826,"items_purged":[],"score":221,"play_id":"b16e1551-4693-4683-bfc6-47d0c8e67f8f","local_time":"20210128013115","is_ascension_mode":false,"campfire_choices":[{"floor":15,"key":"RECALL"},{"data":"RobotSpaceExplorer:Asteroid","floor":32,"key":"SMITH"}],"circlet_count":0,"master_deck":["RobotSpaceExplorer:Strike","RobotSpaceExplorer:Strike","RobotSpaceExplorer:Strike","RobotSpaceExplorer:Strike","RobotSpaceExplorer:Defend","RobotSpaceExplorer:Defend","RobotSpaceExplorer:Defend","RobotSpaceExplorer:Defend","RobotSpaceExplorer:Scan+1","RobotSpaceExplorer:MiniLasers+1","sneckomod:UnknownUncommonSkill","AT_FamilyPortrait","RobotSpaceExplorer:SlimeMissile","RobotSpaceExplorer:Pulsar","RobotSpaceExplorer:SurgingStrike","RobotSpaceExplorer:Comet","RobotSpaceExplorer:Asteroid+1","RobotSpaceExplorer:RigExplosive"],"relics":["RobotSpaceExplorer:RoboCore","AT_ATBox","DaveBox","testmod-TestBox","REME_ComplimentaryCards","LagranYue:RandomDrawCardRelic","testmod-TurbochargingSystem","testmod-TurbochargingSystem","Technique","SynthV:TestCard","Gensokyo:PortableGap","WarlordEmblem:BadgeBless"],"acts_visited":["Gensokyo:Gensokyo","TheCity"],"potions_floor_usage":[16,33,33,33],"damage_taken":[{"damage":7,"enemies":"Gensokyo:Gryphon","floor":1,"turns":3},{"damage":0,"enemies":"Gensokyo:Python","floor":3,"turns":3},{"damage":61,"enemies":"Gensokyo:Yukari","floor":16,"turns":10},{"damage":7,"enemies":"3 Byrds","floor":18,"turns":5},{"damage":59,"enemies":"Champ","floor":33,"turns":12}],"seed_played":"-6080564652346149069","potions_obtained":[{"floor":1,"key":"Fire Potion"},{"floor":16,"key":"SneckoOil"},{"floor":18,"key":"Flashbang"}],"is_trial":false,"path_per_floor":["M","?","M","?","?","R","B",null,"M","R","B"],"character_chosen":"RobotSpaceExplorer","items_purchased":[],"campfire_rested":0,"item_purchase_floors":[],"current_hp_per_floor":[68,75,75,75,65,65,4,65,58,58,0,0],"gold":254,"neow_bonus":"RANDOM_COMMON_RELIC","is_daily":false,"chose_seed":false,"campfire_upgraded":1,"win_rate":0.0,"timestamp":1611768675,"path_taken":["M","?","?","?","?","R","BOSS","M","R","BOSS"],"items_purchased_type":[],"build_version":"2020-12-22","purchased_purges":0,"victory":false,"max_hp_per_floor":[75,75,75,75,65,65,65,65,62,62,62,62],"card_choices":[{"not_picked":["RobotSpaceExplorer:Ammunition","RobotSpaceExplorer:MetalStrike"],"picked":"RobotSpaceExplorer:SlimeMissile","floor":1},{"not_picked":["RobotSpaceExplorer:SwiftStep","RobotSpaceExplorer:ImprovisedAttack","RobotSpaceExplorer:PowerGlove","RobotSpaceExplorer:GlueShot"],"picked":"RobotSpaceExplorer:Pulsar","floor":3},{"not_picked":["RobotSpaceExplorer:Counterblock","RobotSpaceExplorer:Calculate","RobotSpaceExplorer:MakeshiftVolley","RobotSpaceExplorer:Pulsar"],"picked":"RobotSpaceExplorer:SurgingStrike","floor":4},{"not_picked":["RobotSpaceExplorer:Reload","RobotSpaceExplorer:Ammunition","RobotSpaceExplorer:JunkDive","RobotSpaceExplorer:SlimeMissile"],"picked":"RobotSpaceExplorer:Comet","floor":4},{"not_picked":["RobotSpaceExplorer:Accelerator","RobotSpaceExplorer:ShockMissile","RobotSpaceExplorer:Autoloader","RobotSpaceExplorer:HighVoltage"],"picked":"RobotSpaceExplorer:Asteroid","floor":16},{"not_picked":["RobotSpaceExplorer:LaserBurst","RobotSpaceExplorer:FranticSearch","RobotSpaceExplorer:ScrapMissile","RobotSpaceExplorer:ShockKick"],"picked":"RobotSpaceExplorer:RigExplosive","floor":18}],"player_experience":308171,"relics_obtained":[{"floor":1,"key":"SynthV:TestCard"}],"event_choices":[],"is_beta":false,"boss_relics":[{"not_picked":["conspire:RunicOctahedron","energizedSpire:CursedPentagram"],"picked":"WarlordEmblem:BadgeBless"}],"items_purged_floors":[],"is_endless":false,"potions_floor_spawned":[1,16,18],"killed_by":"Champ","ascension_level":0}}