{"host":"fflyk188z5ncxlup","time":1611749986,"event":{"mods":["AchievementEnabler","BaseMod","Bestiary","Better Third Choice","Block Reminder","Colored Map","Colored Powertips","DeckTracker","Googly Eyes","Minty Spire (QoL Compilation)","StSLib","SuperFastMode"],"gold_per_floor":[12,27,27,47,58,58,58,87,87,87,87,87,101,120,133,147,147,147,248,248,263,263,3,19,19,19,54,54,67,87,110,110,110,110,110,127,144,144,159,184,184,280,280,280,385,385,397,411,288,288,304,304,334,334,368,450,450,450,450,461,87,97,97,97],"floor_reached":65,"language":"ENG","playtime":3835,"items_purged":["Regret"],"score":1513,"play_id":"9ed8a9b8-e025-4d71-b646-b345776e3be4","local_time":"20210127211946","is_ascension_mode":true,"campfire_choices":[{"data":"Noxious Fumes","floor":6.0,"key":"SMITH"},{"data":"Caltrops","floor":9.0,"key":"SMITH"},{"data":"Deadly Poison","floor":18.0,"key":"SMITH"},{"data":"Venomology","floor":26.0,"key":"SMITH"},{"floor":28.0,"key":"REST"},{"floor":33.0,"key":"REST"},{"floor":38,"key":"REST"},{"floor":41,"key":"REST"},{"floor":44,"key":"REST"},{"floor":54,"key":"REST"},{"floor":58,"key":"REST"},{"floor":63,"key":"REST"}],"circlet_count":0,"master_deck":["AscendersBane","Strike_G","Strike_G","Strike_G","Defend_G","Defend_G","Defend_G","Defend_G","Defend_G","Survivor","Neutralize+1","PiercingWail","Acrobatics","Noxious Fumes+1","Sucker Punch","Caltrops+1","Die Die Die","Deadly Poison+1","Venomology+1","Distraction","Die Die Die","Backflip+1","Distraction+1","Bane+1","Wraith Form v2","Malaise","Backflip+1","Terror","Clumsy","Noxious Fumes"],"relics":["Ring of the Snake","Incense Burner","Darkstone Periapt","StrikeDummy","Cursed Key","Paper Crane","Letter Opener","PreservedInsect","Tough Bandages","SacredBark","Busted Crown","Bird Faced Urn","Blue Candle","Bottled Lightning","Mango"],"acts_visited":["Exordium","TheCity","TheBeyond"],"potions_floor_usage":[36,36,40,42,42,42,45,45,45,51,53,55,55,55,55,60,62,62,62,64,64,64],"damage_taken":[{"damage":0.0,"enemies":"Cultist","floor":1.0,"turns":4.0},{"damage":0.0,"enemies":"Small Slimes","floor":2.0,"turns":5.0},{"damage":1.0,"enemies":"Jaw Worm","floor":4.0,"turns":5.0},{"damage":7.0,"enemies":"Red Slaver","floor":5.0,"turns":6.0},{"damage":7.0,"enemies":"3 Sentries","floor":8.0,"turns":8.0},{"damage":0.0,"enemies":"3 Louse","floor":13.0,"turns":3.0},{"damage":2.0,"enemies":"Exordium Wildlife","floor":14.0,"turns":3.0},{"damage":14.0,"enemies":"Exordium Thugs","floor":15.0,"turns":5.0},{"damage":5.0,"enemies":"Lots of Slimes","floor":16.0,"turns":4.0},{"damage":4.0,"enemies":"Hexaghost","floor":19.0,"turns":7.0},{"damage":4.0,"enemies":"Shell Parasite","floor":21.0,"turns":5.0},{"damage":9.0,"enemies":"2 Thieves","floor":24.0,"turns":4.0},{"damage":30.0,"enemies":"Book of Stabbing","floor":27.0,"turns":5.0},{"damage":7.0,"enemies":"Chosen and Byrds","floor":29.0,"turns":5.0},{"damage":13.0,"enemies":"Shelled Parasite and Fungi","floor":30.0,"turns":4.0},{"damage":23,"enemies":"Snake Plant","floor":36,"turns":4},{"damage":4,"enemies":"Snecko","floor":37,"turns":5},{"damage":0,"enemies":"Chosen and Byrds","floor":39,"turns":3},{"damage":8,"enemies":"Slavers","floor":40,"turns":3},{"damage":25,"enemies":"Champ","floor":42,"turns":9},{"damage":38,"enemies":"Champ","floor":45,"turns":14},{"damage":11,"enemies":"3 Shapes","floor":47,"turns":6},{"damage":37,"enemies":"3 Darklings","floor":48,"turns":5},{"damage":4,"enemies":"Writhing Mass","floor":51,"turns":7},{"damage":4,"enemies":"Giant Head","floor":53,"turns":8},{"damage":18,"enemies":"Reptomancer","floor":55,"turns":4},{"damage":11,"enemies":"Maw","floor":60,"turns":9},{"damage":20,"enemies":"Spire Growth","floor":62,"turns":6},{"damage":14,"enemies":"Donu and Deca","floor":64,"turns":9}],"seed_played":"-3488979538387907520","potions_obtained":[{"floor":13.0,"key":"LiquidBronze"},{"floor":14.0,"key":"SteroidPotion"},{"floor":15.0,"key":"DistilledChaos"},{"floor":16.0,"key":"Energy Potion"},{"floor":21.0,"key":"LiquidBronze"},{"floor":24.0,"key":"Strength Potion"},{"floor":29.0,"key":"Swift Potion"},{"floor":30.0,"key":"ColorlessPotion"},{"floor":37,"key":"Ancient Potion"},{"floor":42,"key":"SteroidPotion"},{"floor":45,"key":"Weak Potion"},{"floor":48,"key":"Explosive Potion"},{"floor":62,"key":"LiquidMemories"}],"is_trial":false,"path_per_floor":["M","M","?","M","M","R","?","E","R","T","?","?","M","M","M","M","$","R","B",null,"M","?","$","M","$","R","E","R","M","M","T","T","R","?","?","M","M","R","M","E","R","B",null,"R","B",null,"M","M","$","?","M","?","E","R","E","T","T","R","?","M","$","M","R","B",null],"character_chosen":"THE_SILENT","items_purchased":["Paper Crane","Poison Potion","Noxious Fumes","Mango"],"campfire_rested":8,"item_purchase_floors":[23,49,61,61],"current_hp_per_floor":[63,63,63,62,55,55,55,48,48,48,70,70,70,68,54,49,49,49,45,64,60,60,60,51,51,51,21,42,35,22,28,28,50,50,50,27,23,45,45,37,59,34,34,56,18,62,51,14,14,14,10,10,6,28,14,20,20,44,44,37,51,39,67,63],"gold":97,"neow_bonus":"ONE_RARE_RELIC","is_daily":false,"chose_seed":false,"campfire_upgraded":4,"win_rate":0.0,"timestamp":1611749986,"path_taken":["M","M","?","M","M","R","?","E","R","T","?","?","?","M","?","M","$","R","BOSS","M","?","$","?","?","R","E","R","M","M","T","T","R","?","?","M","?","R","M","E","R","BOSS","R","BOSS","M","M","$","?","?","?","E","R","E","T","T","R","?","M","?","M","R","BOSS"],"items_purchased_type":["Relic","Potion","Card","Relic"],"build_version":"2020-12-22","purchased_purges":1,"victory":true,"max_hp_per_floor":[70,70,70,70,70,70,70,70,70,70,70,70,70,70,70,70,70,70,70,70,70,70,70,70,70,70,70,70,70,70,76,76,76,76,76,76,76,76,76,76,76,76,76,76,76,76,76,76,76,76,76,76,76,76,76,82,82,82,82,82,96,96,96,96],"card_choices":[{"not_picked":["Outmaneuver","Cloak And Dagger"],"picked":"PiercingWail","floor":1.0},{"not_picked":["Quick Slash","Deflect"],"picked":"Acrobatics","floor":2.0},{"not_picked":["Concentrate","Outmaneuver"],"picked":"Noxious Fumes","floor":4.0},{"not_picked":["Cloak And Dagger","Acrobatics"],"picked":"Sucker Punch","floor":5.0},{"not_picked":["Quick Slash","Dodge and Roll"],"picked":"Caltrops","floor":8.0},{"not_picked":["Venomology","Dodge and Roll"],"picked":"Deadly Poison","floor":13.0},{"not_picked":["Setup","Sucker Punch","Expertise"],"picked":"SKIP","floor":14.0},{"not_picked":["Setup","Dodge and Roll","Skewer"],"picked":"SKIP","floor":15.0},{"not_picked":["Acrobatics","Deadly Poison","Bane"],"picked":"SKIP","floor":16.0},{"not_picked":["Storm of Steel","Glass Knife"],"picked":"Venomology","floor":19.0},{"not_picked":["Caltrops","Quick Slash"],"picked":"Distraction","floor":21.0},{"not_picked":["Predator+1","Calculated Gamble+1","Reflex"],"picked":"SKIP","floor":24.0},{"not_picked":["Expertise","Acrobatics"],"picked":"Backflip+1","floor":27.0},{"not_picked":["Bane+1","Poisoned Stab"],"picked":"Distraction+1","floor":29.0},{"not_picked":["Bane","Blade Dance","Dagger Spray"],"picked":"SKIP","floor":30.0},{"not_picked":["Well Laid Plans","Sucker Punch","Endless Agony"],"picked":"SKIP","floor":36},{"not_picked":["Skewer","Concentrate"],"picked":"Bane+1","floor":37},{"not_picked":["Poisoned Stab+1","Dagger Spray","Acrobatics"],"picked":"SKIP","floor":39},{"not_picked":["Masterful Stab","Dagger Throw","Backstab"],"picked":"SKIP","floor":40},{"not_picked":["Doppelganger","Bullet Time"],"picked":"Wraith Form v2","floor":42},{"not_picked":["Venomology","Phantasmal Killer"],"picked":"Malaise","floor":45},{"not_picked":["Endless Agony+1"],"picked":"SKIP","floor":47},{"not_picked":[],"picked":"Backflip+1","floor":48},{"not_picked":["Dagger Throw+1"],"picked":"SKIP","floor":51},{"not_picked":["Tools of the Trade"],"picked":"SKIP","floor":53},{"not_picked":["Prepared"],"picked":"SKIP","floor":55},{"not_picked":["Prepared"],"picked":"SKIP","floor":60},{"not_picked":["Prepared"],"picked":"SKIP","floor":62}],"player_experience":390464,"relics_obtained":[{"floor":8.0,"key":"Darkstone Periapt"},{"floor":10.0,"key":"StrikeDummy"},{"floor":27.0,"key":"Letter Opener"},{"floor":31.0,"key":"PreservedInsect"},{"floor":40,"key":"Tough Bandages"},{"floor":53,"key":"Bird Faced Urn"},{"floor":55,"key":"Blue Candle"},{"floor":56,"key":"Bottled Lightning"}],"event_choices":[{"damage_healed":0.0,"max_hp_gain":0.0,"max_hp_loss":0.0,"gold_gain":0.0,"event_name":"Living Wall","player_choice":"Grow","floor":3.0,"gold_loss":0.0,"damage_taken":0.0,"cards_upgraded":["Neutralize"]},{"damage_healed":0.0,"max_hp_gain":0.0,"max_hp_loss":0.0,"gold_gain":0.0,"event_name":"betterThird:BetterSerpent","player_choice":"Ignored","floor":7.0,"gold_loss":0.0,"damage_taken":58.0},{"damage_healed":23.0,"max_hp_gain":0.0,"max_hp_loss":0.0,"gold_gain":0.0,"event_name":"Big Fish","player_choice":"Banana","floor":11.0,"gold_loss":0.0,"damage_taken":0.0},{"damage_healed":0.0,"max_hp_gain":0.0,"max_hp_loss":0.0,"gold_gain":0.0,"cards_transformed":["Strike_G"],"event_name":"Transmorgrifier","player_choice":"Transformed","floor":12.0,"gold_loss":0.0,"damage_taken":0.0,"cards_obtained":["Die Die Die"]},{"damage_healed":0.0,"max_hp_gain":0.0,"max_hp_loss":0.0,"gold_gain":0.0,"cards_transformed":["Strike_G"],"event_name":"Transmorgrifier","player_choice":"Transformed","floor":22.0,"gold_loss":0.0,"damage_taken":0.0,"cards_obtained":["Die Die Die"]},{"damage_healed":0,"gold_gain":0,"player_choice":"Ignored","damage_taken":0,"max_hp_gain":0,"max_hp_loss":0,"event_name":"Ghosts","floor":35,"gold_loss":0},{"damage_healed":0,"gold_gain":0,"player_choice":"1 cards matched","damage_taken":0,"max_hp_gain":0,"max_hp_loss":0,"event_name":"Match and Keep!","floor":50,"gold_loss":0,"cards_obtained":["Terror"]},{"damage_healed":0,"gold_gain":0,"player_choice":"Memory 1","damage_taken":0,"max_hp_gain":0,"max_hp_loss":0,"event_name":"SensoryStone","floor":52,"gold_loss":0},{"damage_healed":0,"gold_gain":0,"player_choice":"Ignored","damage_taken":0,"max_hp_gain":0,"max_hp_loss":0,"event_name":"Mysterious Sphere","floor":59,"gold_loss":0}],"is_beta":false,"boss_relics":[{"not_picked":["Runic Dome","Astrolabe"],"picked":"Cursed Key"},{"not_picked":["Tiny House","Coffee Dripper"],"picked":"SacredBark"},{"not_picked":["Black Star","SlaversCollar"],"picked":"Busted Crown"}],"items_purged_floors":[49],"is_endless":false,"potions_floor_spawned":[13,14,15,16,21,24,29,30,37,42,45,48,53,62],"ascension_level":10}}