{"host":"njo8qgvy2a57fcny","time":1611728303,"event":{"mods":["Aspiration","BaseMod","BetterRewards","CCEM2","Colored Map","Colored Powertips","Conspire","Custom Start","Downfall","Energized Spire","GifTheSpireLib","Halation","Hermit","Hubris","Infinite Spire","Jedi Mod","Jorbs\u0027s Wanderer Trilogy","Mimic Mod","Minty Spire (QoL Compilation)","Quick Restart","Random Character Button","Random Character Mod","Rare Cards Sparkle","Relic Sorter","Replay The Spire","Shop Mod","StSLib","Stuff the Spire","The Animator","The Jungle","The Runesmith","The Servant 0.9.4","Unceasing Turn Reminder","thorton"],"gold_per_floor":[99,115,127,138,138,168,168,178,178,213,224,240,240,240,250,351,351,351,419,436,505,517,530,530,530,530,530],"floor_reached":25,"language":"ENG","playtime":1785,"items_purged":[],"score":378,"play_id":"65f501a8-087b-4fac-ba28-23b9602e7ec0","local_time":"20210127171823","is_ascension_mode":true,"campfire_choices":[{"data":"Slimebound:DuplicatedForm","floor":1,"key":"SMITH"},{"data":"Slimebound:DouseInSlime","floor":9,"key":"SMITH"},{"floor":13,"key":"REST"},{"data":"Slimebound:MassFeed","floor":18,"key":"SMITH"}],"circlet_count":0,"master_deck":["Slimebound:Strike_Slimebound","Slimebound:Strike_Slimebound","Slimebound:Tackle","Slimebound:Defend_Slimebound","Slimebound:Defend_Slimebound","Slimebound:Defend_Slimebound","Slimebound:Split","Slimebound:CorrosiveSpit","Slimebound:DouseInSlime+1","Slimebound:DuplicatedForm+1","Slimebound:ItLooksTasty","Slimebound:Replication","Slimebound:LeechingTouch","Slimebound:LeechingTouch","Slimebound:GoopSpray","Slimebound:MegaLick","Slimebound:RollThrough+1","Slimebound:SamplingLick","Slimebound:Recollect","Slimebound:MassFeed+1","Slimebound:Gluttony","Slimebound:GoopSpray","Slimebound:LivingWall","Slimebound:Schlurp","Slimebound:PrepareCrush"],"relics":["Slimebound:AbsorbEndCombat","StuffTheSpire:RubySignet","StuffTheSpire:Tea","hubris:MobiusCoin","Painkiller Herb","Du-Vu Doll"],"acts_visited":["Exordium","TheCity"],"potions_floor_usage":[4,10,16,16,16,16,16,21,22,25],"damage_taken":[{"damage":21,"enemies":"Cultist","floor":2,"turns":3},{"damage":27,"enemies":"Jaw Worm","floor":3,"turns":4},{"damage":20,"enemies":"2 Louse","floor":4,"turns":4},{"damage":15,"enemies":"Lagavulin","floor":6,"turns":4},{"damage":13,"enemies":"2 Fungi Beasts","floor":8,"turns":4},{"damage":15,"enemies":"Gremlin Nob","floor":10,"turns":4},{"damage":34,"enemies":"Exordium Wildlife","floor":11,"turns":5},{"damage":19,"enemies":"Exordium Thugs","floor":12,"turns":5},{"damage":7,"enemies":"Large Slime","floor":15,"turns":5},{"damage":21,"enemies":"DF_ARCHETYPE_STREAMLINE","floor":16,"turns":5},{"damage":39,"enemies":"3 Byrds","floor":19,"turns":6},{"damage":47,"enemies":"Snake Plant","floor":20,"turns":5},{"damage":19,"enemies":"Shelled Parasite and Fungi","floor":21,"turns":3},{"damage":38,"enemies":"Centurion and Healer","floor":22,"turns":8},{"damage":26,"enemies":"Snake Plant","floor":23,"turns":4},{"damage":34,"enemies":"Sentry and Sphere","floor":25,"turns":5}],"seed_played":"4752570669713856321","potions_obtained":[{"floor":3,"key":"LifebloodPotion"},{"floor":8,"key":"Slimebound:SlimedPotion"},{"floor":10,"key":"Venom Potion"},{"floor":12,"key":"jedi:wingpotion"},{"floor":15,"key":"EntropicBrew"},{"floor":20,"key":"BlessingOfTheForge"},{"floor":21,"key":"PowerPotion"},{"floor":23,"key":"Energy Potion"}],"is_trial":false,"path_per_floor":["R","M","M","M","?","E","T","M","R","E","M","M","R","?","M","B",null,"T","?","?","?","?","?","T","?"],"character_chosen":"SLIMEBOUND","items_purchased":[],"campfire_rested":1,"item_purchase_floors":[],"current_hp_per_floor":[47,45,37,36,36,40,40,37,37,45,34,23,42,42,43,45,65,65,49,25,35,39,21,21,0,0,0],"gold":530,"neow_bonus":"TRANSFORM_TWO_CARDS","is_daily":false,"chose_seed":false,"campfire_upgraded":3,"win_rate":0.0,"timestamp":1611728303,"path_taken":["R","M","M","M","?","E","T","M","R","E","M","M","R","?","M","BOSS","T","?","?","?","?","?","T","?"],"items_purchased_type":[],"build_version":"2020-12-22","purchased_purges":0,"victory":false,"max_hp_per_floor":[65,65,65,65,65,65,65,65,65,65,65,65,65,65,65,65,65,65,69,69,77,81,85,85,85,85,85],"card_choices":[{"not_picked":["Slimebound:GoopTackle","Slimebound:ForwardTackle"],"picked":"Slimebound:ItLooksTasty","floor":2},{"not_picked":["Slimebound:SlimeBrawl","Slimebound:LivingWall"],"picked":"Slimebound:Replication","floor":3},{"not_picked":["Slimebound:ItLooksTasty","Slimebound:SpikyOuterGoop"],"picked":"Slimebound:LeechingTouch","floor":4},{"not_picked":["Slimebound:PressTheAttack","Slimebound:SplitBruiser"],"picked":"Slimebound:LeechingTouch","floor":6},{"not_picked":["Slimebound:LeechEnergy","Slimebound:Chomp"],"picked":"Slimebound:GoopSpray","floor":8},{"not_picked":["Slimebound:DouseInSlime","Slimebound:SplitAcid"],"picked":"Slimebound:MegaLick","floor":10},{"not_picked":["Slimebound:SamplingLick","Slimebound:FinishingTackle"],"picked":"Slimebound:RollThrough","floor":11},{"not_picked":["Slimebound:ProtectTheBoss","Slimebound:Dissolve"],"picked":"Slimebound:SamplingLick","floor":12},{"not_picked":["Slimebound:ItLooksTasty","Slimebound:LeechEnergy"],"picked":"Slimebound:Recollect","floor":15},{"not_picked":["Slimebound:Overexert","Slimebound:MassRepurpose"],"picked":"Slimebound:MassFeed","floor":16},{"not_picked":["Slimebound:LeechingTouch","Slimebound:SplitAcid+1"],"picked":"Slimebound:Gluttony","floor":19},{"not_picked":["Slimebound:ComboTackle","Slimebound:SplitBruiser+1"],"picked":"Slimebound:GoopSpray","floor":20},{"not_picked":["Slimebound:SlimeSpikes","Slimebound:AcidTongue"],"picked":"Slimebound:LivingWall","floor":21},{"not_picked":["Slimebound:SplitSpecialist","Slimebound:ComboTackle"],"picked":"Slimebound:Schlurp","floor":22},{"not_picked":["Slimebound:HungryTackle","Slimebound:Dissolve"],"picked":"Slimebound:PrepareCrush","floor":23}],"player_experience":725375,"relics_obtained":[{"floor":6,"key":"StuffTheSpire:RubySignet"},{"floor":7,"key":"StuffTheSpire:Tea"},{"floor":10,"key":"hubris:MobiusCoin"},{"floor":24,"key":"Du-Vu Doll"}],"event_choices":[],"is_beta":false,"boss_relics":[{"not_picked":["conspire:SeveredTorchhead","Snecko Eye"],"picked":"Painkiller Herb"}],"items_purged_floors":[],"is_endless":false,"potions_floor_spawned":[3,8,10,12,15,20,21,23],"killed_by":"Sentry and Sphere","ascension_level":4}}