{"host":"d4nr47a59rmbesnz","time":1611775853,"event":{"mods":["A Magickal Journey","BaseMod","Better Third Choice","Hermit","Minty Spire (QoL Compilation)","Quick Restart","Replay The Spire","Shade Mod","StSLib","The Bladedancer","The Cursed","The Death Knight","The Disciple","The Forsaken","The Hierophant","The Necromancer","The Spell Scribe","The Valiant"],"gold_per_floor":[111,125,144,144,155,155,186,204,273,293,306,341,351,370,370,471,471,483,31,50,70,80,80,97,97,97,125,46,46,46],"floor_reached":29,"language":"ENG","playtime":1105,"items_purged":[],"score":288,"play_id":"54f06eda-8619-4a68-95ee-2163e4859b34","local_time":"20210127223053","is_ascension_mode":false,"campfire_choices":[{"data":"Summon_Lich","floor":6,"key":"SMITH"},{"floor":15,"key":"REST"},{"data":"Summon_Undead","floor":23,"key":"SMITH"},{"data":"Bones_to_Steel","floor":25,"key":"SMITH"}],"circlet_count":0,"master_deck":["Strike_W","Strike_W","Strike_W","Strike_W","Defend_W+1","Defend_W","Defend_W","Defend_W+1","Negative_Energy_Arrows+1","Bone_Wall","Necrotic_Claws","Bone_Bullets","Bone_Armory+1","Summon_Lich+1","Summon_Undead+1","Bone_Bullets","Slay_Living","Bones_to_Steel+1","Bone_Armor","Spectral_Armor","Grasp_Heart+1","Bone_Spikes","Summon_Lich+1","Summon_Undead+1","Summon_Undead+1","Bone_Shift+1","Acid_Javelin+1","Necrotic_Claws+1","Toxic_Smoke_Screen","Life_Tap+1","theForsaken:PlagueCurse","Scare+1"],"relics":["Vampire_Amulet","Bottled Flame","Golden Egg","Thread and Needle","Cursed Key","Lee\u0027s Waffle","Gremlin Food","Simple Rune","Quantum Egg"],"acts_visited":["Exordium","TheCity"],"potions_floor_usage":[12,13,16,20,29],"damage_taken":[{"damage":2,"enemies":"Small Slimes","floor":1,"turns":5},{"damage":0,"enemies":"Cultist","floor":2,"turns":3},{"damage":2,"enemies":"Jaw Worm","floor":3,"turns":3},{"damage":14,"enemies":"Gremlin Gang","floor":5,"turns":6},{"damage":30,"enemies":"3 Sentries","floor":7,"turns":5},{"damage":6,"enemies":"Large Slime","floor":8,"turns":5},{"damage":9,"enemies":"Looter","floor":10,"turns":3},{"damage":7,"enemies":"3 Louse","floor":11,"turns":2},{"damage":24,"enemies":"Lagavulin","floor":12,"turns":6},{"damage":9,"enemies":"Lots of Slimes","floor":13,"turns":2},{"damage":12,"enemies":"Blue Slaver","floor":14,"turns":5},{"damage":6,"enemies":"Hexaghost","floor":16,"turns":10},{"damage":8,"enemies":"Spheric Guardian","floor":18,"turns":5},{"damage":19,"enemies":"3 Byrds","floor":20,"turns":4},{"damage":14,"enemies":"Snake Plant","floor":21,"turns":2},{"damage":6,"enemies":"Chosen and Byrds","floor":22,"turns":4},{"damage":5,"enemies":"Sentry and Sphere","floor":24,"turns":4},{"damage":40,"enemies":"Book of Stabbing","floor":27,"turns":4},{"damage":36,"enemies":"Slavers","floor":29,"turns":3}],"seed_played":"3461824886090568178","potions_obtained":[{"floor":1,"key":"Elixir"},{"floor":8,"key":"Explosive Potion"},{"floor":10,"key":"EssenceOfSteel"},{"floor":14,"key":"DuplicationPotion"},{"floor":16,"key":"DistilledChaos"},{"floor":24,"key":"Energy Potion"},{"floor":27,"key":"Strength Potion"}],"is_trial":false,"path_per_floor":["M","M","M","?","M","R","E","M","T","M","M","E","M","M","R","B",null,"M","$","M","M","M","R","M","R","T","E","?","E"],"character_chosen":"NECROMANCER","items_purchased":["Lee\u0027s Waffle","Summon_Lich","Summon_Undead","Bone_Shift","Acid_Javelin","Adrenaline Potion"],"campfire_rested":1,"item_purchase_floors":[19,19,19,19,19,19],"current_hp_per_floor":[75,75,75,75,69,69,45,43,43,36,35,13,14,4,26,22,75,69,82,69,57,55,55,63,63,63,25,25,0,0],"gold":46,"neow_bonus":"UPGRADE_CARD","is_daily":false,"chose_seed":false,"campfire_upgraded":3,"win_rate":0.0,"timestamp":1611775853,"path_taken":["M","M","M","?","M","R","E","M","T","M","?","E","M","M","R","BOSS","M","$","M","M","M","R","?","R","T","E","?","E"],"items_purchased_type":["Relic","Card","Card","Card","Card","Potion"],"build_version":"2020-12-22","purchased_purges":0,"victory":false,"max_hp_per_floor":[75,75,75,75,75,75,75,75,75,75,75,75,75,75,75,75,75,75,82,82,82,82,82,82,82,82,82,82,82,82],"card_choices":[{"not_picked":["Bone_Armory","Bone_Spikes"],"picked":"Necrotic_Claws","floor":1},{"not_picked":["Finger_Of_Death","Death_March_Dance"],"picked":"Bone_Bullets","floor":2},{"not_picked":["Negative_Energy_Javelin","Negative_Energy_Mist"],"picked":"Bone_Armory","floor":3},{"not_picked":["Death_March_Dance","Consume_Illness"],"picked":"Summon_Lich","floor":5},{"not_picked":["Vampiric_Strike","Negative_Energy_Shield"],"picked":"Summon_Undead","floor":7},{"not_picked":["Blood_Whip","Finger_Of_Death"],"picked":"Bone_Bullets","floor":8},{"not_picked":["Negative_Energy_Bomb","Flesh_Made_Foul"],"picked":"Slay_Living","floor":10},{"not_picked":["Whirlwind_of_Bones","Negative_Energy_Shield","Corrupt"],"picked":"SKIP","floor":11},{"not_picked":["Bone_Shift","Negative_Energy_Shield"],"picked":"Bones_to_Steel","floor":12},{"not_picked":["Corrupt","Bone_Shift"],"picked":"Bone_Armor","floor":13},{"not_picked":["Shackles_Of_Pain","Negative_Energy_Sphere"],"picked":"Spectral_Armor","floor":14},{"not_picked":["Blood_Wake","Blood_Magic"],"picked":"Grasp_Heart","floor":16},{"not_picked":["Chill_Blood","Consume_Illness+1"],"picked":"Bone_Spikes","floor":18},{"not_picked":["Negative_Energy_Shield+1","Scare+1"],"picked":"Necrotic_Claws+1","floor":20},{"not_picked":["Blood_for_Blood","Negative_Energy_Javelin+1","Blood_Curse"],"picked":"SKIP","floor":21},{"not_picked":["Blood_Is_Power","Bone_Spikes"],"picked":"Toxic_Smoke_Screen","floor":22},{"not_picked":["Toxic_Smoke_Screen+1","Negative_Energy_Sphere"],"picked":"Life_Tap+1","floor":24},{"not_picked":["Violent_Necrosis","Negative_Energy_Bomb"],"picked":"Scare+1","floor":27}],"player_experience":68728,"relics_obtained":[{"floor":7,"key":"Bottled Flame"},{"floor":9,"key":"Golden Egg"},{"floor":12,"key":"Thread and Needle"},{"floor":26,"key":"Gremlin Food"},{"floor":27,"key":"Simple Rune"}],"event_choices":[{"damage_healed":0,"gold_gain":0,"player_choice":"Forge","damage_taken":0,"max_hp_gain":0,"max_hp_loss":0,"event_name":"Accursed Blacksmith","floor":4,"gold_loss":0,"cards_upgraded":["Bone_Armory"]},{"damage_healed":0,"gold_gain":0,"player_choice":"Paid Gold","damage_taken":0,"relics_obtained":["Quantum Egg"],"max_hp_gain":0,"max_hp_loss":0,"event_name":"WeMeetAgain","floor":28,"gold_loss":79}],"is_beta":false,"boss_relics":[{"not_picked":["Honey Jar","Kintsugi"],"picked":"Cursed Key"}],"items_purged_floors":[],"is_endless":false,"potions_floor_spawned":[1,8,10,14,16,24,27],"killed_by":"Slavers","ascension_level":0}}