{"host":"KYO","time":1611745595,"event":{"mods":["ATMod(°¢èªMod)","BaseMod","Minty Spire (QoL Compilation)","Permanent Neow","Replay The Spire","Shop Mod","StSLib","SuperFastMode","TestMod","[IsaacMod]ÒÔÈö¼âËþ","¡¾ÒÅÎï¿¨ÅÆ¡¿REMEMod"],"gold_per_floor":[115,194,194,194,194,249,262,336,362,384,416,425,434,434,434,506,506,479,495,495,495],"floor_reached":20,"language":"ZHS","playtime":649,"items_purged":[],"score":414,"play_id":"1cf77dd6-f854-4a82-a25e-74a1c63db0fe","local_time":"20210127190635","is_ascension_mode":true,"campfire_choices":[],"circlet_count":0,"master_deck":["AscendersBane","Strike_B+1","Strike_B+1","Strike_B+1","Strike_B+1","Defend_B","Defend_B","Defend_B","Defend_B","Zap","Dualcast","AT_FamilyPortrait+1","Storm+1","Heatsinks","BasicCrystalCard","Defend_B","AT_RightCognition","Echo Form","Coolheaded"],"relics":["Cracked Core","HushsDoor","AT_ATBox","REME_ComplimentaryCards","testmod-TestBox","BookOfRevelations","testmod-Charity","NeowsBlessing","Replay:Bottled Eggs","Boot","Potion Belt","Replay:Wax Seal","testmod-Prudence","GuppysTail"],"acts_visited":["Exordium","TheCity"],"potions_floor_usage":[6,16,18,19,20],"damage_taken":[{"damage":0.0,"enemies":"Jaw Worm","floor":1.0,"turns":1.0},{"damage":0,"enemies":"3 Sentries","floor":6,"turns":2},{"damage":0,"enemies":"Cultist","floor":7,"turns":1},{"damage":21,"enemies":"Gremlin Nob","floor":11,"turns":5},{"damage":3,"enemies":"2 Louse","floor":12,"turns":3},{"damage":16,"enemies":"Blue Slaver","floor":13,"turns":4},{"damage":16,"enemies":"Hexaghost","floor":16,"turns":8},{"damage":12,"enemies":"2 Thieves","floor":18,"turns":4},{"damage":27,"enemies":"Chosen","floor":19,"turns":5},{"damage":32,"enemies":"Snake Plant","floor":20,"turns":4}],"seed_played":"8769735260575951111","potions_obtained":[{"floor":1.0,"key":"REME_GoldPotion"},{"floor":11,"key":"SkillPotion"},{"floor":13,"key":"AttackPotion"},{"floor":16,"key":"SkillPotion"},{"floor":19,"key":"ColorlessPotion"}],"is_trial":false,"path_per_floor":["M","?","T","?","?","E","M","?","T","T","E","M","M","?","R","B",null,"M","M","M"],"character_chosen":"DEFECT","items_purchased":["GuppysTail"],"campfire_rested":0,"item_purchase_floors":[17],"current_hp_per_floor":[65,51,51,51,51,53,54,44,45,46,26,24,9,9,33,18,59,49,23,3,3],"gold":495,"neow_bonus":"THREE_ENEMY_KILL","is_daily":false,"chose_seed":false,"campfire_upgraded":0,"win_rate":0.0,"timestamp":1611745595,"path_taken":["M","?","?","?","?","E","?","?","T","?","E","?","M","?","R","BOSS","M","M","M"],"items_purchased_type":["Relic"],"build_version":"2020-12-18","purchased_purges":0,"victory":false,"max_hp_per_floor":[72,73,73,73,73,75,76,77,78,79,80,81,82,82,82,83,73,75,76,76,76],"card_choices":[{"not_picked":["Turbo","Conserve Battery"],"picked":"Storm","floor":1.0},{"not_picked":["ReplayTheSpireMod:GoodbyeWorld","Gash"],"picked":"Heatsinks","floor":6},{"not_picked":["Doom and Gloom","Streamline"],"picked":"BasicCrystalCard","floor":7},{"not_picked":["REME_Whirling","BasicCrystalCard"],"picked":"AT_RightCognition","floor":11},{"not_picked":["Storm","Sweeping Beam","Streamline"],"picked":"SKIP","floor":12},{"not_picked":["BasicCrystalCard","Ball Lightning","Distribution"],"picked":"SKIP","floor":13},{"not_picked":["Seek","REME_Shoggoth"],"picked":"Echo Form","floor":16},{"not_picked":["Stack","Steam"],"picked":"Coolheaded","floor":18},{"not_picked":["Heatsinks","Beam Cell","Leap+1"],"picked":"SKIP","floor":19}],"player_experience":692207,"relics_obtained":[{"floor":3.0,"key":"Replay:Bottled Eggs"},{"floor":6,"key":"Boot"},{"floor":10,"key":"Potion Belt"},{"floor":11,"key":"Replay:Wax Seal"}],"event_choices":[{"damage_healed":0.0,"max_hp_gain":0.0,"max_hp_loss":0.0,"gold_gain":0.0,"event_name":"Liars Game","player_choice":"Ignored","floor":4.0,"gold_loss":0.0,"damage_taken":0.0},{"damage_healed":0,"gold_gain":0,"player_choice":"Ignored","damage_taken":0,"max_hp_gain":0,"max_hp_loss":0,"event_name":"Transmorgrifier","floor":5,"gold_loss":0},{"damage_healed":0,"gold_gain":75,"player_choice":"Gather Gold","damage_taken":11,"max_hp_gain":0,"max_hp_loss":0,"event_name":"World of Goop","floor":8,"gold_loss":0}],"is_beta":true,"boss_relics":[{"not_picked":["Honey Jar","Astrolabe"],"picked":"testmod-Prudence"},{"not_picked":[]}],"items_purged_floors":[],"is_endless":false,"potions_floor_spawned":[1,11,13,16,19],"killed_by":"Snake Plant","ascension_level":20}}