{"host":"928gv66myv2vlnsd","time":1611760523,"event":{"mods":["BaseMod","Minty Spire (QoL Compilation)","StSLib"],"gold_per_floor":[118,268,117,117,137,162,162,162,162,162,162,190,33,44,44,115,115,102,102,20,33,47,78,78,105,105,105,115,129,145,175,175,175,175],"floor_reached":33,"language":"ENG","playtime":1877,"items_purged":["Doubt"],"score":592,"play_id":"9228cd79-ffdd-4d3f-aa39-b8a6a1f9d617","local_time":"20210127101523","is_ascension_mode":true,"campfire_choices":[{"data":"Footwork","floor":8,"key":"SMITH"},{"data":"Prepared","floor":11,"key":"SMITH"},{"floor":15,"key":"REST"},{"floor":27,"key":"REST"},{"data":"Underhanded Strike","floor":32,"key":"SMITH"}],"circlet_count":0,"master_deck":["AscendersBane","Strike_G+1","Strike_G+1","Strike_G+1","Strike_G+1","Defend_G+1","Defend_G+1","Defend_G+1","Defend_G+1","Defend_G+1","Survivor","Neutralize+1","Dagger Spray","Footwork+1","Underhanded Strike+1","Blur","Prepared+1","Crippling Poison","Crippling Poison","Adrenaline","Footwork+1","Predator+1","Leg Sweep","Footwork+1","Normality","Dagger Throw+1","Parasite","Acrobatics"],"relics":["Ring of the Snake","NeowsBlessing","Regal Pillow","Mercury Hourglass","Mummified Hand","Frozen Egg 2","ClockworkSouvenir","Cursed Key","CaptainsWheel","Pantograph","Nunchaku","Bottled Lightning"],"acts_visited":["Exordium","TheCity"],"potions_floor_usage":[12,33],"damage_taken":[{"damage":0,"enemies":"2 Louse","floor":1,"turns":1},{"damage":0,"enemies":"Small Slimes","floor":5,"turns":1},{"damage":0,"enemies":"3 Sentries","floor":6,"turns":1},{"damage":16,"enemies":"Gremlin Nob","floor":12,"turns":4},{"damage":0,"enemies":"Jaw Worm","floor":14,"turns":4},{"damage":4,"enemies":"The Guardian","floor":16,"turns":17},{"damage":0,"enemies":"2 Thieves","floor":18,"turns":4},{"damage":0,"enemies":"Shell Parasite","floor":21,"turns":4},{"damage":0,"enemies":"Snake Plant","floor":22,"turns":5},{"damage":13,"enemies":"Slavers","floor":23,"turns":5},{"damage":13,"enemies":"Book of Stabbing","floor":25,"turns":10},{"damage":1,"enemies":"Sentry and Sphere","floor":28,"turns":6},{"damage":0,"enemies":"Centurion and Healer","floor":29,"turns":8},{"damage":0,"enemies":"Cultist and Chosen","floor":30,"turns":5},{"damage":7,"enemies":"Slavers","floor":31,"turns":5},{"damage":77,"enemies":"Champ","floor":33,"turns":17}],"seed_played":"-6457657317198833291","potions_obtained":[{"floor":1,"key":"FearPotion"},{"floor":5,"key":"Energy Potion"},{"floor":6,"key":"Block Potion"},{"floor":18,"key":"Dexterity Potion"},{"floor":21,"key":"Fruit Juice"}],"is_trial":false,"path_per_floor":["M","?","$","?","M","E","?","R","T","T","R","E","$","M","R","B",null,"M","?","$","M","M","E","T","E","T","R","M","M","M","E","R","B"],"character_chosen":"THE_SILENT","items_purchased":["Footwork","ClockworkSouvenir","Footwork+1"],"campfire_rested":2,"item_purchase_floors":[3,13,20],"current_hp_per_floor":[59,59,59,59,59,59,39,39,39,39,39,23,23,23,57,53,63,63,63,63,63,63,50,50,37,37,66,65,65,65,58,58,0,0],"gold":175,"neow_bonus":"THREE_ENEMY_KILL","is_daily":false,"chose_seed":false,"campfire_upgraded":3,"win_rate":0.0,"timestamp":1611760523,"path_taken":["M","?","$","?","M","E","?","R","T","?","R","E","?","M","R","BOSS","M","?","$","M","M","E","?","E","T","R","?","M","M","E","R","BOSS"],"items_purchased_type":["Card","Relic","Card"],"build_version":"2020-12-22","purchased_purges":1,"victory":false,"max_hp_per_floor":[66,66,66,66,66,66,66,66,66,66,66,66,66,66,66,66,66,66,66,66,66,66,66,66,66,66,66,66,66,66,66,66,66,66],"card_choices":[{"not_picked":["Eviscerate","Prepared"],"picked":"Dagger Spray","floor":1},{"not_picked":["Flying Knee","Dagger Spray"],"picked":"Blur","floor":5},{"not_picked":["Dagger Throw","Flying Knee"],"picked":"Prepared","floor":6},{"not_picked":["Outmaneuver","Deadly Poison"],"picked":"Crippling Poison","floor":12},{"not_picked":["Flechettes","Blade Dance"],"picked":"Crippling Poison","floor":14},{"not_picked":["Storm of Steel","After Image+1"],"picked":"Adrenaline","floor":16},{"not_picked":["Distraction","Outmaneuver","Blade Dance"],"picked":"SKIP","floor":18},{"not_picked":["Slice+1","Backflip"],"picked":"Predator+1","floor":21},{"not_picked":["Reflex","Outmaneuver"],"picked":"Leg Sweep","floor":22},{"not_picked":["Blade Dance+1","Reflex"],"picked":"Footwork+1","floor":23},{"not_picked":["Prepared","Bane"],"picked":"Dagger Throw+1","floor":25},{"not_picked":["Dodge and Roll","Outmaneuver","Predator"],"picked":"SKIP","floor":28},{"not_picked":["Concentrate+1","Expertise"],"picked":"Acrobatics","floor":29},{"not_picked":["Sucker Punch+1","Bane","Finisher"],"picked":"SKIP","floor":30},{"not_picked":["Choke","Cloak And Dagger+1","Riddle With Holes"],"picked":"SKIP","floor":31}],"player_experience":1362122,"relics_obtained":[{"floor":6,"key":"Regal Pillow"},{"floor":9,"key":"Mercury Hourglass"},{"floor":10,"key":"Mummified Hand"},{"floor":12,"key":"Frozen Egg 2"},{"floor":23,"key":"CaptainsWheel"},{"floor":24,"key":"Pantograph"},{"floor":25,"key":"Nunchaku"},{"floor":31,"key":"Bottled Lightning"}],"event_choices":[{"damage_healed":0,"gold_gain":150,"player_choice":"AGREE","damage_taken":0,"max_hp_gain":0,"max_hp_loss":0,"event_name":"Liars Game","floor":2,"gold_loss":0,"cards_obtained":["Doubt"]},{"damage_healed":0,"gold_gain":0,"cards_transformed":["Strike_G"],"player_choice":"Change","damage_taken":0,"max_hp_gain":0,"max_hp_loss":0,"event_name":"Living Wall","floor":4,"gold_loss":0,"cards_obtained":["Underhanded Strike"]},{"damage_healed":0,"gold_gain":0,"player_choice":"Entered Light","damage_taken":20,"max_hp_gain":0,"max_hp_loss":0,"event_name":"Shining Light","floor":7,"gold_loss":0,"cards_upgraded":["Strike_G","Neutralize"]},{"damage_healed":0,"gold_gain":0,"player_choice":"Simplicity","damage_taken":0,"max_hp_gain":0,"max_hp_loss":0,"event_name":"Back to Basics","floor":19,"gold_loss":0,"cards_upgraded":["Strike_G","Strike_G","Strike_G","Defend_G","Defend_G","Defend_G","Defend_G","Defend_G"]}],"is_beta":false,"boss_relics":[{"not_picked":["Philosopher\u0027s Stone","Coffee Dripper"],"picked":"Cursed Key"}],"items_purged_floors":[3],"is_endless":false,"potions_floor_spawned":[1,5,6,18,21,25,28],"killed_by":"Champ","ascension_level":15}}