{"host":"609l7sx3bs4zmbf1","time":1611779757,"event":{"mods":["AchievementEnabler","Aspiration","BaseMod","Bestiary","Better Altar","Better Match","Better Note","Better Sensory Stone","Better Skull","Better Third Choice","BetterRewards","Conspire","GifTheSpireLib","Hero for Fun","Hubris","Minty Spire (QoL Compilation)","Rare Cards Sparkle","Spicy Shops","StSLib","Stuff the Spire","The Blue Laboratory","Uncapped","Waifu the Spire"],"gold_per_floor":[113,113,113,131,206,236,253,272,343,8,21,33,33,64,64,167,167,180,180,180,180,180,209,209,8,32,62,62,73,73,84,84,183,183,201,220,234,250,265,265,265],"floor_reached":40,"language":"ENG","playtime":3769,"items_purged":[],"score":663,"play_id":"b94589a3-726a-47a8-afcb-1a6bf894f6d2","local_time":"20210127143557","is_ascension_mode":false,"campfire_choices":[{"floor":13.0,"key":"REST"},{"floor":15.0,"key":"REST"},{"floor":24.0,"key":"REST"},{"floor":28.0,"key":"RECALL"},{"floor":30.0,"key":"REST"},{"data":"Cloak And Dagger","floor":32.0,"key":"SMITH"}],"circlet_count":0,"master_deck":["Strike_G","Strike_G","Strike_G","Strike_G+1","Strike_G","Defend_G","Defend_G","Defend_G","Defend_G","Defend_G","Survivor","Neutralize","Dagger Spray+1","Cloak And Dagger+1","hubris:Sniper","Infinite Blades","hubris:SlightOfHand","Blade Dance","A Thousand Cuts","Deadly Poison","Dagger Throw","StuffTheSpire:BrimstoneBlast","Catalyst+1","Deflect+1","StuffTheSpire:Incantation+1","Adrenaline+1","Flying Knee+1","White Noise+1","Blade Dance+1","Footwork","Catalyst+1","Outmaneuver+1","Poisoned Stab+1","Underhanded Strike","Storm of Steel+1","Prepared+1","Cloak And Dagger+1","Crippling Poison+1","PiercingWail+1","Deflect+1"],"relics":["Ring of the Snake","FossilizedHelix","Potion Belt","Toxic Egg 2","White Beast Statue","hubris:64BitClover","hubris:RunicObelisk","MutagenicStrength","Smiling Mask","DollysMirror","StuffTheSpire:GrapeVine","Meat on the Bone","Pantograph"],"acts_visited":["Exordium","TheCity","TheBeyond"],"potions_floor_usage":[40,40,40],"damage_taken":[{"damage":0.0,"enemies":"Small Slimes","floor":1.0,"turns":3.0},{"damage":0.0,"enemies":"2 Louse","floor":4.0,"turns":2.0},{"damage":13.0,"enemies":"Gremlin Nob","floor":6.0,"turns":6.0},{"damage":0.0,"enemies":"conspire:RoseBush","floor":7.0,"turns":4.0},{"damage":8.0,"enemies":"Exordium Thugs","floor":8.0,"turns":4.0},{"damage":0.0,"enemies":"Red Slaver","floor":11.0,"turns":2.0},{"damage":6.0,"enemies":"Blue Slaver","floor":12.0,"turns":3.0},{"damage":18.0,"enemies":"Lagavulin","floor":14.0,"turns":3.0},{"damage":25.0,"enemies":"The Guardian","floor":16.0,"turns":8.0},{"damage":0.0,"enemies":"Chosen","floor":18.0,"turns":4.0},{"damage":35.0,"enemies":"conspire:SneckoGhost","floor":23.0,"turns":5.0},{"damage":0.0,"enemies":"Slavers","floor":27.0,"turns":3.0},{"damage":0.0,"enemies":"Spheric Guardian","floor":29.0,"turns":2.0},{"damage":7.0,"enemies":"Snake Plant","floor":31.0,"turns":3.0},{"damage":15.0,"enemies":"conspire:MysteriousRune","floor":33.0,"turns":4.0},{"damage":0.0,"enemies":"3 Shapes","floor":35.0,"turns":3.0},{"damage":0.0,"enemies":"Orb Walker","floor":36.0,"turns":3.0},{"damage":58.0,"enemies":"Writhing Mass","floor":37.0,"turns":6.0},{"damage":12.0,"enemies":"4 Shapes","floor":38.0,"turns":5.0},{"damage":0.0,"enemies":"Transient","floor":39.0,"turns":5.0},{"damage":23,"enemies":"Giant Head","floor":40,"turns":6}],"seed_played":"-1813028285320175733","potions_obtained":[{"floor":1.0,"key":"EntropicBrew"},{"floor":8.0,"key":"Strength Potion"},{"floor":11.0,"key":"blueLaboratory:EnvenomedCoating"},{"floor":12.0,"key":"Poison Potion"},{"floor":14.0,"key":"blueLaboratory:StoneskinPotion"},{"floor":16.0,"key":"blueLaboratory:BubblePotion"},{"floor":18.0,"key":"SkillPotion"},{"floor":23.0,"key":"blueLaboratory:EnragingPotion"},{"floor":27.0,"key":"blueLaboratory:BottledHope"},{"floor":29.0,"key":"Poison Potion"},{"floor":31.0,"key":"blueLaboratory:EnvenomedCoating"},{"floor":33.0,"key":"blueLaboratory:Moonshine"},{"floor":35.0,"key":"blueLaboratory:NullPotion"},{"floor":36.0,"key":"blueLaboratory:TrueEctoplasm"},{"floor":37.0,"key":"Energy Potion"},{"floor":38.0,"key":"Block Potion"},{"floor":39.0,"key":"SpeedPotion"}],"is_trial":false,"path_per_floor":["M","?","?","M","?","E","M","M","T","$","M","M","R","E","R","B",null,"M","?","?","?","?","E","R","$","T","E","R","M","R","M","R","B",null,"M","M","M","M","M","E"],"character_chosen":"THE_SILENT","items_purchased":["FossilizedHelix","Dagger Spray","Cloak And Dagger","White Beast Statue","Dagger Throw","StuffTheSpire:BrimstoneBlast","Footwork","DollysMirror"],"campfire_rested":4,"item_purchase_floors":[0,0,0,10,10,10,25,25],"current_hp_per_floor":[70,56,56,56,45,32,32,24,24,24,24,18,39,21,42,17,70,70,70,70,70,70,35,56,56,56,56,56,56,70,63,63,48,70,70,70,24,24,36,13,13],"gold":265,"neow_bonus":"","is_daily":false,"chose_seed":false,"campfire_upgraded":1,"win_rate":0.0,"timestamp":1611779757,"path_taken":["M","?","?","M","?","E","M","?","T","?","M","M","R","E","R","BOSS","M","?","?","?","?","E","R","$","T","E","R","?","R","M","R","BOSS","M","M","M","M","M","E"],"items_purchased_type":["Relic","Card","Card","Relic","Card","Card","Card","Relic"],"build_version":"2020-12-22","purchased_purges":0,"victory":false,"max_hp_per_floor":[70,70,70,70,70,70,70,70,70,70,70,70,70,70,70,70,70,70,70,70,70,70,70,70,70,70,70,70,70,70,70,70,70,70,70,70,70,70,70,70,70],"card_choices":[{"not_picked":["StuffTheSpire:Python","Reflex"],"picked":"hubris:Sniper","floor":1.0},{"not_picked":["All Out Attack","Sucker Punch"],"picked":"hubris:SlightOfHand","floor":4.0},{"not_picked":["StuffTheSpire:ReptileScales","StuffTheSpire:Shiver"],"picked":"Blade Dance","floor":6.0},{"not_picked":["Choke","Bane"],"picked":"A Thousand Cuts","floor":7.0},{"not_picked":["Sucker Punch","hubris:SlightOfHand"],"picked":"Deadly Poison","floor":8.0},{"not_picked":["Choke","Endless Agony"],"picked":"Catalyst+1","floor":11.0},{"not_picked":["Calculated Gamble+1","Backflip+1"],"picked":"Deflect+1","floor":12.0},{"not_picked":["Choke","StuffTheSpire:DoubleShiv+1"],"picked":"StuffTheSpire:Incantation+1","floor":14.0},{"not_picked":["Die Die Die","Doppelganger+1"],"picked":"Adrenaline+1","floor":16.0},{"not_picked":["StuffTheSpire:ClusterCrunch+1","Blade Dance+1"],"picked":"Flying Knee+1","floor":18.0},{"not_picked":["StuffTheSpire:BrimstoneBlast","StuffTheSpire:Repulse+1"],"picked":"Blade Dance+1","floor":23.0},{"not_picked":["Tactician+1","Slice"],"picked":"Outmaneuver+1","floor":27.0},{"not_picked":["StuffTheSpire:ReptileScales+1","Quick Slash"],"picked":"Poisoned Stab+1","floor":29.0},{"not_picked":["Flying Knee","StuffTheSpire:ClusterCrunch"],"picked":"Underhanded Strike","floor":31.0},{"not_picked":["aspiration:Lunge","Adrenaline+1"],"picked":"Storm of Steel+1","floor":33.0},{"not_picked":["Backflip+1","Concentrate+1"],"picked":"Prepared+1","floor":35.0},{"not_picked":["Escape Plan+1","StuffTheSpire:ReptileScales+1"],"picked":"Cloak And Dagger+1","floor":36.0},{"not_picked":["Tools of the Trade","Calculated Gamble+1"],"picked":"Crippling Poison+1","floor":37.0},{"not_picked":["StuffTheSpire:Python+1","Expertise+1"],"picked":"PiercingWail+1","floor":38.0},{"not_picked":["Flechettes+1","StuffTheSpire:Injection+1"],"picked":"Deflect+1","floor":39.0}],"player_experience":420472,"relics_obtained":[{"floor":6.0,"key":"Potion Belt"},{"floor":9.0,"key":"Toxic Egg 2"},{"floor":14.0,"key":"hubris:64BitClover"},{"floor":23.0,"key":"Smiling Mask"},{"floor":26.0,"key":"StuffTheSpire:GrapeVine"},{"floor":27.0,"key":"Meat on the Bone"},{"floor":36.0,"key":"Pantograph"}],"event_choices":[{"damage_healed":70.0,"max_hp_gain":0.0,"max_hp_loss":70.0,"gold_gain":0.0,"event_name":"betterThird:BetterShining","player_choice":"Upgrade","floor":2.0,"gold_loss":0.0,"damage_taken":14.0,"cards_upgraded":["Dagger Spray","Strike_G"]},{"damage_healed":0.0,"max_hp_gain":0.0,"max_hp_loss":0.0,"gold_gain":75.0,"event_name":"betterThird:BetterGoop","player_choice":"Gold","floor":5.0,"gold_loss":0.0,"damage_taken":11.0},{"cards_removed":["Adrenaline"],"damage_healed":0.0,"max_hp_gain":0.0,"max_hp_loss":0.0,"gold_gain":0.0,"event_name":"betterNote:BetterNote","player_choice":"Take \u0026 Give","floor":19.0,"gold_loss":0.0,"damage_taken":0.0,"cards_obtained":["White Noise"]},{"damage_healed":0.0,"max_hp_gain":0.0,"max_hp_loss":0.0,"gold_gain":0.0,"event_name":"Beggar","player_choice":"Ignored","floor":20.0,"gold_loss":0.0,"damage_taken":0.0},{"damage_healed":0.0,"max_hp_gain":0.0,"max_hp_loss":0.0,"gold_gain":0.0,"event_name":"Drug Dealer","player_choice":"Inject Mutagens","floor":21.0,"gold_loss":0.0,"damage_taken":0.0,"relics_obtained":["MutagenicStrength"]}],"is_beta":false,"boss_relics":[{"not_picked":["hubris:CrackedHourglass","hubris:VirtuousBlindfold"],"picked":"hubris:RunicObelisk"},{"not_picked":["StuffTheSpire:ModemDavis","aspiration:RunicSpoon","Snecko Eye"]}],"items_purged_floors":[],"is_endless":false,"potions_floor_spawned":[1,8,11,12,14,16,18,23,27,29,31,33,35,36,37,38,39],"killed_by":"Giant Head","ascension_level":0}}