{"host":"pjo7dfabux0g0646","time":1611763679,"event":{"mods":["AchievementEnabler","BaseMod","Downfall","Hermit","Minty Spire (QoL Compilation)","StSLib","The Cursed","The Hierophant"],"gold_per_floor":[199,209,309,323,323,342,342,372,172,4,4,16,16,36,55,157,157,157,171,184,196,196,216,296,196,33,66,66,91,104,104,104,104],"floor_reached":31,"language":"SPA","playtime":1768,"items_purged":[],"score":291,"play_id":"cb06a789-af76-454b-9f5f-5c25f9870c7f","local_time":"20210127130759","is_ascension_mode":true,"campfire_choices":[{"floor":1,"key":"RECALL"},{"floor":9,"key":"REST"},{"floor":11,"key":"REST"},{"data":"Slimebound:Split","floor":13,"key":"SMITH"},{"data":"Slimebound:RollThrough","floor":18,"key":"SMITH"},{"data":"Slimebound:MegaLick","floor":25,"key":"SMITH"}],"circlet_count":0,"master_deck":["Slimebound:Strike_Slimebound","Slimebound:Strike_Slimebound","Slimebound:Strike_Slimebound","Slimebound:Tackle","Slimebound:Defend_Slimebound","Slimebound:Defend_Slimebound","Slimebound:Defend_Slimebound","Slimebound:Defend_Slimebound","Slimebound:Split+1","Slimebound:CorrosiveSpit","Slimebound:RollThrough+1","Slimebound:LeechEnergy","Slimebound:ItLooksTasty","Slimebound:TongueLash","Slimebound:PressTheAttack","Slimebound:DisruptingSlam","Slimebound:Schlurp","Slimebound:RejuvenatingLick","Slimebound:OneTwoCombo","Slimebound:LevelUp","Slimebound:MegaLick+1","Slimebound:SlimeSpikes"],"relics":["Slimebound:AbsorbEndCombat","Bird Faced Urn","Tiny Chest","downfall:HeartBlessingRed","downfall:HeartBlessingGreen","HandDrill","bronze:MakeshiftBattery","Enchiridion","downfall:HeartBlessingBlue","Medical Kit","Bottled Lightning","Kunai"],"acts_visited":["Exordium","TheCity"],"potions_floor_usage":[16,23,27,27],"damage_taken":[{"damage":8,"enemies":"Jaw Worm","floor":2,"turns":5},{"damage":11,"enemies":"2 Louse","floor":4,"turns":3},{"damage":1,"enemies":"Cultist","floor":6,"turns":3},{"damage":44,"enemies":"Gremlin Nob","floor":8,"turns":5},{"damage":4,"enemies":"downfall:FleeingMerchant","floor":10,"turns":4},{"damage":7,"enemies":"Exordium Wildlife","floor":12,"turns":2},{"damage":7,"enemies":"2 Fungi Beasts","floor":14,"turns":3},{"damage":15,"enemies":"3 Louse","floor":15,"turns":3},{"damage":19,"enemies":"SI_SHIV_ARCHETYPE","floor":16,"turns":7},{"damage":10,"enemies":"Chosen","floor":19,"turns":3},{"damage":15,"enemies":"Spheric Guardian","floor":20,"turns":4},{"damage":11,"enemies":"Snake Plant","floor":21,"turns":3},{"damage":10,"enemies":"Cultist and Chosen","floor":23,"turns":4},{"damage":24,"enemies":"downfall:FleeingMerchant","floor":26,"turns":4},{"damage":39,"enemies":"Slavers","floor":27,"turns":4},{"damage":25,"enemies":"Book of Stabbing","floor":29,"turns":5},{"damage":13,"enemies":"Snecko","floor":30,"turns":4},{"damage":38,"enemies":"Slavers","floor":31,"turns":3}],"seed_played":"-3333951748234123231","potions_obtained":[{"floor":8,"key":"bronze:BurnAndBuffPotion"},{"floor":12,"key":"Strength Potion"},{"floor":15,"key":"Explosive Potion"},{"floor":20,"key":"BlessingOfTheForge"},{"floor":21,"key":"Strength Potion"},{"floor":29,"key":"Dexterity Potion"}],"is_trial":false,"path_per_floor":["R","M","?","M","?","M","T","E","R","$","R","M","R","M","M","B",null,"R","M","M","M","?","M","T","R","$","E","?","E","M","E"],"character_chosen":"SLIMEBOUND","items_purchased":["HandDrill","Medical Kit"],"campfire_rested":2,"item_purchase_floors":[10,26],"current_hp_per_floor":[65,62,62,53,53,60,60,24,43,47,65,62,62,57,44,33,65,65,57,44,41,25,27,27,37,40,13,38,25,24,0,0,0],"gold":104,"neow_bonus":"HUNDRED_GOLD","is_daily":false,"chose_seed":false,"campfire_upgraded":3,"win_rate":0.0,"timestamp":1611763679,"path_taken":["R","M","?","M","?","?","T","E","R","$","R","M","R","M","M","BOSS","R","M","M","M","?","M","T","R","$","E","?","E","M","E"],"items_purchased_type":["Relic","Relic"],"build_version":"2020-12-22","purchased_purges":0,"victory":false,"max_hp_per_floor":[65,65,65,65,65,65,65,65,65,65,65,65,65,65,65,65,65,65,65,65,65,65,65,65,75,75,75,75,75,75,75,75,75],"card_choices":[{"not_picked":["Slimebound:Grow","Slimebound:Schlurp"],"picked":"Slimebound:RollThrough","floor":2},{"not_picked":["Slimebound:SplitMire","Slimebound:AcidTongue"],"picked":"Slimebound:LeechEnergy","floor":4},{"not_picked":["Slimebound:Schlurp","Slimebound:RollThrough"],"picked":"Slimebound:ItLooksTasty","floor":6},{"not_picked":["Slimebound:Repurpose","Slimebound:FinishingTackle"],"picked":"Slimebound:TongueLash","floor":8},{"not_picked":["Slimebound:PrepareCrush","Slimebound:Prepare"],"picked":"Slimebound:PressTheAttack","floor":10},{"not_picked":["Slimebound:ComboTackle","Slimebound:TongueLash"],"picked":"Slimebound:DisruptingSlam","floor":12},{"not_picked":["Slimebound:ProtectTheBoss","Slimebound:SlimeTap"],"picked":"Slimebound:Schlurp","floor":14},{"not_picked":["Slimebound:ComboTackle","Slimebound:AcidTongue"],"picked":"Slimebound:RejuvenatingLick","floor":15},{"not_picked":["Slimebound:MinionMaster","Slimebound:SlimeSlap"],"picked":"Slimebound:OneTwoCombo","floor":16},{"not_picked":["Slimebound:ViciousTackle","Slimebound:LeadByExample"],"picked":"Slimebound:LevelUp","floor":19},{"not_picked":["Slimebound:ServeAndProtect","Slimebound:RollThrough","Slimebound:FinishingTackle+1"],"picked":"SKIP","floor":20},{"not_picked":["Slimebound:AcidTongue","Slimebound:Grow","Slimebound:TongueLash"],"picked":"SKIP","floor":21},{"not_picked":["Slimebound:SlimeTap+1","Slimebound:RollThrough"],"picked":"Slimebound:MegaLick","floor":23},{"not_picked":["Slimebound:Schlurp","Slimebound:FormOfPuddle+1","Slimebound:RollThrough"],"picked":"SKIP","floor":26},{"not_picked":["Slimebound:SlimeBrawl","Slimebound:PressTheAttack","Slimebound:ServeAndProtect"],"picked":"SKIP","floor":27},{"not_picked":["Slimebound:Prepare","Slimebound:ProtectTheBoss","Slimebound:BestDefense+1"],"picked":"SKIP","floor":29},{"not_picked":["Slimebound:FlameTackle","Slimebound:Gluttony+1"],"picked":"Slimebound:SlimeSpikes","floor":30}],"player_experience":320732,"relics_obtained":[{"floor":7,"key":"Bird Faced Urn"},{"floor":8,"key":"Tiny Chest"},{"floor":22,"key":"Enchiridion"},{"floor":27,"key":"Bottled Lightning"},{"floor":29,"key":"Kunai"}],"event_choices":[{"damage_healed":25,"gold_gain":0,"player_choice":"Heal","damage_taken":0,"max_hp_gain":0,"max_hp_loss":0,"event_name":"The Library","floor":28,"gold_loss":0}],"is_beta":false,"boss_relics":[{"not_picked":["Pandora\u0027s Box","Empty Cage"],"picked":"bronze:MakeshiftBattery"}],"items_purged_floors":[],"is_endless":false,"potions_floor_spawned":[2,8,12,15,20,21,29],"killed_by":"Slavers","ascension_level":1}}