{"host":"9rmokdxh5r7c9fvy","time":1611719411,"event":{"mods":["AchievementEnabler","BaseMod","BetterRewards","Grow up Mod","Minty Spire (QoL Compilation)","Remove Card Discount Mod","StSLib","The Bug Knight"],"gold_per_floor":[10000117,10000134,9999834,9999110,9999110,9999145,9999145,9999161,9999161,9998339,9998356,9998373,9998392,9998423,9998423,9998518,9998518,9998535,9998564,9998564,9998011,9998030,9998030,9997274,9997274,9997299,9997299,9997310,9997324,9997356,9997371,9997371,9997471,9997471,9997485,9997503,9997503,9996923,9996942,9996972,9997023,9997050,9997127,9997147,9997147,9997147,9996536,9996550,9996550,9996550,9996550,9996550,9995797,9995832,9995832],"floor_reached":56,"language":"ENG","playtime":3026,"items_purged":["Normality","HollowMod:QuickDashStart","HollowMod:QuickDashStart","HollowMod:QuickDashStart","HollowMod:QuickDashStart","HollowMod:PogoStrike","HollowMod:FocusHealStart","HollowMod:NailStrikeStart","HollowMod:CycloneSlash","HollowMod:MantisMark","HollowMod:NailStrikeStart","HollowMod:HornetsHelp","HollowMod:NailStrikeStart","HollowMod:VengefulSpirit","HollowMod:MantisMark+1","HollowMod:MantisMark+1","HollowMod:HowlingWraiths+1"],"score":1587,"play_id":"cb3b024d-e147-43ff-bbb1-b9143645e52e","local_time":"20210127035011","is_ascension_mode":false,"campfire_choices":[{"floor":7,"key":"RECALL"},{"data":"HollowMod:MantisMark","floor":15,"key":"SMITH"},{"data":"HollowMod:MantisMark","floor":23,"key":"SMITH"},{"data":"HollowMod:AwokenDreamNail","floor":25,"key":"SMITH"},{"data":"HollowMod:NewLastStag","floor":27,"key":"SMITH"},{"data":"HollowMod:SoulSplash","floor":32,"key":"SMITH"},{"data":"HollowMod:CloakDash","floor":45,"key":"SMITH"},{"data":"HollowMod:PureNailStrike","floor":49,"key":"SMITH"},{"data":"HollowMod:PureNailStrike","floor":52,"key":"SMITH"}],"circlet_count":0,"master_deck":["Master of Strategy+1","HollowMod:SoulSplash+1","HollowMod:PureNailStrike+1","HollowMod:NewLastStag+1","HollowMod:CycloneSlash+1","HollowMod:AwokenDreamNail+1","HollowMod:SoulStrike+1","HollowMod:PureNailStrike+1","HollowMod:SoulEater","HollowMod:CloakDash+1","HollowMod:SoulMaster"],"relics":["HollowMod:VesselMask","Mummified Hand","StrikeDummy","OrangePellets","Shuriken","Prayer Wheel","Letter Opener","Centennial Puzzle","SacredBark","Red Mask","Sling","Mercury Hourglass","PreservedInsect","HollowMod:MantisClawRelic","Ginger","PrismaticShard","Vajra","Darkstone Periapt","Black Star","Art of War","Blue Candle","Medical Kit","HornCleat","Turnip","TungstenRod","Pantograph","Thread and Needle","Bottled Tornado","Frozen Eye","Anchor","Dead Branch","Blood Vial","Mango","HandDrill","Happy Flower","Whetstone"],"acts_visited":["Exordium","TheCity","TheBeyond","TheEnding"],"potions_floor_usage":[55,55],"damage_taken":[{"damage":0,"enemies":"Small Slimes","floor":1,"turns":3},{"damage":1,"enemies":"Cultist","floor":2,"turns":5},{"damage":0,"enemies":"HollowMod:MossKnight","floor":6,"turns":3},{"damage":0,"enemies":"2 Louse","floor":8,"turns":3},{"damage":0,"enemies":"Gremlin Gang","floor":11,"turns":3},{"damage":0,"enemies":"2 Fungi Beasts","floor":12,"turns":3},{"damage":0,"enemies":"HollowMod:HuskWarrior","floor":13,"turns":4},{"damage":0,"enemies":"Lagavulin","floor":14,"turns":4},{"damage":15,"enemies":"HollowMod:FalseKnight","floor":16,"turns":4},{"damage":0,"enemies":"Chosen","floor":18,"turns":3},{"damage":0,"enemies":"Masked Bandits","floor":19,"turns":3},{"damage":0,"enemies":"3 Byrds","floor":22,"turns":3},{"damage":0,"enemies":"3 Cultists","floor":28,"turns":3},{"damage":0,"enemies":"Centurion and Healer","floor":29,"turns":3},{"damage":0,"enemies":"Gremlin Leader","floor":30,"turns":3},{"damage":0,"enemies":"Snake Plant","floor":31,"turns":3},{"damage":0,"enemies":"Automaton","floor":33,"turns":4},{"damage":12,"enemies":"3 Shapes","floor":35,"turns":3},{"damage":0,"enemies":"Orb Walker","floor":36,"turns":3},{"damage":0,"enemies":"3 Darklings","floor":39,"turns":3},{"damage":0,"enemies":"Reptomancer","floor":40,"turns":3},{"damage":0,"enemies":"2 Orb Walkers","floor":41,"turns":3},{"damage":0,"enemies":"Giant Head","floor":42,"turns":4},{"damage":0,"enemies":"Transient","floor":44,"turns":6},{"damage":0,"enemies":"Jaw Worm Horde","floor":48,"turns":3},{"damage":26,"enemies":"Awakened One","floor":50,"turns":5},{"damage":0,"enemies":"Shield and Spear","floor":54,"turns":3},{"damage":2,"enemies":"The Heart","floor":55,"turns":5}],"seed_played":"2213155525071131829","potions_obtained":[{"floor":1,"key":"FearPotion"},{"floor":6,"key":"ColorlessPotion"},{"floor":8,"key":"BlessingOfTheForge"},{"floor":18,"key":"CultistPotion"},{"floor":35,"key":"Strength Potion"}],"is_trial":false,"path_per_floor":["M","M","?","$","?","E","R","M","T","$","M","M","M","E","R","B",null,"M","?","?","$","M","R","$","R","T","R","M","M","E","M","R","B",null,"M","M","?","$","M","E","?","E","T","M","R","?","$","M","R","B",null,"R","$","E","B",null],"character_chosen":"THE_BUGKNIGHT","items_purchased":["Mummified Hand","StrikeDummy","OrangePellets","HollowMod:CycloneSlash","Prayer Wheel","Letter Opener","Strange Spoon","Swift Potion","HollowMod:MantisMark","Sling","Mercury Hourglass","PreservedInsect","HollowMod:MantisClawRelic","Ginger","PrismaticShard","HollowMod:SoulEater","Art of War","Blue Candle","Medical Kit","HollowMod:CloakDash","Frozen Eye","Anchor","Dead Branch","Blood Vial","Mango","HandDrill","HollowMod:SoulMaster"],"campfire_rested":0,"item_purchase_floors":[4,4,4,4,10,10,10,10,10,21,21,21,24,24,24,24,38,38,38,38,47,47,47,53,53,53,53],"current_hp_per_floor":[95,105,115,125,135,145,155,165,175,185,195,205,215,225,235,245,255,265,275,285,295,305,315,325,335,345,355,365,375,385,395,405,415,425,435,445,455,465,475,485,495,505,515,525,535,518,528,538,548,558,568,578,602,612,622],"gold":9995832,"neow_bonus":"RANDOM_COLORLESS_2","is_daily":false,"chose_seed":false,"campfire_upgraded":8,"win_rate":0.0,"timestamp":1611719411,"path_taken":["M","M","?","$","?","E","R","M","T","$","M","?","M","E","R","BOSS","M","?","?","$","M","R","$","R","T","R","M","?","E","M","R","BOSS","M","M","?","$","?","E","?","E","T","M","R","?","$","M","R","BOSS","R","$","E","BOSS"],"items_purchased_type":["Relic","Relic","Relic","Card","Relic","Relic","Relic","Potion","Card","Relic","Relic","Relic","Relic","Relic","Relic","Card","Relic","Relic","Relic","Card","Relic","Relic","Relic","Relic","Relic","Relic","Card"],"build_version":"2020-12-22","purchased_purges":17,"victory":true,"max_hp_per_floor":[95,105,115,125,135,145,155,165,175,185,195,205,215,225,235,245,255,265,275,285,295,305,315,325,335,345,355,365,375,385,395,405,415,425,435,445,455,465,475,485,495,505,515,525,535,518,528,538,548,558,568,578,602,612,622],"card_choices":[{"not_picked":["Apotheosis","Sadistic Nature"],"picked":"Master of Strategy","floor":0},{"not_picked":["HollowMod:DashSlash","HollowMod:DoubleDash"],"picked":"HollowMod:SoulSplash","floor":1},{"not_picked":["HollowMod:FallenFury","HollowMod:AbyssShriek"],"picked":"HollowMod:PureNailStrike","floor":2},{"not_picked":["HollowMod:Grubsong","HollowMod:GrimmsGift","HollowMod:MidwifesHunger"],"picked":"SKIP","floor":6},{"not_picked":["HollowMod:NewGlowingWomb","HollowMod:SoulSplash"],"picked":"HollowMod:CycloneSlash","floor":8},{"not_picked":["HollowMod:ChannelNail","HollowMod:DashSlash"],"picked":"HollowMod:MantisMark","floor":11},{"not_picked":["HollowMod:InfectionAssault","HollowMod:AbyssShriek","HollowMod:ChannelNail"],"picked":"SKIP","floor":11},{"not_picked":["HollowMod:InfectionAssault","HollowMod:DescendingDark"],"picked":"HollowMod:MantisMark","floor":12},{"not_picked":["HollowMod:CycloneSlash","HollowMod:ChannelNail","HollowMod:TaintedHusks"],"picked":"SKIP","floor":12},{"not_picked":["HollowMod:NewLittleFool","HollowMod:ShadowDash","HollowMod:SlysStrikes"],"picked":"SKIP","floor":13},{"not_picked":["HollowMod:TaintedHusks","HollowMod:HowlingWraiths","HollowMod:CrystalDash"],"picked":"SKIP","floor":13},{"not_picked":["HollowMod:InfectedAttack","HollowMod:WraithStrike"],"picked":"HollowMod:HornetsHelp","floor":14},{"not_picked":["HollowMod:LifebloodCore","HollowMod:LordofShades"],"picked":"HollowMod:AwokenDreamNail","floor":16},{"not_picked":["HollowMod:CrystalDash","HollowMod:NewLittleFool"],"picked":"HollowMod:SoulStrike+1","floor":18},{"not_picked":["HollowMod:VengefulVoid","HollowMod:SoulSplash+1"],"picked":"HollowMod:PureNailStrike","floor":18},{"not_picked":["HollowMod:SharpenedNail","HollowMod:ChannelNail+1","HollowMod:MantisMark"],"picked":"SKIP","floor":22},{"not_picked":["HollowMod:VengefulVoid","HollowMod:SiblingsSouls","HollowMod:DoubleDash"],"picked":"SKIP","floor":22},{"not_picked":["Genetic Algorithm","Anger","Heavy Blade"],"picked":"SKIP","floor":28},{"not_picked":["EmptyBody","Blood for Blood","Crescendo"],"picked":"SKIP","floor":28},{"not_picked":["Second Wind","SashWhip","Sentinel"],"picked":"SKIP","floor":29},{"not_picked":["HollowMod:BaldurShell","Body Slam","CrushJoints"],"picked":"SKIP","floor":29},{"not_picked":["Thunderclap","Judgement","Consecrate"],"picked":"SKIP","floor":30},{"not_picked":["Armaments","Dagger Spray","All Out Attack+1"],"picked":"SKIP","floor":31},{"not_picked":["Storm","Recycle","Forethought"],"picked":"SKIP","floor":31},{"not_picked":["Consecrate+1","Backflip","Cleave"],"picked":"SKIP","floor":35},{"not_picked":["Distraction","Blood for Blood","Indignation"],"picked":"SKIP","floor":35},{"not_picked":["Redo+1","Thunderclap+1"],"picked":"HollowMod:HowlingWraiths+1","floor":36},{"not_picked":["Purity","Nirvana"],"picked":"Dark Embrace+1","floor":36},{"not_picked":["Madness","Hologram+1","EmptyBody+1"],"picked":"SKIP","floor":39},{"not_picked":["Sanctity","Conserve Battery+1","Clothesline"],"picked":"SKIP","floor":39},{"not_picked":["Endless Agony+1","Evolve","True Grit"],"picked":"SKIP","floor":40},{"not_picked":["Blizzard","HollowMod:ChannelNail","Rip and Tear+1"],"picked":"SKIP","floor":42},{"not_picked":["Outmaneuver+1","PiercingWail","Rupture"],"picked":"SKIP","floor":44},{"not_picked":["BowlingBash","HollowMod:ChannelNail+1","Adaptation"],"picked":"SKIP","floor":44},{"not_picked":["Storm+1","Underhanded Strike+1","Spot Weakness"],"picked":"SKIP","floor":48},{"not_picked":["Wireheading","Aggregate","Prostrate+1"],"picked":"SKIP","floor":48},{"not_picked":["Reaper","Sucker Punch+1","Go for the Eyes"],"picked":"SKIP","floor":54}],"player_experience":96785,"relics_obtained":[{"floor":6,"key":"Shuriken"},{"floor":14,"key":"Centennial Puzzle"},{"floor":19,"key":"Red Mask"},{"floor":26,"key":"Vajra"},{"floor":30,"key":"Darkstone Periapt"},{"floor":40,"key":"HornCleat"},{"floor":40,"key":"Turnip"},{"floor":41,"key":"TungstenRod"},{"floor":42,"key":"Pantograph"},{"floor":42,"key":"Thread and Needle"},{"floor":43,"key":"Bottled Tornado"},{"floor":54,"key":"Happy Flower"},{"floor":54,"key":"Whetstone"}],"event_choices":[{"damage_healed":0,"gold_gain":0,"player_choice":"Forge","damage_taken":0,"max_hp_gain":0,"max_hp_loss":0,"event_name":"Accursed Blacksmith","floor":5,"gold_loss":0,"cards_upgraded":["Master of Strategy"]},{"damage_healed":0,"gold_gain":0,"player_choice":"Fought Bandits","damage_taken":0,"max_hp_gain":0,"max_hp_loss":0,"event_name":"Masked Bandits","floor":19,"gold_loss":0},{"cards_removed":["HollowMod:NailStrikeStart"],"damage_healed":0,"gold_gain":0,"player_choice":"Offered Basic","damage_taken":0,"max_hp_gain":0,"max_hp_loss":0,"event_name":"Bonfire Elementals","floor":20,"gold_loss":0},{"damage_healed":0,"gold_gain":0,"cards_transformed":["Dark Embrace"],"player_choice":"Transformed","damage_taken":0,"max_hp_gain":0,"max_hp_loss":0,"event_name":"Transmorgrifier","floor":37,"gold_loss":0,"cards_obtained":["HollowMod:VengefulSpirit"]},{"damage_healed":0,"gold_gain":0,"player_choice":"Fight","damage_taken":0,"max_hp_gain":0,"max_hp_loss":0,"event_name":"Mysterious Sphere","floor":41,"gold_loss":0},{"damage_healed":0,"gold_gain":0,"player_choice":"Max HP","damage_taken":0,"max_hp_gain":0,"max_hp_loss":27,"event_name":"Winding Halls","floor":46,"gold_loss":0}],"is_beta":false,"boss_relics":[{"not_picked":["Calling Bell","Busted Crown"],"picked":"SacredBark"},{"not_picked":["Snecko Eye","Fusion Hammer"],"picked":"Black Star"}],"items_purged_floors":[4,4,4,4,4,4,4,10,21,21,21,24,38,38,38,38,47],"is_endless":false,"potions_floor_spawned":[1,6,8,13,16,18,29,31,33,35,40,44,48],"ascension_level":0}}