{"host":"mydft8i2zzydgggw","time":1611784560,"event":{"mods":["AchievementEnabler","BaseMod","BetterRewards","Colored Map","Colored Powertips","DeckTracker","Keyboard Shortcuts","Minty Spire (QoL Compilation)","Rare Cards Sparkle","StSLib","SuperFastMode","everything is the same but u backflip on backflip"],"gold_per_floor":[112,131,131,56,56,56,56,70,97,172,202,220,235,235,235],"floor_reached":14,"language":"KOR","playtime":187,"items_purged":["Strike_P"],"score":140,"play_id":"5def67fa-cefb-4ab3-8876-1789df1f650d","local_time":"20210128065600","is_ascension_mode":true,"campfire_choices":[{"data":"Eruption","floor":6,"key":"SMITH"}],"circlet_count":0,"master_deck":["AscendersBane","Strike_P","Strike_P","Defend_P","Defend_P","Defend_P","Eruption+1","Vigilance","FearNoEvil"],"relics":["PureWater","TeardropLocket","Lantern","CeramicFish"],"acts_visited":["Exordium"],"potions_floor_usage":[11,13],"damage_taken":[{"damage":2,"enemies":"Cultist","floor":1,"turns":3},{"damage":0,"enemies":"Small Slimes","floor":2,"turns":3},{"damage":0,"enemies":"Jaw Worm","floor":8,"turns":2},{"damage":19,"enemies":"3 Sentries","floor":11,"turns":8},{"damage":2,"enemies":"Looter","floor":12,"turns":4},{"damage":0,"enemies":"3 Louse","floor":13,"turns":2},{"damage":24,"enemies":"Lagavulin","floor":14,"turns":3}],"seed_played":"-1654771062308497734","potions_obtained":[{"floor":1,"key":"DuplicationPotion"},{"floor":11,"key":"BlessingOfTheForge"},{"floor":12,"key":"Ancient Potion"}],"is_trial":false,"path_per_floor":["M","M","?","$","?","R","?","M","T","?","E","M","M","E"],"character_chosen":"WATCHER","items_purchased":[],"campfire_rested":0,"item_purchase_floors":[],"current_hp_per_floor":[63,63,56,56,61,61,49,49,49,38,19,17,17,0,0],"gold":235,"neow_bonus":"REMOVE_CARD","is_daily":false,"chose_seed":false,"campfire_upgraded":1,"win_rate":0.0,"timestamp":1611784560,"path_taken":["M","?","?","?","?","R","?","M","T","?","E","M","M","E"],"items_purchased_type":[],"build_version":"2020-12-22","purchased_purges":1,"victory":false,"max_hp_per_floor":[72,72,72,72,77,77,77,77,77,77,77,77,77,77,77],"card_choices":[{"not_picked":["FlurryOfBlows","DeceiveReality"],"picked":"FearNoEvil","floor":1},{"not_picked":["Pray","CrushJoints","FlyingSleeves"],"picked":"SKIP","floor":2},{"not_picked":["Crescendo","FlyingSleeves","Pray"],"picked":"SKIP","floor":8},{"not_picked":["LikeWater","EmptyBody","Consecrate"],"picked":"SKIP","floor":11},{"not_picked":["EmptyBody","Evaluate","FlurryOfBlows"],"picked":"SKIP","floor":12},{"not_picked":["Swivel","Protect","Crescendo"],"picked":"SKIP","floor":13}],"player_experience":223874,"relics_obtained":[{"floor":9,"key":"Lantern"},{"floor":11,"key":"CeramicFish"}],"event_choices":[{"cards_removed":["Defend_P"],"damage_healed":0,"gold_gain":0,"player_choice":"Card Removal","damage_taken":7,"max_hp_gain":0,"max_hp_loss":0,"event_name":"Golden Wing","floor":3,"gold_loss":0},{"damage_healed":0,"gold_gain":0,"player_choice":"Donut","damage_taken":0,"max_hp_gain":5,"max_hp_loss":0,"event_name":"Big Fish","floor":5,"gold_loss":0},{"damage_healed":0,"gold_gain":0,"player_choice":"Success","damage_taken":12,"relics_obtained":["TeardropLocket"],"max_hp_gain":0,"max_hp_loss":0,"event_name":"Scrap Ooze","floor":7,"gold_loss":0},{"damage_healed":0,"gold_gain":75,"player_choice":"Gather Gold","damage_taken":11,"max_hp_gain":0,"max_hp_loss":0,"event_name":"World of Goop","floor":10,"gold_loss":0}],"is_beta":false,"boss_relics":[],"items_purged_floors":[4],"is_endless":false,"potions_floor_spawned":[1,11,12],"killed_by":"Lagavulin","ascension_level":11}}