{"host":"d4km6p8r92tm3vpl","time":1611770459,"event":{"mods":["AchievementEnabler","BaseMod","Colored Map","Colored Powertips","DeckTracker","Minty Spire (QoL Compilation)","Relic Stats","StSLib"],"gold_per_floor":[118,128,128,138,150,150,163,163,188,217,230,230,244,258,258,258,258],"floor_reached":16,"language":"ENG","playtime":441,"items_purged":[],"score":170,"play_id":"1b744c38-b715-4c55-a98e-4f6aea2e247d","local_time":"20210127130059","is_ascension_mode":true,"campfire_choices":[{"data":"Streamline","floor":6,"key":"SMITH"},{"data":"Ball Lightning","floor":8,"key":"SMITH"},{"data":"Consume","floor":12,"key":"SMITH"},{"floor":15,"key":"REST"}],"circlet_count":0,"master_deck":["AscendersBane","Strike_B","Strike_B","Strike_B","Strike_B","Defend_B","Defend_B","Defend_B","Defend_B","Zap","Dualcast","Steam","Streamline+1","Chill","Cold Snap","Ball Lightning+1","Loop","Consume+1","Self Repair","Genetic Algorithm"],"relics":["Cracked Core","Smiling Mask","Blood Vial"],"acts_visited":["Exordium"],"potions_floor_usage":[13,16,16],"damage_taken":[{"damage":4,"enemies":"Small Slimes","floor":1,"turns":3},{"damage":13,"enemies":"Jaw Worm","floor":2,"turns":4},{"damage":0,"enemies":"2 Louse","floor":4,"turns":2},{"damage":1,"enemies":"Looter","floor":5,"turns":3},{"damage":6,"enemies":"3 Louse","floor":7,"turns":2},{"damage":1,"enemies":"3 Sentries","floor":10,"turns":6},{"damage":9,"enemies":"2 Fungi Beasts","floor":11,"turns":2},{"damage":37,"enemies":"Gremlin Gang","floor":13,"turns":4},{"damage":6,"enemies":"Large Slime","floor":14,"turns":6},{"damage":40,"enemies":"Slime Boss","floor":16,"turns":8}],"seed_played":"1479721561147362076","potions_obtained":[{"floor":2,"key":"AttackPotion"},{"floor":7,"key":"Dexterity Potion"},{"floor":13,"key":"Explosive Potion"}],"is_trial":false,"path_per_floor":["M","M","?","M","M","R","M","R","T","E","M","R","M","M","R","B"],"character_chosen":"DEFECT","items_purchased":[],"campfire_rested":1,"item_purchase_floors":[],"current_hp_per_floor":[71,58,58,58,57,57,51,51,51,50,43,43,8,11,35,0,0],"gold":258,"neow_bonus":"TEN_PERCENT_HP_BONUS","is_daily":false,"chose_seed":false,"campfire_upgraded":3,"win_rate":0.0,"timestamp":1611770459,"path_taken":["M","M","?","M","M","R","M","R","T","E","M","R","M","M","R","BOSS"],"items_purchased_type":[],"build_version":"2020-12-22","purchased_purges":0,"victory":false,"max_hp_per_floor":[82,82,82,82,82,82,82,82,82,82,82,82,82,82,82,82,82],"relic_stats":{"Blood Vial":8,"counters":[10,40],"Smiling Mask":0,"obtain_stats":[{"Blood Vial":10,"Cracked Core":0,"Smiling Mask":9},{"Blood Vial":6,"Cracked Core":0,"Smiling Mask":5},{"Blood Vial":20,"Cracked Core":0,"Smiling Mask":14}]},"card_choices":[{"not_picked":["Hologram","Blizzard"],"picked":"Steam","floor":1},{"not_picked":["Leap","Lockon"],"picked":"Streamline","floor":2},{"not_picked":["White Noise","Heatsinks"],"picked":"Chill","floor":4},{"not_picked":["Rebound","Hello World"],"picked":"Cold Snap","floor":5},{"not_picked":["Streamline","All For One"],"picked":"Ball Lightning","floor":7},{"not_picked":["Go for the Eyes","Hologram"],"picked":"Loop","floor":10},{"not_picked":["Self Repair","Coolheaded"],"picked":"Consume","floor":11},{"not_picked":["Streamline","Tempest"],"picked":"Self Repair","floor":13},{"not_picked":["Compile Driver","Ball Lightning"],"picked":"Genetic Algorithm","floor":14}],"player_experience":834104,"relics_obtained":[{"floor":9,"key":"Smiling Mask"},{"floor":10,"key":"Blood Vial"}],"event_choices":[{"damage_healed":0,"gold_gain":0,"player_choice":"Ignored","damage_taken":0,"max_hp_gain":0,"max_hp_loss":0,"event_name":"Liars Game","floor":3,"gold_loss":0}],"is_beta":false,"boss_relics":[],"items_purged_floors":[],"is_endless":false,"potions_floor_spawned":[2,7,13],"killed_by":"Slime Boss","ascension_level":12}}