{"host":"1c17lcvl7acx821p","time":1611751372,"event":{"mods":["AchievementEnabler","BaseMod","Colored Map","Minty Spire (QoL Compilation)","Quick Restart","Relic Sorter","StSLib"],"gold_per_floor":[109,125,52,69,69,99,99,131,131,131,131,131,131,148,164,164,268,268,287,287,302,302,315,349,349,359,385,355,385,385,396,406,25,25,127,127,141,159,159,173,187,187,216,216,264,296,296,309,19,19,19,19],"floor_reached":53,"language":"ENG","playtime":2007,"items_purged":[],"score":1222,"play_id":"62d29c4e-21e7-43e0-b69d-71a5b686dd24","local_time":"20210127144252","is_ascension_mode":true,"campfire_choices":[{"floor":7.0,"key":"REST"},{"floor":11.0,"key":"REST"},{"data":"Adrenaline","floor":16.0,"key":"SMITH"},{"floor":25.0,"key":"REST"},{"floor":30.0,"key":"REST"},{"floor":34.0,"key":"REST"},{"floor":42,"key":"REST"},{"data":"Envenom","floor":44,"key":"SMITH"},{"floor":47,"key":"DIG"},{"data":"Apotheosis","floor":51,"key":"SMITH"}],"circlet_count":0,"master_deck":["AscendersBane","Strike_G+1","Strike_G+1","Strike_G+1","Defend_G+1","Defend_G+1","Defend_G+1","Defend_G+1","Defend_G+1","Survivor","Neutralize","Blade Dance","Deadly Poison","Finisher","Deadly Poison","Blade Dance","Adrenaline+1","PiercingWail","Die Die Die","Noxious Fumes+1","Reflex","Infinite Blades+1","Dagger Throw","Malaise","Prepared","Night Terror","Envenom+1","Acrobatics+1","Blur","Reflex","Normality","Reflex+1","Prepared","Apotheosis+1","Writhe"],"relics":["Ring of the Snake","NeowsBlessing","Shovel","StrikeDummy","Question Card","Du-Vu Doll","HoveringKite","Tough Bandages","Regal Pillow","Paper Crane","Membership Card","HornCleat","Cursed Key","Prayer Wheel","Bag of Preparation","Kunai","Bag of Marbles","Ninja Scroll","Lee\u0027s Waffle"],"acts_visited":["Exordium","TheCity","TheBeyond"],"potions_floor_usage":[52],"damage_taken":[{"damage":0.0,"enemies":"Cultist","floor":1.0,"turns":1.0},{"damage":0.0,"enemies":"Jaw Worm","floor":2.0,"turns":1.0},{"damage":0.0,"enemies":"Small Slimes","floor":4.0,"turns":1.0},{"damage":27.0,"enemies":"3 Sentries","floor":6.0,"turns":9.0},{"damage":46.0,"enemies":"Gremlin Nob","floor":8.0,"turns":5.0},{"damage":0.0,"enemies":"2 Fungi Beasts","floor":14.0,"turns":1.0},{"damage":0.0,"enemies":"Exordium Thugs","floor":15.0,"turns":3.0},{"damage":8.0,"enemies":"The Guardian","floor":17.0,"turns":9.0},{"damage":0.0,"enemies":"3 Byrds","floor":19.0,"turns":4.0},{"damage":0.0,"enemies":"Chosen","floor":21.0,"turns":3.0},{"damage":6.0,"enemies":"3 Cultists","floor":23.0,"turns":4.0},{"damage":48.0,"enemies":"Gremlin Leader","floor":24.0,"turns":6.0},{"damage":0.0,"enemies":"Snake Plant","floor":26.0,"turns":1.0},{"damage":27.0,"enemies":"Slavers","floor":29.0,"turns":3.0},{"damage":0.0,"enemies":"Snecko","floor":31.0,"turns":3.0},{"damage":10.0,"enemies":"Shelled Parasite and Fungi","floor":32.0,"turns":3.0},{"damage":45.0,"enemies":"Champ","floor":35.0,"turns":12.0},{"damage":5,"enemies":"Orb Walker","floor":37,"turns":3},{"damage":2,"enemies":"3 Darklings","floor":38,"turns":5},{"damage":18,"enemies":"Spire Growth","floor":40,"turns":5},{"damage":28,"enemies":"Writhing Mass","floor":41,"turns":7},{"damage":9,"enemies":"Reptomancer","floor":43,"turns":7},{"damage":23,"enemies":"Nemesis","floor":46,"turns":5},{"damage":0,"enemies":"3 Darklings","floor":48,"turns":2},{"damage":64,"enemies":"Donu and Deca","floor":52,"turns":9}],"seed_played":"7078566407424903495","potions_obtained":[{"floor":1.0,"key":"LiquidBronze"},{"floor":8.0,"key":"Dexterity Potion"},{"floor":14.0,"key":"ColorlessPotion"},{"floor":19.0,"key":"FearPotion"},{"floor":24.0,"key":"Weak Potion"},{"floor":28.0,"key":"SteroidPotion"},{"floor":28.0,"key":"LiquidMemories"},{"floor":29.0,"key":"ColorlessPotion"},{"floor":31.0,"key":"Fire Potion"},{"floor":35.0,"key":"SpeedPotion"},{"floor":38,"key":"PowerPotion"},{"floor":48,"key":"LiquidMemories"}],"is_trial":false,"path_per_floor":["M","M","$","M","?","E","R","E","T","T","R","?","?","M","M","R","B",null,"M","?","M","?","M","E","R","M","T","?","E","R","M","M","$","R","B",null,"M","M","?","M","M","R","E","R","T","E","R","M","$","?","R","B",null],"character_chosen":"THE_SILENT","items_purchased":["Finisher","Membership Card","Prepared","Night Terror","HornCleat","Ninja Scroll","Apotheosis","Lee\u0027s Waffle"],"campfire_rested":6,"item_purchase_floors":[3,33,33,33,33,49,49,49],"current_hp_per_floor":[63,63,63,63,56,29,50,4,4,4,25,48,48,48,48,48,40,63,63,63,63,63,57,9,30,30,30,30,3,39,39,29,29,65,20,58,53,51,70,52,24,60,51,51,51,28,28,28,77,77,77,13],"gold":19,"neow_bonus":"THREE_ENEMY_KILL","is_daily":false,"chose_seed":false,"campfire_upgraded":3,"win_rate":0.0,"timestamp":1611751372,"path_taken":["M","?","$","M","?","E","R","E","T","T","R","?","?","M","M","R","BOSS","M","?","M","?","M","E","R","M","T","?","E","R","?","M","$","R","BOSS","M","M","?","M","?","R","E","R","T","E","R","?","$","?","R","BOSS"],"items_purchased_type":["Card","Relic","Card","Card","Relic","Relic","Card","Relic"],"build_version":"2020-12-22","purchased_purges":0,"victory":true,"max_hp_per_floor":[70,70,70,70,70,70,70,70,70,70,70,70,70,70,70,70,70,70,70,70,70,70,70,70,70,70,70,70,70,70,70,70,70,70,70,70,70,70,70,70,70,70,70,70,70,70,70,70,77,77,77,77],"card_choices":[{"not_picked":["Accuracy","Flying Knee"],"picked":"Blade Dance","floor":1.0},{"not_picked":["Sucker Punch","Flying Knee"],"picked":"Deadly Poison","floor":2.0},{"not_picked":["Poisoned Stab","Setup"],"picked":"Deadly Poison","floor":4.0},{"not_picked":["Dagger Throw","Cloak And Dagger"],"picked":"Blade Dance","floor":6.0},{"not_picked":["Outmaneuver","Flechettes"],"picked":"Adrenaline","floor":8.0},{"not_picked":["All Out Attack","Dagger Throw","Acrobatics"],"picked":"PiercingWail","floor":14.0},{"not_picked":["Dodge and Roll","Acrobatics","Flechettes","Predator"],"picked":"SKIP","floor":15.0},{"not_picked":["Glass Knife","Tools of the Trade","Phantasmal Killer"],"picked":"Die Die Die","floor":17.0},{"not_picked":["Dodge and Roll","Poisoned Stab","Dash"],"picked":"Noxious Fumes+1","floor":19.0},{"not_picked":["Caltrops","Reflex","Deadly Poison"],"picked":"Endless Agony","floor":21.0},{"not_picked":["Dagger Spray","Deadly Poison","All Out Attack"],"picked":"Reflex","floor":23.0},{"not_picked":["PiercingWail","Reflex","Flying Knee"],"picked":"Infinite Blades+1","floor":24.0},{"not_picked":["Blade Dance","Noxious Fumes","PiercingWail"],"picked":"Dagger Throw","floor":26.0},{"not_picked":["Poisoned Stab","Deflect","Blade Dance","Skewer+1"],"picked":"SKIP","floor":29.0},{"not_picked":["Underhanded Strike","Deflect","Dodge and Roll"],"picked":"Malaise","floor":31.0},{"not_picked":["Sucker Punch","Eviscerate","Deflect","Underhanded Strike"],"picked":"SKIP","floor":32.0},{"not_picked":["Adrenaline","Bullet Time","After Image"],"picked":"Envenom","floor":35.0},{"not_picked":["Masterful Stab","Catalyst","Sucker Punch"],"picked":"Acrobatics+1","floor":37},{"not_picked":["Prepared","Outmaneuver+1","Sucker Punch+1","Finisher"],"picked":"SKIP","floor":38},{"not_picked":["Dagger Throw","Deadly Poison","Flying Knee","Poisoned Stab+1"],"picked":"SKIP","floor":40},{"not_picked":["Blade Dance","Underhanded Strike","Dagger Throw"],"picked":"Blur","floor":41},{"not_picked":["Distraction","Masterful Stab+1","Backflip"],"picked":"Reflex","floor":43},{"not_picked":["Dash","Backflip","Poisoned Stab","Bullet Time"],"picked":"SKIP","floor":46},{"not_picked":["Bane+1","Blade Dance","Quick Slash+1"],"picked":"Reflex+1","floor":48},{"not_picked":["PiercingWail+1","Reflex","Backstab"],"picked":"Prepared","floor":48}],"player_experience":230004,"relics_obtained":[{"floor":6.0,"key":"Shovel"},{"floor":8.0,"key":"StrikeDummy"},{"floor":9.0,"key":"Question Card"},{"floor":10.0,"key":"Du-Vu Doll"},{"floor":24.0,"key":"Tough Bandages"},{"floor":27.0,"key":"Regal Pillow"},{"floor":29.0,"key":"Paper Crane"},{"floor":43,"key":"Prayer Wheel"},{"floor":45,"key":"Bag of Preparation"},{"floor":46,"key":"Kunai"},{"floor":47,"key":"Bag of Marbles"}],"event_choices":[{"cards_removed":["Strike_G"],"damage_healed":0.0,"max_hp_gain":0.0,"max_hp_loss":0.0,"gold_gain":0.0,"event_name":"Golden Wing","player_choice":"Card Removal","floor":5.0,"gold_loss":0.0,"damage_taken":7.0},{"damage_healed":23.0,"max_hp_gain":0.0,"max_hp_loss":0.0,"gold_gain":0.0,"event_name":"Big Fish","player_choice":"Banana","floor":12.0,"gold_loss":0.0,"damage_taken":0.0},{"cards_removed":["Strike_G"],"damage_healed":0.0,"max_hp_gain":0.0,"max_hp_loss":0.0,"gold_gain":0.0,"event_name":"Wheel of Change","player_choice":"Card Removal","floor":13.0,"gold_loss":0.0,"damage_taken":0.0},{"damage_healed":0.0,"max_hp_gain":0.0,"max_hp_loss":0.0,"gold_gain":0.0,"event_name":"Back to Basics","player_choice":"Simplicity","floor":20.0,"gold_loss":0.0,"damage_taken":0.0,"cards_upgraded":["Strike_G","Strike_G","Strike_G","Defend_G","Defend_G","Defend_G","Defend_G","Defend_G"]},{"damage_healed":0.0,"max_hp_gain":0.0,"max_hp_loss":0.0,"gold_gain":0.0,"event_name":"Ghosts","player_choice":"Ignored","floor":22.0,"gold_loss":0.0,"damage_taken":0.0},{"damage_healed":0.0,"max_hp_gain":0.0,"max_hp_loss":0.0,"gold_gain":0.0,"event_name":"The Woman in Blue","player_choice":"Bought 2 Potions","floor":28.0,"gold_loss":0.0,"damage_taken":0.0},{"cards_removed":["Endless Agony"],"damage_healed":19,"gold_gain":0,"player_choice":"Offered Uncommon","damage_taken":0,"max_hp_gain":0,"max_hp_loss":0,"event_name":"Bonfire Elementals","floor":39,"gold_loss":0},{"damage_healed":19,"gold_gain":0,"player_choice":"Writhe","damage_taken":0,"max_hp_gain":0,"max_hp_loss":0,"event_name":"Winding Halls","floor":50,"gold_loss":0,"cards_obtained":["Writhe"]}],"is_beta":false,"boss_relics":[{"not_picked":["Ectoplasm","Snecko Eye"],"picked":"HoveringKite"},{"not_picked":["Busted Crown","Pandora\u0027s Box"],"picked":"Cursed Key"}],"items_purged_floors":[],"is_endless":false,"potions_floor_spawned":[1,8,14,19,21,24,29,31,35,38,40,48],"ascension_level":12}}