{"host":"d61fcf2p3sjwe6yo","time":1611745560,"event":{"mods":["AchievementEnabler","BaseMod","Colored Map","Downfall","Minty Spire (QoL Compilation)","StSLib","SuperFastMode"],"gold_per_floor":[99,110,124,143,293,193,193,193,224,240,240,250,250,260,277,372,372,372,388,408,408,408,408,408],"floor_reached":22,"language":"ENG","playtime":975,"items_purged":[],"score":301,"play_id":"0c8a5c47-0d43-460b-aee5-af7955ad4bd4","local_time":"20210127140600","is_ascension_mode":true,"campfire_choices":[{"floor":1,"key":"RECALL"},{"data":"bronze:Iterate","floor":6,"key":"SMITH"},{"data":"bronze:ClassDefault","floor":8,"key":"SMITH"},{"data":"bronze:SpaghettiCode","floor":11,"key":"SMITH"},{"data":"bronze:Goto","floor":13,"key":"SMITH"},{"data":"bronze:BurnOut","floor":18,"key":"SMITH"}],"circlet_count":0,"master_deck":["AscendersBane","bronze:Strike","bronze:Strike","bronze:Strike","bronze:Strike","bronze:Defend","bronze:Defend","bronze:Defend","bronze:Defend","bronze:Replicate","bronze:Goto+1","bronze:Iterate+1","bronze:ClassDefault+1","downfall:Icky","bronze:SpaghettiCode+1","bronze:Shield","bronze:Verify","bronze:BurnOut+1","bronze:Iterate","bronze:FineTuning"],"relics":["bronze:BronzeCore","downfall:HeartBlessingRed","Torii","PreservedInsect","Philosopher\u0027s Stone"],"acts_visited":["Exordium","TheCity"],"potions_floor_usage":[12,16,16],"damage_taken":[{"damage":3,"enemies":"Jaw Worm","floor":2,"turns":5},{"damage":3,"enemies":"2 Louse","floor":3,"turns":4},{"damage":1,"enemies":"Cultist","floor":4,"turns":3},{"damage":3,"enemies":"3 Sentries","floor":9,"turns":8},{"damage":9,"enemies":"Blue Slaver","floor":10,"turns":4},{"damage":0,"enemies":"2 Fungi Beasts","floor":12,"turns":2},{"damage":1,"enemies":"Lots of Slimes","floor":14,"turns":3},{"damage":9,"enemies":"Exordium Wildlife","floor":15,"turns":3},{"damage":43,"enemies":"DF_ARCHETYPE_STREAMLINE","floor":16,"turns":11},{"damage":35,"enemies":"Chosen","floor":19,"turns":5},{"damage":16,"enemies":"3 Byrds","floor":20,"turns":6},{"damage":0,"enemies":"Centurion and Healer","floor":22,"turns":2}],"seed_played":"-4492439055993340731","potions_obtained":[{"floor":2,"key":"LiquidBronze"},{"floor":9,"key":"AttackPotion"},{"floor":14,"key":"Regen Potion"},{"floor":19,"key":"BlessingOfTheForge"}],"is_trial":false,"path_per_floor":["R","M","M","M","?","R","T","R","E","M","R","M","R","M","M","B",null,"R","M","M","?","M"],"character_chosen":"THE_AUTOMATON","items_purchased":[],"campfire_rested":0,"item_purchase_floors":[],"current_hp_per_floor":[70,67,64,63,63,63,63,63,60,51,51,51,51,50,41,13,61,61,26,10,10,10,10,10],"gold":408,"neow_bonus":"TEN_PERCENT_HP_BONUS","is_daily":false,"chose_seed":false,"campfire_upgraded":5,"win_rate":0.0,"timestamp":1611745560,"path_taken":["R","M","M","M","?","R","T","R","E","M","R","M","R","M","M","BOSS","R","M","M","?","?"],"items_purchased_type":[],"build_version":"2020-12-22","purchased_purges":0,"victory":false,"max_hp_per_floor":[77,77,77,77,77,77,77,77,77,77,77,77,77,77,77,77,77,77,77,77,77,77,77,77],"card_choices":[{"not_picked":["bronze:CloningBeam","bronze:Invalidate"],"picked":"bronze:Iterate","floor":2},{"not_picked":["bronze:NullPointer","bronze:Overload","bronze:ForceShield"],"picked":"SKIP","floor":3},{"not_picked":["bronze:Optimize","bronze:Frontload"],"picked":"bronze:ClassDefault","floor":4},{"not_picked":["bronze:InfiniteBeams","bronze:NullPointer"],"picked":"bronze:SpaghettiCode","floor":9},{"not_picked":["bronze:Iterate","bronze:Overheat"],"picked":"bronze:Shield","floor":10},{"not_picked":["bronze:BugBarrage","bronze:DelayedSlice","bronze:WhirlingStrike"],"picked":"SKIP","floor":12},{"not_picked":["bronze:BuggyMess","bronze:Constructor"],"picked":"bronze:Verify","floor":14},{"not_picked":["bronze:WhirlingStrike","bronze:DigitalCarnage","bronze:Allocate"],"picked":"SKIP","floor":15},{"not_picked":["bronze:Verify","bronze:CleanCode"],"picked":"bronze:BurnOut","floor":16},{"not_picked":["bronze:Constructor","bronze:WildBeam"],"picked":"bronze:Iterate","floor":19},{"not_picked":["bronze:BitShift+1","bronze:DelayedSlice"],"picked":"bronze:FineTuning","floor":20}],"player_experience":721354,"relics_obtained":[{"floor":7,"key":"Torii"},{"floor":9,"key":"PreservedInsect"}],"event_choices":[],"is_beta":false,"boss_relics":[{"not_picked":["Astrolabe","Calling Bell"],"picked":"Philosopher\u0027s Stone"}],"items_purged_floors":[],"is_endless":false,"potions_floor_spawned":[2,9,10,14,15,19],"killed_by":"Centurion and Healer","ascension_level":12}}