{"host":"c3lc60y5x60jlt1y","time":1611727487,"event":{"mods":["AchievementEnabler","BaseMod","Bestiary","Colored Map","Minty Spire (QoL Compilation)","Quick Restart","StSLib","ojb\u0027s Info Mod"],"gold_per_floor":[112,123,123,73,89,120,120,120,120],"floor_reached":8,"language":"ENG","playtime":27059,"items_purged":[],"score":112,"play_id":"4a2fc9a3-7387-48de-a94e-16d87085744e","local_time":"20210127080447","is_ascension_mode":true,"campfire_choices":[{"data":"Searing Blow","floor":7,"key":"SMITH"}],"circlet_count":0,"master_deck":["AscendersBane","Strike_R","Strike_R","Strike_R","Strike_R","Strike_R","Defend_R","Defend_R","Defend_R","Defend_R","Bash","Searing Blow+1","Armaments","Barricade","Shrug It Off","Warcry","Cleave"],"relics":["Burning Blood","Gambling Chip","Strawberry"],"acts_visited":["Exordium"],"potions_floor_usage":[6],"damage_taken":[{"damage":7.0,"enemies":"Small Slimes","floor":1.0,"turns":3.0},{"damage":2.0,"enemies":"Cultist","floor":2.0,"turns":4.0},{"damage":1.0,"enemies":"2 Louse","floor":5.0,"turns":3.0},{"damage":51,"enemies":"3 Sentries","floor":6,"turns":14},{"damage":49,"enemies":"Lagavulin","floor":8,"turns":8}],"seed_played":"2952211030346899873","potions_obtained":[{"floor":5.0,"key":"Dexterity Potion"}],"is_trial":false,"path_per_floor":["M","M","?","$","M","E","R","E"],"character_chosen":"IRONCLAD","items_purchased":["Shrug It Off"],"campfire_rested":0,"item_purchase_floors":[4],"current_hp_per_floor":[67,68,68,68,68,30,30,0,0],"gold":120,"neow_bonus":"ONE_RARE_RELIC","is_daily":false,"chose_seed":false,"campfire_upgraded":1,"win_rate":0.0,"timestamp":1611727487,"path_taken":["M","M","?","$","?","E","R","E"],"items_purchased_type":["Card"],"build_version":"2020-12-22","purchased_purges":0,"victory":false,"max_hp_per_floor":[68,68,68,68,68,75,75,75,75],"card_choices":[{"not_picked":["Body Slam","Feel No Pain"],"picked":"Searing Blow","floor":1.0},{"not_picked":["Wild Strike","Searing Blow"],"picked":"Armaments","floor":2.0},{"not_picked":["Havoc","Bloodletting"],"picked":"Warcry","floor":5.0},{"not_picked":["Second Wind","Perfected Strike"],"picked":"Cleave","floor":6}],"player_experience":8602635,"relics_obtained":[{"floor":6,"key":"Strawberry"}],"event_choices":[{"damage_healed":0.0,"max_hp_gain":0.0,"max_hp_loss":0.0,"gold_gain":0.0,"event_name":"Match and Keep!","player_choice":"1 cards matched","floor":3.0,"gold_loss":0.0,"damage_taken":0.0,"cards_obtained":["Barricade"]}],"is_beta":false,"boss_relics":[],"items_purged_floors":[],"is_endless":false,"potions_floor_spawned":[5],"killed_by":"Lagavulin","ascension_level":20}}