{"host":"4pckc3u5mqcilakq","time":1611781520,"event":{"mods":["AchievementEnabler","BaseMod","Colored Map","Colored Powertips","Highlight Path","Minty Spire (QoL Compilation)"],"gold_per_floor":[113,4,4,20,38,70,70,98,98,98,98],"floor_reached":10,"language":"ENG","playtime":415,"items_purged":[],"score":103,"play_id":"78a2f51b-3317-468d-b94e-b9997d6ca238","local_time":"20210128000520","is_ascension_mode":true,"campfire_choices":[],"circlet_count":0,"master_deck":["Strike_G","Strike_G","Strike_G","Strike_G","Defend_G","Defend_G","Defend_G","Defend_G","Defend_G","Survivor","Neutralize","Quick Slash","Noxious Fumes","Leg Sweep","Crippling Poison","Dagger Throw"],"relics":["Velvet Choker","Centennial Puzzle","Peace Pipe","MealTicket","StrikeDummy"],"acts_visited":["Exordium"],"potions_floor_usage":[8],"damage_taken":[{"damage":0.0,"enemies":"Cultist","floor":1.0,"turns":5.0},{"damage":0.0,"enemies":"Small Slimes","floor":4.0,"turns":4.0},{"damage":0.0,"enemies":"2 Louse","floor":5.0,"turns":3.0},{"damage":15.0,"enemies":"Gremlin Nob","floor":6.0,"turns":5.0},{"damage":13,"enemies":"3 Sentries","floor":8,"turns":6},{"damage":2,"enemies":"Gremlin Nob","floor":10,"turns":3}],"seed_played":"25926741384549956","potions_obtained":[{"floor":4.0,"key":"FearPotion"},{"floor":6.0,"key":"PowerPotion"}],"is_trial":false,"path_per_floor":["M","$","?","M","M","E","?","E","T","E"],"character_chosen":"THE_SILENT","items_purchased":["Noxious Fumes","Leg Sweep"],"campfire_rested":0,"item_purchase_floors":[2,2],"current_hp_per_floor":[63,63,38,38,38,23,16,3,3,1,1],"gold":98,"neow_bonus":"BOSS_RELIC","is_daily":false,"chose_seed":false,"campfire_upgraded":0,"win_rate":0.0,"timestamp":1611781520,"path_taken":["M","?","?","M","M","E","?","E","T","E"],"items_purchased_type":["Card","Card"],"build_version":"2020-12-22","purchased_purges":0,"victory":false,"max_hp_per_floor":[70,70,70,70,70,70,70,70,70,70,70],"card_choices":[{"not_picked":["Sucker Punch","PiercingWail"],"picked":"Quick Slash","floor":1.0},{"not_picked":["Prepared","Flying Knee","Accuracy"],"picked":"SKIP","floor":4.0},{"not_picked":["Acrobatics","Distraction"],"picked":"Crippling Poison","floor":5.0},{"not_picked":["Acrobatics","Quick Slash"],"picked":"Dagger Throw","floor":6.0},{"not_picked":["Bullet Time","Concentrate","Flying Knee"],"picked":"SKIP","floor":8}],"player_experience":199067,"relics_obtained":[{"floor":6.0,"key":"Peace Pipe"},{"floor":8,"key":"MealTicket"},{"floor":9,"key":"StrikeDummy"}],"event_choices":[{"damage_healed":0.0,"max_hp_gain":0.0,"max_hp_loss":0.0,"gold_gain":0.0,"event_name":"Scrap Ooze","player_choice":"Success","floor":3.0,"gold_loss":0.0,"damage_taken":25.0,"relics_obtained":["Centennial Puzzle"]},{"cards_removed":["Strike_G"],"damage_healed":0.0,"max_hp_gain":0.0,"max_hp_loss":0.0,"gold_gain":0.0,"event_name":"Golden Wing","player_choice":"Card Removal","floor":7.0,"gold_loss":0.0,"damage_taken":7.0}],"is_beta":false,"boss_relics":[],"items_purged_floors":[],"is_endless":false,"potions_floor_spawned":[4,6],"killed_by":"Gremlin Nob","ascension_level":7}}