{"host":"y9jgkjnf95sujozk","time":1611758732,"event":{"mods":["2.2 Compatiblity","AchievementEnabler","Act Like it!","BaseMod","BetterRewards","Block Reminder","Colored Map","Colored Powertips","Decade(王小明)","Downfall","Friendly Minions","Gensokyo","GifTheSpireLib","Hallownest","Hermit","Highlight Path","HololiveMod","Hubris","Infinite Spire","Jorbs\u0027s Wanderer Trilogy","Koishi","Marisa（霧雨　魔理沙）","Minty Spire (QoL Compilation)","Quick Restart","Random Character Button","Rare Cards Sparkle","Reimu（博??梦）","Remilia（蕾米莉?）","Replay The Spire","Shop Mod","StSLib","SuperFastMode","The Animator","The Bug Knight","The Cursed","The Disciple","The Hierophant","The Jungle","The Poker Player","The Runesmith","The Senshi","The Servant 0.9.4"],"gold_per_floor":[109,128,128,141,52,52,72,96,96,108,128,128,143,143,143,238,238,260,275,289,289,289,289,289,289],"floor_reached":24,"language":"ENG","playtime":941,"items_purged":[],"score":292,"play_id":"0fc1a1e3-21b5-4e85-9795-8624426e6617","local_time":"20210127154532","is_ascension_mode":false,"campfire_choices":[{"data":"animator:IchigoKurosaki","floor":6,"key":"SMITH"},{"floor":12,"key":"REST"},{"floor":15,"key":"REST"},{"floor":23,"key":"REST"}],"circlet_count":0,"master_deck":["animator:Strike_NoGameNoLife+1","animator:Defend_NoGameNoLife","animator:Strike","animator:Strike","animator:Strike","animator:Defend","animator:Defend+1","animator:Defend","animator:DolaSchwi","animator:DolaCouronne","animator:Mikaela+1","animator:Sloth","animator:Ain","animator:Chung","animator:Add","animator:IchigoKurosaki+1","animator:Emonzaemon","animator:Vanir","animator:Chung","animator:Konayuki","animator:Add","animator:Elesis","animator:IzunaHatsuse","animator:Shinoa+1","animator:Lu"],"relics":["animator:LivingPicture","animator:TheMissingPiece","animator:PurgingStone","Anchor","Fusion Hammer"],"acts_visited":["Exordium","TheCity"],"potions_floor_usage":[16,16,19],"damage_taken":[{"damage":0,"enemies":"infinitespire:Voidling","floor":1,"turns":5},{"damage":0,"enemies":"Small Slimes","floor":2,"turns":5},{"damage":0,"enemies":"Cultist","floor":4,"turns":4},{"damage":0,"enemies":"Blue Slaver","floor":7,"turns":4},{"damage":0,"enemies":"Looter","floor":8,"turns":4},{"damage":1,"enemies":"3 Louse","floor":10,"turns":4},{"damage":10,"enemies":"2 Fungi Beasts","floor":11,"turns":3},{"damage":0,"enemies":"Looter","floor":13,"turns":3},{"damage":10,"enemies":"Fading Forest","floor":16,"turns":11},{"damage":34,"enemies":"Spheric Guardian","floor":18,"turns":6},{"damage":24,"enemies":"3 Byrds","floor":19,"turns":6},{"damage":2,"enemies":"Centurion and Healer","floor":20,"turns":10},{"damage":56,"enemies":"Nightmare","floor":24,"turns":7}],"seed_played":"-9140908416890207394","potions_obtained":[{"floor":1,"key":"Venom Potion"},{"floor":11,"key":"Fire Potion"},{"floor":13,"key":"Dexterity Potion"},{"floor":16,"key":"Cursed Concoction"}],"is_trial":false,"path_per_floor":["M","M","?","M","$","R","M","M","T","M","M","R","M","?","R","B",null,"M","M","M","?","?","R","NM"],"character_chosen":"THE_ANIMATOR","items_purchased":["animator:Mikaela+1","animator:Sloth","animator:IchigoKurosaki"],"campfire_rested":3,"item_purchase_floors":[0,0,5],"current_hp_per_floor":[66,66,66,66,66,66,66,66,66,65,55,66,66,53,66,62,66,32,12,18,40,28,49,0,0],"gold":289,"neow_bonus":"","is_daily":false,"chose_seed":false,"campfire_upgraded":1,"win_rate":0.0,"timestamp":1611758732,"path_taken":["M","?","?","?","$","R","M","M","T","M","M","R","?","?","R","BOSS","M","M","M","?","?","R","NM"],"items_purchased_type":["Card","Card","Card"],"build_version":"2020-12-22","purchased_purges":0,"victory":false,"max_hp_per_floor":[66,66,66,66,66,66,66,66,66,66,66,66,66,66,66,66,66,66,66,66,66,71,71,71,71],"card_choices":[{"not_picked":["animator:Kuribayashi","animator:DolaSchwi"],"picked":"animator:Ain","floor":1},{"not_picked":["animator:Millim","animator:Kaijin"],"picked":"animator:Chung","floor":2},{"not_picked":["animator:Verdia","animator:Assassin"],"picked":"animator:Add","floor":4},{"not_picked":["animator:Nanami","animator:Shichika"],"picked":"animator:Emonzaemon","floor":7},{"not_picked":["animator:AcuraTooru","animator:Entoma"],"picked":"animator:Vanir","floor":8},{"not_picked":["animator:Entoma","animator:Elsword"],"picked":"animator:Chung","floor":10},{"not_picked":["animator:Shichika","animator:UneriGinkaku"],"picked":"animator:Konayuki","floor":11},{"not_picked":["animator:Aisha","animator:Elsword"],"picked":"animator:Add","floor":13},{"not_picked":["animator:Hans","animator:Ainz"],"picked":"animator:Elesis","floor":16},{"not_picked":["animator:YaoHaDucy","animator:WinryRockbell+1"],"picked":"animator:IzunaHatsuse","floor":18},{"not_picked":["animator:Konayuki","animator:Geryuganshoop+1"],"picked":"animator:Shinoa+1","floor":19},{"not_picked":["animator:Melzalgald","animator:Kazuma+1"],"picked":"animator:Lu","floor":20}],"player_experience":168420,"relics_obtained":[],"event_choices":[{"damage_healed":0,"gold_gain":0,"player_choice":"Gave Potion","damage_taken":0,"relics_obtained":["Anchor"],"max_hp_gain":0,"max_hp_loss":0,"event_name":"WeMeetAgain","floor":3,"gold_loss":0},{"damage_healed":0,"gold_gain":0,"player_choice":"Entered Light","damage_taken":13,"max_hp_gain":0,"max_hp_loss":0,"event_name":"Shining Light","floor":14,"gold_loss":0,"cards_upgraded":["animator:Defend","animator:Strike_NoGameNoLife"]},{"damage_healed":22,"gold_gain":0,"player_choice":"Heal","damage_taken":0,"max_hp_gain":0,"max_hp_loss":0,"event_name":"The Library","floor":21,"gold_loss":0},{"damage_healed":0,"gold_gain":0,"player_choice":"Shed Blood","damage_taken":17,"max_hp_gain":5,"max_hp_loss":0,"event_name":"Forgotten Altar","floor":22,"gold_loss":0}],"is_beta":false,"boss_relics":[{"not_picked":["hubris:GrandSneckoEye","Tiny House"],"picked":"Fusion Hammer"}],"items_purged_floors":[],"is_endless":false,"potions_floor_spawned":[1,11,13,16],"killed_by":"Nightmare","ascension_level":0}}