{"host":"5rhdqk7nbnm087ui","time":1611732086,"event":{"mods":["AchievementEnabler","Act Like it!","BaseMod","GungeonMod","Highlight Path","HololiveMod","Marisa（F雨　魔理沙）","Minty Spire (QoL Compilation)","Relic Stats","Replay The Spire","SIMod","Spicy Shops","StSLib","Waifu the Spire","WarShipGirlsR/战舰少女R mod","【遗物卡牌】REMEMod"],"gold_per_floor":[110,110,110,121,136,167,167],"floor_reached":6,"language":"ZHS","playtime":225,"items_purged":[],"score":46,"play_id":"1c1598ab-bfd2-468c-8286-067a4fa10e19","local_time":"20210127152126","is_ascension_mode":false,"campfire_choices":[],"circlet_count":0,"master_deck":["DemoMod:Strike_Huntress","DemoMod:Strike_Huntress","DemoMod:Strike_Huntress","DemoMod:Defend_Huntress","DemoMod:Defend_Huntress","DemoMod:Defend_Huntress","DemoMod:Defend_Huntress+1","DemoMod:Roll+1","DemoMod:ManualReload","DemoMod:RustySidearm","DemoMod:CrossBow","DevaForm","DemoMod:TripleGun+1","DemoMod:ZorGun","DemoMod:DirectionalPad","DemoMod:PracticeMakesPerfect"],"relics":["DemoMod:Dog","REME_ComplimentaryCards","NeowsBlessing","Ornamental Fan"],"acts_visited":["Exordium"],"potions_floor_usage":[],"damage_taken":[{"damage":0,"enemies":"Jaw Worm","floor":1,"turns":1},{"damage":0,"enemies":"Small Slimes","floor":4,"turns":1},{"damage":5,"enemies":"2 Louse","floor":5,"turns":3},{"damage":22,"enemies":"Lagavulin","floor":6,"turns":8}],"seed_played":"-2690512934761187922","potions_obtained":[{"floor":1,"key":"Ancient Potion"},{"floor":4,"key":"Dexterity Potion"}],"is_trial":false,"path_per_floor":["M","?","?","M","M","E"],"character_chosen":"HUNTRESS","items_purchased":[],"campfire_rested":0,"item_purchase_floors":[],"current_hp_per_floor":[70,70,56,56,51,29,29],"gold":167,"neow_bonus":"THREE_ENEMY_KILL","is_daily":false,"chose_seed":false,"campfire_upgraded":0,"win_rate":0.0,"timestamp":1611732086,"path_taken":["M","?","?","M","M","E"],"items_purchased_type":[],"build_version":"2020-12-22","purchased_purges":0,"victory":false,"max_hp_per_floor":[70,70,70,70,70,70,70],"relic_stats":{"counters":[4,13],"Ornamental Fan":[0],"obtain_stats":[{"DemoMod:Dog":0,"NeowsBlessing":0,"Ornamental Fan":6,"DemoMod:GlassGuonStoneRelic":1,"REME_ComplimentaryCards":0},{"DemoMod:Dog":0,"NeowsBlessing":0,"Ornamental Fan":4,"DemoMod:GlassGuonStoneRelic":1,"REME_ComplimentaryCards":0},{"DemoMod:Dog":0,"NeowsBlessing":0,"Ornamental Fan":13,"DemoMod:GlassGuonStoneRelic":1,"REME_ComplimentaryCards":0}]},"card_choices":[{"not_picked":["DemoMod:GunstockTap","DemoMod:MachoBrace"],"picked":"DemoMod:TripleGun","floor":1},{"not_picked":["DemoMod:HardPowerCard","DemoMod:AbyssalTentacle"],"picked":"DemoMod:ZorGun","floor":4},{"not_picked":["DemoMod:BlackHoleGun","DemoMod:PotionOfGunFriendShip"],"picked":"DemoMod:DirectionalPad","floor":5},{"not_picked":["DemoMod:HardPowerCard","DemoMod:Ejector"],"picked":"DemoMod:PracticeMakesPerfect","floor":6}],"player_experience":148252,"relics_obtained":[{"floor":6,"key":"Ornamental Fan"}],"event_choices":[{"damage_healed":0,"gold_gain":0,"player_choice":"Grow","damage_taken":0,"max_hp_gain":0,"max_hp_loss":0,"event_name":"Living Wall","floor":2,"gold_loss":0,"cards_upgraded":["DemoMod:TripleGun"]},{"damage_healed":0,"gold_gain":0,"player_choice":"Entered Light","damage_taken":14,"max_hp_gain":0,"max_hp_loss":0,"event_name":"Shining Light","floor":3,"gold_loss":0,"cards_upgraded":["DemoMod:Roll","DemoMod:Defend_Huntress"]}],"is_beta":false,"boss_relics":[],"items_purged_floors":[],"is_endless":false,"potions_floor_spawned":[1,4],"killed_by":"Lagavulin","ascension_level":0}}