{"host":"ut3qe46kys7sl3ey","time":1611734216,"event":{"mods":["2.2 Compatiblity","AchievementEnabler","Bard","BaseMod","Bestiary","Better Altar","Better Match","Better Note","Better Sensory Stone","Better Skull","Better Third Choice","BetterRewards","Block Reminder","Colored Map","Colored Powertips","Curses Come First","DeckTracker","Downfall","Energized Spire","Friendly Minions","Highlight Path","Hubris","Infinite Spire","Minty Spire (QoL Compilation)","Permanent Neow","Quick Restart","Random Character Button","Relic Sorter","Relic Stats","Reliquary","Replay The Spire","StSLib","The Blue Laboratory","The Bug Knight","The Construct","The Cursed","The Jungle","The Mystic","The Spell Scribe","Unceasing Turn Reminder","Unknown Chances","Wandering Minibosses"],"gold_per_floor":[115,127,140,155,155,185,204,217,244,261,261,280,280,280,280,58,58,158,158,173,173,173,173,192,192,192,202,219,236,236,236,270,270,270],"floor_reached":33,"language":"ENG","playtime":4325,"items_purged":[],"score":271,"play_id":"939c0b0c-4269-441d-a8fd-ab1822b9d181","local_time":"20210127095656","is_ascension_mode":false,"campfire_choices":[{"floor":11,"key":"REST"},{"data":"HollowMod:GrimmsGift","floor":17,"key":"SMITH"},{"floor":31,"key":"REST"}],"circlet_count":0,"master_deck":["HollowMod:NailStrikeStart","HollowMod:NailStrikeStart","HollowMod:NailStrikeStart","HollowMod:NailStrikeStart","HollowMod:QuickDashStart","HollowMod:QuickDashStart","HollowMod:QuickDashStart","HollowMod:FocusHealStart+1","HollowMod:PogoStrike","HollowMod:SharpenedNail","HollowMod:WraithStrike","HollowMod:CycloneSlash","HollowMod:MothsMistake","HollowMod:HeavyBlow","HollowMod:GrimmsGift+1","HollowMod:DashSlash","Replay:Sssssssssstrike","HollowMod:AbyssShriek","HollowMod:Hiveblood","HollowMod:GoodIntentions","infinitespire:Punishment","HollowMod:ShapeofUnn","HollowMod:DescendingDark+1","HollowMod:ShadowDash","HollowMod:NewJinnsSoul"],"relics":["HollowMod:VesselMask","construct:RocketBooster","Lantern","hubris:EmptyBottle","bronze:MakeshiftBattery","reliquary:IridiumChain","reliquary:BallBearing","HollowMod:LifeEnderRelic"],"acts_visited":["Exordium","TheCity"],"potions_floor_usage":[4,4,18,18,18,18,18,24,32,32,32,32,32,32,33],"damage_taken":[{"damage":1,"enemies":"2 Louse","floor":1,"turns":3},{"damage":2,"enemies":"Cultist","floor":2,"turns":4},{"damage":3,"enemies":"Jaw Worm","floor":3,"turns":4},{"damage":5,"enemies":"Blue Slaver","floor":4,"turns":6},{"damage":31,"enemies":"Gremlin Nob","floor":6,"turns":5},{"damage":16,"enemies":"Exordium Wildlife","floor":7,"turns":3},{"damage":17,"enemies":"3 Louse","floor":8,"turns":5},{"damage":3,"enemies":"2 Fungi Beasts","floor":10,"turns":6},{"damage":0,"enemies":"Gremlin Gang","floor":12,"turns":5},{"damage":21,"enemies":"Hexaghost","floor":18,"turns":10},{"damage":16,"enemies":"Spheric Guardian","floor":20,"turns":4},{"damage":14,"enemies":"3 Byrds","floor":24,"turns":5},{"damage":41,"enemies":"Snake Plant","floor":27,"turns":4},{"damage":20,"enemies":"3 Cultists","floor":28,"turns":4},{"damage":8,"enemies":"Chosen and Byrds","floor":29,"turns":2},{"damage":45,"enemies":"Nightmare","floor":32,"turns":6},{"damage":11,"enemies":"Snecko","floor":33,"turns":2}],"seed_played":"2991661891329677151","potions_obtained":[{"floor":2,"key":"blueLaboratory:SavagePotion"},{"floor":3,"key":"Strength Potion"},{"floor":4,"key":"EssenceOfSteel"},{"floor":5,"key":"Flashbang"},{"floor":5,"key":"FearPotion"},{"floor":5,"key":"Swift Potion"},{"floor":10,"key":"SteroidPotion"},{"floor":12,"key":"blueLaboratory:FrostheartPotion"},{"floor":27,"key":"Dexterity Potion"},{"floor":29,"key":"Toxic Potion"},{"floor":32,"key":"FearPotion"}],"is_trial":false,"path_per_floor":["M","M","M","M","?","E","M","M","T","M","R","M","PTL","PTL","?","$","R","B",null,"M","AVR","?","?","M","PTL","PTL","M","M","M","T","R","NM","M"],"character_chosen":"THE_BUGKNIGHT","items_purchased":["HollowMod:AbyssShriek","hubris:EmptyBottle"],"campfire_rested":2,"item_purchase_floors":[16,16],"current_hp_per_floor":[75,75,75,70,70,48,38,31,31,34,56,62,62,62,62,62,62,47,75,65,65,65,65,61,61,61,38,18,10,10,32,8,0,0],"gold":270,"neow_bonus":"UPGRADE_CARD","is_daily":false,"chose_seed":false,"campfire_upgraded":1,"win_rate":0.0,"timestamp":1611734216,"path_taken":["M","M","M","M","?","E","M","M","T","M","R","?","PTL","PTL","?","$","R","BOSS","M","AVR","?","?","M","PTL","PTL","M","M","M","T","R","NM","?"],"items_purchased_type":["Card","Relic"],"build_version":"2020-12-22","purchased_purges":0,"victory":false,"max_hp_per_floor":[75,75,75,75,75,75,75,75,75,75,75,75,75,75,75,75,75,75,75,75,75,75,75,75,75,75,75,75,75,75,75,75,75,75],"relic_stats":{"counters":[17,78],"obtain_stats":[{"Lantern":9,"construct:RocketBooster":6,"HollowMod:LifeEnderRelic":32,"HollowMod:VesselMask":0,"reliquary:BallBearing":30,"hubris:EmptyBottle":16,"bronze:MakeshiftBattery":19,"reliquary:IridiumChain":23},{"Lantern":7,"construct:RocketBooster":5,"HollowMod:LifeEnderRelic":16,"HollowMod:VesselMask":0,"reliquary:BallBearing":15,"hubris:EmptyBottle":9,"bronze:MakeshiftBattery":10,"reliquary:IridiumChain":11},{"Lantern":30,"construct:RocketBooster":22,"HollowMod:LifeEnderRelic":76,"HollowMod:VesselMask":0,"reliquary:BallBearing":70,"hubris:EmptyBottle":41,"bronze:MakeshiftBattery":51,"reliquary:IridiumChain":55}]},"card_choices":[{"not_picked":["HollowMod:TaintedHusks","HollowMod:MonarchWings"],"picked":"HollowMod:VengefulVoid","floor":1},{"not_picked":["HollowMod:InfectedCysts","HollowMod:SoulSplash"],"picked":"HollowMod:SharpenedNail","floor":2},{"not_picked":["HollowMod:DoubleDash","HollowMod:ChannelNail"],"picked":"HollowMod:WraithStrike","floor":3},{"not_picked":["HollowMod:MidwifesHunger","HollowMod:CornifersMapStart","HollowMod:TaintedHusks"],"picked":"SKIP","floor":4},{"not_picked":["HollowMod:DreamGate","HollowMod:ShapeofUnn"],"picked":"HollowMod:CycloneSlash","floor":6},{"not_picked":["HollowMod:NewLittleFool","HollowMod:GoodIntentions"],"picked":"HollowMod:MothsMistake","floor":7},{"not_picked":["HollowMod:DreamGate","HollowMod:DungDefenderAura"],"picked":"HollowMod:HeavyBlow","floor":8},{"not_picked":["HollowMod:InfectedCysts","HollowMod:SoulEater"],"picked":"HollowMod:GrimmsGift","floor":10},{"not_picked":["HollowMod:InfectionAssault","HollowMod:InfectedCysts"],"picked":"HollowMod:DashSlash","floor":12},{"not_picked":["Transmutation","Jack Of All Trades"],"picked":"Replay:Sssssssssstrike","floor":15},{"not_picked":["HollowMod:MidwifesHunger","HollowMod:NewInfectedGuardian"],"picked":"HollowMod:Hiveblood","floor":18},{"not_picked":["HollowMod:CornifersMapStart","HollowMod:VengefulVoid"],"picked":"HollowMod:GoodIntentions","floor":20},{"not_picked":["HollowMod:SoulSplash","HollowMod:SoulShaman+1","HollowMod:HowlingWraiths+1"],"picked":"SKIP","floor":24},{"not_picked":["HollowMod:NewLittleFool+1","HollowMod:FallenFury"],"picked":"HollowMod:DescendingDark","floor":27},{"not_picked":["HollowMod:DungDefenderAura","HollowMod:LifebloodCocoon","HollowMod:NewJinnsSoul+1"],"picked":"SKIP","floor":28},{"not_picked":["HollowMod:SoulSplash","HollowMod:MonarchWings"],"picked":"HollowMod:ShadowDash","floor":29},{"not_picked":["HollowMod:HeavyBlow","HollowMod:VengefulSpirit"],"picked":"HollowMod:NewJinnsSoul","floor":32}],"player_experience":160604,"relics_obtained":[{"floor":6,"key":"construct:RocketBooster"},{"floor":9,"key":"Lantern"},{"floor":30,"key":"reliquary:BallBearing"},{"floor":32,"key":"HollowMod:LifeEnderRelic"}],"event_choices":[{"damage_healed":0,"gold_gain":0,"player_choice":"Got Potions","damage_taken":0,"max_hp_gain":0,"max_hp_loss":0,"event_name":"Lab","floor":5,"gold_loss":0},{"damage_healed":0,"gold_gain":1,"player_choice":"1","damage_taken":0,"max_hp_gain":0,"max_hp_loss":0,"event_name":"betterStone:BetterStone","floor":15,"gold_loss":0},{"damage_healed":0,"gold_gain":0,"cards_transformed":["HollowMod:QuickDashStart"],"player_choice":"Transformed","damage_taken":0,"max_hp_gain":0,"max_hp_loss":0,"event_name":"Transmorgrifier","floor":22,"gold_loss":0,"cards_obtained":["HollowMod:ShapeofUnn"]},{"cards_removed":["HollowMod:VengefulVoid"],"damage_healed":0,"gold_gain":0,"player_choice":"Gave Card","damage_taken":0,"relics_obtained":["reliquary:IridiumChain"],"max_hp_gain":0,"max_hp_loss":0,"event_name":"WeMeetAgain","floor":23,"gold_loss":0}],"is_beta":false,"boss_relics":[{"not_picked":["Black Star","energizedSpire:EnergizedDie"],"picked":"bronze:MakeshiftBattery"}],"items_purged_floors":[],"is_endless":false,"potions_floor_spawned":[2,3,4,10,12,27,29,32],"killed_by":"Snecko","ascension_level":0}}