{"host":"vhvubw4jk4f204qs","time":1611714850,"event":{"mods":["AchievementEnabler","BaseMod","DeckTracker","GifTheSpireLib","Minty Spire (QoL Compilation)","Permanent Neow","Quick Restart","StSLib","SuperFastMode","The IronCluck","slay the spire mod where everything is the same but ironclad has a cowboy hat"],"gold_per_floor":[368,388,338,69,69,108,123,161,161,194,194,210,210,235,235,361,361,376,376,71,94,13,48,48,48,48,48,73,73,107,107,107,226,226,249,85,110,125,141,141,176,239,262,262,601,601,617,637,637,637],"floor_reached":51,"language":"ENG","playtime":2283,"items_purged":["Defend_R","Carnage"],"score":902,"play_id":"7c0594f3-c723-4e3a-a9e3-32e67c0c607b","local_time":"20210126213410","is_ascension_mode":true,"campfire_choices":[{"data":"Offering","floor":11,"key":"SMITH"},{"data":"Feed","floor":13,"key":"SMITH"},{"data":"Inflame","floor":15,"key":"SMITH"},{"data":"True Grit","floor":24,"key":"SMITH"},{"data":"Limit Break","floor":27,"key":"SMITH"},{"data":"Heavy Blade","floor":29,"key":"SMITH"},{"floor":32,"key":"REST"},{"floor":40,"key":"REST"},{"data":"Limit Break","floor":44,"key":"SMITH"},{"data":"Exhume","floor":46,"key":"SMITH"},{"data":"Dual Wield","floor":49,"key":"SMITH"}],"circlet_count":0,"master_deck":["Clash","Clash","Spot Weakness","Inflame+1","Clash","Sword Boomerang+1","Offering+1","Cleave","Pummel","Limit Break+1","Rupture","Twin Strike","Bloodletting","Bloodletting","True Grit+1","Bandage Up","Dual Wield+1","Spot Weakness","Second Wind","Heavy Blade+1","Second Wind","Limit Break+1","Sentinel+1","Limit Break+1","Twin Strike+1","Reaper","Exhume+1","Sentinel+1"],"relics":["Burning Blood","Golden Idol","Nunchaku","Bottled Lightning","PreservedInsect","Whetstone","Pandora\u0027s Box","ClockworkSouvenir","StoneCalendar","Bottled Flame","Boot","Astrolabe","Charon\u0027s Ashes","Gambling Chip","Oddly Smooth Stone","Old Coin"],"acts_visited":["Exordium","TheCity","TheBeyond"],"potions_floor_usage":[6,10,12,23,28,38,39,41,50],"damage_taken":[{"damage":6,"enemies":"Cultist","floor":1,"turns":3},{"damage":2,"enemies":"Small Slimes","floor":2,"turns":4},{"damage":13,"enemies":"Lagavulin","floor":6,"turns":3},{"damage":6,"enemies":"Jaw Worm","floor":7,"turns":2},{"damage":11,"enemies":"Gremlin Nob","floor":8,"turns":3},{"damage":8,"enemies":"3 Sentries","floor":10,"turns":3},{"damage":13,"enemies":"Gremlin Gang","floor":12,"turns":3},{"damage":8,"enemies":"Lots of Slimes","floor":14,"turns":2},{"damage":6,"enemies":"Slime Boss","floor":16,"turns":4},{"damage":12,"enemies":"Spheric Guardian","floor":18,"turns":2},{"damage":18,"enemies":"Shell Parasite","floor":21,"turns":2},{"damage":21,"enemies":"Book of Stabbing","floor":23,"turns":2},{"damage":9,"enemies":"3 Cultists","floor":28,"turns":4},{"damage":33,"enemies":"Slavers","floor":30,"turns":3},{"damage":35,"enemies":"Collector","floor":33,"turns":7},{"damage":29,"enemies":"3 Darklings","floor":35,"turns":4},{"damage":12,"enemies":"3 Shapes","floor":37,"turns":7},{"damage":17,"enemies":"Spire Growth","floor":38,"turns":2},{"damage":63,"enemies":"Maw","floor":39,"turns":6},{"damage":19,"enemies":"Giant Head","floor":41,"turns":2},{"damage":23,"enemies":"Mind Bloom Boss Battle","floor":42,"turns":6},{"damage":27,"enemies":"Nemesis","floor":45,"turns":3},{"damage":42,"enemies":"4 Shapes","floor":47,"turns":3},{"damage":44,"enemies":"Writhing Mass","floor":48,"turns":2},{"damage":53,"enemies":"Time Eater","floor":50,"turns":4}],"seed_played":"-8903674958771349536","potions_obtained":[{"floor":1,"key":"SteroidPotion"},{"floor":2,"key":"PowerPotion"},{"floor":7,"key":"Fire Potion"},{"floor":8,"key":"SpeedPotion"},{"floor":21,"key":"DuplicationPotion"},{"floor":30,"key":"SpeedPotion"},{"floor":33,"key":"AttackPotion"},{"floor":35,"key":"EssenceOfSteel"},{"floor":37,"key":"Strength Potion"},{"floor":38,"key":"Ancient Potion"},{"floor":47,"key":"Strength Potion"},{"floor":48,"key":"Ancient Potion"}],"is_trial":false,"path_per_floor":["M","M","?","$","?","E","M","E","T","E","R","M","R","M","R","B",null,"M","?","$","M","$","E","R","?","T","R","M","R","E","$","R","B",null,"M","$","M","M","M","R","E","?","T","R","E","R","M","M","R","B",null],"character_chosen":"IRONCLAD","items_purchased":["Spot Weakness","Feed","Fire Potion","ClockworkSouvenir","Spot Weakness","Reaper"],"campfire_rested":2,"item_purchase_floors":[4,4,20,20,22,36],"current_hp_per_floor":[56,60,60,60,60,53,56,51,51,52,52,48,48,46,46,46,83,77,77,77,69,69,54,54,54,54,54,59,59,32,32,58,33,87,68,68,66,59,12,38,29,74,74,74,74,74,87,87,87,67],"gold":637,"neow_bonus":"TWO_FIFTY_GOLD","is_daily":false,"chose_seed":false,"campfire_upgraded":9,"win_rate":0.0,"timestamp":1611714850,"path_taken":["M","M","?","$","?","E","M","E","T","E","R","M","R","M","R","BOSS","M","?","$","?","?","E","R","?","T","R","M","R","E","$","R","BOSS","M","$","M","M","M","R","E","?","T","R","E","R","M","M","R","BOSS"],"items_purchased_type":["Card","Card","Potion","Relic","Card","Card"],"build_version":"2020-12-22","purchased_purges":2,"victory":true,"max_hp_per_floor":[80,80,80,80,74,74,77,77,77,80,80,83,83,83,83,83,83,83,83,83,83,83,83,83,83,83,83,87,87,87,87,87,87,87,87,87,87,87,87,87,87,87,87,87,87,87,87,87,87,87],"card_choices":[{"not_picked":["Searing Blow","Heavy Blade"],"picked":"Clash","floor":1},{"not_picked":["Metallicize","Sentinel"],"picked":"Clash","floor":2},{"not_picked":["Headbutt","Heavy Blade"],"picked":"Inflame","floor":6},{"not_picked":["Feel No Pain","Armaments"],"picked":"Clash","floor":7},{"not_picked":["Pummel","Thunderclap"],"picked":"Sword Boomerang","floor":8},{"not_picked":["Carnage","Wild Strike"],"picked":"Offering","floor":10},{"not_picked":["Shrug It Off","Feel No Pain"],"picked":"Cleave","floor":12},{"not_picked":["Flex","Cleave"],"picked":"Pummel","floor":14},{"not_picked":["Reaper","Double Tap"],"picked":"Limit Break","floor":16},{"not_picked":["Body Slam","Metallicize","Wild Strike"],"picked":"SKIP","floor":18},{"not_picked":["Shockwave+1","Shrug It Off"],"picked":"Dual Wield","floor":21},{"not_picked":["Cleave","Thunderclap"],"picked":"Second Wind","floor":23},{"not_picked":["Disarm","Clothesline"],"picked":"Heavy Blade","floor":28},{"not_picked":["Inflame","Rampage"],"picked":"Second Wind","floor":30},{"not_picked":["Exhume","Double Tap"],"picked":"Limit Break","floor":33},{"not_picked":["Iron Wave","Havoc+1","Dual Wield"],"picked":"SKIP","floor":35},{"not_picked":["Whirlwind+1","Seeing Red+1","Body Slam"],"picked":"SKIP","floor":37},{"not_picked":["Blood for Blood+1","Ghostly Armor+1","Armaments"],"picked":"SKIP","floor":38},{"not_picked":["Thunderclap","Havoc+1","Wild Strike+1"],"picked":"SKIP","floor":39},{"not_picked":["Shockwave","Intimidate+1"],"picked":"Exhume","floor":41},{"not_picked":["Perfected Strike+1","Flame Barrier","Entrench"],"picked":"SKIP","floor":45},{"not_picked":["Headbutt","Clash","Perfected Strike+1"],"picked":"SKIP","floor":47},{"not_picked":["Ghostly Armor+1","Headbutt"],"picked":"Sentinel+1","floor":48}],"player_experience":730270,"relics_obtained":[{"floor":6,"key":"Nunchaku"},{"floor":8,"key":"Bottled Lightning"},{"floor":9,"key":"PreservedInsect"},{"floor":10,"key":"Whetstone"},{"floor":23,"key":"StoneCalendar"},{"floor":26,"key":"Bottled Flame"},{"floor":30,"key":"Boot"},{"floor":41,"key":"Charon\u0027s Ashes"},{"floor":42,"key":"Gambling Chip"},{"floor":43,"key":"Oddly Smooth Stone"},{"floor":45,"key":"Old Coin"}],"event_choices":[{"cards_removed":["Defend_R"],"damage_healed":0,"gold_gain":0,"player_choice":"Card Removal","damage_taken":0,"max_hp_gain":0,"max_hp_loss":0,"event_name":"The Cleric","floor":3,"gold_loss":50},{"damage_healed":0,"gold_gain":0,"player_choice":"Lose Max HP","damage_taken":0,"relics_obtained":["Golden Idol"],"max_hp_gain":0,"max_hp_loss":6,"event_name":"Golden Idol","floor":5,"gold_loss":0},{"damage_healed":0,"gold_gain":0,"player_choice":"2 cards matched","damage_taken":0,"max_hp_gain":0,"max_hp_loss":0,"event_name":"Match and Keep!","floor":19,"gold_loss":0,"cards_obtained":["Carnage","Bandage Up"]},{"cards_removed":["Whirlwind"],"damage_healed":0,"gold_gain":0,"player_choice":"Elegance","damage_taken":0,"max_hp_gain":0,"max_hp_loss":0,"event_name":"Back to Basics","floor":25,"gold_loss":0},{"damage_healed":0,"gold_gain":0,"player_choice":"Fight","damage_taken":0,"max_hp_gain":0,"max_hp_loss":0,"event_name":"MindBloom","floor":42,"gold_loss":0}],"is_beta":false,"boss_relics":[{"not_picked":["Black Blood","SacredBark"],"picked":"Pandora\u0027s Box"},{"not_picked":["Calling Bell","Snecko Eye"],"picked":"Astrolabe"}],"items_purged_floors":[4,20],"is_endless":false,"potions_floor_spawned":[1,2,7,8,21,30,33,35,37,38,47,48],"ascension_level":1}}