{"host":"b7j598ve05halrwk","time":1611719987,"event":{"mods":["2.2 Compatiblity","BaseMod","Block Reminder","DeckTracker","Minty Spire (QoL Compilation)","Relic Stats","Slay the Relics Exporter","StSLib","ojb\u0027s Better Paths Mod","ojb\u0027s Info Mod"],"gold_per_floor":[117,129,129,147,167,167,200,200,223,254,269,289,319,332,332,404,404,416,30,46,57,57,84,84,110,149,73,105,122,122,148,148,219,219,235,46,71,87,87,115,115,115,115],"floor_reached":42,"language":"ENG","playtime":3369,"items_purged":["Strike_B","Defend_B"],"score":1252,"play_id":"5b51d559-645b-4500-bad0-018cc0ae04df","local_time":"20210126225947","is_ascension_mode":true,"campfire_choices":[{"data":"Sunder","floor":6.0,"key":"SMITH"},{"floor":8.0,"key":"REST"},{"data":"1","floor":15.0,"key":"LIFT"},{"data":"Seek","floor":30.0,"key":"SMITH"},{"data":"Biased Cognition","floor":32.0,"key":"SMITH"}],"circlet_count":0,"master_deck":["AscendersBane","Defend_B","Defend_B","Defend_B","Zap","Dualcast","Leap","Ball Lightning","Sunder+1","Sweeping Beam","Undo","Ball Lightning","Hologram","Compile Driver","Hyperbeam","Cold Snap","Seek+1","CurseOfTheBell","Sweeping Beam+1","Storm","Turbo","Coolheaded","Storm","Capacitor","Bite+1","Bite","Bite","Bite","Bite","Skim+1","RitualDagger","Storm+1","Echo Form","BootSequence","Biased Cognition+1","Meteor Strike","Static Discharge","Glacier","Capacitor","Core Surge","Good Instincts","Impatience","Genetic Algorithm+1","Madness","Madness"],"relics":["SlaversCollar","DataDisk","Akabeko","MealTicket","Nunchaku","Girya","Calling Bell","Vajra","Mummified Hand","Bird Faced Urn","Toolbox","Bottled Flame","MawBank","Whetstone","FossilizedHelix","Toy Ornithopter","Inserter","Emotion Chip","Happy Flower"],"acts_visited":["Exordium","TheCity","TheBeyond"],"potions_floor_usage":[40],"damage_taken":[{"damage":0.0,"enemies":"2 Louse","floor":1.0,"turns":3.0},{"damage":0.0,"enemies":"Small Slimes","floor":2.0,"turns":5.0},{"damage":2.0,"enemies":"Jaw Worm","floor":4.0,"turns":4.0},{"damage":12.0,"enemies":"2 Fungi Beasts","floor":5.0,"turns":4.0},{"damage":20.0,"enemies":"3 Sentries","floor":7.0,"turns":5.0},{"damage":25.0,"enemies":"Lagavulin","floor":10.0,"turns":6.0},{"damage":0.0,"enemies":"Large Slime","floor":11.0,"turns":4.0},{"damage":1.0,"enemies":"Red Slaver","floor":12.0,"turns":2.0},{"damage":1.0,"enemies":"3 Sentries","floor":13.0,"turns":3.0},{"damage":2.0,"enemies":"Gremlin Gang","floor":14.0,"turns":2.0},{"damage":0.0,"enemies":"Slime Boss","floor":16.0,"turns":5.0},{"damage":17.0,"enemies":"Shell Parasite","floor":18.0,"turns":6.0},{"damage":0.0,"enemies":"Chosen","floor":20.0,"turns":2.0},{"damage":20.0,"enemies":"Centurion and Healer","floor":21.0,"turns":5.0},{"damage":7.0,"enemies":"Slavers","floor":23.0,"turns":4.0},{"damage":24.0,"enemies":"Gremlin Leader","floor":25.0,"turns":7.0},{"damage":9.0,"enemies":"Slavers","floor":28.0,"turns":3.0},{"damage":8.0,"enemies":"Sentry and Sphere","floor":29.0,"turns":4.0},{"damage":12.0,"enemies":"Book of Stabbing","floor":31.0,"turns":4.0},{"damage":24.0,"enemies":"Collector","floor":33.0,"turns":5.0},{"damage":0,"enemies":"Orb Walker","floor":35,"turns":2},{"damage":14,"enemies":"Mind Bloom Boss Battle","floor":37,"turns":7},{"damage":39,"enemies":"3 Darklings","floor":38,"turns":6},{"damage":0,"enemies":"Reptomancer","floor":40,"turns":4},{"damage":62,"enemies":"Giant Head","floor":42,"turns":6}],"seed_played":"-6308707932365452042","potions_obtained":[{"floor":4.0,"key":"SmokeBomb"},{"floor":10.0,"key":"DistilledChaos"},{"floor":11.0,"key":"SkillPotion"},{"floor":13.0,"key":"Swift Potion"},{"floor":14.0,"key":"SpeedPotion"},{"floor":16.0,"key":"Fire Potion"},{"floor":18.0,"key":"EssenceOfSteel"},{"floor":21.0,"key":"FearPotion"},{"floor":28.0,"key":"ColorlessPotion"},{"floor":33.0,"key":"DuplicationPotion"},{"floor":40,"key":"SpeedPotion"}],"is_trial":false,"path_per_floor":["M","M","?","M","M","R","E","R","T","E","M","M","E","M","R","B",null,"M","$","M","M","?","E","?","E","T","$","E","M","R","E","R","B",null,"M","$","?","M","?","E","?","E"],"character_chosen":"DEFECT","items_purchased":["Storm","Toolbox","Turbo","Coolheaded","Echo Form","Glacier"],"campfire_rested":1,"item_purchase_floors":[19,19,19,19,27,36],"current_hp_per_floor":[64,64,59,57,45,45,25,46,46,21,21,20,19,17,17,17,58,41,56,56,40,40,47,41,37,37,49,48,43,43,41,41,44,48,49,49,48,22,17,34,25,0,0],"gold":115,"neow_bonus":"BOSS_RELIC","is_daily":false,"chose_seed":false,"campfire_upgraded":3,"win_rate":0.0,"timestamp":1611719987,"path_taken":["M","M","?","M","M","R","E","R","T","E","M","M","E","M","R","BOSS","M","$","M","M","?","E","?","E","T","$","E","M","R","E","R","BOSS","M","$","?","M","?","E","?","E"],"items_purchased_type":["Card","Relic","Card","Card","Card","Card"],"build_version":"2020-12-22","purchased_purges":2,"victory":false,"max_hp_per_floor":[71,71,71,71,71,71,71,71,71,71,71,71,71,71,71,71,71,71,71,71,71,49,49,49,49,49,49,49,49,49,49,49,49,49,49,49,49,49,49,49,49,49,49],"relic_stats":{"Nunchaku":[16],"Emotion Chip":[19,12,7,0,0],"Inserter":[12],"Happy Flower":[2],"counters":[25,108],"Mummified Hand":[71],"Bird Faced Urn":[72],"MealTicket":27,"Whetstone":["Bite","Sweeping Beam"],"MawBank":24,"obtain_stats":[{"Girya":13,"Inserter":34,"Happy Flower":40,"Vajra":17,"Whetstone":26,"MawBank":25,"Akabeko":7,"Calling Bell":17,"SlaversCollar":0,"DataDisk":3,"Nunchaku":10,"Bottled Flame":23,"Emotion Chip":37,"Mummified Hand":17,"Bird Faced Urn":17,"Toolbox":19,"MealTicket":9,"Cracked Core":0,"FossilizedHelix":28,"Toy Ornithopter":31},{"Girya":9,"Inserter":20,"Happy Flower":24,"Vajra":11,"Whetstone":16,"MawBank":16,"Akabeko":5,"Calling Bell":11,"SlaversCollar":0,"DataDisk":2,"Nunchaku":6,"Bottled Flame":15,"Emotion Chip":22,"Mummified Hand":11,"Bird Faced Urn":11,"Toolbox":12,"MealTicket":5,"Cracked Core":0,"FossilizedHelix":17,"Toy Ornithopter":19},{"Girya":36,"Inserter":83,"Happy Flower":102,"Vajra":43,"Whetstone":67,"MawBank":67,"Akabeko":21,"Calling Bell":43,"SlaversCollar":0,"DataDisk":8,"Nunchaku":27,"Bottled Flame":60,"Emotion Chip":92,"Mummified Hand":43,"Bird Faced Urn":43,"Toolbox":49,"MealTicket":21,"Cracked Core":0,"FossilizedHelix":70,"Toy Ornithopter":78}],"Toy Ornithopter":15},"card_choices":[{"not_picked":["Conserve Battery","Genetic Algorithm"],"picked":"Leap","floor":1.0},{"not_picked":["Cold Snap","Chaos"],"picked":"Ball Lightning","floor":2.0},{"not_picked":["Force Field","Gash"],"picked":"Sunder","floor":4.0},{"not_picked":["Force Field","Sunder"],"picked":"Sweeping Beam","floor":5.0},{"not_picked":["Recycle","Melter"],"picked":"Undo","floor":7.0},{"not_picked":["All For One","Chaos"],"picked":"Ball Lightning","floor":10.0},{"not_picked":["Conserve Battery","Streamline"],"picked":"Hologram","floor":11.0},{"not_picked":["Auto Shields","Go for the Eyes"],"picked":"Compile Driver","floor":12.0},{"not_picked":["Stack","Streamline"],"picked":"Hyperbeam","floor":13.0},{"not_picked":["Sweeping Beam","Go for the Eyes"],"picked":"Cold Snap","floor":14.0},{"not_picked":["Machine Learning","Core Surge"],"picked":"Seek","floor":16.0},{"not_picked":["Darkness","Gash"],"picked":"Sweeping Beam","floor":18.0},{"not_picked":["Steam","Blizzard"],"picked":"Storm","floor":20.0},{"not_picked":["Beam Cell","Barrage"],"picked":"Capacitor","floor":21.0},{"not_picked":["Leap+1","Reprogram"],"picked":"Skim+1","floor":23.0},{"not_picked":["Scrape","Cold Snap+1"],"picked":"Storm+1","floor":25.0},{"not_picked":["Redo+1","Sweeping Beam","Stack"],"picked":"SKIP","floor":28.0},{"not_picked":["Rip and Tear","Compile Driver"],"picked":"BootSequence","floor":29.0},{"not_picked":["Hello World","Ball Lightning"],"picked":"Biased Cognition","floor":31.0},{"not_picked":["Hyperbeam","Multi-Cast"],"picked":"Meteor Strike","floor":33.0},{"not_picked":["Gash+1","Rebound"],"picked":"Static Discharge","floor":35},{"not_picked":["Hologram","Redo"],"picked":"Capacitor","floor":37},{"not_picked":["Redo","Capacitor"],"picked":"Core Surge","floor":38},{"not_picked":["Trip","Mayhem"],"picked":"Good Instincts","floor":39},{"not_picked":["Jack Of All Trades","Dramatic Entrance"],"picked":"Impatience","floor":39},{"not_picked":["Redo","Barrage+1"],"picked":"Genetic Algorithm+1","floor":40}],"player_experience":1045941,"relics_obtained":[{"floor":7.0,"key":"Akabeko"},{"floor":9.0,"key":"MealTicket"},{"floor":10.0,"key":"Nunchaku"},{"floor":13.0,"key":"Girya"},{"floor":17.0,"key":"Vajra"},{"floor":17.0,"key":"Mummified Hand"},{"floor":17.0,"key":"Bird Faced Urn"},{"floor":23.0,"key":"Bottled Flame"},{"floor":25.0,"key":"MawBank"},{"floor":26.0,"key":"Whetstone"},{"floor":28.0,"key":"FossilizedHelix"},{"floor":31.0,"key":"Toy Ornithopter"},{"floor":37,"key":"Emotion Chip"},{"floor":40,"key":"Happy Flower"}],"event_choices":[{"damage_healed":0.0,"max_hp_gain":0.0,"max_hp_loss":0.0,"gold_gain":0.0,"event_name":"Scrap Ooze","player_choice":"Success","floor":3.0,"gold_loss":0.0,"damage_taken":5.0,"relics_obtained":["DataDisk"]},{"damage_healed":0.0,"max_hp_gain":0.0,"max_hp_loss":22.0,"gold_gain":0.0,"event_name":"Vampires","player_choice":"Became a vampire","floor":22.0,"gold_loss":0.0,"damage_taken":0.0,"cards_obtained":["Bite","Bite","Bite","Bite","Bite"]},{"damage_healed":0.0,"max_hp_gain":0.0,"max_hp_loss":0.0,"gold_gain":0.0,"event_name":"Nest","player_choice":"Joined the Cult","floor":24.0,"gold_loss":0.0,"damage_taken":6.0,"cards_obtained":["RitualDagger"]},{"damage_healed":0,"gold_gain":0,"player_choice":"Fight","damage_taken":0,"max_hp_gain":0,"max_hp_loss":0,"event_name":"MindBloom","floor":37,"gold_loss":0},{"damage_healed":0,"gold_gain":0,"player_choice":"Memory 2","damage_taken":5,"max_hp_gain":0,"max_hp_loss":0,"event_name":"SensoryStone","floor":39,"gold_loss":0},{"damage_healed":0,"gold_gain":0,"player_choice":"Embrace Madness","damage_taken":9,"max_hp_gain":0,"max_hp_loss":0,"event_name":"Winding Halls","floor":41,"gold_loss":0,"cards_obtained":["Madness","Madness"]}],"is_beta":false,"boss_relics":[{"not_picked":["Black Star","Velvet Choker"],"picked":"Calling Bell"},{"not_picked":["SacredBark","Busted Crown"],"picked":"Inserter"}],"items_purged_floors":[19,36],"is_endless":false,"potions_floor_spawned":[4,10,11,13,14,16,18,21,28,33,40],"killed_by":"Giant Head","ascension_level":20}}