{"host":"qm1va34thld9e1ze","time":1611751778,"event":{"mods":["BaseMod","BetterRewards","Colored Powertips","Downfall","Hubris","Infinite Spire","Minty Spire (QoL Compilation)","Quick Restart","Replay The Spire","StSLib","everything is the same but u backflip on backflip"],"gold_per_floor":[112,165,184,30,50,50,64,64,64,78,78,98,98,112,112,112,112,213,213,195,195,213,163,174,174,264,282,282,282,381,401,401,401,401],"floor_reached":33,"language":"ENG","playtime":1925,"items_purged":[],"score":239,"play_id":"ac5fbe04-d243-4343-aaf9-ab725164bb4c","local_time":"20210127134938","is_ascension_mode":false,"campfire_choices":[{"floor":6,"key":"REST"},{"floor":17,"key":"REST"},{"floor":25,"key":"REST"}],"circlet_count":0,"master_deck":["Strike_G","Strike_G","Strike_G","Strike_G","Strike_G","Defend_G+1","Defend_G","Defend_G","Defend_G","Defend_G","Survivor","Neutralize","Noxious Fumes","Hidden Blade","Toxin Wave","Deflect","Cloak And Dagger","Riddle With Holes","Blade Dance","Dagger Spray","Footwork","infinitespire:Neurotoxin","Injury","champ:Taunt","infinitespire:Neurotoxin","Dramatic Entrance","ReplayTheSpireMod:Black Plague","Slice+1","Reflex+1","hubris:Counter","Cloak And Dagger","Slice+1"],"relics":["Ring of the Snake","NeowsBlessing","Snake Skull","Strawberry","Gambling Chip","ReplayTheSpireMod:TigerMarble","ReplayTheSpireMod:SealedPack","infinitespire:Beetle Shell"],"acts_visited":["Exordium","TheCity"],"potions_floor_usage":[10,13,14,18,18,20,27],"damage_taken":[{"damage":0,"enemies":"Cultist","floor":1,"turns":1},{"damage":0,"enemies":"Jaw Worm","floor":3,"turns":1},{"damage":0,"enemies":"Small Slimes","floor":5,"turns":1},{"damage":3,"enemies":"2 Fungi Beasts","floor":7,"turns":3},{"damage":6,"enemies":"Gremlin Gang","floor":10,"turns":5},{"damage":7,"enemies":"Looter","floor":12,"turns":3},{"damage":0,"enemies":"Red Slaver","floor":14,"turns":4},{"damage":16,"enemies":"Slime Boss","floor":18,"turns":10},{"damage":24,"enemies":"2 Thieves","floor":20,"turns":5},{"damage":20,"enemies":"Spheric Guardian","floor":22,"turns":5},{"damage":6,"enemies":"Snake Plant","floor":24,"turns":3},{"damage":9,"enemies":"Cultist and Chosen","floor":27,"turns":5},{"damage":16,"enemies":"Centurion and Healer","floor":31,"turns":6},{"damage":15,"enemies":"Snake Plant","floor":33,"turns":3}],"seed_played":"1514649532060349911","potions_obtained":[{"floor":2,"key":"Flashbang"},{"floor":7,"key":"Poison Potion"},{"floor":13,"key":"Fruit Juice"},{"floor":13,"key":"SpeedPotion"},{"floor":13,"key":"ColorlessPotion"},{"floor":14,"key":"champ:CounterPotion"},{"floor":18,"key":"Adrenaline Potion"},{"floor":24,"key":"Adrenaline Potion"},{"floor":27,"key":"ColorlessPotion"}],"is_trial":false,"path_per_floor":["M","?","M","$","M","R","M","?","T","M","?","M","?","M","PTL","PTL","R","B",null,"M","?","M","?","M","R","?","M","T","$","?","M","AVR","M"],"character_chosen":"THE_SILENT","items_purchased":["Strawberry"],"campfire_rested":3,"item_purchase_floors":[4],"current_hp_per_floor":[70,42,42,49,49,72,69,69,69,63,63,56,61,61,61,61,82,66,82,58,58,38,38,32,56,44,35,35,35,35,19,19,4,4],"gold":401,"neow_bonus":"THREE_ENEMY_KILL","is_daily":false,"chose_seed":false,"campfire_upgraded":0,"win_rate":0.0,"timestamp":1611751778,"path_taken":["M","?","M","$","M","R","M","?","T","M","?","?","?","M","PTL","PTL","R","BOSS","M","?","M","?","?","R","?","M","T","?","?","?","AVR","M"],"items_purchased_type":["Relic"],"build_version":"2020-12-22","purchased_purges":0,"victory":false,"max_hp_per_floor":[70,70,70,77,77,77,77,77,77,77,77,77,82,82,82,82,82,82,82,82,82,82,82,82,82,82,82,82,82,82,82,82,82,82],"card_choices":[{"not_picked":["Dagger Throw","Acrobatics"],"picked":"Noxious Fumes","floor":1},{"not_picked":["Masterful Stab","ReplayTheSpireMod:Scrap Shanks"],"picked":"Hidden Blade","floor":2},{"not_picked":["Noxious Fumes","hubris:SlightOfHand"],"picked":"Toxin Wave","floor":2},{"not_picked":["Burst","ReplayTheSpireMod:Tripwire"],"picked":"Deflect","floor":3},{"not_picked":["Prepared","Blade Dance"],"picked":"Cloak And Dagger","floor":5},{"not_picked":["Hidden Blade","Bane"],"picked":"Riddle With Holes","floor":7},{"not_picked":["Terror","hubris:Counter"],"picked":"Blade Dance","floor":10},{"not_picked":["Poisoned Stab","Crippling Poison"],"picked":"Dagger Spray","floor":12},{"not_picked":["Dagger Throw","Underhanded Strike"],"picked":"Footwork","floor":14},{"not_picked":["Malaise","Adrenaline"],"picked":"infinitespire:Neurotoxin","floor":18},{"not_picked":["bronze:Replicate","Guardian:CurlUp"],"picked":"champ:Taunt","floor":19},{"not_picked":["Corpse Explosion","Doppelganger"],"picked":"infinitespire:Neurotoxin","floor":19},{"not_picked":["Replay:Sssssssssstrike","Survey Options"],"picked":"Dramatic Entrance","floor":19},{"not_picked":["infinitespire:NeuralNetwork","ReplayTheSpireMod:Echoes of Time"],"picked":"ReplayTheSpireMod:Black Plague","floor":19},{"not_picked":["Poisoned Stab","Cloak And Dagger+1"],"picked":"Slice+1","floor":20},{"not_picked":["Dodge and Roll","Acrobatics"],"picked":"Reflex+1","floor":22},{"not_picked":["ReplayTheSpireMod:From All Sides","Underhanded Strike"],"picked":"hubris:Counter","floor":24},{"not_picked":["Dodge and Roll","Underhanded Strike"],"picked":"Cloak And Dagger","floor":27},{"not_picked":["Underhanded Strike+1","Sneak Up"],"picked":"Slice+1","floor":31}],"player_experience":221861,"relics_obtained":[{"floor":2,"key":"Snake Skull"},{"floor":9,"key":"Gambling Chip"},{"floor":28,"key":"infinitespire:Beetle Shell"}],"event_choices":[{"damage_healed":0,"gold_gain":0,"player_choice":"Gave Potion","damage_taken":0,"relics_obtained":["ReplayTheSpireMod:TigerMarble"],"max_hp_gain":0,"max_hp_loss":0,"event_name":"WeMeetAgain","floor":11,"gold_loss":0},{"damage_healed":0,"gold_gain":0,"player_choice":"Got Potions","damage_taken":0,"max_hp_gain":0,"max_hp_loss":0,"event_name":"Lab","floor":13,"gold_loss":0},{"damage_healed":0,"gold_gain":0,"player_choice":"Ignored","damage_taken":0,"max_hp_gain":0,"max_hp_loss":0,"event_name":"Vampires","floor":21,"gold_loss":0},{"damage_healed":0,"gold_gain":0,"player_choice":"Bet on Murderer","damage_taken":0,"max_hp_gain":0,"max_hp_loss":0,"event_name":"The Joust","floor":23,"gold_loss":50},{"damage_healed":0,"gold_gain":90,"player_choice":"GOLD ","damage_taken":12,"max_hp_gain":0,"max_hp_loss":0,"event_name":"Knowing Skull","floor":26,"potions_obtained":[],"gold_loss":0,"cards_obtained":[]},{"damage_healed":0,"gold_gain":99,"player_choice":"Stole From Cult","damage_taken":0,"max_hp_gain":0,"max_hp_loss":0,"event_name":"Nest","floor":30,"gold_loss":0}],"is_beta":false,"boss_relics":[{"not_picked":["Snecko Scales","Snecko Eye"],"picked":"ReplayTheSpireMod:SealedPack"}],"items_purged_floors":[],"is_endless":false,"potions_floor_spawned":[7,14,18,24,27],"killed_by":"Snake Plant","ascension_level":0}}