{"host":"9eojso4kl4lidi9b","time":1611780862,"event":{"mods":["BaseMod","Beaked The Cultist","Better Skull","Colored Map","Colored Powertips","Conspire","Downfall","GifTheSpireLib","Minty Spire (QoL Compilation)","Random Character Button","Small Relic Pack","StSLib","Stuff the Spire","The Blackbeard","The Necromancer","The Poker Player","The Wild Card","Trackpad","Unceasing Turn Reminder","Yuri Mod"],"gold_per_floor":[109,109,5,21,31,65,65,76,156,171,2,16,16,16,16,111,111,129,149,149,248,248,274,289,289,369,369,398,272,272,292,292,387,387,399,399,114,132,132,166,193,203,203,203,215,215,233,250,250,250,250],"floor_reached":50,"language":"ENG","playtime":2027,"items_purged":[],"score":612,"play_id":"f2210a3a-3819-40ed-9002-067353fd3520","local_time":"20210127145422","is_ascension_mode":false,"campfire_choices":[{"floor":7,"key":"REST"},{"data":"Mind Blast","floor":15,"key":"SMITH"},{"floor":25,"key":"REST"},{"floor":30,"key":"REST"},{"floor":32,"key":"REST"},{"floor":44,"key":"REST"},{"floor":46,"key":"REST"},{"data":"blackbeard:PirateStrength","floor":49,"key":"SMITH"}],"circlet_count":0,"master_deck":["blackbeard:BlackbeardStrike","blackbeard:BlackbeardStrike","blackbeard:BlackbeardStrike","blackbeard:BlackbeardStrike","blackbeard:IntimidatingStrike+1","blackbeard:BlackbeardDefend","blackbeard:BlackbeardDefend","blackbeard:BlackbeardDefend","blackbeard:BlackbeardDefend","blackbeard:Cutlass","blackbeard:Spear","blackbeard:GoldenCannonball","blackbeard:CaptainsCabin","blackbeard:Shrapnel","blackbeard:GoldenDefense","blackbeard:TerrorOfTheSeas","blackbeard:InfiniteBarrage","Mind Blast+1","blackbeard:BeatUp","blackbeard:RearmingStrike","blackbeard:Sword","blackbeard:PirateStrength+1","blackbeard:Fencing","blackbeard:TacticalRetreat+1","blackbeard:Rum+1","blackbeard:CloakAndCannonball","blackbeard:Halberd","blackbeard:WiseDefense","blackbeard:CannonballSupply","blackbeard:RemoveScurvy+1","blackbeard:GoldenRain","beaked:AwakenedForm","blackbeard:Spear+1","Madness","Madness","blackbeard:BrownPants","blackbeard:DoubleCannonball","blackbeard:BeatUp+1","blackbeard:RearmingStrike","blackbeard:BlindAttacks+1","blackbeard:PirateEarring+1","blackbeard:FieryDefense","blackbeard:ReapersScythe"],"relics":["blackbeard:LoadTheCannons","NeowsBlessing","trackpad:FieryHotPepper","Singing Bowl","relicPack:AllForOne","trackpad:Trackpad","Mercury Hourglass","Slimebound:PreparedRelic","Letter Opener","beaked:SacredDeck","Orichalcum","StuffTheSpire:Gunfinga","Centennial Puzzle","StuffTheSpire:EmeraldSignet"],"acts_visited":["Exordium","TheCity","TheBeyond"],"potions_floor_usage":[6,38,40,50,50],"damage_taken":[{"damage":0,"enemies":"Jaw Worm","floor":1,"turns":1},{"damage":0,"enemies":"Cultist","floor":4,"turns":1},{"damage":0,"enemies":"2 Louse","floor":5,"turns":1},{"damage":18,"enemies":"Lagavulin","floor":6,"turns":7},{"damage":5,"enemies":"Looter","floor":8,"turns":2},{"damage":4,"enemies":"2 Fungi Beasts","floor":10,"turns":3},{"damage":5,"enemies":"3 Louse","floor":12,"turns":2},{"damage":0,"enemies":"Slime Boss","floor":16,"turns":5},{"damage":10,"enemies":"2 Thieves","floor":18,"turns":2},{"damage":5,"enemies":"Shell Parasite","floor":19,"turns":3},{"damage":43,"enemies":"Slavers","floor":23,"turns":5},{"damage":9,"enemies":"Snecko","floor":24,"turns":4},{"damage":2,"enemies":"Gremlin Leader","floor":28,"turns":4},{"damage":0,"enemies":"3 Cultists","floor":31,"turns":3},{"damage":31,"enemies":"conspire:MysteriousRune","floor":33,"turns":5},{"damage":10,"enemies":"Orb Walker","floor":35,"turns":2},{"damage":8,"enemies":"3 Darklings","floor":38,"turns":3},{"damage":7,"enemies":"Nemesis","floor":40,"turns":5},{"damage":23,"enemies":"conspire:MimicChest","floor":41,"turns":4},{"damage":0,"enemies":"Maw","floor":42,"turns":4},{"damage":0,"enemies":"Transient","floor":45,"turns":5},{"damage":0,"enemies":"3 Darklings","floor":47,"turns":2},{"damage":0,"enemies":"Jaw Worm Horde","floor":48,"turns":2},{"damage":79,"enemies":"conspire:OrnateMirror","floor":50,"turns":6}],"seed_played":"4385797260451804661","potions_obtained":[{"floor":5,"key":"Block Potion"},{"floor":10,"key":"CultistPotion"},{"floor":12,"key":"Guardian:BlockOnCardUsePotion"},{"floor":23,"key":"FearPotion"},{"floor":24,"key":"Fire Potion"},{"floor":38,"key":"DistilledChaos"},{"floor":40,"key":"Ancient Potion"},{"floor":47,"key":"blackbeard:RumPotion"},{"floor":48,"key":"Block Potion"}],"is_trial":false,"path_per_floor":["M","?","$","M","M","E","R","M","T","M","$","M","?","?","R","B",null,"M","M","?","?","?","E","M","R","T","?","E","$","R","M","R","B",null,"M","?","$","M","?","E","?","M","T","R","M","R","M","M","R","B"],"character_chosen":"BLACKBEARD_CLASS","items_purchased":["blackbeard:GoldenCannonball","blackbeard:CaptainsCabin","Mind Blast","blackbeard:BeatUp","blackbeard:RearmingStrike","blackbeard:WiseDefense","blackbeard:CannonballSupply","blackbeard:BrownPants","blackbeard:DoubleCannonball","Orichalcum"],"campfire_rested":6,"item_purchase_floors":[3,3,11,11,11,29,29,37,37,37],"current_hp_per_floor":[75,75,75,75,75,57,75,70,70,66,66,61,61,61,61,61,75,65,60,60,60,60,17,8,30,30,30,28,28,50,50,72,41,75,65,56,56,48,48,49,26,28,28,51,51,74,74,74,74,0,0,0],"gold":250,"neow_bonus":"THREE_ENEMY_KILL","is_daily":false,"chose_seed":false,"campfire_upgraded":2,"win_rate":0.0,"timestamp":1611780862,"path_taken":["M","?","?","?","M","E","R","M","T","?","$","M","?","?","R","BOSS","M","M","?","?","?","E","M","R","T","?","E","?","R","M","R","BOSS","M","?","$","M","?","E","?","M","T","R","?","R","M","M","R","BOSS"],"items_purchased_type":["Card","Card","Card","Card","Card","Card","Card","Card","Card","Relic"],"build_version":"2020-12-22","purchased_purges":0,"victory":false,"max_hp_per_floor":[75,75,75,75,75,75,75,75,75,75,75,75,75,75,75,75,75,75,75,75,75,75,75,75,75,75,75,75,75,75,75,75,75,75,75,75,75,75,75,75,75,77,77,77,77,77,77,77,77,77,77,77],"card_choices":[{"not_picked":["blackbeard:BeatUp","blackbeard:SwordDance"],"picked":"blackbeard:Spear","floor":1},{"not_picked":["blackbeard:GoldenStrike","blackbeard:ChaoticDefense"],"picked":"blackbeard:Shrapnel","floor":4},{"not_picked":["blackbeard:Toast","blackbeard:PirateHook"],"picked":"blackbeard:GoldenDefense","floor":5},{"not_picked":["blackbeard:VengefulSpirit","blackbeard:Eyepatch","blackbeard:Sharpening"],"picked":"SKIP","floor":6},{"not_picked":["blackbeard:GoldenStrike","blackbeard:TacticalRetreat"],"picked":"blackbeard:TerrorOfTheSeas","floor":8},{"not_picked":["blackbeard:SwordDance","blackbeard:Spear"],"picked":"blackbeard:InfiniteBarrage","floor":10},{"not_picked":["blackbeard:GoldenDefense","blackbeard:Revenge"],"picked":"blackbeard:Sword","floor":12},{"not_picked":["blackbeard:Murder","blackbeard:WeaponMastery"],"picked":"blackbeard:PirateStrength","floor":16},{"not_picked":["blackbeard:GoldenDefense+1","blackbeard:PirateEarring"],"picked":"blackbeard:Fencing","floor":18},{"not_picked":["blackbeard:Shrapnel","blackbeard:Dagger"],"picked":"blackbeard:TacticalRetreat+1","floor":19},{"not_picked":["blackbeard:AgileStrike","blackbeard:Provisioning+1"],"picked":"blackbeard:Rum+1","floor":23},{"not_picked":["blackbeard:BeatUp","blackbeard:Sharpening"],"picked":"blackbeard:CloakAndCannonball","floor":24},{"not_picked":["blackbeard:Intoxication","blackbeard:BeatUp+1"],"picked":"blackbeard:Halberd","floor":28},{"not_picked":["blackbeard:Sword+1","blackbeard:SwordDance"],"picked":"blackbeard:RemoveScurvy+1","floor":31},{"not_picked":["blackbeard:Salvager","blackbeard:UndeadForm"],"picked":"blackbeard:GoldenRain","floor":33},{"not_picked":["blackbeard:BlindAttacks+1","blackbeard:GoldenStrike"],"picked":"blackbeard:Spear+1","floor":35},{"not_picked":["blackbeard:RemoveScurvy","blackbeard:Fencing+1"],"picked":"blackbeard:BeatUp+1","floor":38},{"not_picked":["blackbeard:MegaUpgrade","blackbeard:BlindAttacks"],"picked":"blackbeard:RearmingStrike","floor":40},{"not_picked":["blackbeard:RearmingStrike","blackbeard:Sharpening+1"],"picked":"blackbeard:BlindAttacks+1","floor":41},{"not_picked":["blackbeard:PiratesWill+1","blackbeard:Eyepatch","blackbeard:BlindAttacks+1"],"picked":"Singing Bowl","floor":42},{"not_picked":["blackbeard:TerrorOfTheSeas+1","blackbeard:AgileStrike+1"],"picked":"blackbeard:PirateEarring+1","floor":45},{"not_picked":["blackbeard:GoldenStrike","blackbeard:DelayedPain+1"],"picked":"blackbeard:FieryDefense","floor":47},{"not_picked":["blackbeard:PiratesWill","blackbeard:PirateEarring"],"picked":"blackbeard:ReapersScythe","floor":48}],"player_experience":1084617,"relics_obtained":[{"floor":6,"key":"trackpad:FieryHotPepper"},{"floor":9,"key":"Singing Bowl"},{"floor":23,"key":"Mercury Hourglass"},{"floor":26,"key":"Slimebound:PreparedRelic"},{"floor":28,"key":"Letter Opener"},{"floor":40,"key":"StuffTheSpire:Gunfinga"},{"floor":41,"key":"Centennial Puzzle"},{"floor":43,"key":"StuffTheSpire:EmeraldSignet"}],"event_choices":[{"damage_healed":0,"gold_gain":0,"player_choice":"Upgraded","damage_taken":0,"max_hp_gain":0,"max_hp_loss":0,"event_name":"Upgrade Shrine","floor":2,"gold_loss":0,"cards_upgraded":["blackbeard:IntimidatingStrike"]},{"damage_healed":0,"gold_gain":99,"player_choice":"Stole From Cult","damage_taken":0,"max_hp_gain":0,"max_hp_loss":0,"event_name":"Nest","floor":21,"gold_loss":0},{"damage_healed":0,"gold_gain":0,"player_choice":"Embrace Madness","damage_taken":9,"max_hp_gain":0,"max_hp_loss":0,"event_name":"Winding Halls","floor":36,"gold_loss":0,"cards_obtained":["Madness","Madness"]},{"damage_healed":0,"gold_gain":0,"player_choice":"Ignored","damage_taken":0,"max_hp_gain":0,"max_hp_loss":0,"event_name":"Tomb of Lord Red Mask","floor":39,"gold_loss":0}],"is_beta":false,"boss_relics":[{"not_picked":["beaked:MawFillet","Velvet Choker"],"picked":"trackpad:Trackpad"},{"not_picked":["Empty Cage","StuffTheSpire:Kangaroo"],"picked":"beaked:SacredDeck"}],"items_purged_floors":[],"is_endless":false,"potions_floor_spawned":[5,10,12,23,24,31,33,38,40,47,48],"killed_by":"conspire:OrnateMirror","ascension_level":0}}