{"host":"v6p2g6darcbso1ds","time":1611778460,"event":{"mods":["BaseMod","Colored Powertips","Downfall","Hermit","Minty Spire (QoL Compilation)","Replay The Spire","StSLib","The Cursed"],"gold_per_floor":[109,109,83,97,97,129,129,158,158,173,173,192,192,206,206,206,206],"floor_reached":16,"language":"ENG","playtime":1258,"items_purged":[],"score":110,"play_id":"df4e3096-0961-4fec-be78-9bee38401e0e","local_time":"20210127131420","is_ascension_mode":false,"campfire_choices":[{"floor":7,"key":"REST"},{"floor":11,"key":"REST"},{"floor":15,"key":"REST"}],"circlet_count":0,"master_deck":["hermit:Strike_Hermit","hermit:Strike_Hermit","hermit:Strike_Hermit","hermit:Strike_Hermit","hermit:Defend_Hermit","hermit:Defend_Hermit","hermit:Defend_Hermit","hermit:Defend_Hermit","hermit:Snapshot","hermit:Covet","hermit:ItchyTrigger","hermit:Snipe","hermit:CalledShot","Decay","hermit:BigShot+1","hermit:Showdown","hermit:Snipe","hermit:Dive","hermit:DeadOrAlive"],"relics":["hermit:Momento","Durian","Du-Vu Doll","Regal Pillow","Ginger"],"acts_visited":["Exordium"],"potions_floor_usage":[6,8,14],"damage_taken":[{"damage":6,"enemies":"Cultist","floor":1,"turns":4},{"damage":0,"enemies":"2 Louse","floor":4,"turns":2},{"damage":36,"enemies":"Lagavulin","floor":6,"turns":7},{"damage":34,"enemies":"Gremlin Nob","floor":8,"turns":5},{"damage":5,"enemies":"Small Slimes","floor":10,"turns":4},{"damage":1,"enemies":"Blue Slaver","floor":12,"turns":3},{"damage":1,"enemies":"Exordium Wildlife","floor":14,"turns":4},{"damage":74,"enemies":"Hexaghost","floor":16,"turns":11}],"seed_played":"8847524694632357712","potions_obtained":[{"floor":4,"key":"Energy Potion"},{"floor":6,"key":"PowerPotion"},{"floor":10,"key":"LifebloodPotion"}],"is_trial":false,"path_per_floor":["M","?","$","M","?","E","R","E","T","M","R","M","?","M","R","B"],"character_chosen":"HERMIT","items_purchased":["hermit:Snipe"],"campfire_rested":3,"item_purchase_floors":[3],"current_hp_per_floor":[67,67,67,67,67,31,52,18,18,13,49,48,48,47,73,0,0],"gold":206,"neow_bonus":"ONE_RARE_RELIC","is_daily":false,"chose_seed":false,"campfire_upgraded":0,"win_rate":0.0,"timestamp":1611778460,"path_taken":["M","?","?","M","?","E","R","E","T","M","R","M","?","?","R","BOSS"],"items_purchased_type":["Card"],"build_version":"2020-12-22","purchased_purges":0,"victory":false,"max_hp_per_floor":[73,73,73,73,73,73,73,73,73,73,73,73,73,73,73,73,73],"card_choices":[{"not_picked":["hermit:BigShot","hermit:LowProfile"],"picked":"hermit:ItchyTrigger","floor":1},{"not_picked":["hermit:FullyLoaded","hermit:Roulette"],"picked":"hermit:CalledShot","floor":4},{"not_picked":["hermit:TakeCover","hermit:CursedWeapon"],"picked":"hermit:BigShot","floor":6},{"not_picked":["hermit:LowProfile","hermit:WideOpen"],"picked":"hermit:Showdown","floor":8},{"not_picked":["hermit:ItchyTrigger","hermit:SprayPray"],"picked":"hermit:Snipe","floor":10},{"not_picked":["hermit:CalledShot","hermit:NoHoldsBarred"],"picked":"hermit:Dive","floor":12},{"not_picked":["hermit:TakeAim","hermit:CalledShot"],"picked":"hermit:DeadOrAlive","floor":14}],"player_experience":109858,"relics_obtained":[{"floor":6,"key":"Du-Vu Doll"},{"floor":8,"key":"Regal Pillow"},{"floor":9,"key":"Ginger"}],"event_choices":[{"damage_healed":0,"gold_gain":0,"player_choice":"Bought 0 Potions","damage_taken":0,"max_hp_gain":0,"max_hp_loss":0,"event_name":"The Woman in Blue","floor":2,"gold_loss":0},{"damage_healed":0,"gold_gain":0,"player_choice":"Upgraded","damage_taken":0,"max_hp_gain":0,"max_hp_loss":0,"event_name":"Upgrade Shrine","floor":13,"gold_loss":0,"cards_upgraded":["hermit:BigShot"]}],"is_beta":false,"boss_relics":[],"items_purged_floors":[],"is_endless":false,"potions_floor_spawned":[4,6,10],"killed_by":"Hexaghost","ascension_level":0}}