{"host":"l4kdldlios54gl54","time":1611718981,"event":{"mods":["AchievementEnabler","BaseMod","Colored Map","Colored Powertips","Minty Spire (QoL Compilation)","Random Character Button"],"gold_per_floor":[115,129,129,29,49,49,77,77,77,90,90,90,90,125,125,203,203,214,214,214,35,47,47,59,79,79,89,89,115,115,32,32,32,32],"floor_reached":33,"language":"ENG","playtime":1075,"items_purged":["Strike_R","Strike_R"],"score":546,"play_id":"551e5667-113b-4237-b30a-df78148bdfe0","local_time":"20210127044301","is_ascension_mode":true,"campfire_choices":[{"data":"Twin Strike","floor":6,"key":"SMITH"},{"data":"Combust","floor":8,"key":"SMITH"},{"data":"Clothesline","floor":11,"key":"SMITH"},{"data":"Twin Strike","floor":13,"key":"SMITH"},{"floor":15,"key":"REST"},{"data":"Power Through","floor":23,"key":"SMITH"},{"data":"Flame Barrier","floor":28,"key":"SMITH"},{"data":"Ghostly Armor","floor":30,"key":"SMITH"},{"data":"Rupture","floor":32,"key":"SMITH"}],"circlet_count":0,"master_deck":["AscendersBane","Strike_R","Strike_R","Strike_R","Defend_R","Defend_R","Defend_R","Defend_R","Bash","Iron Wave","Twin Strike+1","Twin Strike+1","Clothesline+1","Combust+1","Power Through+1","Ghostly Armor+1","Battle Trance","Flame Barrier+1","Rupture+1"],"relics":["Burning Blood","Oddly Smooth Stone","Singing Bowl","Centennial Puzzle","Mummified Hand","Meat on the Bone","Coffee Dripper","MutagenicStrength","Charon\u0027s Ashes","Bronze Scales"],"acts_visited":["Exordium","TheCity"],"potions_floor_usage":[14,18,29,29],"damage_taken":[{"damage":18,"enemies":"Jaw Worm","floor":1,"turns":5},{"damage":0,"enemies":"Cultist","floor":2,"turns":4},{"damage":0,"enemies":"2 Louse","floor":5,"turns":3},{"damage":37,"enemies":"Lagavulin","floor":7,"turns":6},{"damage":1,"enemies":"Exordium Wildlife","floor":10,"turns":2},{"damage":20,"enemies":"Gremlin Nob","floor":14,"turns":4},{"damage":45,"enemies":"Slime Boss","floor":16,"turns":9},{"damage":4,"enemies":"2 Thieves","floor":18,"turns":4},{"damage":11,"enemies":"3 Byrds","floor":22,"turns":5},{"damage":15,"enemies":"3 Cultists","floor":24,"turns":4},{"damage":20,"enemies":"Shelled Parasite and Fungi","floor":25,"turns":6},{"damage":14,"enemies":"Centurion and Healer","floor":27,"turns":7},{"damage":52,"enemies":"Gremlin Leader","floor":29,"turns":6},{"damage":30,"enemies":"Collector","floor":33,"turns":2}],"seed_played":"-4541158790878429781","potions_obtained":[{"floor":1,"key":"DistilledChaos"},{"floor":10,"key":"Regen Potion"},{"floor":16,"key":"SteroidPotion"},{"floor":18,"key":"AttackPotion"},{"floor":27,"key":"SkillPotion"}],"is_trial":false,"path_per_floor":["M","M","?","$","M","R","E","R","T","M","R","$","R","E","R","B",null,"M","?","?","$","M","R","M","M","T","M","R","E","R","$","R","B"],"character_chosen":"IRONCLAD","items_purchased":["Twin Strike","Ghostly Armor","Rupture"],"campfire_rested":1,"item_purchase_floors":[4,21,31],"current_hp_per_floor":[56,62,62,62,68,68,37,37,37,44,44,44,44,44,67,42,71,73,73,50,50,57,57,62,62,62,54,54,22,22,22,22,0,0],"gold":32,"neow_bonus":"RANDOM_COMMON_RELIC","is_daily":false,"chose_seed":false,"campfire_upgraded":8,"win_rate":0.0,"timestamp":1611718981,"path_taken":["M","M","?","$","M","R","E","R","T","?","R","$","R","E","R","BOSS","M","?","?","?","M","R","M","M","T","M","R","E","R","?","R","BOSS"],"items_purchased_type":["Card","Card","Card"],"build_version":"2020-12-22","purchased_purges":2,"victory":false,"max_hp_per_floor":[75,75,75,75,75,75,75,75,75,77,77,77,77,79,79,81,81,81,81,86,86,86,86,88,90,90,90,90,92,92,92,92,92,92],"card_choices":[{"not_picked":["Feel No Pain","Clash"],"picked":"Iron Wave","floor":1},{"not_picked":["Clash","Heavy Blade"],"picked":"Twin Strike","floor":2},{"not_picked":["Clash","Inflame"],"picked":"Clothesline","floor":5},{"not_picked":["Iron Wave","Armaments"],"picked":"Combust","floor":7},{"not_picked":["Havoc","Iron Wave","Heavy Blade"],"picked":"Singing Bowl","floor":10},{"not_picked":["Pummel","Perfected Strike","Evolve"],"picked":"Singing Bowl","floor":14},{"not_picked":["Demon Form","Barricade","Juggernaut"],"picked":"Singing Bowl","floor":16},{"not_picked":["Clash","Havoc"],"picked":"Power Through","floor":18},{"not_picked":["Burning Pact+1","Pommel Strike"],"picked":"Battle Trance","floor":22},{"not_picked":["Anger","Combust","Havoc"],"picked":"Singing Bowl","floor":24},{"not_picked":["Headbutt","Cleave","Anger+1"],"picked":"Singing Bowl","floor":25},{"not_picked":["Dual Wield","True Grit"],"picked":"Flame Barrier","floor":27},{"not_picked":["Power Through","Iron Wave","Armaments"],"picked":"Singing Bowl","floor":29}],"player_experience":892036,"relics_obtained":[{"floor":7,"key":"Centennial Puzzle"},{"floor":9,"key":"Mummified Hand"},{"floor":14,"key":"Meat on the Bone"},{"floor":26,"key":"Charon\u0027s Ashes"},{"floor":29,"key":"Bronze Scales"}],"event_choices":[{"damage_healed":0,"gold_gain":0,"player_choice":"Gave Potion","damage_taken":0,"relics_obtained":["Singing Bowl"],"max_hp_gain":0,"max_hp_loss":0,"event_name":"WeMeetAgain","floor":3,"gold_loss":0},{"damage_healed":0,"gold_gain":0,"player_choice":"Inject Mutagens","damage_taken":0,"relics_obtained":["MutagenicStrength"],"max_hp_gain":0,"max_hp_loss":0,"event_name":"Drug Dealer","floor":19,"gold_loss":0},{"damage_healed":0,"gold_gain":0,"player_choice":"Shed Blood","damage_taken":28,"max_hp_gain":5,"max_hp_loss":0,"event_name":"Forgotten Altar","floor":20,"gold_loss":0}],"is_beta":false,"boss_relics":[{"not_picked":["SlaversCollar","Cursed Key"],"picked":"Coffee Dripper"}],"items_purged_floors":[4,21],"is_endless":false,"potions_floor_spawned":[1,10,16,18,27],"killed_by":"Collector","ascension_level":20}}