{"host":"1c17lcvl7acx821p","time":1611756140,"event":{"mods":["AchievementEnabler","BaseMod","Colored Map","Minty Spire (QoL Compilation)","Quick Restart","Relic Sorter","StSLib"],"gold_per_floor":[112,112,62,62,62,62,76,76,76,76,110,124,49,84,84,207,207,231,250,250,263,263,304,318,361,361,381,401,444,465,478,478,478,603,603,626,959,1958,1977,1587,1617,542,570,570,599,608,634,634,39,39,39,39,39,39,74,74,74],"floor_reached":56,"language":"ENG","playtime":2985,"items_purged":["Defend_B","Normality","Normality"],"score":1520,"play_id":"e9675c5f-a6fd-42ab-8b2f-3fc6850dd6e6","local_time":"20210127160220","is_ascension_mode":true,"campfire_choices":[{"floor":6.0,"key":"REST"},{"data":"Streamline","floor":8.0,"key":"SMITH"},{"data":"Ball Lightning","floor":10.0,"key":"SMITH"},{"data":"Coolheaded","floor":15.0,"key":"SMITH"},{"floor":32.0,"key":"REST"},{"data":"Hologram","floor":33.0,"key":"SMITH"},{"floor":48.0,"key":"REST"},{"floor":50.0,"key":"RECALL"},{"data":"FTL","floor":53.0,"key":"SMITH"}],"circlet_count":0,"master_deck":["AscendersBane","Zap+1","Ball Lightning+1","Streamline+1","Undo","Coolheaded+1","Cold Snap","All For One","Hologram+1","Hologram+1","Echo Form+1","Coolheaded+1","Capacitor+1","Tempest+1","Recycle+1","Meteor Strike","Hello World+1","Beam Cell","FTL+1","Lockon","Sweeping Beam","Chill+1","Magnetism+1","Loop+1","Seek+1","Hologram+1","Fusion+1","Buffer+1","Hologram+1"],"relics":["Snecko Eye","MealTicket","Gambling Chip","Frozen Egg 2","SlaversCollar","Happy Flower","Boot","Toxic Egg 2","Symbiotic Virus","Pandora\u0027s Box","OrangePellets","Pen Nib","CeramicFish","DataDisk","Chemical X","Unceasing Top","Gremlin Horn","Molten Egg 2","PreservedInsect","Lantern","Sling","Cables"],"acts_visited":["Exordium","TheCity","TheBeyond","TheEnding"],"potions_floor_usage":[56,56],"damage_taken":[{"damage":3.0,"enemies":"2 Louse","floor":1.0,"turns":3.0},{"damage":4.0,"enemies":"Small Slimes","floor":7.0,"turns":4.0},{"damage":10.0,"enemies":"Gremlin Nob","floor":11.0,"turns":3.0},{"damage":0.0,"enemies":"Jaw Worm","floor":12.0,"turns":2.0},{"damage":0.0,"enemies":"Lagavulin","floor":14.0,"turns":5.0},{"damage":17.0,"enemies":"Slime Boss","floor":16.0,"turns":11.0},{"damage":15.0,"enemies":"2 Thieves","floor":18.0,"turns":3.0},{"damage":0.0,"enemies":"Shell Parasite","floor":19.0,"turns":2.0},{"damage":4.0,"enemies":"Shelled Parasite and Fungi","floor":21.0,"turns":3.0},{"damage":9.0,"enemies":"Gremlin Leader","floor":23.0,"turns":5.0},{"damage":0.0,"enemies":"Snecko","floor":24.0,"turns":3.0},{"damage":0.0,"enemies":"Book of Stabbing","floor":25.0,"turns":2.0},{"damage":3.0,"enemies":"Centurion and Healer","floor":27.0,"turns":3.0},{"damage":11.0,"enemies":"Snake Plant","floor":28.0,"turns":6.0},{"damage":0.0,"enemies":"Gremlin Leader","floor":29.0,"turns":4.0},{"damage":1.0,"enemies":"Chosen and Byrds","floor":30.0,"turns":4.0},{"damage":12.0,"enemies":"Cultist and Chosen","floor":31.0,"turns":5.0},{"damage":16.0,"enemies":"Champ","floor":34.0,"turns":14.0},{"damage":0.0,"enemies":"3 Darklings","floor":36.0,"turns":1.0},{"damage":21.0,"enemies":"3 Shapes","floor":39.0,"turns":5.0},{"damage":40.0,"enemies":"Giant Head","floor":41.0,"turns":7.0},{"damage":3.0,"enemies":"Reptomancer","floor":43.0,"turns":4.0},{"damage":28.0,"enemies":"3 Darklings","floor":45.0,"turns":4.0},{"damage":0.0,"enemies":"Giant Head","floor":47.0,"turns":3.0},{"damage":3.0,"enemies":"Awakened One","floor":51.0,"turns":5.0},{"damage":52.0,"enemies":"Shield and Spear","floor":55.0,"turns":5.0},{"damage":40,"enemies":"The Heart","floor":56,"turns":3}],"seed_played":"6331711368902908640","potions_obtained":[{"floor":11.0,"key":"PowerPotion"},{"floor":12.0,"key":"Swift Potion"},{"floor":18.0,"key":"SteroidPotion"},{"floor":24.0,"key":"SpeedPotion"},{"floor":25.0,"key":"Regen Potion"},{"floor":29.0,"key":"LiquidMemories"},{"floor":30.0,"key":"Regen Potion"},{"floor":34.0,"key":"Fire Potion"},{"floor":36.0,"key":"Swift Potion"},{"floor":41.0,"key":"CultistPotion"},{"floor":55.0,"key":"FocusPotion"}],"is_trial":false,"path_per_floor":["M","?","?","?","?","R","M","R","T","R","E","M","$","E","R","B",null,"M","M","?","M","?","E","M","E","T","M","M","E","M","M","R","R","B",null,"M","?","?","M","$","E","$","E","T","M","?","E","R","$","R","B",null,"R","$","E","B"],"character_chosen":"DEFECT","items_purchased":["OrangePellets","Pen Nib","DataDisk","Magnetism+1","Chemical X","Unceasing Top","Loop+1","Seek+1","PreservedInsect","Lantern","Sling","Buffer+1"],"campfire_rested":3,"item_purchase_floors":[40,40,42,42,42,42,42,42,49,49,49,49],"current_hp_per_floor":[65,50,50,50,43,63,59,59,59,59,49,49,64,64,64,47,64,49,49,49,45,68,59,59,59,59,65,54,54,53,55,69,69,53,65,65,65,65,44,59,19,34,31,31,3,3,3,23,38,38,35,61,61,69,17,0,0],"gold":74,"neow_bonus":"BOSS_RELIC","is_daily":false,"chose_seed":false,"campfire_upgraded":5,"win_rate":0.0,"timestamp":1611756140,"path_taken":["M","?","?","?","?","R","M","R","T","R","E","M","$","E","R","BOSS","M","M","?","M","?","E","M","E","T","M","M","E","M","M","R","R","BOSS","M","?","?","M","$","E","$","E","T","M","?","E","R","$","R","BOSS","R","$","E","BOSS"],"items_purchased_type":["Relic","Relic","Relic","Card","Relic","Relic","Card","Card","Relic","Relic","Relic","Card"],"build_version":"2020-12-22","purchased_purges":3,"victory":false,"max_hp_per_floor":[75,75,75,69,69,69,69,69,69,69,69,69,69,69,69,69,69,69,69,69,69,69,69,69,69,69,69,69,69,69,69,69,69,69,69,69,69,69,69,69,69,69,69,69,69,69,69,69,69,69,69,69,69,69,69,69,69],"card_choices":[{"not_picked":["Redo","Heatsinks"],"picked":"Ball Lightning","floor":1.0},{"not_picked":["Coolheaded","Barrage"],"picked":"Streamline","floor":7.0},{"not_picked":["Conserve Battery","Steam Power"],"picked":"Undo","floor":11.0},{"not_picked":["Blizzard","Turbo"],"picked":"Coolheaded","floor":12.0},{"not_picked":["Coolheaded","Reboot"],"picked":"Cold Snap","floor":14.0},{"not_picked":["Multi-Cast","Hyperbeam"],"picked":"All For One","floor":16.0},{"not_picked":["Stack","Beam Cell"],"picked":"Hologram+1","floor":18.0},{"not_picked":["FTL","Turbo"],"picked":"Hologram","floor":19.0},{"not_picked":["Conserve Battery","Sweeping Beam+1"],"picked":"Echo Form+1","floor":21.0},{"not_picked":["Conserve Battery+1","Chill","Barrage"],"picked":"SKIP","floor":23.0},{"not_picked":["Redo+1","Consume","Stack"],"picked":"SKIP","floor":24.0},{"not_picked":["Conserve Battery","Lockon","Sweeping Beam+1"],"picked":"SKIP","floor":25.0},{"not_picked":["Stack+1","Steam Power+1"],"picked":"Coolheaded+1","floor":27.0},{"not_picked":["Rebound","Hello World+1"],"picked":"Capacitor+1","floor":28.0},{"not_picked":["Skim+1","Static Discharge+1","Sweeping Beam"],"picked":"SKIP","floor":29.0},{"not_picked":["Hologram+1","Compile Driver"],"picked":"Tempest+1","floor":30.0},{"not_picked":["Auto Shields+1","White Noise+1"],"picked":"Recycle+1","floor":31.0},{"not_picked":["Rainbow+1","Hyperbeam"],"picked":"Meteor Strike","floor":34.0},{"not_picked":["Sweeping Beam+1","Chaos+1","Compile Driver"],"picked":"SKIP","floor":36.0},{"not_picked":["Go for the Eyes","Rip and Tear"],"picked":"Chill+1","floor":39.0},{"not_picked":["Skim+1","Doom and Gloom","Stack+1"],"picked":"SKIP","floor":41.0},{"not_picked":["Rip and Tear","Barrage","Steam+1"],"picked":"SKIP","floor":43.0},{"not_picked":["Barrage","Multi-Cast+1"],"picked":"Hologram+1","floor":45.0},{"not_picked":["Rip and Tear+1","Sweeping Beam+1","Reprogram+1"],"picked":"SKIP","floor":47.0},{"not_picked":["Rip and Tear+1","Sweeping Beam+1","Reprogram+1"],"picked":"SKIP","floor":47.0},{"not_picked":["Beam Cell+1","Lockon+1"],"picked":"Hologram+1","floor":55.0}],"player_experience":232011,"relics_obtained":[{"floor":9.0,"key":"MealTicket"},{"floor":11.0,"key":"Gambling Chip"},{"floor":14.0,"key":"Frozen Egg 2"},{"floor":23.0,"key":"Happy Flower"},{"floor":25.0,"key":"Boot"},{"floor":26.0,"key":"Toxic Egg 2"},{"floor":29.0,"key":"Symbiotic Virus"},{"floor":41.0,"key":"CeramicFish"},{"floor":43.0,"key":"Gremlin Horn"},{"floor":47.0,"key":"Molten Egg 2"},{"floor":55.0,"key":"Cables"}],"event_choices":[{"damage_healed":0.0,"max_hp_gain":0.0,"max_hp_loss":0.0,"gold_gain":0.0,"event_name":"Shining Light","player_choice":"Entered Light","floor":2.0,"gold_loss":0.0,"damage_taken":15.0,"cards_upgraded":["Strike_B","Zap"]},{"cards_removed":["Strike_B"],"damage_healed":0.0,"max_hp_gain":0.0,"max_hp_loss":0.0,"gold_gain":0.0,"event_name":"The Cleric","player_choice":"Card Removal","floor":3.0,"gold_loss":50.0,"damage_taken":0.0},{"damage_healed":0.0,"max_hp_gain":0.0,"max_hp_loss":6.0,"gold_gain":0.0,"event_name":"Golden Idol","player_choice":"Lose Max HP","floor":4.0,"gold_loss":0.0,"damage_taken":0.0,"relics_obtained":["Golden Idol"]},{"cards_removed":["Defend_B"],"damage_healed":0.0,"max_hp_gain":0.0,"max_hp_loss":0.0,"gold_gain":0.0,"event_name":"Golden Wing","player_choice":"Card Removal","floor":5.0,"gold_loss":0.0,"damage_taken":7.0},{"damage_healed":0.0,"max_hp_gain":0.0,"max_hp_loss":0.0,"gold_gain":0.0,"event_name":"Vampires","player_choice":"Ignored","floor":20.0,"gold_loss":0.0,"damage_taken":0.0},{"damage_healed":23.0,"max_hp_gain":0.0,"max_hp_loss":0.0,"gold_gain":0.0,"event_name":"The Library","player_choice":"Heal","floor":22.0,"gold_loss":0.0,"damage_taken":0.0},{"damage_healed":0.0,"max_hp_gain":0.0,"max_hp_loss":0.0,"gold_gain":333.0,"event_name":"The Moai Head","player_choice":"Gave Idol","floor":37.0,"relics_lost":["Golden Idol"],"gold_loss":0.0,"damage_taken":0.0},{"damage_healed":0.0,"max_hp_gain":0.0,"max_hp_loss":0.0,"gold_gain":999.0,"event_name":"MindBloom","player_choice":"Gold","floor":38.0,"gold_loss":0.0,"damage_taken":0.0,"cards_obtained":["Normality","Normality"]},{"damage_healed":0.0,"max_hp_gain":0.0,"max_hp_loss":0.0,"gold_gain":0.0,"cards_transformed":["Dualcast"],"event_name":"Transmorgrifier","player_choice":"Transformed","floor":46.0,"gold_loss":0.0,"damage_taken":0.0,"cards_obtained":["Fusion"]}],"is_beta":false,"boss_relics":[{"not_picked":["SacredBark","Runic Dome"],"picked":"SlaversCollar"},{"not_picked":["Runic Pyramid","Philosopher\u0027s Stone"],"picked":"Pandora\u0027s Box"}],"items_purged_floors":[13,40,42],"is_endless":false,"potions_floor_spawned":[11,12,18,24,25,29,30,34,36,41,55],"killed_by":"The Heart","ascension_level":12}}