{"host":"2yqfi47fogfu1ic4","time":1611769345,"event":{"mods":["AchievementEnabler","BaseMod","Colored Map","Colored Powertips","Highlight Path","Minty Spire (QoL Compilation)","Permanent Neow","Relic Stats","StSLib"],"gold_per_floor":[109,109,34,52,63,93,93,106,106,133,163,163,163,163],"floor_reached":13,"language":"DEU","playtime":639,"items_purged":[],"score":236,"play_id":"a577567a-9052-4357-a5bc-a7ff3f00d85a","local_time":"20210127184225","is_ascension_mode":true,"campfire_choices":[{"data":"Dagger Spray","floor":12,"key":"SMITH"}],"circlet_count":0,"master_deck":["AscendersBane","Strike_G","Strike_G","Strike_G","Strike_G","Strike_G","Defend_G","Defend_G","Defend_G","Defend_G","Defend_G","Survivor","Neutralize","Dagger Spray+1","Terror","PiercingWail","Backflip","Dagger Spray","Bullet Time","Backflip"],"relics":["Busted Crown","Toy Ornithopter","Snake Skull","Bottled Lightning"],"acts_visited":[],"potions_floor_usage":[6,6],"damage_taken":[{"damage":1,"enemies":"Cultist","floor":1,"turns":4},{"damage":0,"enemies":"Small Slimes","floor":4,"turns":2},{"damage":0,"enemies":"Jaw Worm","floor":5,"turns":4},{"damage":0,"enemies":"3 Sentries","floor":6,"turns":6},{"damage":0,"enemies":"2 Fungi Beasts","floor":8,"turns":4},{"damage":31,"enemies":"Lagavulin","floor":11,"turns":10},{"damage":31,"enemies":"Gremlin Nob","floor":13,"turns":3}],"seed_played":"5457283811949521426","potions_obtained":[{"floor":2,"key":"AttackPotion"},{"floor":2,"key":"Strength Potion"},{"floor":11,"key":"CultistPotion"}],"is_trial":false,"path_per_floor":["M","?","$","M","M","E","?","M","T","T","E","R","E"],"character_chosen":"THE_SILENT","items_purchased":["Terror"],"campfire_rested":0,"item_purchase_floors":[3],"current_hp_per_floor":[58,58,58,58,58,58,58,58,58,58,27,27,0,0],"gold":163,"neow_bonus":"BOSS_RELIC","is_daily":false,"chose_seed":false,"campfire_upgraded":1,"win_rate":0.0,"timestamp":1611769345,"path_taken":["M","?","$","?","?","E","?","?","T","?","E","R","E"],"items_purchased_type":["Card"],"build_version":"2020-12-22","purchased_purges":0,"victory":false,"max_hp_per_floor":[66,66,66,66,66,66,66,66,66,66,66,66,66,66],"relic_stats":{"Busted Crown":12,"counters":[7,33],"Snake Skull":[0],"obtain_stats":[{"Busted Crown":0,"Snake Skull":10,"Bottled Lightning":11,"Toy Ornithopter":6,"Ring of the Snake":0},{"Busted Crown":0,"Snake Skull":5,"Bottled Lightning":6,"Toy Ornithopter":4,"Ring of the Snake":0},{"Busted Crown":0,"Snake Skull":20,"Bottled Lightning":30,"Toy Ornithopter":16,"Ring of the Snake":0}],"Toy Ornithopter":0},"card_choices":[{"not_picked":[],"picked":"Dagger Spray","floor":1},{"not_picked":[],"picked":"PiercingWail","floor":4},{"not_picked":[],"picked":"Backflip","floor":5},{"not_picked":["Heel Hook"],"picked":"SKIP","floor":6},{"not_picked":[],"picked":"Backflip","floor":8},{"not_picked":["Deadly Poison"],"picked":"SKIP","floor":11},{"not_picked":["Deadly Poison"],"picked":"SKIP","floor":11}],"player_experience":1596020,"relics_obtained":[{"floor":6,"key":"Toy Ornithopter"},{"floor":10,"key":"Snake Skull"},{"floor":11,"key":"Bottled Lightning"}],"event_choices":[{"damage_healed":0,"gold_gain":0,"player_choice":"Got Potions","damage_taken":0,"max_hp_gain":0,"max_hp_loss":0,"event_name":"Lab","floor":2,"gold_loss":0},{"damage_healed":0,"gold_gain":0,"player_choice":"2 cards matched","damage_taken":0,"max_hp_gain":0,"max_hp_loss":0,"event_name":"Match and Keep!","floor":7,"gold_loss":0,"cards_obtained":["Dagger Spray","Bullet Time"]}],"is_beta":false,"boss_relics":[],"items_purged_floors":[],"is_endless":false,"potions_floor_spawned":[4,11],"killed_by":"Gremlin Nob","ascension_level":20}}