{"host":"c6u7e77myxvw4d0m","time":1611738330,"event":{"mods":["AchievementEnabler","BaseMod","Bestiary","Colored Map","Colored Powertips","Minty Spire (QoL Compilation)","Rare Cards Sparkle","Relic Stats","everything is the same but u backflip on backflip"],"gold_per_floor":[111,128,138,153,2,2,35,35,35,35,35,47,77,91,91,163,163,178,197,210,224,224,258,258,258],"floor_reached":24,"language":"ENG","playtime":1519,"items_purged":[],"score":391,"play_id":"7a21e7b7-d25a-4701-b811-e2ad16f40872","local_time":"20210127110530","is_ascension_mode":true,"campfire_choices":[{"data":"Hemokinesis","floor":6,"key":"SMITH"},{"floor":8,"key":"DIG"},{"floor":10,"key":"REST"},{"floor":15,"key":"DIG"}],"circlet_count":0,"master_deck":["AscendersBane","Strike_R","Strike_R","Strike_R","Strike_R","Strike_R","Defend_R","Defend_R","Defend_R","Defend_R","Bash","Hemokinesis+1","Pommel Strike","Ghostly Armor","Spot Weakness","Fire Breathing","Cleave","Battle Trance","Power Through","Dark Embrace","Bash+1","Pommel Strike+1","Cleave+1","Wild Strike+1","Demon Form","Body Slam+1"],"relics":["Burning Blood","Shovel","Matryoshka","Potion Belt","Molten Egg 2","Omamori","Magic Flower","Busted Crown","The Courier"],"acts_visited":["Exordium","TheCity"],"potions_floor_usage":[14,16,16,20,21,23],"damage_taken":[{"damage":3,"enemies":"Jaw Worm","floor":1,"turns":6},{"damage":2,"enemies":"Cultist","floor":2,"turns":3},{"damage":7,"enemies":"Small Slimes","floor":3,"turns":3},{"damage":13,"enemies":"Blue Slaver","floor":4,"turns":4},{"damage":44,"enemies":"Lagavulin","floor":7,"turns":9},{"damage":3,"enemies":"Looter","floor":12,"turns":2},{"damage":38,"enemies":"Gremlin Nob","floor":13,"turns":5},{"damage":0,"enemies":"Gremlin Gang","floor":14,"turns":2},{"damage":11,"enemies":"Slime Boss","floor":16,"turns":6},{"damage":12,"enemies":"3 Byrds","floor":18,"turns":4},{"damage":16,"enemies":"Chosen","floor":19,"turns":4},{"damage":14,"enemies":"Centurion and Healer","floor":20,"turns":4},{"damage":28,"enemies":"3 Cultists","floor":21,"turns":5},{"damage":24,"enemies":"Gremlin Leader","floor":23,"turns":7},{"damage":15,"enemies":"Shelled Parasite and Fungi","floor":24,"turns":1}],"seed_played":"-1806843793534751120","potions_obtained":[{"floor":1,"key":"Strength Potion"},{"floor":12,"key":"Regen Potion"},{"floor":13,"key":"Explosive Potion"},{"floor":14,"key":"Ancient Potion"},{"floor":18,"key":"SteroidPotion"},{"floor":20,"key":"DuplicationPotion"},{"floor":21,"key":"Block Potion"}],"is_trial":false,"path_per_floor":["M","M","M","M","$","R","E","R","T","R","?","M","E","M","R","B",null,"M","M","M","M","?","E","M"],"character_chosen":"IRONCLAD","items_purchased":["Fire Breathing","Cleave","Battle Trance"],"campfire_rested":1,"item_purchase_floors":[5,5,5],"current_hp_per_floor":[78,82,81,74,74,74,36,36,36,60,60,63,31,37,37,59,76,73,66,61,42,26,11,0,0],"gold":258,"neow_bonus":"TEN_PERCENT_HP_BONUS","is_daily":false,"chose_seed":false,"campfire_upgraded":1,"win_rate":0.0,"timestamp":1611738330,"path_taken":["M","M","M","M","$","R","E","R","T","R","?","M","E","M","R","BOSS","M","M","?","?","?","E","M"],"items_purchased_type":["Card","Card","Card"],"build_version":"2020-12-22","purchased_purges":0,"victory":false,"max_hp_per_floor":[82,82,82,82,82,82,82,82,82,82,82,82,82,82,82,82,82,82,82,82,82,87,87,87,87],"relic_stats":{"Shovel":2,"Busted Crown":10,"counters":[15,65],"Magic Flower":[27],"obtain_stats":[{"Potion Belt":9,"Shovel":7,"Matryoshka":8,"Busted Crown":17,"Magic Flower":15,"Molten Egg 2":9,"The Courier":23,"Omamori":13,"Burning Blood":0},{"Potion Belt":5,"Shovel":5,"Matryoshka":5,"Busted Crown":9,"Magic Flower":8,"Molten Egg 2":5,"The Courier":14,"Omamori":7,"Burning Blood":0},{"Potion Belt":25,"Shovel":25,"Matryoshka":25,"Busted Crown":40,"Magic Flower":34,"Molten Egg 2":25,"The Courier":64,"Omamori":32,"Burning Blood":0}],"Burning Blood":102},"card_choices":[{"not_picked":["Ghostly Armor","Thunderclap"],"picked":"Hemokinesis","floor":1},{"not_picked":["Armaments","Searing Blow"],"picked":"Pommel Strike","floor":2},{"not_picked":["Metallicize","Seeing Red"],"picked":"Ghostly Armor","floor":3},{"not_picked":["Shrug It Off","Burning Pact"],"picked":"Spot Weakness","floor":4},{"not_picked":["Spot Weakness","Impervious"],"picked":"Power Through","floor":7},{"not_picked":["Dual Wield","Second Wind"],"picked":"Pommel Strike+1","floor":12},{"not_picked":["Clash+1","Brutality"],"picked":"Cleave+1","floor":13},{"not_picked":["Whirlwind+1","Thunderclap+1"],"picked":"Wild Strike+1","floor":14},{"not_picked":["Bludgeon+1","Exhume"],"picked":"Demon Form","floor":16},{"not_picked":[],"picked":"Body Slam+1","floor":18},{"not_picked":["Battle Trance"],"picked":"SKIP","floor":19},{"not_picked":["Perfected Strike+1"],"picked":"SKIP","floor":20},{"not_picked":["Flex"],"picked":"SKIP","floor":21},{"not_picked":["Sword Boomerang+1"],"picked":"SKIP","floor":23}],"player_experience":520853,"relics_obtained":[{"floor":7,"key":"Shovel"},{"floor":8,"key":"Matryoshka"},{"floor":9,"key":"Potion Belt"},{"floor":9,"key":"Molten Egg 2"},{"floor":13,"key":"Omamori"},{"floor":15,"key":"Magic Flower"},{"floor":23,"key":"The Courier"}],"event_choices":[{"damage_healed":0,"gold_gain":0,"player_choice":"2 cards matched","damage_taken":0,"max_hp_gain":0,"max_hp_loss":0,"event_name":"Match and Keep!","floor":11,"gold_loss":0,"cards_obtained":["Dark Embrace","Bash"]},{"damage_healed":0,"gold_gain":0,"player_choice":"Shed Blood","damage_taken":21,"max_hp_gain":5,"max_hp_loss":0,"event_name":"Forgotten Altar","floor":22,"gold_loss":0}],"is_beta":false,"boss_relics":[{"not_picked":["Coffee Dripper","Runic Cube"],"picked":"Busted Crown"}],"items_purged_floors":[],"is_endless":false,"potions_floor_spawned":[1,12,13,14,18,20,21],"killed_by":"Shelled Parasite and Fungi","ascension_level":14}}