{"host":"jwvz9sqego1wo43x","time":1611756830,"event":{"mods":["AchievementEnabler","BaseMod","Colored Map","Downfall","GifTheSpireLib","Minty Spire (QoL Compilation)","StSLib"],"gold_per_floor":[99,99,99,99,99,99,99,99,99,99,199,199,230,70,89,190,190,90,108,127,143,158,189,189,89,100,112,125,160,71,90,108,205,205,205,217,217,229,257,269,327,339,366,378,402,431,475,506,536,548,548,548],"floor_reached":50,"language":"ENG","playtime":2160,"items_purged":[],"score":649,"play_id":"ec1f75be-c4dc-4dbb-b68d-cfaf6e360172","local_time":"20210127141350","is_ascension_mode":true,"campfire_choices":[{"data":"Guardian:CurlUp","floor":1,"key":"SMITH"},{"data":"Guardian:TwinSlam","floor":8,"key":"SMITH"},{"data":"Guardian:DonusPower","floor":10,"key":"SMITH"},{"floor":12,"key":"RECALL"},{"data":"Guardian:SentryBeam","floor":18,"key":"SMITH"},{"data":"Guardian:DonusPower","floor":25,"key":"SMITH"},{"data":"Guardian:CompilePackage","floor":35,"key":"SMITH"},{"data":"1","floor":40,"key":"LIFT"},{"data":"2","floor":42,"key":"LIFT"},{"data":"3","floor":44,"key":"LIFT"}],"circlet_count":0,"master_deck":["Guardian:Strike_Guardian","Guardian:Strike_Guardian","Guardian:Strike_Guardian","Guardian:Strike_Guardian","Guardian:Defend_Guardian+1","Guardian:Defend_Guardian","Guardian:Defend_Guardian","Guardian:Defend_Guardian+1","Guardian:CurlUp+1","Guardian:TwinSlam+1","Guardian:DonusPower+1","Guardian:SentryBeam+1","Guardian:RollAttack","Guardian:GatlingBeam","Guardian:PrimingBeam","Guardian:DonusPower+1","Guardian:PiercingHide","Guardian:CrystalBeam","Guardian:PolyBeam+1","Guardian:BronzeOrb","Guardian:SpikerProtocol+1","Guardian:RevengeProtocol+1","Guardian:TemporalShield","Guardian:CompilePackage+1","CurseOfTheBell","CurseOfTheBell","Guardian:PolyBeam+1","Guardian:Planning+1","Guardian:WalkerClaw","Guardian:Harden+1","Guardian:DecasProtection","Guardian:PolyBeam"],"relics":["Guardian:ModeShifter","downfall:HeartsMalice","downfall:ShatteredFragment","Incense Burner","Letter Opener","FossilizedHelix","War Paint","Coffee Dripper","downfall:HeartBlessingRed","Nunchaku","White Beast Statue","downfall:HeartBlessingGreen","Ancient Tea Set","Black Star","downfall:ExtraCursedBell","MawBank","HornCleat","Girya","Bronze Scales","PreservedInsect","Thread and Needle"],"acts_visited":["Exordium","TheCity","TheBeyond"],"potions_floor_usage":[14,29,30,32,33,36,47,50,50,50],"damage_taken":[{"damage":0,"enemies":"Small Slimes","floor":2,"turns":1},{"damage":0,"enemies":"2 Louse","floor":9,"turns":1},{"damage":0,"enemies":"3 Sentries","floor":13,"turns":1},{"damage":0,"enemies":"downfall:FleeingMerchant","floor":14,"turns":4},{"damage":0,"enemies":"Cultist","floor":15,"turns":2},{"damage":25,"enemies":"WA_ARCHETYPE_RETAIN","floor":16,"turns":7},{"damage":7,"enemies":"3 Byrds","floor":19,"turns":4},{"damage":0,"enemies":"Spheric Guardian","floor":20,"turns":3},{"damage":1,"enemies":"Shelled Parasite and Fungi","floor":21,"turns":4},{"damage":0,"enemies":"Snecko","floor":22,"turns":4},{"damage":1,"enemies":"Book of Stabbing","floor":23,"turns":5},{"damage":0,"enemies":"Snake Plant","floor":26,"turns":4},{"damage":0,"enemies":"Chosen and Byrds","floor":27,"turns":4},{"damage":0,"enemies":"Centurion and Healer","floor":28,"turns":4},{"damage":0,"enemies":"Gremlin Leader","floor":29,"turns":4},{"damage":0,"enemies":"downfall:FleeingMerchant","floor":30,"turns":4},{"damage":18,"enemies":"Shelled Parasite and Fungi","floor":31,"turns":3},{"damage":0,"enemies":"Sentry and Sphere","floor":32,"turns":4},{"damage":5,"enemies":"DF_ARCHETYPE_CLAW","floor":33,"turns":6},{"damage":15,"enemies":"3 Darklings","floor":36,"turns":4},{"damage":22,"enemies":"3 Shapes","floor":39,"turns":2},{"damage":0,"enemies":"Maw","floor":43,"turns":6},{"damage":0,"enemies":"Sphere and 2 Shapes","floor":45,"turns":3},{"damage":0,"enemies":"Writhing Mass","floor":46,"turns":4},{"damage":4,"enemies":"Giant Head","floor":47,"turns":6},{"damage":9,"enemies":"4 Shapes","floor":48,"turns":3},{"damage":0,"enemies":"Jaw Worm Horde","floor":49,"turns":3},{"damage":83,"enemies":"IC_BLOCK_ARCHETYPE","floor":50,"turns":4}],"seed_played":"3610077728689340196","potions_obtained":[{"floor":13,"key":"hexamod:SoulburnPotion"},{"floor":15,"key":"Guardian:BlockOnCardUsePotion"},{"floor":19,"key":"Swift Potion"},{"floor":20,"key":"sneckomod:MuddlingPotion"},{"floor":22,"key":"PowerPotion"},{"floor":26,"key":"PowerPotion"},{"floor":29,"key":"Ancient Potion"},{"floor":30,"key":"SpeedPotion"},{"floor":32,"key":"EssenceOfSteel"},{"floor":33,"key":"Strength Potion"},{"floor":36,"key":"hexamod:SoulburnPotion"},{"floor":39,"key":"DistilledChaos"},{"floor":47,"key":"Ancient Potion"},{"floor":48,"key":"ColorlessPotion"}],"is_trial":false,"path_per_floor":["R","M","?","?","?","?","T","R","M","R","?","R","E","$","M","B",null,"R","M","M","M","M","E","T","R","M","M","M","E","$","M","M","B",null,"R","M","?","?","M","R","T","R","M","R","M","M","E","M","M","B"],"character_chosen":"GUARDIAN","items_purchased":["War Paint","Guardian:Gem_Purple"],"campfire_rested":0,"item_purchase_floors":[14,30],"current_hp_per_floor":[80,80,56,56,56,80,80,80,80,80,80,80,80,80,80,55,80,80,73,73,72,72,71,71,71,71,71,71,71,71,53,53,48,80,80,65,65,65,43,43,43,43,43,43,43,43,39,30,30,0,0,0],"gold":548,"neow_bonus":"THREE_ENEMY_KILL","is_daily":false,"chose_seed":false,"campfire_upgraded":6,"win_rate":0.0,"timestamp":1611756830,"path_taken":["R","M","?","?","?","?","T","R","?","R","?","R","E","$","M","BOSS","R","M","M","M","M","E","T","R","M","M","M","E","$","M","M","BOSS","R","M","?","?","M","R","T","R","M","R","M","?","E","?","M","BOSS"],"items_purchased_type":["Relic","Card"],"build_version":"2020-12-22","purchased_purges":0,"victory":false,"max_hp_per_floor":[80,80,80,80,80,80,80,80,80,80,80,80,80,80,80,80,80,80,80,80,80,80,80,80,80,80,80,80,80,80,80,80,80,80,80,80,80,80,80,80,80,80,80,80,80,80,80,80,80,80,80,80],"card_choices":[{"not_picked":["Guardian:Gem_Lightblue","Guardian:BodySlam"],"picked":"Guardian:Gem_Purple","floor":2},{"not_picked":["Guardian:WalkerClaw","Guardian:VentSteam"],"picked":"Guardian:DonusPower","floor":9},{"not_picked":["Guardian:Gem_Blue","Guardian:Harden"],"picked":"Guardian:SentryBeam","floor":13},{"not_picked":["Guardian:PolyBeam","Guardian:Incinerate"],"picked":"Guardian:Gem_Crimson","floor":14},{"not_picked":["Guardian:Reroute","Guardian:ShieldSpikes"],"picked":"Guardian:RollAttack","floor":15},{"not_picked":["Guardian:AncientConstruct","Guardian:GemFire"],"picked":"Guardian:GatlingBeam","floor":16},{"not_picked":["Guardian:Planning+1","Guardian:ChargeCore"],"picked":"Guardian:PrimingBeam","floor":19},{"not_picked":["Guardian:Reroute","Guardian:VentSteam"],"picked":"Guardian:DonusPower","floor":20},{"not_picked":["Guardian:VentSteam","Guardian:PrimingBeam","Guardian:Reroute"],"picked":"SKIP","floor":21},{"not_picked":["Guardian:TemporalStrike","Guardian:ShieldCharger"],"picked":"Guardian:PiercingHide","floor":22},{"not_picked":["Guardian:PolyBeam","Guardian:ChargeCore+1"],"picked":"Guardian:CrystalBeam","floor":23},{"not_picked":["Guardian:ShieldCharger","Guardian:Clone+1"],"picked":"Guardian:PolyBeam+1","floor":26},{"not_picked":["Guardian:Reroute","Guardian:Incinerate"],"picked":"Guardian:BronzeOrb","floor":27},{"not_picked":["Guardian:PrimingBeam","Guardian:RefractedBeam+1"],"picked":"Guardian:SpikerProtocol+1","floor":28},{"not_picked":["Guardian:ShieldCharger","Guardian:Gem_Blue"],"picked":"Guardian:RevengeProtocol","floor":29},{"not_picked":["Guardian:PrimingBeam","Guardian:Recover+1","Guardian:AncientConstruct"],"picked":"SKIP","floor":30},{"not_picked":["Guardian:Gem_Lightblue","Guardian:TemporalStrike"],"picked":"Guardian:Gem_Yellow","floor":31},{"not_picked":["Guardian:Reroute","Guardian:PolyBeam+1"],"picked":"Guardian:TemporalShield","floor":32},{"not_picked":["Guardian:GemFire","Guardian:GatlingBeam"],"picked":"Guardian:CompilePackage","floor":33},{"not_picked":["Guardian:VentSteam+1","Guardian:ShieldCharger"],"picked":"Guardian:Gem_White","floor":36},{"not_picked":["Guardian:Recover","Guardian:Reroute"],"picked":"Guardian:PolyBeam+1","floor":39},{"not_picked":["Guardian:GatlingBeam","Guardian:Gem_Purple"],"picked":"Guardian:Planning+1","floor":43},{"not_picked":["Guardian:EvasiveProtocol","Guardian:Gem_Green"],"picked":"Guardian:WalkerClaw","floor":45},{"not_picked":["Guardian:CrystalBeam","Guardian:TimeCapacitor+1"],"picked":"Guardian:Harden+1","floor":46},{"not_picked":["Guardian:Repulse+1","Guardian:Gem_Fragmented"],"picked":"Guardian:DecasProtection","floor":47},{"not_picked":["Guardian:MultiBeam","Guardian:TimeCapacitor+1","Guardian:Incinerate"],"picked":"SKIP","floor":48},{"not_picked":["Guardian:Gem_Crimson","Guardian:Suspension+1"],"picked":"Guardian:PolyBeam","floor":49}],"player_experience":500505,"relics_obtained":[{"floor":7,"key":"Letter Opener"},{"floor":13,"key":"FossilizedHelix"},{"floor":23,"key":"Nunchaku"},{"floor":24,"key":"White Beast Statue"},{"floor":29,"key":"Ancient Tea Set"},{"floor":37,"key":"MawBank"},{"floor":37,"key":"HornCleat"},{"floor":37,"key":"Girya"},{"floor":41,"key":"Bronze Scales"},{"floor":47,"key":"PreservedInsect"},{"floor":47,"key":"Thread and Needle"}],"event_choices":[{"damage_healed":0,"gold_gain":0,"player_choice":"Box","damage_taken":0,"relics_obtained":["Incense Burner"],"max_hp_gain":0,"max_hp_loss":0,"event_name":"Big Fish","floor":4,"gold_loss":0,"cards_obtained":["Regret"]},{"damage_healed":24,"gold_gain":0,"player_choice":"Full Heal","damage_taken":0,"max_hp_gain":0,"max_hp_loss":0,"event_name":"Wheel of Change","floor":6,"gold_loss":0}],"is_beta":false,"boss_relics":[{"not_picked":["Velvet Choker","Runic Dome"],"picked":"Coffee Dripper"},{"not_picked":["Pandora\u0027s Box","bronze:MakeshiftBattery"],"picked":"Black Star"}],"items_purged_floors":[],"is_endless":false,"potions_floor_spawned":[13,15,19,20,22,23,26,27,28,29,30,31,32,33,36,39,43,45,46,47,48,49],"killed_by":"IC_BLOCK_ARCHETYPE","ascension_level":3}}