{"host":"w7dhjqgqsib0c3vt","time":1611756964,"event":{"mods":["ATMod(°¢èªMod)","BaseMod","Dota2Spire","Downfall","Minty Spire (QoL Compilation)","Shop Mod","Spicy Shops","StSLib"],"gold_per_floor":[99,118,118,165,183,223,276,276,301,301,319,364,22,22,70,198,198,198,213,261,273,223,7,7,56,82,127,127,143,43,43,88,192,192,192,235,235,283,188,233,233,233,275,300,300,319,366,47,97,97,97,97],"floor_reached":50,"language":"ZHS","playtime":2501,"items_purged":["downfall:Bewildered","downfall:Malfunctioning"],"score":547,"play_id":"fca8de2f-f13c-4b5c-856d-8dd5e3d175d2","local_time":"20210127221604","is_ascension_mode":false,"campfire_choices":[{"data":"AT_OneInchPunch","floor":1.0,"key":"SMITH"},{"data":"hexamod:SoulSteal","floor":8.0,"key":"SMITH"},{"data":"hexamod:Sear","floor":10.0,"key":"SMITH"},{"floor":18.0,"key":"RECALL"},{"data":"hexamod:UnlimitedPower","floor":30.0,"key":"SMITH"},{"data":"hexamod:BurningTouch","floor":35.0,"key":"SMITH"},{"data":"hexamod:ExtraCrispy","floor":42.0,"key":"SMITH"}],"circlet_count":0,"master_deck":["hexamod:Strike","hexamod:Strike+1","hexamod:Strike+1","hexamod:Strike+1","hexamod:Defend+1","hexamod:Defend+1","hexamod:Defend+1","hexamod:Defend","hexamod:Sear+1","hexamod:Float","AT_OneInchPunch+1","hexamod:DynamicBlow+1","hexamod:RadiantFlame+1","hexamod:Firestarter","hexamod:SoulSteal+1","hexamod:PhantomFireball+1","hexamod:SoulSteal+1","hexamod:BacktrackSmack","hexamod:BurningTouch+1","hexamod:FifthSeal","hexamod:SixthSeal","hexamod:UnlimitedPower+1","CurseOfTheBell","hexamod:AdvancingGuard+1","hexamod:FirstSeal","hexamod:HeatMetal","hexamod:Rewind+1","hexamod:SixthSeal","hexamod:VolcanoVisage+1","hexamod:SpectersWail","hexamod:BurningTouch+1","hexamod:FirstSeal","hexamod:SkipABeat+1","hexamod:HeatMetal+1","Writhe","hexamod:InspiringFlames+1","hexamod:TimeWarp+1","hexamod:ExtraCrispy+1","hexamod:BurningTouch+1","hexamod:Rewind+1","Clumsy","hexamod:HeatShield+1","expansioncontent:LastStand+1","hexamod:GhostflameInferno+1","Decay","hexamod:ChargedBarrage+1"],"relics":["hexamod:SpiritBrand","AT_ATBox","Dota2Spire:HandOfMidas","Orichalcum","Shuriken","HandDrill","Dota2Spire:MonkeyKingBar","Calling Bell","Akabeko","Dota2Spire:LinkenSphere","AT_Manta","Gambling Chip","Dota2Spire:OrchidMalevolence","AT_ChloranthyRing","sneckomod:BabySnecko","downfall:HeartBlessingRed","AT_ImmortalShieldbow","bronze:MakeshiftBattery","Mango","War Paint","InkBottle","Strawberry"],"acts_visited":["Exordium","TheCity","TheBeyond"],"potions_floor_usage":[50,50],"damage_taken":[{"damage":0.0,"enemies":"Small Slimes","floor":2.0,"turns":1.0},{"damage":7.0,"enemies":"2 Louse","floor":4.0,"turns":2.0},{"damage":1.0,"enemies":"Jaw Worm","floor":5.0,"turns":2.0},{"damage":7.0,"enemies":"3 Louse","floor":6.0,"turns":3.0},{"damage":13.0,"enemies":"Lagavulin","floor":9.0,"turns":3.0},{"damage":0.0,"enemies":"Blue Slaver","floor":11.0,"turns":1.0},{"damage":1.0,"enemies":"Lots of Slimes","floor":12.0,"turns":2.0},{"damage":5.0,"enemies":"downfall:FleeingMerchant","floor":13.0,"turns":4.0},{"damage":3.0,"enemies":"Large Slime","floor":15.0,"turns":3.0},{"damage":23.0,"enemies":"DF_ARCHETYPE_STREAMLINE","floor":16.0,"turns":6.0},{"damage":5.0,"enemies":"Shell Parasite","floor":19.0,"turns":3.0},{"damage":26.0,"enemies":"3 Byrds","floor":20.0,"turns":3.0},{"damage":0.0,"enemies":"Snake Plant","floor":21.0,"turns":2.0},{"damage":0.0,"enemies":"downfall:FleeingMerchant","floor":23.0,"turns":4.0},{"damage":2.0,"enemies":"Snecko","floor":25.0,"turns":3.0},{"damage":36.0,"enemies":"Slavers","floor":26.0,"turns":3.0},{"damage":12.0,"enemies":"3 Cultists","floor":27.0,"turns":4.0},{"damage":0.0,"enemies":"Cultist and Chosen","floor":29.0,"turns":3.0},{"damage":4.0,"enemies":"Chosen and Byrds","floor":32.0,"turns":3.0},{"damage":10.0,"enemies":"IC_MUSHROOM_ARCHETYPE","floor":33.0,"turns":3.0},{"damage":21.0,"enemies":"3 Darklings","floor":36.0,"turns":6.0},{"damage":4.0,"enemies":"3 Shapes","floor":38.0,"turns":2.0},{"damage":6.0,"enemies":"downfall:FleeingMerchant","floor":39.0,"turns":3.0},{"damage":5.0,"enemies":"Sphere and 2 Shapes","floor":40.0,"turns":3.0},{"damage":33.0,"enemies":"Spire Growth","floor":43.0,"turns":4.0},{"damage":22.0,"enemies":"Maw","floor":46.0,"turns":4.0},{"damage":14.0,"enemies":"4 Shapes","floor":47.0,"turns":4.0},{"damage":19.0,"enemies":"Spire Growth","floor":49.0,"turns":3.0},{"damage":106,"enemies":"SI_POISON_ARCHETYPE","floor":50,"turns":5}],"seed_played":"3853037883224135860","potions_obtained":[{"floor":2.0,"key":"hexamod:EctoCoolerPotion"},{"floor":6.0,"key":"DistilledChaos"},{"floor":9.0,"key":"Swift Potion"},{"floor":16.0,"key":"Dota2Spire:HealingSalve"},{"floor":25.0,"key":"Swift Potion"},{"floor":27.0,"key":"bronze:BurnAndBuffPotion"},{"floor":29.0,"key":"DuplicationPotion"},{"floor":38.0,"key":"DistilledChaos"},{"floor":43.0,"key":"Dexterity Potion"},{"floor":49.0,"key":"Explosive Potion"}],"is_trial":false,"path_per_floor":["R","M","?","M","M","M","T","R","E","R","M","M","$","?","M","B",null,"R","M","M","M","?","$","T","M","E","M","?","M","R","?","M","B",null,"R","M","?","M","$","M","T","R","M","?","?","M","M","$","M","B"],"character_chosen":"THE_SPIRIT","items_purchased":["HandDrill","Dota2Spire:MonkeyKingBar","Gambling Chip","hexamod:SpectersWail","Mango","War Paint","expansioncontent:LastStand","Strawberry","Regen Potion"],"campfire_rested":0,"item_purchase_floors":[13,13,23,23,39,39,39,48,48],"current_hp_per_floor":[77,77,74,67,66,59,59,59,46,46,46,45,40,40,37,14,77,77,72,46,46,75,77,77,75,46,41,41,55,55,55,58,57,77,77,63,63,66,81,83,83,83,57,57,57,42,28,35,73,0,0,0],"gold":97,"neow_bonus":"TEN_PERCENT_HP_BONUS","is_daily":false,"chose_seed":false,"campfire_upgraded":6,"win_rate":0.0,"timestamp":1611756964,"path_taken":["R","M","?","M","M","M","T","R","E","R","M","M","$","?","M","BOSS","R","M","M","M","?","$","T","M","E","M","?","M","R","?","M","BOSS","R","M","?","M","$","M","T","R","M","?","?","M","M","$","M","BOSS"],"items_purchased_type":["Relic","Relic","Relic","Card","Relic","Relic","Card","Relic","Potion"],"build_version":"2020-12-22","purchased_purges":2,"victory":false,"max_hp_per_floor":[77,77,77,77,77,77,77,77,77,77,77,77,77,77,77,77,77,77,77,77,77,77,77,77,77,77,77,77,77,77,77,77,77,77,77,77,77,77,91,91,91,91,91,91,91,91,91,98,98,98,98,98],"card_choices":[{"not_picked":["hexamod:AdvancingGuard","hexamod:SwordOfDarkness"],"picked":"hexamod:DynamicBlow","floor":2.0},{"not_picked":["hexamod:ShieldOfDarkness","hexamod:NecessarySacrifice"],"picked":"hexamod:RadiantFlame","floor":4.0},{"not_picked":["hexamod:Hexaguard","hexamod:ThirdSeal"],"picked":"hexamod:Firestarter","floor":5.0},{"not_picked":["hexamod:FastForward","hexamod:GhostShield"],"picked":"hexamod:SoulSteal","floor":6.0},{"not_picked":["hexamod:FastForward","hexamod:Hexaguard"],"picked":"hexamod:PhantomFireball","floor":9.0},{"not_picked":["hexamod:ParanormalForm","hexamod:AdvancingGuard"],"picked":"hexamod:SoulSteal","floor":11.0},{"not_picked":["hexamod:PhantomFireball","hexamod:NightmareStrike"],"picked":"hexamod:BacktrackSmack","floor":12.0},{"not_picked":["hexamod:GhostOfSpireFuture","hexamod:NightmareGuise"],"picked":"hexamod:BurningTouch","floor":13.0},{"not_picked":["hexamod:HeatMetal","hexamod:CatchUp"],"picked":"hexamod:FifthSeal","floor":15.0},{"not_picked":["hexamod:ThirdSeal","hexamod:FourthSeal"],"picked":"hexamod:SixthSeal","floor":16.0},{"not_picked":["hexamod:TimeWarp","hexamod:ParanormalForm"],"picked":"hexamod:UnlimitedPower","floor":16.0},{"not_picked":["hexamod:Hexaguard","hexamod:HeatMetal"],"picked":"hexamod:AdvancingGuard+1","floor":19.0},{"not_picked":["hexamod:SecondSeal","hexamod:FourthSeal"],"picked":"hexamod:FirstSeal","floor":20.0},{"not_picked":["hexamod:ShieldOfDarkness","hexamod:Again"],"picked":"hexamod:HeatMetal","floor":20.0},{"not_picked":["hexamod:SwordOfDarkness","hexamod:Hexaguard"],"picked":"hexamod:Rewind","floor":21.0},{"not_picked":["hexamod:FirstSeal","hexamod:ThirdSeal"],"picked":"hexamod:SixthSeal","floor":23.0},{"not_picked":["hexamod:RadiantFlame","hexamod:SwordOfDarkness"],"picked":"hexamod:VolcanoVisage","floor":23.0},{"not_picked":["hexamod:NightmareGuise","hexamod:HeatCrush","hexamod:NightmareStrike"],"picked":"SKIP","floor":25.0},{"not_picked":["hexamod:Haunt","hexamod:HauntingEcho"],"picked":"hexamod:BurningTouch","floor":26.0},{"not_picked":["hexamod:ThirdSeal","hexamod:SecondSeal"],"picked":"hexamod:FirstSeal","floor":27.0},{"not_picked":["hexamod:Firestarter","hexamod:DynamicBlow+1"],"picked":"hexamod:SkipABeat","floor":27.0},{"not_picked":["hexamod:Firestarter","hexamod:ThermalTransfer"],"picked":"hexamod:HeatMetal+1","floor":29.0},{"not_picked":["hexamod:AdvancingGuard","hexamod:SpectralAdrenaline"],"picked":"hexamod:InspiringFlames+1","floor":32.0},{"not_picked":["hexamod:UnlimitedPower","hexamod:UnleashSpirits"],"picked":"hexamod:TimeWarp","floor":33.0},{"not_picked":["hexamod:ThirdSeal","hexamod:GhostShield"],"picked":"hexamod:ExtraCrispy","floor":36.0},{"not_picked":["hexamod:HauntingEcho+1","hexamod:GhostShield","hexamod:BurningTouch+1"],"picked":"SKIP","floor":38.0},{"not_picked":["hexamod:SecondSeal","hexamod:SpectersWail"],"picked":"hexamod:HeatShield+1","floor":39.0},{"not_picked":["hexamod:InspiringFlames","hexamod:SoulSteal","hexamod:ThermalTransfer"],"picked":"SKIP","floor":40.0},{"not_picked":["hexamod:BacktrackSmack","hexamod:FourthSeal"],"picked":"hexamod:GhostflameInferno","floor":43.0},{"not_picked":["hexamod:NightmareGuise","hexamod:NightmareStrike+1"],"picked":"hexamod:ChargedBarrage+1","floor":46.0},{"not_picked":["hexamod:ThermalTransfer","hexamod:ThirdSeal","hexamod:SpectersWail+1"],"picked":"SKIP","floor":47.0},{"not_picked":["hexamod:Firestarter+1","hexamod:Hexaguard","hexamod:ShieldOfDarkness+1"],"picked":"SKIP","floor":49.0}],"player_experience":638388,"relics_obtained":[{"floor":7.0,"key":"Orichalcum"},{"floor":9.0,"key":"Shuriken"},{"floor":17.0,"key":"Akabeko"},{"floor":17.0,"key":"Dota2Spire:LinkenSphere"},{"floor":17.0,"key":"AT_Manta"},{"floor":24.0,"key":"Dota2Spire:OrchidMalevolence"},{"floor":26.0,"key":"AT_ChloranthyRing"},{"floor":41.0,"key":"InkBottle"}],"event_choices":[{"damage_healed":0.0,"max_hp_gain":0.0,"max_hp_loss":0.0,"gold_gain":0.0,"event_name":"Scrap Ooze","player_choice":"Success","floor":3.0,"gold_loss":0.0,"damage_taken":3.0,"relics_obtained":["Dota2Spire:HandOfMidas"]}],"is_beta":false,"boss_relics":[{"not_picked":["Coffee Dripper","Runic Dome"],"picked":"Calling Bell"},{"not_picked":["Snecko Eye","Empty Cage"],"picked":"bronze:MakeshiftBattery"}],"items_purged_floors":[39,48],"is_endless":false,"potions_floor_spawned":[2,6,9,11,16,25,27,29,38,43,47,49],"killed_by":"SI_POISON_ARCHETYPE","ascension_level":0}}