{"host":"zyco7k3wn5zcc8b6","time":1611764746,"event":{"mods":["Aspiration","BaseMod","Colored Map","Conspire","Custom Start","Hubris","Infinite Spire","Minty Spire (QoL Compilation)","Relic Filter","Replay The Spire","Shop Mod","StSLib","Trackpad"],"gold_per_floor":[110,121,139,102,102,131,150,150,199,210,210,210,226,259,259,347,347,365,365,126,145,400,400,400],"floor_reached":23,"language":"ENG","playtime":2936,"items_purged":["Reaper"],"score":522,"play_id":"85914168-9eeb-4af7-a833-d6a62cf7bf60","local_time":"20210127202546","daily_mods":["Vintage","Terminal"],"is_ascension_mode":true,"campfire_choices":[{"data":"Armaments","floor":8,"key":"SMITH"},{"data":"Feed","floor":8,"key":"SMITH"},{"data":"infinitespire:OneForAll","floor":12,"key":"SMITH"},{"data":"infinitespire:OneForAll+1","floor":12,"key":"SMITH"},{"data":"Feed+1","floor":15,"key":"SMITH"},{"data":"Feed+2","floor":15,"key":"SMITH"}],"circlet_count":0,"master_deck":["Bandage Up","conspire:Banana","Impervious","Exhume+1","ReplayTheSpireMod:Stacked","Armaments+1","Ghostly Armor","Ghostly Armor","Feed+3","infinitespire:OneForAll+2","Berserk"],"relics":["Burning Blood","trackpad:ZombieHeart","TungstenRod","conspire:InfiniteJournal","Replay:Arrowhead","infinitespire:Bottled Soul","Replay:Baseball","infinitespire:Golems Mask","infinitespire:WardingShard","Omamori","trackpad:WondrousWand","Sozu","Art of War","Ring of Hypnosis","ReplayTheSpireMod:Ring of Exchange","MerchantsRug"],"acts_visited":["Exordium","TheCity"],"potions_floor_usage":[6,11],"damage_taken":[{"damage":0,"enemies":"conspire:RoseBush","floor":1,"turns":7},{"damage":0,"enemies":"Cultist","floor":2,"turns":7},{"damage":3,"enemies":"Jaw Worm","floor":3,"turns":10},{"damage":14,"enemies":"Lagavulin","floor":6,"turns":15},{"damage":0,"enemies":"3 Louse","floor":7,"turns":5},{"damage":0,"enemies":"Lots of Slimes","floor":10,"turns":7},{"damage":3,"enemies":"Gremlin Nob","floor":11,"turns":4},{"damage":0,"enemies":"Red Slaver","floor":13,"turns":4},{"damage":0,"enemies":"Lagavulin","floor":14,"turns":8},{"damage":8,"enemies":"Slime Boss","floor":16,"turns":17},{"damage":0,"enemies":"Spheric Guardian","floor":18,"turns":2},{"damage":0,"enemies":"2 Thieves","floor":21,"turns":3},{"damage":121,"enemies":"conspire:SneckoGhost","floor":23,"turns":32}],"seed_played":"-2209545486377478726","potions_obtained":[{"floor":1,"key":"Swift Potion"},{"floor":6,"key":"SmokeBomb"},{"floor":13,"key":"Ancient Potion"}],"is_trial":true,"path_per_floor":["M","M","M","$","?","E","M","R","T","M","E","R","M","E","R","B",null,"M","?","$","M","$","E"],"character_chosen":"IRONCLAD","items_purchased":["infinitespire:OneForAll","MerchantsRug"],"campfire_rested":0,"item_purchase_floors":[4,20],"current_hp_per_floor":[5,11,17,16,15,21,38,37,36,60,60,59,65,72,71,111,110,110,109,108,111,110,0,0],"gold":400,"neow_bonus":"","is_daily":false,"chose_seed":false,"campfire_upgraded":6,"win_rate":0.0,"timestamp":1611764746,"path_taken":["M","M","?","$","?","E","M","R","T","M","E","R","M","E","R","BOSS","M","?","$","M","$","E"],"items_purchased_type":["Card","Relic"],"build_version":"2020-12-22","purchased_purges":1,"victory":false,"max_hp_per_floor":[5,11,17,16,15,24,38,37,36,60,60,59,65,72,71,111,110,110,109,108,111,110,112,112],"card_choices":[{"not_picked":["Wild Strike","Feed","hubris:CleavingFinish"],"picked":"SKIP","floor":6},{"not_picked":["Sentinel","Battle Trance","Clothesline"],"picked":"SKIP","floor":14},{"not_picked":["Feed","Fiend Fire"],"picked":"Berserk","floor":16}],"player_experience":383290,"relics_obtained":[{"floor":1,"key":"Gremlin Food"},{"floor":2,"key":"infinitespire:Golems Mask"},{"floor":3,"key":"Replay:Accelerometer"},{"floor":7,"key":"infinitespire:WardingShard"},{"floor":9,"key":"CeramicFish"},{"floor":10,"key":"conspire:TopHat"},{"floor":13,"key":"Omamori"},{"floor":14,"key":"trackpad:WondrousWand"},{"floor":18,"key":"Art of War"},{"floor":19,"key":"Ring of Hypnosis"},{"floor":19,"key":"ReplayTheSpireMod:Ring of Exchange"},{"floor":21,"key":"conspire:GiftBox"}],"event_choices":[{"damage_healed":0,"gold_gain":0,"player_choice":"Leave","damage_taken":0,"max_hp_gain":0,"max_hp_loss":0,"event_name":"The Cleric","floor":5,"gold_loss":0}],"is_beta":false,"boss_relics":[{"not_picked":["SlaversCollar","Mark of Pain"],"picked":"Sozu"}],"items_purged_floors":[20],"is_endless":false,"potions_floor_spawned":[1,6,13,18],"killed_by":"conspire:SneckoGhost","ascension_level":20}}