{"host":"bxdue9bkfm2khp2x","time":1611735767,"event":{"mods":["ATMod(阿瑾Mod)","Arknights The Spire","Aspiration","BaseMod","Better Vampires","Challenge The Spire","Colored Map","Colored Powertips","Conspire","Decade(王小明)","Dota2Spire","Highlight Path","Minty Spire (QoL Compilation)","MostiFishMod","Remilia（蕾米莉亚）","Replay The Spire","RumiaBox-露米娅的神秘盒子","Ryuuou龙王","Spicy Shops","StSLib","Td1madao Mod","The Alterego","The Bug Knight","The Cursed","The Servant 0.9.4","WarShipGirlsR/战舰少女R mod","noobMod","【功能Mod】混沌之环修复补丁","【遗物卡牌】REMEMod","篝火指南"],"gold_per_floor":[110,120,195,210,210,242,21,21,21,53,63,63,63,77,77,150,150,169,185,185,185,284,316,316,316,363,71,71,105,105,115,115,194,194,204,204,79,94,94,94,110,110,135,148,148,158,158,171,171,171],"floor_reached":51,"language":"ZHS","playtime":3808,"items_purged":["Injury","rmod:basicallowance","rmod:defend"],"score":1333,"play_id":"1c34be0b-3d8c-4564-9927-d00c0742b1ba","local_time":"20210127162247","is_ascension_mode":true,"campfire_choices":[{"data":"AT_ShadowStep","floor":8.0,"key":"SMITH"},{"data":"rmod:expedition","floor":12.0,"key":"SMITH"},{"data":"rmod:expedition+1","floor":15.0,"key":"SMITH"},{"data":"rmod:expedition+2","floor":24,"key":"SMITH"},{"data":"rmod:diaomin","floor":28,"key":"SMITH"},{"data":"rmod:overbreakdown","floor":30,"key":"SMITH"},{"data":"rmod:maingunfire","floor":32,"key":"SMITH"},{"data":"rmod:secretscript","floor":40,"key":"SMITH"},{"data":"MostiFishMod:ForestofLight","floor":42,"key":"SMITH"},{"data":"rmod:intelligenceanalysis","floor":49,"key":"SMITH"}],"circlet_count":0,"master_deck":["AscendersBane","rmod:defend","rmod:defend","rmod:defend","rmod:maingunfire+1","MostiFishMod:ForestofLight+1","AT_ShadowStep+1","rmod:intelligenceanalysis+1","rmod:generalist+1","rmod:firesupport+1","Dramatic Entrance+1","rmod:expedition+3","rmod:secretscript+1","rmod:overbreakdown+1","Bite+1","Bite+1","Bite+1","Bite+1","rmod:diaomin+1","rmod:heivgo+1"],"relics":["rmod:firstchargereward","DaveBox","REME_ComplimentaryCards","ice","AT_ATBox","EGODaCapo","NeowsBlessing","SynthV:TestCard","Molten Egg 2","Replay:Kaleidoscope","Dota2Spire:EtherealBlade","ReplayFunnel","BionicSphere","alterego_mod:SomeoneToFightFor","Anchor","Chameleon Ring","Replay:Bottled Steam","ChiXiaoBlade","Dota2Spire:EchoSabre","AT_BladeRuinedKing"],"acts_visited":["Exordium","TheCity","TheBeyond"],"potions_floor_usage":[23,33],"damage_taken":[{"damage":0.0,"enemies":"Cultist","floor":1.0,"turns":1.0},{"damage":0.0,"enemies":"Small Slimes","floor":2.0,"turns":1.0},{"damage":0.0,"enemies":"Jaw Worm","floor":4.0,"turns":1.0},{"damage":11.0,"enemies":"3 Sentries","floor":6.0,"turns":7.0},{"damage":0.0,"enemies":"Lagavulin","floor":10.0,"turns":5.0},{"damage":0.0,"enemies":"Looter","floor":11.0,"turns":2.0},{"damage":0.0,"enemies":"Large Slime","floor":14.0,"turns":3.0},{"damage":11.0,"enemies":"Hexaghost","floor":16.0,"turns":7.0},{"damage":3.0,"enemies":"Chosen","floor":18.0,"turns":4.0},{"damage":0.0,"enemies":"2 Thieves","floor":19.0,"turns":1.0},{"damage":18,"enemies":"Slavers","floor":23,"turns":4},{"damage":0,"enemies":"Replay:Snechameleon","floor":29,"turns":5},{"damage":0,"enemies":"Snake Plant","floor":31,"turns":3},{"damage":0,"enemies":"Automaton","floor":33,"turns":8},{"damage":0,"enemies":"Orb Walker","floor":35,"turns":5},{"damage":0,"enemies":"3 Shapes","floor":38,"turns":4},{"damage":0,"enemies":"Maw","floor":41,"turns":6},{"damage":0,"enemies":"Jaw Worm Horde","floor":44,"turns":1},{"damage":0,"enemies":"Writhing Mass","floor":46,"turns":7},{"damage":0,"enemies":"3 Darklings","floor":48,"turns":4},{"damage":0,"enemies":"Time Eater","floor":50,"turns":7}],"seed_played":"3893775535269630583","potions_obtained":[{"floor":1.0,"key":"SteroidPotion"},{"floor":10.0,"key":"SteroidPotion"},{"floor":11.0,"key":"Dexterity Potion"},{"floor":16.0,"key":"LiquidMemories"},{"floor":29,"key":"Energy Potion"},{"floor":35,"key":"AttackPotion"}],"is_trial":false,"path_per_floor":["M","M","?","M","?","E","$","R","T","E","M","R","?","M","R","B",null,"M","M","?","?","?","E","R","?","T","$","R","E","R","M","R","B",null,"M","?","$","M","?","R","M","R","T","M","?","M","?","M","R","B",null],"character_chosen":"PRAEFECT","items_purchased":["rmod:firesupport+1","Dramatic Entrance+1","Chameleon Ring","rmod:diaomin"],"campfire_rested":0,"item_purchase_floors":[7,7,27,27],"current_hp_per_floor":[68,68,57,57,57,46,46,46,46,46,46,46,46,46,46,35,65,62,62,62,57,57,48,48,48,48,48,48,57,57,57,57,57,57,57,54,54,54,54,54,54,54,54,54,54,54,54,54,54,54],"gold":171,"neow_bonus":"THREE_ENEMY_KILL","is_daily":false,"chose_seed":false,"campfire_upgraded":10,"win_rate":0.0,"timestamp":1611735767,"path_taken":["M","?","?","M","?","E","$","R","T","E","M","R","?","M","R","BOSS","M","M","?","?","?","E","R","?","T","$","R","E","R","?","R","BOSS","M","?","$","M","?","R","M","R","T","M","?","M","?","?","R","BOSS"],"items_purchased_type":["Card","Card","Relic","Card"],"build_version":"2020-12-22","purchased_purges":3,"victory":true,"max_hp_per_floor":[75,75,75,75,75,75,75,75,75,75,75,75,75,75,75,75,75,75,75,75,57,57,57,57,57,57,57,57,57,57,57,57,57,57,57,54,54,54,54,54,54,54,54,54,54,54,54,54,54,54],"card_choices":[{"not_picked":["rmod:luckystar","rmod:fuelsupply"],"picked":"rmod:intelligenceanalysis","floor":1.0},{"not_picked":["rmod:aviationdawn","rmod:bulid","rmod:supportescort","rmod:robin","rmod:tearstotiara"],"picked":"SKIP","floor":2.0},{"not_picked":["rmod:royalracing","rmod:intelligenceanalysis","rmod:aggressivemary","rmod:supportaircraftcarrier","rmod:supriseattacks"],"picked":"SKIP","floor":4.0},{"not_picked":["rmod:combined+1","rmod:guardianhero","rmod:aluminumsupply","rmod:maintain"],"picked":"rmod:generalist+1","floor":6.0},{"not_picked":["rmod:luckystar+1","rmod:goodfighter+1","rmod:victimresponsibility","rmod:gendarmerie","rmod:aluminumsupply"],"picked":"SKIP","floor":10.0},{"not_picked":["rmod:fuelsupply","rmod:intelligenceanalysis+1","rmod:overbreakdown","rmod:smokecover"],"picked":"rmod:expedition","floor":11.0},{"not_picked":["rmod:victimresponsibility","rmod:bulid","rmod:aviationdawn","rmod:fletcherpendant+1","rmod:supportescort"],"picked":"SKIP","floor":14.0},{"not_picked":["rmod:timeschanged+1","rmod:supriseattacks","rmod:highspeedmaneuver","rmod:u235"],"picked":"rmod:secretscript","floor":16.0},{"not_picked":["rmod:heivgo","rmod:combined+1","rmod:garrisonisland+1","rmod:aggressivemary+1"],"picked":"rmod:overbreakdown","floor":18.0},{"not_picked":["rmod:combined+1","rmod:ammunitionsupply","rmod:capitalist+1","rmod:circuitoustactics","rmod:overbreakdown"],"picked":"SKIP","floor":19.0},{"not_picked":["rmod:highspeedshooting+1","rmod:salvage+1","rmod:aggressivemary+1","rmod:goodfighter+1","rmod:punchline"],"picked":"SKIP","floor":23},{"not_picked":["rmod:aluminumsupply","rmod:shuttlebombing","rmod:fuelsupply","rmod:diamondstrike+1","rmod:generalist+1"],"picked":"SKIP","floor":29},{"not_picked":["rmod:steelsupply","rmod:overbreakdown","rmod:firesupport+1","rmod:diamondstrike+1","rmod:circuitoustactics"],"picked":"SKIP","floor":31},{"not_picked":["rmod:tearstotiara+1","rmod:ammunitionsupply","rmod:overbreakdown","rmod:diamondstrike+1","rmod:intelligenceanalysis+1"],"picked":"SKIP","floor":35},{"not_picked":["rmod:windflower","rmod:firesupport+1","rmod:diaomin","rmod:wife","rmod:diamondstrike+1"],"picked":"SKIP","floor":38},{"not_picked":["rmod:robin","rmod:aluminumsupply","rmod:circuitoustactics+1","rmod:wolves+1","rmod:advancebysurprise+1"],"picked":"SKIP","floor":41},{"not_picked":["rmod:victimresponsibility+1","rmod:intelligenceanalysis+1","rmod:fuelsupply+1","rmod:tearstotiara+1","rmod:circuitoustactics+1"],"picked":"SKIP","floor":44},{"not_picked":["rmod:fletcherpendant+1","rmod:wife","rmod:sl","rmod:salvage+1"],"picked":"rmod:heivgo+1","floor":46},{"not_picked":["rmod:wasp","rmod:fuelsupply","rmod:salvage+1","rmod:firesupport+1","rmod:wolves+1"],"picked":"SKIP","floor":48}],"player_experience":1346520,"relics_obtained":[{"floor":1.0,"key":"SynthV:TestCard"},{"floor":6.0,"key":"Replay:Kaleidoscope"},{"floor":9.0,"key":"Dota2Spire:EtherealBlade"},{"floor":10.0,"key":"ReplayFunnel"},{"floor":23,"key":"BionicSphere"},{"floor":26,"key":"Anchor"},{"floor":29,"key":"Replay:Bottled Steam"},{"floor":43,"key":"Dota2Spire:EchoSabre"}],"event_choices":[{"damage_healed":0.0,"max_hp_gain":0.0,"max_hp_loss":0.0,"gold_gain":75.0,"event_name":"World of Goop","player_choice":"Gather Gold","floor":3.0,"gold_loss":0.0,"damage_taken":11.0},{"damage_healed":0,"gold_gain":0,"player_choice":"Became a vampire","damage_taken":0,"max_hp_gain":0,"max_hp_loss":18,"event_name":"Vampires","floor":21,"gold_loss":0,"cards_obtained":["Bite","Bite","Bite","Bite"]},{"damage_healed":0,"gold_gain":99,"player_choice":"Stole From Cult","damage_taken":0,"max_hp_gain":0,"max_hp_loss":0,"event_name":"Nest","floor":22,"gold_loss":0},{"damage_healed":0,"gold_gain":0,"player_choice":"Choice 2","damage_taken":0,"relics_obtained":["alterego_mod:SomeoneToFightFor"],"max_hp_gain":0,"max_hp_loss":0,"event_name":"爱的神圣花园","floor":25,"gold_loss":0},{"damage_healed":0,"gold_gain":0,"player_choice":"Max HP","damage_taken":0,"max_hp_gain":0,"max_hp_loss":3,"event_name":"Winding Halls","floor":36,"gold_loss":0},{"damage_healed":0,"gold_gain":0,"player_choice":"Ignored","damage_taken":0,"max_hp_gain":0,"max_hp_loss":0,"event_name":"Tomb of Lord Red Mask","floor":45,"gold_loss":0},{"damage_healed":0,"gold_gain":0,"player_choice":"Gave Potion","damage_taken":0,"relics_obtained":["AT_BladeRuinedKing"],"max_hp_gain":0,"max_hp_loss":0,"event_name":"WeMeetAgain","floor":47,"gold_loss":0}],"is_beta":false,"boss_relics":[{"not_picked":["Runic Dome","Cursed Key","conspire:SeveredTorchhead"]},{"not_picked":["GreenFoldingFan","REME_DuelDisc"],"picked":"ChiXiaoBlade"}],"items_purged_floors":[7,27,37],"is_endless":false,"potions_floor_spawned":[1,10,11,16,19,29,31,35,38],"ascension_level":13}}