{"host":"1p8eqzpvl5sxeu5t","time":1611717345,"event":{"mods":["BaseMod","Bestiary","Block Reminder","Colored Map","Colored Powertips","Curses Come First","Downfall","Highlight Path","Minty Spire (QoL Compilation)","Relic Stats","StSLib","The IronCluck","Waifu the Spire","everything is the same but u backflip on backflip","slay the spire mod where everything is the same but ironclad has a cowboy hat"],"gold_per_floor":[0,75,87,101,120,155,155,55,40,57,57,92,92,92,108,205,205,205,224,309,309,97,143,169,503,503,403,429,442,342,342,361,459,459,459,479,499,499,513,586,665,696,285,311,311,325,338,372,389,389,389,422,74,74,74,74],"floor_reached":57,"language":"ENG","playtime":4250,"items_purged":["Slimebound:Strike_Slimebound"],"score":1519,"play_id":"de576099-361e-45c3-8b3a-afd9e1aea248","local_time":"20210127111545","is_ascension_mode":true,"campfire_choices":[{"data":"Slimebound:Split","floor":1,"key":"SMITH"},{"data":"Slimebound:GoopSpray","floor":8,"key":"SMITH"},{"data":"Slimebound:CorrosiveSpit","floor":11,"key":"SMITH"},{"data":"Slimebound:OozeBath","floor":13,"key":"SMITH"},{"data":"Slimebound:DouseInSlime","floor":18,"key":"SMITH"},{"floor":27,"key":"RECALL"},{"data":"Slimebound:SplitSpecialist","floor":30,"key":"SMITH"},{"data":"Slimebound:SlimeTap","floor":35,"key":"SMITH"},{"data":"Slimebound:Schlurp","floor":45,"key":"SMITH"},{"data":"Slimebound:Darklings","floor":54,"key":"SMITH"}],"circlet_count":0,"master_deck":["Slimebound:Strike_Slimebound","Slimebound:Tackle","Slimebound:Defend_Slimebound","Slimebound:Defend_Slimebound","Slimebound:Defend_Slimebound","Slimebound:Defend_Slimebound","Slimebound:Split+1","Slimebound:CorrosiveSpit+1","Slimebound:FinishingTackle","Slimebound:Equalize","Slimebound:GoopSpray+1","Slimebound:SlimeTap+1","Slimebound:LeechingTouch+1","Slimebound:LivingWall","Slimebound:OozeBath+1","Slimebound:SlimeSpikes","Slimebound:DouseInSlime+1","Slimebound:ComboTackle+1","Slimebound:ItLooksTasty+1","Slimebound:Schlurp+1","Slimebound:ComboTackle+1","Slimebound:SplitSpecialist+1","Slimebound:Equalize+1","Slimebound:FormOfPuddle+1","Slimebound:SlimeSlap+1","Slimebound:Prepare+1","Slimebound:HauntingLick+1","Slimebound:Gluttony","Slimebound:HauntingLick+1","Slimebound:Schlurp","Slimebound:SlimeBarrage+1","Slimebound:Darklings+1","Slimebound:SlimeBarrage+1"],"relics":["Slimebound:AbsorbEndCombat","Turnip","WingedGreaves","Molten Egg 2","downfall:HeartBlessingGreen","Tiny Chest","downfall:BrokenWingStatue","Sozu","Anchor","MealTicket","Old Coin","downfall:HeartBlessingBlue","Bronze Scales","downfall:HeartBlessingRed","MutagenicStrength","Busted Crown","Omamori","Slimebound:MaxSlimesRelic","Sundial","Slimebound:SlimedSkullRelic","Dead Branch","OrangePellets","Centennial Puzzle","Mummified Hand","Orichalcum","Pantograph","Slimebound:AggressiveSlimeRelic"],"acts_visited":["Exordium","TheCity","TheBeyond","TheEnding"],"potions_floor_usage":[12,50,56],"damage_taken":[{"damage":7,"enemies":"Jaw Worm","floor":3,"turns":5},{"damage":5,"enemies":"2 Louse","floor":4,"turns":3},{"damage":13,"enemies":"Small Slimes","floor":5,"turns":4},{"damage":15,"enemies":"Lagavulin","floor":6,"turns":7},{"damage":11,"enemies":"downfall:FleeingMerchant","floor":9,"turns":4},{"damage":20,"enemies":"Exordium Thugs","floor":10,"turns":5},{"damage":3,"enemies":"Gremlin Nob","floor":12,"turns":4},{"damage":0,"enemies":"Blue Slaver","floor":15,"turns":3},{"damage":19,"enemies":"SI_SHIV_ARCHETYPE","floor":16,"turns":11},{"damage":0,"enemies":"Spheric Guardian","floor":19,"turns":5},{"damage":2,"enemies":"downfall:FleeingMerchant","floor":22,"turns":4},{"damage":14,"enemies":"Slavers","floor":25,"turns":5},{"damage":33,"enemies":"Gremlin Leader","floor":28,"turns":5},{"damage":0,"enemies":"Snecko","floor":29,"turns":5},{"damage":0,"enemies":"Snake Plant","floor":32,"turns":3},{"damage":32,"enemies":"IC_MUSHROOM_ARCHETYPE","floor":33,"turns":8},{"damage":0,"enemies":"Orb Walker","floor":36,"turns":2},{"damage":6,"enemies":"3 Shapes","floor":37,"turns":3},{"damage":0,"enemies":"Transient","floor":39,"turns":5},{"damage":0,"enemies":"Nemesis","floor":42,"turns":5},{"damage":8,"enemies":"downfall:FleeingMerchant","floor":43,"turns":4},{"damage":19,"enemies":"Reptomancer","floor":44,"turns":4},{"damage":0,"enemies":"3 Darklings","floor":46,"turns":3},{"damage":19,"enemies":"Jaw Worm Horde","floor":47,"turns":3},{"damage":0,"enemies":"Nemesis","floor":48,"turns":7},{"damage":22,"enemies":"Transient","floor":49,"turns":5},{"damage":5,"enemies":"WA_ARCHETYPE_DIVINITY","floor":50,"turns":7},{"damage":12,"enemies":"downfall:CharBossMerchant","floor":52,"turns":6},{"damage":59,"enemies":"downfall:NeowBoss","floor":55,"turns":12},{"damage":101,"enemies":"downfall:NeowBossFinal","floor":56,"turns":7}],"seed_played":"-8538665943330101781","potions_obtained":[{"floor":4,"key":"EssenceOfSteel"},{"floor":5,"key":"SneckoOil"},{"floor":12,"key":"Slimebound:SlimedPotion"},{"floor":15,"key":"FairyPotion"}],"is_trial":false,"path_per_floor":["R","?","M","M","M","E","T","R","$","M","R","E","R","?","M","B",null,"R","M","?","?","$","T","T","E","?","R","E","M","R","?","M","B",null,"R","M","M","?","M","T","T","E","$","E","R","M","M","E","M","B",null,"E","$","R","B","B",null],"character_chosen":"SLIMEBOUND","items_purchased":["Slimebound:Schlurp","Anchor","Dead Branch","OrangePellets","Slimebound:Schlurp","Centennial Puzzle","Slimebound:AggressiveSlimeRelic","Slimebound:Darklings","Slimebound:SlimeBarrage+1"],"campfire_rested":0,"item_purchase_floors":[22,22,43,43,43,43,53,53,53],"current_hp_per_floor":[65,65,65,64,64,57,57,57,58,54,54,63,63,63,65,54,65,65,65,53,53,65,65,65,55,55,65,46,56,56,56,66,42,75,75,75,75,75,75,75,75,75,69,75,75,75,60,75,57,72,75,63,75,75,30,18],"gold":74,"neow_bonus":"ONE_RARE_RELIC","is_daily":false,"chose_seed":false,"campfire_upgraded":9,"win_rate":0.0,"timestamp":1611717345,"path_taken":["R","?","M","M","M","E","T","R","$","M","R","E","R","?","M","BOSS","R","M","?","?","$","?","T","E","?","R","E","M","R","?","M","BOSS","R","M","M","?","M","?","T","E","$","E","R","M","?","E","M","BOSS","E","$","R","BOSS","BOSS"],"items_purchased_type":["Card","Relic","Relic","Relic","Card","Relic","Relic","Card","Card"],"build_version":"2020-12-22","purchased_purges":1,"victory":true,"max_hp_per_floor":[65,65,65,65,65,65,65,65,65,65,65,65,65,65,65,65,65,65,65,65,65,65,65,65,65,65,75,75,75,75,75,75,75,75,75,75,75,75,75,75,75,75,75,75,75,75,75,75,75,75,75,75,75,75,75,75],"relic_stats":{"counters":[30,151],"Dead Branch":[199],"Orichalcum":[18],"Sozu":4,"OrangePellets":[9],"Centennial Puzzle":[21],"Busted Crown":22,"Sundial":[6],"Mummified Hand":[30],"Bronze Scales":[220],"Pantograph":25,"Tiny Chest":2,"MealTicket":12,"Turnip":[14],"obtain_stats":[{"downfall:HeartBlessingGreen":8,"Old Coin":25,"Sozu":17,"Centennial Puzzle":43,"downfall:BrokenWingStatue":14,"Slimebound:MaxSlimesRelic":40,"downfall:HeartBlessingBlue":27,"Sundial":41,"Mummified Hand":44,"Pantograph":52,"Tiny Chest":12,"MealTicket":23,"WingedGreaves":6,"Slimebound:AggressiveSlimeRelic":53,"downfall:HeartBlessingRed":30,"Dead Branch":43,"Omamori":38,"Orichalcum":48,"OrangePellets":43,"Anchor":22,"Busted Crown":34,"Bronze Scales":28,"MutagenicStrength":31,"Molten Egg 2":7,"Turnip":0,"Slimebound:AbsorbEndCombat":0,"Slimebound:SlimedSkullRelic":42},{"downfall:HeartBlessingGreen":4,"Old Coin":12,"Sozu":9,"Centennial Puzzle":21,"downfall:BrokenWingStatue":7,"Slimebound:MaxSlimesRelic":19,"downfall:HeartBlessingBlue":12,"Sundial":19,"Mummified Hand":22,"Pantograph":28,"Tiny Chest":7,"MealTicket":11,"WingedGreaves":4,"Slimebound:AggressiveSlimeRelic":28,"downfall:HeartBlessingRed":14,"Dead Branch":21,"Omamori":18,"Orichalcum":25,"OrangePellets":21,"Anchor":11,"Busted Crown":16,"Bronze Scales":13,"MutagenicStrength":14,"Molten Egg 2":4,"Turnip":0,"Slimebound:AbsorbEndCombat":0,"Slimebound:SlimedSkullRelic":20},{"downfall:HeartBlessingGreen":18,"Old Coin":59,"Sozu":45,"Centennial Puzzle":98,"downfall:BrokenWingStatue":31,"Slimebound:MaxSlimesRelic":90,"downfall:HeartBlessingBlue":59,"Sundial":90,"Mummified Hand":102,"Pantograph":132,"Tiny Chest":31,"MealTicket":54,"WingedGreaves":18,"Slimebound:AggressiveSlimeRelic":132,"downfall:HeartBlessingRed":69,"Dead Branch":98,"Omamori":85,"Orichalcum":114,"OrangePellets":98,"Anchor":54,"Busted Crown":80,"Bronze Scales":64,"MutagenicStrength":69,"Molten Egg 2":18,"Turnip":0,"Slimebound:AbsorbEndCombat":0,"Slimebound:SlimedSkullRelic":95}]},"card_choices":[{"not_picked":["Slimebound:SplitMire","Slimebound:Recollect"],"picked":"Slimebound:FinishingTackle","floor":3},{"not_picked":["Slimebound:ComboTackle","Slimebound:Chomp"],"picked":"Slimebound:Equalize","floor":4},{"not_picked":["Slimebound:ItLooksTasty","Slimebound:Equalize"],"picked":"Slimebound:GoopSpray","floor":5},{"not_picked":["Slimebound:DisruptingSlam","Slimebound:Schlurp"],"picked":"Slimebound:SlimeTap","floor":6},{"not_picked":["Slimebound:PressTheAttack+1","Slimebound:GoopSpray"],"picked":"Slimebound:LeechingTouch+1","floor":9},{"not_picked":["Slimebound:Dissolve","Slimebound:PressTheAttack+1"],"picked":"Slimebound:LivingWall","floor":10},{"not_picked":["Slimebound:ProtectTheBoss","Slimebound:Replication"],"picked":"Slimebound:OozeBath","floor":12},{"not_picked":["Slimebound:DisruptingSlam+1","Slimebound:FinishingTackle+1"],"picked":"Slimebound:SlimeSpikes","floor":15},{"not_picked":["Slimebound:MinionMaster","Slimebound:SlimeSlap+1"],"picked":"Slimebound:DouseInSlime","floor":16},{"not_picked":["Slimebound:SplitMire+1","Slimebound:AcidTongue+1"],"picked":"Slimebound:ComboTackle+1","floor":19},{"not_picked":["Slimebound:HungryTackle+1","Slimebound:Chomp+1"],"picked":"Slimebound:ItLooksTasty+1","floor":22},{"not_picked":["Slimebound:RollThrough+1","Slimebound:FormOfPuddle"],"picked":"Slimebound:ComboTackle+1","floor":25},{"not_picked":["Slimebound:FlameTackle+1","Slimebound:ItLooksTasty+1"],"picked":"Slimebound:Equalize+1","floor":28},{"not_picked":["Slimebound:AcidTongue","Slimebound:SamplingLick","Slimebound:SlimeBarrage+1"],"picked":"SKIP","floor":29},{"not_picked":["Slimebound:ItLooksTasty+1","Slimebound:PressTheAttack+1"],"picked":"Slimebound:FormOfPuddle+1","floor":32},{"not_picked":["Slimebound:CheckThePlaybook","Slimebound:Overexert"],"picked":"Slimebound:SlimeSlap+1","floor":33},{"not_picked":[],"picked":"Slimebound:Prepare+1","floor":36},{"not_picked":[],"picked":"Slimebound:HauntingLick+1","floor":37},{"not_picked":[],"picked":"Slimebound:Gluttony","floor":39},{"not_picked":[],"picked":"Slimebound:HauntingLick+1","floor":42},{"not_picked":["Slimebound:ItLooksTasty+1"],"picked":"SKIP","floor":43},{"not_picked":["Slimebound:SlimeSpikes"],"picked":"SKIP","floor":44},{"not_picked":["Slimebound:GoopSpray"],"picked":"SKIP","floor":46},{"not_picked":["Slimebound:ItLooksTasty+1"],"picked":"SKIP","floor":47},{"not_picked":["Slimebound:Equalize+1"],"picked":"SKIP","floor":48},{"not_picked":["Slimebound:GoopTackle+1"],"picked":"SKIP","floor":49},{"not_picked":[],"picked":"Slimebound:SlimeBarrage+1","floor":52}],"player_experience":858246,"relics_obtained":[{"floor":6,"key":"WingedGreaves"},{"floor":7,"key":"Molten Egg 2"},{"floor":12,"key":"Tiny Chest"},{"floor":23,"key":"MealTicket"},{"floor":25,"key":"Old Coin"},{"floor":28,"key":"Bronze Scales"},{"floor":38,"key":"Omamori"},{"floor":40,"key":"Slimebound:MaxSlimesRelic"},{"floor":41,"key":"Sundial"},{"floor":42,"key":"Slimebound:SlimedSkullRelic"},{"floor":44,"key":"Mummified Hand"},{"floor":48,"key":"Orichalcum"},{"floor":52,"key":"Pantograph"}],"event_choices":[{"damage_healed":0,"gold_gain":0,"player_choice":"Read","damage_taken":0,"max_hp_gain":0,"max_hp_loss":0,"event_name":"The Library","floor":26,"gold_loss":0,"cards_obtained":["Slimebound:SplitSpecialist"]},{"damage_healed":0,"gold_gain":0,"player_choice":"Inject Mutagens","damage_taken":0,"relics_obtained":["MutagenicStrength"],"max_hp_gain":0,"max_hp_loss":0,"event_name":"Drug Dealer","floor":31,"gold_loss":0}],"is_beta":false,"boss_relics":[{"not_picked":["bronze:MakeshiftBattery","Black Star"],"picked":"Sozu"},{"not_picked":["Astrolabe","Tiny House"],"picked":"Busted Crown"}],"items_purged_floors":[43],"is_endless":false,"potions_floor_spawned":[4,5,12,15,25,32,37,42,46,48],"ascension_level":3}}