{"host":"aqym1xxr3lb31d9m","time":1611763719,"event":{"mods":["BaseMod","Block Reminder","Colored Map","Colored Powertips","DeckTracker","Highlight Path","Minty Spire (QoL Compilation)","Quick Restart","Random Character Button","StSLib","SuperFastMode","UnlockEverythingMod"],"gold_per_floor":[112,112,3,15,15,15,28,59,59,85,85,103,116,143,143,214,214,230,230,230,155,166,166,178,190,190,258,66,76,87,122,122,195,195,206,206,253,86,99,130,130,156,227,258,97,97,126,126,126,126,126,126,126,47,81,81],"floor_reached":57,"language":"JPN","playtime":5372,"items_purged":["Pain"],"score":2937,"play_id":"339081dd-bec3-4ec5-9dbc-b23bae12a528","local_time":"20210128010839","is_ascension_mode":true,"campfire_choices":[{"data":"Sunder","floor":6.0,"key":"SMITH"},{"data":"Beam Cell","floor":11.0,"key":"SMITH"},{"floor":15.0,"key":"REST"},{"floor":23.0,"key":"REST"},{"floor":32.0,"key":"REST"},{"floor":41.0,"key":"RECALL"},{"floor":49.0,"key":"REST"},{"floor":53,"key":"REST"}],"circlet_count":0,"master_deck":["AscendersBane","Strike_B+1","Strike_B+1","Strike_B+1","Strike_B+1","Defend_B+1","Defend_B+1","Defend_B+1","Defend_B+1","Zap","Dualcast","Coolheaded","Sunder+1","Cold Snap","FTL+1","Beam Cell+1","Rip and Tear","Sunder","Coolheaded","Stack","BootSequence","Seek","Defragment","Echo Form","Self Repair","Echo Form","Fission","Sweeping Beam","Dark Shackles","Impatience","Bandage Up","Barrage","Compile Driver+1","Undo+1","Chaos","Recycle","Madness","Madness","Loop+1","BootSequence"],"relics":["SlaversCollar","WarpedTongs","Matryoshka","Whetstone","Anchor","Art of War","Singing Bowl","Inserter","Mummified Hand","InkBottle","Bottled Tornado","Vajra","Fusion Hammer","TungstenRod","Happy Flower","MealTicket","Symbiotic Virus","Dead Branch","Toolbox","Centennial Puzzle","Ice Cream"],"acts_visited":["Exordium","TheCity","TheBeyond","TheEnding"],"potions_floor_usage":[56,56],"damage_taken":[{"damage":10.0,"enemies":"Small Slimes","floor":1.0,"turns":3.0},{"damage":0.0,"enemies":"Jaw Worm","floor":4.0,"turns":5.0},{"damage":3.0,"enemies":"Cultist","floor":7.0,"turns":4.0},{"damage":6.0,"enemies":"Gremlin Nob","floor":8.0,"turns":3.0},{"damage":17.0,"enemies":"Lagavulin","floor":10.0,"turns":4.0},{"damage":4.0,"enemies":"Blue Slaver","floor":12.0,"turns":2.0},{"damage":2.0,"enemies":"Large Slime","floor":13.0,"turns":4.0},{"damage":4.0,"enemies":"3 Sentries","floor":14.0,"turns":6.0},{"damage":34.0,"enemies":"Hexaghost","floor":16.0,"turns":10.0},{"damage":46.0,"enemies":"3 Byrds","floor":18.0,"turns":7.0},{"damage":12.0,"enemies":"Spheric Guardian","floor":22.0,"turns":4.0},{"damage":28.0,"enemies":"Shelled Parasite and Fungi","floor":24.0,"turns":6.0},{"damage":7.0,"enemies":"Centurion and Healer","floor":25.0,"turns":11.0},{"damage":12.0,"enemies":"Cultist and Chosen","floor":29.0,"turns":8.0},{"damage":4.0,"enemies":"Snake Plant","floor":30.0,"turns":3.0},{"damage":0.0,"enemies":"Slavers","floor":31.0,"turns":5.0},{"damage":26.0,"enemies":"Automaton","floor":33.0,"turns":10.0},{"damage":6.0,"enemies":"3 Shapes","floor":35.0,"turns":20.0},{"damage":38.0,"enemies":"2 Orb Walkers","floor":37.0,"turns":6.0},{"damage":5.0,"enemies":"Orb Walker","floor":39.0,"turns":6.0},{"damage":8.0,"enemies":"Reptomancer","floor":40.0,"turns":9.0},{"damage":43.0,"enemies":"Giant Head","floor":42.0,"turns":7.0},{"damage":21.0,"enemies":"Nemesis","floor":44.0,"turns":7.0},{"damage":0.0,"enemies":"Giant Head","floor":47.0,"turns":4.0},{"damage":11,"enemies":"Donu and Deca","floor":50,"turns":11},{"damage":76,"enemies":"Awakened One","floor":51,"turns":21},{"damage":19,"enemies":"Shield and Spear","floor":55,"turns":12},{"damage":62,"enemies":"The Heart","floor":56,"turns":7}],"seed_played":"1593963253927567065","potions_obtained":[{"floor":7.0,"key":"FearPotion"},{"floor":12.0,"key":"FearPotion"},{"floor":14.0,"key":"PotionOfCapacity"},{"floor":25.0,"key":"Energy Potion"},{"floor":33.0,"key":"FocusPotion"},{"floor":37.0,"key":"GamblersBrew"},{"floor":42.0,"key":"Weak Potion"}],"is_trial":false,"path_per_floor":["M","?","$","M","?","R","M","E","T","E","R","M","M","E","R","B",null,"M","?","?","$","M","R","M","M","T","T","$","M","M","E","R","B",null,"M","?","?","$","M","E","R","E","T","E","$","?","E","$","R","B","B",null,"R","$","E","B",null],"character_chosen":"DEFECT","items_purchased":["Sunder","Cold Snap","Fruit Juice","DistilledChaos","Happy Flower","Toolbox","GamblersBrew"],"campfire_rested":5,"item_purchase_floors":[3,3,28,28,38,45,54],"current_hp_per_floor":[54,59,59,59,59,59,56,50,50,33,33,29,27,23,45,11,60,16,32,32,32,20,43,17,10,10,10,15,5,1,8,34,22,71,85,75,48,48,61,81,81,66,66,73,87,72,87,87,87,87,43,76,87,87,87,36],"gold":81,"neow_bonus":"BOSS_RELIC","is_daily":false,"chose_seed":false,"campfire_upgraded":2,"win_rate":0.0,"timestamp":1611763719,"path_taken":["M","?","$","M","?","R","?","E","T","E","R","M","M","E","R","BOSS","M","?","?","?","?","R","M","M","T","?","$","M","M","E","R","BOSS","M","?","?","?","M","E","R","E","T","E","$","?","E","$","R","BOSS","BOSS","R","$","E","BOSS"],"items_purchased_type":["Card","Card","Potion","Potion","Relic","Relic","Potion"],"build_version":"2020-12-22","purchased_purges":1,"victory":true,"max_hp_per_floor":[71,76,76,76,76,76,76,76,76,76,76,76,76,76,76,76,76,78,78,78,78,78,78,80,80,80,80,85,87,87,87,87,87,87,87,87,87,87,87,87,87,87,87,87,87,87,87,87,87,87,87,87,87,87,87,87],"card_choices":[{"not_picked":["Turbo","Hologram"],"picked":"Coolheaded","floor":1.0},{"not_picked":["Sweeping Beam","Compile Driver"],"picked":"FTL","floor":4.0},{"not_picked":["Hologram","Go for the Eyes"],"picked":"Beam Cell","floor":7.0},{"not_picked":["Force Field","Sweeping Beam"],"picked":"Rip and Tear","floor":8.0},{"not_picked":["Compile Driver","Static Discharge"],"picked":"Sunder","floor":10.0},{"not_picked":["Sunder","Cold Snap"],"picked":"Coolheaded","floor":12.0},{"not_picked":["Turbo","Reprogram"],"picked":"Stack","floor":13.0},{"not_picked":["Turbo","Fusion"],"picked":"BootSequence","floor":14.0},{"not_picked":["Amplify","All For One"],"picked":"Seek","floor":16.0},{"not_picked":["Cold Snap","Scrape","Compile Driver"],"picked":"Singing Bowl","floor":18.0},{"not_picked":["Capacitor+1","Conserve Battery"],"picked":"Defragment","floor":22.0},{"not_picked":["Sweeping Beam+1","Streamline","Coolheaded"],"picked":"Singing Bowl","floor":24.0},{"not_picked":["Coolheaded","Barrage"],"picked":"Echo Form","floor":25.0},{"not_picked":["Auto Shields","Streamline","Coolheaded"],"picked":"Singing Bowl","floor":29.0},{"not_picked":["Beam Cell+1","Melter"],"picked":"Self Repair","floor":30.0},{"not_picked":["Gash","Meteor Strike"],"picked":"Echo Form","floor":31.0},{"not_picked":["Amplify","Hyperbeam"],"picked":"Fission","floor":33.0},{"not_picked":["Storm","Aggregate"],"picked":"Sweeping Beam","floor":35.0},{"not_picked":["Good Instincts","Sadistic Nature"],"picked":"Dark Shackles","floor":36.0},{"not_picked":["Bandage Up","Good Instincts"],"picked":"Impatience","floor":36.0},{"not_picked":["Deep Breath","Metamorphosis"],"picked":"Bandage Up","floor":36.0},{"not_picked":["Storm","Stack"],"picked":"Barrage","floor":37.0},{"not_picked":["Rip and Tear","Lockon"],"picked":"Compile Driver+1","floor":39.0},{"not_picked":["Aggregate+1","Capacitor"],"picked":"Undo+1","floor":40.0},{"not_picked":["Cold Snap","Auto Shields"],"picked":"Chaos","floor":42.0},{"not_picked":["Barrage","FTL"],"picked":"Recycle","floor":44.0},{"not_picked":["Stack","Compile Driver"],"picked":"Loop+1","floor":47.0},{"not_picked":["Self Repair","Rip and Tear+1"],"picked":"BootSequence","floor":55}],"player_experience":4097743,"relics_obtained":[{"floor":8.0,"key":"Matryoshka"},{"floor":9.0,"key":"Whetstone"},{"floor":9.0,"key":"Anchor"},{"floor":10.0,"key":"Art of War"},{"floor":14.0,"key":"Singing Bowl"},{"floor":26.0,"key":"Mummified Hand"},{"floor":26.0,"key":"InkBottle"},{"floor":27.0,"key":"Bottled Tornado"},{"floor":31.0,"key":"Vajra"},{"floor":37.0,"key":"TungstenRod"},{"floor":40.0,"key":"MealTicket"},{"floor":42.0,"key":"Symbiotic Virus"},{"floor":44.0,"key":"Dead Branch"},{"floor":47.0,"key":"Centennial Puzzle"},{"floor":55,"key":"Ice Cream"}],"event_choices":[{"damage_healed":0.0,"max_hp_gain":5.0,"max_hp_loss":0.0,"gold_gain":0.0,"event_name":"Big Fish","player_choice":"Donut","floor":2.0,"gold_loss":0.0,"damage_taken":0.0},{"damage_healed":0.0,"max_hp_gain":0.0,"max_hp_loss":0.0,"gold_gain":0.0,"event_name":"Accursed Blacksmith","player_choice":"Rummage","floor":5.0,"gold_loss":0.0,"damage_taken":0.0,"relics_obtained":["WarpedTongs"],"cards_obtained":["Pain"]},{"damage_healed":16.0,"max_hp_gain":0.0,"max_hp_loss":0.0,"gold_gain":0.0,"event_name":"The Library","player_choice":"Heal","floor":19.0,"gold_loss":0.0,"damage_taken":0.0},{"damage_healed":0.0,"max_hp_gain":0.0,"max_hp_loss":0.0,"gold_gain":0.0,"event_name":"Back to Basics","player_choice":"Simplicity","floor":20.0,"gold_loss":0.0,"damage_taken":0.0,"cards_upgraded":["Strike_B","Strike_B","Strike_B","Defend_B","Defend_B","Defend_B","Defend_B"]},{"damage_healed":0.0,"max_hp_gain":0.0,"max_hp_loss":0.0,"gold_gain":0.0,"event_name":"SensoryStone","player_choice":"Memory 3","floor":36.0,"gold_loss":0.0,"damage_taken":10.0},{"damage_healed":0.0,"max_hp_gain":0.0,"max_hp_loss":0.0,"gold_gain":0.0,"event_name":"Mysterious Sphere","player_choice":"Fight","floor":37.0,"gold_loss":0.0,"damage_taken":0.0},{"damage_healed":0.0,"max_hp_gain":0.0,"max_hp_loss":0.0,"gold_gain":0.0,"event_name":"Winding Halls","player_choice":"Embrace Madness","floor":46.0,"gold_loss":0.0,"damage_taken":16.0,"cards_obtained":["Madness","Madness"]}],"is_beta":false,"boss_relics":[{"not_picked":["Astrolabe","Calling Bell"],"picked":"Inserter"},{"not_picked":["SacredBark","Nuclear Battery"],"picked":"Fusion Hammer"}],"items_purged_floors":[21],"is_endless":false,"potions_floor_spawned":[7,12,14,18,25,33,37,39,42],"ascension_level":20}}