{"host":"jumrmhf584hajrnz","time":1611758931,"event":{"mods":["BaseMod","Duelist Mod","GifTheSpireLib","Minty Spire (QoL Compilation)","Quick Restart","StSLib"],"gold_per_floor":[145,155,174,174,185,185,216,216,239,257,284,351,351,351,351,425,425,436,451,176,141,141,141,191,223,275,275,275,318,352,367,367,453,453,485,119,134,9,38,87,87,132,132,132,132,132],"floor_reached":45,"language":"ENG","playtime":2804,"items_purged":["theDuelist:CurseAnubis","Writhe","Decay"],"score":1059,"play_id":"6e529437-2319-4f29-bfd8-90fd61a60cc4","local_time":"20210127154851","is_ascension_mode":true,"campfire_choices":[{"floor":6,"key":"RECALL"},{"floor":15,"key":"REST"},{"data":"theDuelist:Nameless:Magic:MagnumShield","floor":23,"key":"SMITH"},{"floor":28,"key":"REST"},{"floor":32,"key":"REST"},{"floor":41,"key":"REST"},{"floor":44,"key":"REST"}],"circlet_count":0,"master_deck":["AscendersBane","theDuelist:CastleWalls","theDuelist:DarkMagician","theDuelist:MysticalElf","theDuelist:MysticalElf","theDuelist:NeoMagic","theDuelist:NeoMagic","theDuelist:Sparks","theDuelist:Sparks","theDuelist:Sparks","theDuelist:LabyrinthWall","theDuelist:InjectionFairy","theDuelist:MythicalBeast","theDuelist:InjectionFairy","theDuelist:SpellShatteringArrow","theDuelist:DarkMagicianGirl","theDuelist:CrystalWingDragon","theDuelist:BigFire","theDuelist:CallAtlanteans","theDuelist:DarkPaladin","Blind+1","theDuelist:Nameless:Magic:MagnumShield+1","theDuelist:Nameless:Power:KamionTimelord","theDuelist:Mudballman","theDuelist:Graverobber","theDuelist:SangaEarth","theDuelist:BadReaction","theDuelist:Nameless:Power:KamionTimelord","theDuelist:SpellShatteringArrow","theDuelist:ThousandEyesRestrict","theDuelist:MysticalElf","theDuelist:DeltaMagnet","theDuelist:Wildfire","theDuelist:MagiciansRod","theDuelist:SpellShatteringArrow+1"],"relics":["theDuelist:MillenniumPuzzle","theDuelist:CardPoolRelic","theDuelist:CardPoolBasicRelic","theDuelist:BoosterPackPoolRelic","theDuelist:CardPoolAddRelic","theDuelist:CardPoolMinusRelic","theDuelist:CardPoolSaveRelic","theDuelist:CardPoolOptionsRelic","Snake Skull","theDuelist:MillenniumNecklace","Vajra","Snecko Eye","theDuelist:NamelessGreedRelic","Toy Ornithopter","TungstenRod","Lantern","Bronze Scales","Bag of Preparation","Oddly Smooth Stone","SacredBark","theDuelist:DuelistLetterOpener","WingedGreaves","Juzu Bracelet","theDuelist:BoosterBetterBoostersRelic"],"acts_visited":["Exordium","TheCity","TheBeyond"],"potions_floor_usage":[7,10,10,11,16,21,21,24,24,29,30,35,40,42],"damage_taken":[{"damage":0,"enemies":"Cultist","floor":1,"turns":4},{"damage":0,"enemies":"Small Slimes","floor":2,"turns":4},{"damage":4,"enemies":"2 Louse","floor":3,"turns":2},{"damage":10,"enemies":"Exordium Thugs","floor":5,"turns":5},{"damage":40,"enemies":"Lagavulin","floor":7,"turns":10},{"damage":5,"enemies":"2 Fungi Beasts","floor":10,"turns":4},{"damage":39,"enemies":"Gremlin Nob","floor":11,"turns":5},{"damage":59,"enemies":"Hexaghost","floor":16,"turns":10},{"damage":11,"enemies":"Chosen","floor":18,"turns":4},{"damage":7,"enemies":"2 Thieves","floor":21,"turns":5},{"damage":58,"enemies":"Book of Stabbing","floor":24,"turns":6},{"damage":13,"enemies":"Snake Plant","floor":25,"turns":3},{"damage":35,"enemies":"Gremlin Leader","floor":29,"turns":6},{"damage":0,"enemies":"3 Cultists","floor":30,"turns":4},{"damage":54,"enemies":"Automaton","floor":33,"turns":10},{"damage":0,"enemies":"3 Shapes","floor":35,"turns":4},{"damage":16,"enemies":"Orb Walker","floor":39,"turns":4},{"damage":64,"enemies":"Giant Head","floor":40,"turns":8},{"damage":86,"enemies":"Reptomancer","floor":42,"turns":8},{"damage":40,"enemies":"Nemesis","floor":45,"turns":5}],"seed_played":"-3430133495785474684","potions_obtained":[{"floor":1,"key":"Explosive Potion"},{"floor":2,"key":"EntropicBrew"},{"floor":10,"key":"FearPotion"},{"floor":11,"key":"theDuelist:WaterBottle"},{"floor":16,"key":"theDuelist:OrbBottle"},{"floor":18,"key":"theDuelist:CoolBottle"},{"floor":21,"key":"SkillPotion"},{"floor":21,"key":"FearPotion"},{"floor":24,"key":"FairyPotion"},{"floor":24,"key":"theDuelist:TokenPotionB"},{"floor":25,"key":"Strength Potion"},{"floor":29,"key":"theDuelist:VampireVial"},{"floor":30,"key":"Dexterity Potion"},{"floor":33,"key":"Regen Potion"},{"floor":35,"key":"Weak Potion"},{"floor":35,"key":"theDuelist:FlamingBottle"},{"floor":40,"key":"DuplicationPotion"},{"floor":42,"key":"theDuelist:MegaupgradePotion"}],"is_trial":false,"path_per_floor":["M","M","M","?","M","R","E","?","T","M","E","?","?","?","R","B",null,"M","?","$","M","?","R","E","M","T","?","R","E","M","?","R","B",null,"M","$","?","$","M","E","R","E","T","R","E"],"character_chosen":"THE_DUELIST","items_purchased":["theDuelist:Mudballman","Toy Ornithopter","theDuelist:DuelistLetterOpener"],"campfire_rested":5,"item_purchase_floors":[20,20,36],"current_hp_per_floor":[63,67,68,68,68,68,42,42,42,45,14,14,37,37,58,15,56,53,63,63,80,80,80,32,27,27,27,51,33,42,42,66,20,65,80,80,80,80,64,21,45,21,21,45,9,9],"gold":132,"neow_bonus":"RANDOM_COLORLESS","is_daily":false,"chose_seed":false,"campfire_upgraded":1,"win_rate":0.0,"timestamp":1611758931,"path_taken":["M","M","?","?","M","R","E","?","T","?","E","?","?","?","R","BOSS","M","?","$","M","?","R","E","?","T","?","R","E","?","?","R","BOSS","M","$","?","$","M","E","R","E","T","R","E"],"items_purchased_type":["Card","Relic","Relic"],"build_version":"2020-12-22","purchased_purges":3,"victory":false,"max_hp_per_floor":[70,70,70,70,70,70,70,70,70,70,70,70,70,70,70,70,70,70,80,80,80,80,80,80,80,80,80,80,80,80,80,80,80,80,80,80,80,80,80,80,80,80,80,80,80,80],"card_choices":[{"not_picked":["theDuelist:GaiaMidNightSun","theDuelist:ChangeHeart"],"picked":"theDuelist:LabyrinthWall","floor":0},{"not_picked":["theDuelist:DarkMagician","theDuelist:WhiteMagicalHat","theDuelist:LordD","theDuelist:SangaEarth"],"picked":"theDuelist:InjectionFairy","floor":1},{"not_picked":["theDuelist:SilentDoom","theDuelist:SangaEarth"],"picked":"theDuelist:MythicalBeast","floor":2},{"not_picked":["theDuelist:DarkMagician","theDuelist:ExodiaRL","theDuelist:ThousandEyesIdol","theDuelist:GoblinSecret"],"picked":"theDuelist:InjectionFairy","floor":3},{"not_picked":["theDuelist:BlizzardWarrior","theDuelist:ExodiaRA","theDuelist:ExodiaLA","theDuelist:SangaThunder"],"picked":"theDuelist:SpellShatteringArrow","floor":5},{"not_picked":["theDuelist:SangaThunder","theDuelist:NeoMagic","theDuelist:ExodiaLL","theDuelist:GeminiElf"],"picked":"theDuelist:DarkMagicianGirl","floor":7},{"not_picked":["theDuelist:ExodiaRL","theDuelist:DoomShaman","theDuelist:InvitationDarkSleep","theDuelist:ThousandEyesIdol"],"picked":"theDuelist:CrystalWingDragon","floor":10},{"not_picked":["theDuelist:GraniteLoyalist","theDuelist:LightningRodLord","theDuelist:WormKing","theDuelist:Fissure"],"picked":"theDuelist:BigFire","floor":11},{"not_picked":["theDuelist:Wildfire","theDuelist:VoidVanishment","theDuelist:SwordsRevealing","theDuelist:ThousandEyesRestrict"],"picked":"theDuelist:DarkPaladin","floor":16},{"not_picked":["Finesse","Jack Of All Trades","Magnetism"],"picked":"Blind+1","floor":18},{"not_picked":["theDuelist:WhiteHowling","theDuelist:AltarTribute","theDuelist:FairyBox","theDuelist:IcyCrevasse"],"picked":"theDuelist:Graverobber","floor":21},{"not_picked":["theDuelist:ExodiaLA","theDuelist:CharcoalInpachi+1","theDuelist:Relinquished","theDuelist:AncientElf"],"picked":"theDuelist:SangaEarth","floor":24},{"not_picked":["theDuelist:DarkMagician","theDuelist:GeminiElf","theDuelist:SangaThunder","theDuelist:ExodiaRL"],"picked":"theDuelist:BadReaction","floor":25},{"not_picked":["theDuelist:DarkMagicianGirl","theDuelist:CrystalWingDragon"],"picked":"theDuelist:Nameless:Power:KamionTimelord","floor":29},{"not_picked":["theDuelist:BlizzardWarrior","theDuelist:SpiritHarp","theDuelist:SangaThunder","theDuelist:AncientElf"],"picked":"theDuelist:SpellShatteringArrow","floor":30},{"not_picked":["theDuelist:Wildfire","theDuelist:GrandSpellbookTower","theDuelist:DarkPaladin","theDuelist:SangaWater"],"picked":"theDuelist:ThousandEyesRestrict","floor":33},{"not_picked":["theDuelist:SangaThunder","theDuelist:NeoMagic","theDuelist:WhiteMagicalHat","theDuelist:BlizzardWarrior"],"picked":"theDuelist:MysticalElf","floor":35},{"not_picked":["theDuelist:ExodiaHead","theDuelist:RainbowMagician","theDuelist:ThousandEyesRestrict","theDuelist:SwordsBurning"],"picked":"theDuelist:Wildfire","floor":39},{"not_picked":["theDuelist:NeoMagic+1","theDuelist:FairyBox+1","theDuelist:ThousandEyesIdol","theDuelist:BlizzardWarrior"],"picked":"theDuelist:MagiciansRod","floor":40},{"not_picked":["theDuelist:DarkMagician","theDuelist:FlyingSaucer","theDuelist:WhiteMagicalHat","theDuelist:InfernoFireBlast"],"picked":"theDuelist:SpellShatteringArrow+1","floor":42}],"player_experience":1591800,"relics_obtained":[{"floor":7,"key":"Snake Skull"},{"floor":11,"key":"Vajra"},{"floor":24,"key":"TungstenRod"},{"floor":26,"key":"Lantern"},{"floor":27,"key":"Bronze Scales"},{"floor":29,"key":"Bag of Preparation"},{"floor":40,"key":"WingedGreaves"},{"floor":42,"key":"Juzu Bracelet"},{"floor":43,"key":"theDuelist:BoosterBetterBoostersRelic"}],"event_choices":[{"damage_healed":0,"gold_gain":0,"player_choice":"Leave","duelist":true,"damage_taken":0,"max_hp_gain":0,"max_hp_loss":0,"event_name":"Relic Duplicator","floor":4,"gold_loss":0},{"damage_healed":0,"gold_gain":0,"player_choice":"Took item - Received: Millennium Necklace","duelist":true,"damage_taken":0,"max_hp_gain":0,"max_hp_loss":0,"event_name":"Millennium Items","floor":8,"gold_loss":0},{"damage_healed":0,"gold_gain":67,"player_choice":"Gained Gold","damage_taken":0,"max_hp_gain":0,"max_hp_loss":0,"event_name":"Golden Wing","floor":12,"gold_loss":0},{"damage_healed":23,"gold_gain":0,"player_choice":"Banana","damage_taken":0,"max_hp_gain":0,"max_hp_loss":0,"event_name":"Big Fish","floor":13,"gold_loss":0},{"damage_healed":0,"gold_gain":0,"cards_transformed":["theDuelist:CastleWalls"],"player_choice":"Transformed","damage_taken":0,"max_hp_gain":0,"max_hp_loss":0,"event_name":"Transmorgrifier","floor":14,"gold_loss":0,"cards_obtained":["theDuelist:CallAtlanteans"]},{"power_reward":4,"total_magic_score":56,"gold_gain":0,"greed_reward":3,"duelist":true,"damage_taken":0,"relics_obtained":["theDuelist:NamelessGreedRelic"],"points":15,"max_hp_gain":10,"max_hp_loss":0,"spent_points":{"magic":4,"greed":3,"war":0,"power":4,"hunger":4},"event_name":"Nameless Tomb","hunger_reward":4,"floor":19,"gold_loss":0,"magic_reward":4,"cards_obtained":["theDuelist:Nameless:Magic:MagnumShield","theDuelist:Nameless:Power:KamionTimelord","Decay"]},{"damage_healed":0,"gold_gain":0,"player_choice":"Leave","duelist":true,"damage_taken":0,"max_hp_gain":0,"max_hp_loss":0,"event_name":"Tomb of the Nameless","floor":22,"gold_loss":0},{"damage_healed":0,"gold_gain":0,"player_choice":"Relic","damage_taken":0,"max_hp_gain":0,"max_hp_loss":0,"event_name":"Wheel of Change","floor":27,"gold_loss":0},{"damage_healed":0,"gold_gain":0,"player_choice":"Opened","damage_taken":0,"relics_obtained":["Oddly Smooth Stone"],"max_hp_gain":0,"max_hp_loss":0,"event_name":"The Mausoleum","floor":31,"gold_loss":0,"cards_obtained":["Writhe"]},{"damage_healed":0,"gold_gain":0,"player_choice":"Delta Electro","duelist":true,"damage_taken":0,"max_hp_gain":0,"max_hp_loss":0,"event_name":"Egyptian Village","floor":37,"gold_loss":0,"cards_obtained":["Delta Electromagnet Warrior"]}],"is_beta":false,"boss_relics":[{"not_picked":["theDuelist:MillenniumKey","Pandora\u0027s Box"],"picked":"Snecko Eye"},{"not_picked":["HoveringKite","Runic Cube"],"picked":"SacredBark"}],"items_purged_floors":[20,36,38],"is_endless":false,"potions_floor_spawned":[1,2,3,16,21,24,25,33,35],"killed_by":"Nemesis","ascension_level":20}}